3870 6218
146 339 248 397 837

1068 319 1562 385 EPISTOLARUM
1598 306 1999 374 CLASSISJI.
2037 304 2259 363 EPIST.
2299 302 2483 362 LXXI.

3308 295 3414 353 458

146 458 277 531 ἄρτι
316 450 641 529 παρακύψαι
670 448 1118 523 φιλοτιμούμενος
1162 446 1298 519 πρὸς
1334 444 1430 498 τὸν
1468 442 1582 513 βίον
1625 437 1735 531 τῶν

1867 423 1887 480 i
1919 424 2034 489 ille,
2056 423 2153 495 qui
2187 436 2336 477 nunc
2368 421 2607 493 primum
2639 432 2761 475 sese
2784 414 2854 471 ad
2874 417 3041 472 vitam
3068 411 3422 531 Christian-o-

1876 530 1899 531 ν.
1924 529 1949 531 η
2012 528 2073 531 ,νη
2100 526 2276 531 ,μ--..-
2309 510 2601 531 _.__n.-.___
2653 522 2713 531 Α-
2755 506 2858 531 ,ζιιζ
2902 505 3098 531 ὶ.......-ἒ
3133 504 3294 531 ,κω-ε
3352 518 3417 531 ιι,

146 530 513 624 Χριστιανῶν,
541 541 662 600 εἷτα
686 544 931 615 οἰόμενος
968 539 1119 610 αύτῷ
1150 536 1455 609 σεμνότητά
1489 550 1610 588 τινα
1641 530 1736 601 φέ-

152 656 268 714 ρειν
294 638 356 692 τὸ
383 638 513 709 ἡμῖν
535 631 1047 705 συνανατρίδεσθαιι
1070 628 1191 684 ἇλτε
1213 628 1324 681 οὐκ
1339 627 1539 698 ἢκουσε
1568 638 1738 677 κατα-

152 730 430 795 σκευάζει,
460 728 554 782 καὶ
587 727 625 782 ἀ
669 726 745 798 μὴ
800 724 1024 796 ἐνόησεν
1072 721 1373 793 ἐξηγεῖται,
1428 715 1738 788 θαυμαστὸν

146 822 322 876 οὐδέν.
371 820 511 874 Ἀλλ’
569 817 745 873 ὲκεῖνο
789 815 1102 887 θαυμαστὸν
1152 813 1248 867 καὶ
1296 810 1622 884 παράδοξον,
1657 809 1740 862 ὅτι

148 914 358 969 τούτων
403 910 680 984 ἀκροατὰς
727 909 837 982 ἔχει
885 911 1012 972 τοὺς
1051 906 1458 977 γνησιωτάτοος
1514 920 1604 976 μοι
1632 901 1742 955 τῶν

152 1005 287 1077 παρ’
322 1005 452 1076 ύμῖν
483 995 761 1072 ἀδελφῶνο
804 1002 898 1056 καὶ
944 1002 1045 1055 οὐκ
1082 998 1356 1072 ἀκροατὰς
1397 996 1577 1068 μόνον,
1607 991 1744 1047 ἀλλά

149 1096 251 1150 καὶ
285 1094 554 1166 μαθητάς,
585 1093 663 1157 ὡς
692 1092 888 1147 ἔοικεν.
920 1091 989 1145 Εἴ
1020 1108 1085 1160 γε
1129 1091 1223 1144 καὶ
1255 1088 1429 1151 άλλως
1464 1083 1535 1159 ἦν
1564 1085 1743 1157 παρά-

148 1187 306 1255 δοξον
342 1185 586 1241 τοιοῦτον
622 1186 723 1257 μὲν
747 1180 887 1239 εῖναι
922 1183 1014 1237 τὸν
1036 1183 1355 1237 διδάσκοντα
1384 1180 1519 1252 (85),
1558 1180 1661 1252 ἐμὲ
1687 1178 1745 1231 δὲ

148 1278 245 1332 τὸν
269 1277 683 1348 δοασυρόμενον,
707 1274 823 1329 ἀλλ’
841 1271 935 1330 οὖν
958 1274 1066 1328 τῶν
1089 1272 1302 1346 καιρῶν
1330 1275 1365 1344 ὴ
1394 1269 1745 1343 καταστροφὴ

153 1368 481 1423 ἐπαίδευσεν
533 1369 682 1439 ἡμᾶς
735 1366 872 1439 πρὸς
925 1366 1089 1439 μηδὲν
1137 1364 1525 1428 δυσκολαίνειν.
1572 1361 1747 1417 Πάλαι

153 1463 267 1535 γάρ
305 1461 377 1516 τὰ
416 1461 621 1515 τούτων
670 1461 971 1533 ἀτιμότερα
1013 1458 1218 1532 συνήθη
1269 1459 1402 1529 ἡμῖν
1442 1455 1630 1524 γέγονε
1661 1453 1749 1508 διὰ

152 1554 256 1618 τὰς
281 1553 559 1625 ἁμαρτίας
586 1552 761 1624 ήμῶν.
800 1550 941 1621 Ἐγὼ
967 1551 1173 1613 τοίνυν,
1194 1552 1243 1604 εἰ
1271 1550 1369 1621 μὲν
1393 1548 1607 1607 οὐδέπω
1637 1549 1749 1610 τοῖς

153 1644 324 1702 αὐτοῦ
356 1645 609 1716 ἀδελφοῖς
639 1645 847 1699 δέδωκα
880 1647 1076 1716 πεῖραν
1098 1644 1198 1716 τῆς
1227 1640 1470 1714 ἐμαυτοῦ
1499 1641 1628 1712 περὶ
1658 1639 1750 1692 τὸν

152 1736 293 1792 θεὸν
314 1736 584 1810 αἱρέσεως
613 1735 749 1807 (86),
778 1736 900 1791 οὐδὲ
944 1736 1040 1791 νῦν
1086 1735 1197 1807 ἔχω
1229 1752 1284 1788 τι
1317 1732 1715 1805 ἀποκρίνασθαι
1734 1747 1748 1761 ’

153 1828 254 1894 οὓς
299 1830 414 1901 γάρ
452 1830 552 1884 οὐκ
606 1828 823 1884 ἔπεισεν
871 1831 900 1881 ὁ
943 1827 1155 1900 μακρὸς
1197 1828 1409 1898 χρόνος,
1451 1825 1569 1890 πῶς
1611 1840 1757 1894 cup.

155 1921 339 1975 πείσει
371 1919 630 1992 ἐπιστολὴ
661 1920 919 1993 βραχεῖα;
960 1922 1008 1973 εί
1045 1920 1104 1974 δὲ
1138 1921 1322 1973 ἐκεῖνα
1352 1917 1625 1989 αὐτάρκη,
1654 1915 1763 1986 λῆη

158 2029 243 2084 por.
272 2012 687 2083 νομιζέσθωσαν
720 2013 790 2067 τὰ
830 2010 984 2083 παρὰ
1019 2011 1127 2065 τῶν
1156 2011 1570 2066 διαϐαλλόντων.
1607 2010 1753 2080 Πλήν

156 2120 222 2173 τε
254 2105 362 2169 ὅτι,
391 2104 487 2158 ἐὰν
516 2103 899 2177 ἐπιτρέψωμεν
947 2104 1209 2175 στόμασιν
1240 2101 1592 2174 ἀχαλινώτοις
1611 2142 1626 2166 ,
1660 2103 1757 2157 καὶ

157 2193 416 2264 καρδίαις
452 2194 800 2259 ἀπαιδεύτοις
850 2194 1033 2249 λαλεῖν
1081 2192 1214 2267 περὶ
1241 2187 1315 2248 ὧν
1359 2193 1425 2249 ἂν
1474 2194 1752 2257 ἐθέλωσιν,

158 2287 257 2339 καὶ
287 2286 482 2357 ἕτοιμα
515 2286 729 2357 ἔχωμεν
758 2285 1305 2358 πῴςιὺποδοχὴνετά
1335 2281 1467 2352 ὦτα,
1502 2289 1563 2340 ού
1597 2288 1756 2358 μόνον

156 2376 327 2444 ἡμεῖς
351 2374 423 2427 τὰ
456 2374 567 2428 τῶν
586 2374 773 2430 ,ἄλλων
801 2374 1234 2446 παραδεξόμεθα,
1269 2374 1407 2430 ἀλλὰ
1446 2378 1541 2430 καὶ
1579 2376 1754 2448 ἕτεροι

155 2466 230 2525 τά
260 2467 567 2540 ἡμέτεραι.

227 2558 291 2612 2.
320 2558 555 2613 Τούτων.
576 2559 632 2612 δὲ
664 2560 835 2614 αἴτιον
882 2560 1079 2623 έκεῖνο,
1113 2560 1142 2613 ὃ
1181 2560 1348 2614 πάλαι
1380 2560 1477 2631 μὲν
1508 2561 1755 2630 παρεκά-

155 2647 294 2705 λουν
346 2649 423 2720 μὴ
471 2647 741 2718 γίνεσθαι,
776 2648 873 2703 νῦν
921 2649 979 2703 δὲ
1024 2650 1413 2722 ἀπαγορεύσας
1452 2653 1660 2716 σιωπῶ,
1695 2653 1756 2706 τὸ

162 2739 262 2812 μὴ.
289 2741 682 2812 συντυγχάνειν
722 2744 871 2813 ἡμᾶς
919 2742 1188 2815 ἀλλήλοις.
1239 2745 1302 2798 El
1335 2744 1444 2816 γὰρ
1477 2745 1619 2799 κατὰ
1657 2746 1756 2809 τὰς

160 2829 405 2902 ἀρχαίας
442 2832 748 2903 συνθήκας,
786 2834 881 2887 καὶ
926 2835 1069 2889 κατά
1116 2834 1216 2906 τὴν
1256 2834 1613 2908 ὀφειλομένην
1663 2836 1758 2891 νῦν

158 2924 290 2987 ταῖς
320 2924 673 2997 Ἐκκλησίαις
710 2928 839 2998 παρ’
868 2925 1027 2998 ἡμῶν
1079 2927 1417 2998 ἐπιμέλειαν,
1462 2929 1531 2982 τά
1589 2928 1761 2982 πολλά

162 3012 262 3066 τοῦ
294 3014 545 3068 ἐνιαυτοῦ
584 3017 704 3087 μετ’
734 3016 977 3088 ἀλλήλων
1013 3016 1293 3088 διήγομεν,
1319 3018 1419 3071 οὐκ
1452 3017 1520 3073 ἂν
1552 3018 1759 3073 ἐδώκα-

166 3121 271 3174 μεν
303 3106 540 3177 πάροδον
589 3110 702 3170 τοῖς
743 3107 1106 3162 διαϐάλλουσι.
1146 3109 1218 3164 Σὺ
1246 3108 1303 3162 δὲ
1337 3109 1468 3180 (87),
1504 3111 1555 3164 εί
1585 3111 1756 3175 δοκεῖ,
1785 3130 1831 3191 c

163 3194 396 3260 τούτους
422 3198 521 3267 μὲν
554 3196 621 3251 ἔα
654 3198 867 3268 χαίρειν
888 3216 902 3231 ·
933 3198 1097 3263 αὐτὸς
1126 3200 1184 3254 δὲ
1214 3201 1596 3273 παρακλήθητι
1626 3219 1760 3272 συγ-

163 3286 406 3357 κάμνειν
434 3289 567 3359 ήμῖν
593 3292 676 3354 είς
700 3291 793 3344 τὸν
824 3292 1183 3363 προκείμενον
1212 3292 1423 3361 ἀγῶνα,
1458 3295 1553 3348 καὶ
1580 3312 1765 3349 συντυ-

162 3380 288 3447 χεῖν
344 3378 466 3450 μεθ’
518 3381 675 3452 ἡμῶν
711 3381 791 3453 τῷ
842 3382 964 3436 καθ’
997 3382 1156 3455 ἡμῶν
1217 3385 1650 3456 στρατευομένῳ.
1699 3387 1763 3440 El

168 3466 283 3537 γάρ
315 3466 489 3538 ὀφθῇς
514 3470 695 3539 μόνον,
719 3468 931 3539 ἐφέξεις
953 3470 1121 3525 αὐτοῦ
1151 3471 1250 3541 τὴν
1276 3472 1475 3545 ὁρμὴν,
1502 3474 1596 3527 καὶ
1637 3474 1765 3539 τοὺς

170 3557 682 3627 συγκρατουμένους
729 3559 824 3613 ἐπὶ
874 3559 953 3630 τῷ
1010 3561 1492 3633 καταστρέψασθαι
1545 3564 1615 3618 τά
1667 3565 1766 3636 τῆς

168 3647 435 3727 πατρίδος
462 3649 766 3721 πράγματα
788 3651 1079 3717 διαλύσεις,
1112 3652 1392 3725 γνώριμον
1442 3656 1630 3720 αὐτοῖς
1659 3674 1764 3712 κα-

165 3737 473 3807 ταστήσας,
520 3739 601 3792 ὅτι
642 3741 803 3801 αὐτὸς
840 3745 908 3814 τῇ
943 3740 1036 3796 τοῦ
1084 3740 1221 3796 Θεοῦ
1281 3743 1467 3815 χάριτι
1508 3744 1604 3799 τοῦ
1642 3748 1763 3801 καθ’

167 3829 324 3899 ἡμᾶς
342 3828 599 3899 συλλόγου
629 3833 925 3904 κατάρχεις
943 3833 1075 3905 (88)·
1098 3835 1191 3899 καὶ
1209 3834 1437 3906 φράξεις
1458 3837 1563 3890 πᾶν
1584 3837 1766 3892 ἄδικον

169 3920 353 3991 στόμα
404 3920 513 3974 τῶν
548 3921 853 3977 λαλούντων
886 3925 1028 3980 κατά
1071 3924 1165 3979 τοῦ
1212 3925 1350 3979 Θεοῦ
1385 3926 1635 3999 ἀνομίαν.
1668 3930 1765 3982 Ἂν

168 4012 349 4077 ταῦτα
381 4012 633 4085 γένηται,
670 4016 812 4069 αύτά
843 4015 911 4070 τὰ
954 4018 1257 4089 πράγματα
1305 4016 1494 4085 δείξει,
1532 4020 1614 4083 τίς
1668 4021 1772 4092 μὲν

167 4105 198 4155 ὁ
226 4102 658 4159 κατακολουθῶν
688 4123 770 4159 σοι
798 4106 892 4160 ἐπὶ
931 4107 1003 4163 τὰ
1034 4108 1197 4172 καλὰ,
1230 4108 1319 4172 τις
1347 4108 1405 4161 δὲ
1440 4110 1473 4162 ὀ
1502 4097 1771 4181 μετοκλά;

169 4196 286 4260 ζων
327 4197 427 4251 καί⁹
457 4197 745 4269 προδιδοὺς
798 4200 970 4273 δειλίᾳ
1012 4200 1104 4255 τὸν
1150 4200 1764 4280 λόγονπῆςάληθείας.

166 4286 308 4341 Ἐάν
332 4288 392 4341 δὲ
415 4289 484 4343 τὰ
511 4291 614 4362 τῆς
634 4290 959 4357 Ἐκκλησίας
983 4291 1340 4365 προδιδόμενοι
1368 4289 1425 4368 ᾖ.
1449 4294 1627 4366 ὀλίγος
1654 4296 1765 4367 (89)

175 4399 269 4450 μοι
299 4381 460 4449 λόγος
478 4382 569 4437 διά
601 4385 862 4455 ῥημάτων
893 4382 1101 4437 πείθειν
1133 4386 1262 4448 τοὺς
1292 4371 1548 4441 τοσούτου
1584 4406 1654 4459 με
1684 4407 1764 4442 τι·

1838 529 1961 571 rum
1999 526 2281 585 emergere
2309 510 2622 582 profitetur,
2651 522 2717 563 ac
2754 506 2860 563 sibi
2902 505 3100 561 honori
3132 504 3299 558 alicui
3332 502 3424 556 fu-

1840 614 2023 660 turum
2053 608 2229 674 putat,
2259 600 2561 656 nobiscum.
2600 595 2929 660 conﬂictari,
2964 609 3029 651 ea
3059 592 3267 665 ell‘mgit
3298 607 3425 662 qua

1839 712 1951 754 non
1992 697 2225 760 audivit,
2277 704 2339 752 et
2388 704 2592 751 narrat.
2633 707 2756 763 qua:
2786 706 2897 746 non
2937 689 3241 755 intellexit;
3285 684 3427 741 nihil

1841 792 2067 845 mirum.
2100 784 2211 844 Sed
2232 786 2369 843 illud
2395 785 2709 841 mirandum
2736 783 2895 845 et—ab
2935 780 3429 866 opinioneabhor-

1843 897 1997 947 rens,
2021 880 2167 950 quod
2187 878 2457 950 ejusmodi
2490 892 2676 932 rerum
2712 874 2991 930 auditores
3020 872 3185 927 habet
3216 885 3430 941 germa-

1844 973 2107 1029 nissimus
2165 972 2300 1027 mihi
2337 970 2480 1041 apud
2538 985 2638 1026 vus
2691 966 2931 1033 fratres;
3010 979 3112 1021 nec
3145 964 3428 1019 auditores

1844 1069 2033 1133 modo,
2059 1065 2156 1122 sed
2176 1074 2232 1122 et
2254 1063 2582 1135 discipulos,
2615 1068 2678 1117 ut
2702 1060 2939 1115 videtur.
2970 1056 3129 1124 Quod
3154 1055 3200 1112 si
3223 1057 3430 1126 alioqui

1846 1157 2048 1211 mirum
2071 1163 2237 1219 esset,
2260 1154 2425 1209 talem
2450 1168 2575 1208 esse
2595 1166 2720 1207 eum
2745 1149 2841 1222 qui
2862 1149 3044 1211 docet,
3080 1162 3275 1218 meque
3301 1159 3433 1201 eum

1845 1263 1972 1305 esse
1995 1247 2083 1302 cui
2116 1246 2491 1309 maledicitur;
2524 1251 2675 1300 certe
2698 1251 3005 1313 temporum
3035 1239 3224 1299 infelix
3255 1246 3435 1298 status

1847 1340 1985 1396 nihil
2003 1354 2106 1395 nos
2121 1354 2267 1410 aegre
2289 1338 2433 1396 ferre
2449 1338 2657 1395 docuit.
2680 1334 2816 1390 Nam
2839 1333 3167 1404 jamdudum
3194 1330 3437 1408 majores

1847 1430 1937 1486 his
1955 1429 2296 1487 contumelia:
2313 1428 2610 1484 familiares
2628 1425 2974 1483 nobis-factae
2999 1431 3129 1480 sunt
3156 1423 3228 1478 ob
3248 1428 3457 1480 nostra.

1850 1532 2094 1595 peccata.
2132 1522 2244 1594 Ego
2269 1521 2457 1592 igitur,
2492 1520 2541 1577 si
2572 1519 2809 1575 necdum
2830 1517 2992 1573 istius
3018 1514 3279 1571 fratribus
3305 1528 3449 1571 mete.

1849 1609 1919 1666 de
1948 1609 2060 1667 Deo
2088 1614 2378 1668 sententiae
2397 1611 2833 1681 experimentum
2863 1606 3013 1673 dedi,
3044 1620 3115 1661 ne
3139 1619 3288 1660 nunc
3310 1604 3441 1675 qui-.-

1851 1702 1976 1759 dem
2010 1703 2186 1760 habeo
2207 1702 2353 1776 quod
2377 1702 2763 1774 respondeam.
2788 1700 3005 1768 Quibus
3036 1698 3185 1754 enim
3213 1697 3438 1768 longum

1783 1778 1828 1834 Β
1856 1804 2074 1867 tempus
2131 1812 2240 1854 non
2275 1796 2591 1868 persuasit,
2636 1793 2916 1867 quomodo
2961 1792 3144 1848 brevis
3205 1790 3438 1861 epistola

1861 1888 2227 1962 persuadeat?
2253 1888 2350 1944 Sin
2383 1891 2476 1945 illa
2501 1889 2640 1946 satis
2670 1894 2821 1951 sunt,
2857 1901 3017 1957 nugae
3051 1884 3440 1940 existimentur

1856 1994 1975 2050 quae
1992 1981 2419 2051 proficiscuntur
2446 1998 2474 2036 a
2499 1980 3007 2036 calumniatoribus.
3031 1977 3136 2033 Sed
3153 1985 3359 2040 tamen,
3392 1976 3440 2032 si

1856 2072 2277 2139 permiserimus
2300 2073 2583 2130 effrenatis
2604 2072 2808 2144 linguis
2829 2080 2894 2127 et
2913 2070 3235 2142 expertibus
3263 2069 3439 2125 disci—

1857 2162 2019 2232 plinze
2068 2165 2350 2227 cordibus,
2414 2165 2481 2220 de
2537 2164 2739 2236 quibus
2782 2163 3061 2218 voluerint
3106 2163 3292 2233 loqui,
3343 2177 3442 2216 au-

1856 2270 2058 2327 resque
2087 2256 2153 2311 ad
2188 2256 2602 2327 suscipiendum
2652 2263 2875 2326 paratas
2904 2255 3263 2309 habuerimus
3284 2294 3298 2316 ,
3328 2269 3442 2309 non

1859 2361 1960 2400 nos
1992 2347 2169 2401 solum
2206 2362 2294 2403 res
2330 2348 2563 2402 aliorum
2612 2361 2777 2403 secus
2810 2346 3164 2419 accipiemus,
3204 2345 3299 2402 sed
3341 2361 3443 2402 no.-

1859 2444 2004 2493 stras
2028 2437 2196 2494 etiam
2231 2441 2345 2494 alii.

1933 2530 1987 2586 2.
2051 2529 2148 2587 His
2177 2541 2357 2587 autem
2385 2531 2519 2587 illud
2568 2534 2624 2588 in
2675 2549 2841 2590 causa
2884 2541 2992 2601 est,
3043 2533 3190 2605 quod
3232 2533 3443 2606 pridem

1859 2623 2122 2679 hortabar
2147 2640 2218 2681 ne
2246 2623 2419 2690 ﬁeret,
2444 2641 2591 2681 nunc
2622 2638 2804 2683 autem
2827 2625 3078 2684 defessus
3100 2628 3259 2692 sileo,
3294 2626 3444 2699 quod

1860 2734 1970 2772 non
2013 2734 2122 2773 una
2177 2721 2592 2776 conveniamus.
2624 2719 2760 2775 Nam
2796 2720 2845 2778 si
2894 2737 2959 2778 ex
2994 2722 3161 2777 veteri
3192 2730 3353 2793 pacto
3388 2732 3447 2778 et

1861 2823 1963 2878 pro
2015 2808 2198 2865 debita
2250 2825 2402 2865 nunc
2436 2810 2702 2867 Ecclesiis
2732 2828 2764 2868 a
2805 2813 2965 2870 nobis
2996 2828 3151 2879 cura,
3186 2830 3442 2887 magnam

1864 2901 1992 2955 anni
2015 2910 2226 2970 partem
2256 2901 2421 2959 simul
2459 2904 2897 2969 traduceremus,
2943 2904 3150 2960 aditum
3194 2921 3304 2961 non
3345 2906 3443 2962 de-

1861 2990 2136 3048 dissemus
2194 2992 2686 3052 calumniantibus.
2740 2995 2823 3051 Tu
2880 3005 3085 3062 autem,
3133 2998 3178 3052 si
3205 2997 3458 3061 videtur,,

1860 3083 1949 3139 bis
1979 3083 2199 3154 quidem
2231 3085 2351 3142 vale
2401 3086 2613 3155 dicito;
2646 3087 2765 3157 ipse
2802 3103 2930 3144 vero
2967 3091 3186 3144 exorari
3219 3100 3270 3146 te
3300 3092 3453 3153 sine.

1868 3181 1927 3227 ut
1956 3174 2250 3230 nobiscum
2301 3176 2369 3230 ad
2428 3179 2770 3248 propositum
2819 3188 3094 3235 certamen
3147 3182 3443 3243 allabores.

1865 3279 1932 3320 ac
1978 3265 2270 3321 nobiscum
2313 3281 2579 3326 occurras
2620 3270 2668 3325 ei
2695 3272 2791 3341 qui
2818 3270 3020 3327 bellum
3064 3272 3226 3329 nobis
3254 3272 3443 3329 infert.

1870 3354 1928 3411 Si
1957 3355 2104 3412 enim
2165 3364 2377 3412 tantum
2409 3374 2697 3429 appareas,
2728 3361 3037 3431 supprimes
3070 3364 3247 3433 ipsius
3276 3365 3449 3435 impe-

1868 3454 1985 3501 tum
2009 3488 2027 3509 ,
2050 3462 2277 3519 eosque,
2301 3449 2396 3518 qui
2422 3450 2489 3504 ad
2519 3453 2711 3521 patrias
2743 3468 2834 3508 res
2867 3454 3194 3510 evertendas
3224 3460 3449 3529 conspi-

1866 3548 2014 3603 rant,
2059 3539 2381 3612 dissipabis,
2427 3542 2535 3598 ubi-
2580 3544 2718 3615 ipsis
2757 3551 2950 3600 notum
2997 3544 3194 3603 feceris
3228 3555 3305 3611 te,
3351 3549 3451 3616 Del

1865 3633 2063 3703 gratia,
2122 3643 2299 3691 caelus
2338 3636 2512 3691 nostri
2544 3636 2738 3692 ducem
2785 3654 2907 3695 esse
2930 3679 2945 3703 ,
2976 3654 3041 3694 ac
3069 3655 3229 3695 omne
3263 3657 3327 3697 os
3366 3643 3448 3698 lo-

1867 3725 2153 3793 quentium
2185 3731 2379 3779 contra
2412 3724 2579 3782 Deum
2616 3727 2960 3798 iniquitatem
2989 3730 3299 3789 obturabis.
3319 3733 3446 3791 Haec

1868 3812 1913 3867 si
1952 3812 2104 3878 fiant,
2150 3830 2241 3870 res
2292 3813 2412 3886 ipsa
2464 3816 2767 3873 declarabit
2810 3819 2936 3890 quis
2965 3821 3046 3875 tui
3088 3823 3154 3876 ad
3185 3826 3448 3893 praeclara

1872 3904 2121 3961 facinora
2172 3915 2435 3972 sectator,
2478 3917 2533 3965 et
2583 3911 2706 3981 quis
2736 3912 3058 3970 claudicans
3099 3929 3165 3969 ac
3195 3917 3451 3975 veritatis

1870 3997 2137 4053 doctrinae
2188 4000 2421 4070 ignavus
2474 4003 2743 4073 proditor.
2784 4003 2942 4072 Quod
2976 4007 3023 4063 si
3059 4023 3147 4065 res
3190 4007 3452 4068 Ecclesiae

1873 4089 2103 4161 proditae
2157 4099 2308 4159 sunt,
2343 4108 2536 4164 parum
2589 4096 2725 4151 mihi
2758 4111 2907 4153 curae
2950 4097 3117 4156 fuerit
3142 4116 3239 4159 eos
3266 4104 3451 4161 Verbis

1871 4184 2221 4249 convincere,
2257 4186 2353 4256 qui
2412 4187 2549 4243 tanti
2602 4203 2689 4243 me
2739 4188 2983 4255 faciunt,
3027 4195 3221 4264 quanti
3271 4196 3453 4255 facere

1870 4276 2088 4345 possint
2126 4276 2218 4349 qui
2250 4277 2493 4333 nondum
2531 4294 2632 4335 suo
2673 4297 2733 4336 se
2782 4283 3004 4339 modulo
3031 4287 3213 4342 metiri
3243 4287 3452 4347 didice-

1870 4376 2022 4425 runt;
2063 4370 2354 4426 Enimvero
2383 4370 2558 4438 brevi,
2590 4369 2700 4427 Deo
2752 4374 3037 4446 largiente,
3066 4377 3201 4448 ipsis
3223 4395 3453 4451 operum

174 4471 444 4544 θεμένους
469 4472 642 4539 ἄξιον,
668 4476 790 4530 ὅσον
823 4475 889 4530 ἂν
919 4478 1259 4548 τιμήσωνται
1297 4475 1575 4550 ἅνθρωποι
1614 4479 1758 4534 οὔπω

1873 4462 2221 4521 testimoniis
2252 4467 2543 4531 calumnias
2587 4477 2921 4541 arguentur;
2953 4469 3223 4540 siquidem
3257 4488 3456 4544 exspe-

173 4564 410 4626 ἑαυτοὺς
442 4566 661 4636 μετρεῖν
685 4564 1072 4636 δεδιδαγμένοι.
1106 4567 1242 4621 Μετ’
1274 4567 1335 4619 οὐ
1364 4568 1498 4623 πολὺ
1534 4568 1665 4641 γὰρ,
1700 4573 1765 4643 τῇ

172 4653 273 4708 τοῦ
304 4654 443 4708 Θεοῦ
473 4656 657 4727 χάριτι
688 4660 720 4730 η
753 4657 841 4711 διὰ
866 4657 974 4712 τῶν
1016 4658 1195 4730 ἔργων
1225 4659 1498 4727 ἀπόδειξις
1538 4662 1638 4727 τὰς
1671 4681 1768 4717 συτ

173 4746 478 4812 κοφαντίας
531 4748 771 4817 ἐλέγξει·
839 4749 972 4803 διότι
1029 4750 1419 4822 προσδοκῶμεν
1475 4754 1617 4826 ὑπὲρ
1672 4755 1767 4809 τοῦ

172 4838 339 4907 λόγου
377 4839 481 4909 τῆς
520 4838 778 4911 ἀληθείας
806 4843 947 4913 τάχα
986 4841 1087 4914 μέν
1130 4860 1185 4896 τι
1222 4843 1318 4897 καὶ
1354 4844 1540 4916 μεῖζον
1579 4848 1767 4901 πείσει

175 4929 341 4984 σθαιο
378 4930 430 4982 εί
459 4928 519 4983 δὲ
549 4930 645 5003 μὴ,
681 4932 900 4998 πάντως
944 4950 1011 5002 γε
1051 4933 1160 4989 τῶν
1201 4936 1505 5007 ἐκκλησιῶν
1533 4938 1769 4993 καὶτῶν

247 5066 366 5138 (85')
414 5068 527 5121 Τὸν
546 5065 933 5125 διδάσκοντα.
966 5068 1112 5125 Editi
1145 5070 1354 5126 addunt
1395 5073 1670 5137 τοιούτους
1709 5074 1767 5128 δὲ

173 5139 310 5213 τοὺς
349 5138 743 5213 ἀνεχομένους,
772 5141 818 5213 si
856 5142 1055 5213 mirum
1091 5151 1228 5213 esset
1251 5142 1385 5196 tales
1418 5160 1531 5197 esse
1562 5160 1651 5198 eos
1678 5145 1769 5213 qui

178 5210 321 5282 nunc
361 5210 613 5282 tolerent.
642 5209 750 5264 Sed
781 5210 899 5265 haec
931 5210 1130 5266 desunt
1163 5212 1218 5266 in
1254 5214 1642 5282 antiquissimo
1672 5209 1770 5268 co~

179 5280 306 5335 dice
353 5278 717 5353 qusliniano,
749 5295 813 5353 ac
841 5278 1401 5353 praetereapugnant
1421 5299 1543 5339 cum
1578 5282 1767 5339 Basilii

182 5351 495 5425 sententia,
536 5351 631 5425 qui
676 5351 851 5425 paulo
883 5361 1012 5425 ante
1050 5352 1201 5425 dixit
1221 5351 1433 5425 'mirum
1461 5368 1586 5425 esse
1621 5352 1769 5425 quod

182 5421 326 5477 tales
358 5421 453 5475 ille
482 5420 768 5477 auditores
808 5422 1035 5478 haberet
1075 5438 1088 5474 :
1121 5424 1364 5479 delenda:
1387 5439 1519 5481 ergo
1553 5420 1768 5481 hae'vo-

182 5492 443 5573 eesvisaa
502 5501 652 5547 sunt.
705 5490 875 5574 Paulo
921 5500 1043 5562 post
1085 5494 1217 5548 editi
1273 5490 1516 5576 μηπρδς
1573 5495 1765 5619 μηδέν.

186 5563 443 5619 Quinque
481 5578 617 5617 mss.
652 5572 712 5615 ut
765 5580 821 5617 tu
862 5570 1050 5619 textu.‘
1086 5563 1210 5618 Mox
1261 5566 1494 5619 legimus
1536 5582 1566 5619 τ
1641 5567 1765 5619 τού-

186 5563 443 5632 Quinque
481 5578 617 5617 mss.
652 5572 713 5634 ut
765 5563 821 5617 in
862 5570 1050 5619 textu.
1086 5563 1210 5618 Mox
1261 5563 1494 5634 legimus
1536 5563 1608 5619 τὰ
1641 5563 1768 5619 τού-

184 5650 313 5696 των,
341 5635 584 5689 articulo
616 5633 801 5703 addito
837 5648 903 5689 ex
935 5634 1222 5690 codicibus
1262 5633 1542 5703 Medicam,
1581 5636 1771 5692 Coisli-

189 5704 354 5758 niano
387 5705 567 5774 primo
589 5713 645 5757 et
678 5701 958 5759 Vaticano.

262 5772 402 5847 [ὅθί
419 5773 741 5843 ΑΙρέσεως.
771 5775 946 5842 Harl.,
967 5772 1093 5834 Vat.
1119 5781 1173 5832 et
1193 5772 1339 5832 Clar.
1377 5775 1770 5848 προαιρέσεως.

1874 4563 2092 4613 ctamus
2119 4572 2220 4627 pro
2242 4560 2488 4618 veritatis
2504 4561 2754 4617 doctrina
2789 4560 2928 4617 forte
2960 4563 3123 4616 etiam
3146 4577 3248 4619 nos
3275 4565 3454 4637 majus

1875 4648 2080 4720 aliquid
2135 4664 2452 4721 passuros;
2486 4653 2570 4709 sin
2625 4654 2830 4717 minus,
2897 4652 3090 4707 saltem
3133 4655 3360 4710 omnino
3386 4673 3455 4712 ex

1876 4741 2124 4798 ecclesiis
2164 4749 2221 4797 et
2259 4741 2435 4811 patria
2468 4743 2699 4811 ejectum
2744 4743 2830 4797 iri.
2871 4742 3039 4814 166
3058 4740 3185 4807 Sed,
3230 4744 3278 4800 si
3317 4746 3456 4800 nihil

1874 4835 2117 4891 evenerit
2152 4849 2351 4895 eorum
2383 4849 2506 4904 quae
2552 4848 2872 4911 speramus,
2909 4849 3020 4887 non
3060 4835 3255 4904 procul
3299 4836 3458 4893 abest

1874 4927 2079 4984 Christi
2105 4925 2399 4997 judicium.
2422 4924 2604 4993 Quare
2633 4926 2679 4982 si
2711 4939 3068 4997 congressum
3090 4924 3163 4981 ob
3190 4925 3458 4983 ecclesias

1947 5063 2059 5137 (87)
2076 5061 2191 5137 γΣὺᾼ
2204 5057 2397 5137 δέδιε
2410 5056 2592 5137 _Med.,
2608 5055 2755 5137 Reg.
2768 5057 3012 5137 primus,
3042 5054 3191 5137 Vati,
3208 5055 3452 5137 Clar'om.

1874 5125 2018 5194 Editi
2041 5125 2142 5189 ’Σοὶ
2171 5133 2252 5187 δέ.
2293 5129 2462 5184 Paulo
2497 5136 2623 5199 post
2651 5125 2793 5185 editi
2805 5127 3044 5199 παρόντα
3067 5126 3279 5199 ἀγῶνα.
3320 5125 3455 5183 Tres

1876 5201 2247 5276 antiquissimi
2269 5197 2731 5276 codices'et_lie_g.
2755 5197 2964 5276 primus
2996 5204 3063 5276 ut
3080 5197 3135 5276 in
3157 5204 3342 5276 textu.

1944 5266 2058 5349 (88)
2088 5270 2435 5349 κατάρχεις.
2460 5269 2540 5324 lta
2568 5266 2733 5334 Medi,
2765 5268 2916 5323 Harl.
2945 5276 2999 5323 et
3024 5266 3194 5325 Coisl.
3220 5269 3453 5338 primus.

1960 5345 2019 5404 iti
2041 5345 2356 5405 ’κατάρξειςο

1874 5350 2019 5406 Editi
2046 5350 2356 5417 κατάρξεις.
2659 5410 2671 5421 .
2899 5407 2913 5424 ν

1946 5420 2060 5492 (89,
2098 5415 2341 5492 ‘0.1_lroc.
2372 5411 2553 5492 ϐοῇ-ει..
2588 5425 2802 5492 primus
2861 5406 3057 5492 ουδείς.
3107 5405 3287 5492 Paulo.
3329 5415 3457 5480 post

1876 5478 2010 5548 editi
2039 5478 2297 5542 τοσούτου
2330 5499 2413 5537 σε.
2448 5481 2556 5538 Sed
2573 5478 2747 5536 multo
2775 5479 2975 5535 melius
3000 5480 3054 5550 in
3083 5479 3218 5534 edit.
3241 5478 3453 5550 Hagan.

1875 5572 1931 5619 et
1977 5560 2154 5617 tribus
2195 5552 2589 5611 vetustissimis
2613 5551 2900 5606 codicibus
2928 5558 2983 5605 et
3004 5548 3271 5620 Claram”
3315 5548 3459 5620 quos

1877 5618 2051 5689 secuti
2083 5624 2520 5697 sumus.lh_idem
2555 5621 2686 5677 editi
2710 5623 3054 5696 τιμήσονται.
3096 5618 3233 5676 Tres
3289 5618 3463 5697 supra

1877 5702 2010 5762 dicti
2042 5700 2260 5758 codices
2287 5703 2347 5752 ut
2370 5694 2426 5751 in
2453 5700 2627 5750 textu.
