3870 6218
424 239 525 287 103

1743 255 1801 306 S.
1844 258 2092 311 BASILII
2133 257 2348 313 MAGNI

3598 273 3701 331 με

422 351 714 420 exposcis,
770 362 996 423 paratus
1044 373 1188 425 sum,
1244 377 1578 436 quocunque
1625 368 1982 430 advocaveris

2114 379 2390 451 πατρίδων
2446 381 2907 456 ἀπελαθήσεσθαι.
2953 384 3076 439 Ἐάν
3128 384 3183 438 δὲ
3218 385 3326 439 ’καὶ
3380 387 3544 457 μηδὲν
3593 389 3700 446 τῶν

421 458 750 514 accurrere;
783 448 868 503 sin
900 459 1108 516 autem,
1143 462 1202 507 ut
1234 459 1540 514 calumnias
1567 461 1793 532 diluam,
1825 467 1892 522 de
1927 468 2016 523 his.

420 537 762 606 respondere
788 557 936 597 nunc
965 542 1097 598 mihi
1135 561 1243 600 non
1275 557 1453 606 vacat.

2118 470 2489 543 ἐλπιζομένων
2523 475 2770 545 γένηται,
2805 477 2865 529 ού
2916 477 3134 550 μακράν
3178 479 3295 531 ἐστι
3345 479 3405 532 τὸ
3445 480 3536 534 τοῦ
3567 483 3700 552 Χρι-

2119 564 2245 616 στοῦ
2274 565 2646 638 δικαστήριον.
2686 569 2870 634 Ὥστε,
2908 571 2956 622 εἰ
3011 569 3108 640 μὲν
3146 569 3244 640 τὴν
3296 572 3582 643 συντυχίαν
3615 573 3700 627 διὰ

419 629 526 736 τὰς
556 632 1216 736 ’ἐκκλησίας-ἐπιζητεῖς,
1265 641 1482 715 ἕτοιμος
1533 649 1858 721 συνδραμεῖν
1921 654 2167 729 ὅπουπερ
2193 657 2260 712 ἂν
2328 629 2577 732 προκάλῇ
2633 661 2777 731 (90)·
2825 629 2874 715 εί
2919 629 3128 727 δὲ,“ἱ’να
3185 629 3284 729 τὰς
3348 629 3702 736 συκοφαντίας

417 719 676 792 διαλύσω,
701 727 764 779 οὐ
801 728 963 812 σχολή
1014 748 1104 802 μοι
1153 732 1252 786 νῦν
1299 735 1696 812 ἀποκρίνασθαι
1739 745 1868 815 περὶ
1905 747 2127 802 τούτων.

908 884 1252 946 EPISTOLA
1291 894 1524 950 LXXII'.

2652 907 2999 963 ΕΠΙΣΤΟΛΗ
3039 911 3158 964 OB'.

1078 1008 1375 1074 Hesye/tium
1404 1019 1542 1077 rogat
1566 1014 1800 1078 Basilius,
1822 1025 1870 1068 ut
1891 1016 1983 1068 sibi
2010 1018 2060 1068 in
2082 1019 2327 1081 placando
2351 1020 2640 1075 Callisthene
2662 1038 2859 1086 operam
2888 1033 3040 1077 navet.

1070 1115 1333 1183 Hesychia

487 1216 622 1273 Novi
654 1228 707 1275 et
723 1219 1036 1279 amoremin
1064 1242 1148 1281 me
1177 1238 1349 1291 tuum,
1371 1240 1422 1286 et
1459 1249 1638 1288 rerum
1671 1240 2003 1308 optimarum

418 1308 688 1363 studium.
709 1309 892 1376 Quare
916 1328 1041 1368 cum
1076 1318 1210 1371 mihi
1256 1321 1560 1388 placandus
1617 1326 1688 1380 sit
1719 1327 2002 1383 desidera—

415 1403 664 1458 tissimus
694 1403 840 1462 ﬁlius
867 1407 1249 1477 Callisthenes,
1285 1416 1617 1482 existimavi,
1651 1421 1697 1475 si
1717 1427 1771 1476 te
1791 1423 2000 1477 socium

415 1507 670 1562 caperem
731 1497 1143 1567 sollicitudinis,
1211 1505 1429 1563 facilius
1470 1525 1558 1565 me
1624 1513 1995 1582 perlecturum

416 1585 560 1652 quod
589 1587 774 1658 cupio.
823 1587 1125 1647 Succenset
1159 1593 1252 1650 ille
1284 1597 1368 1650 vir
1406 1599 1777 1658 disertissimo
1799 1605 1997 1659 Eusto-

2771 1136 3056 1206 Ἠσυχίῳ.’

2185 1244 2317 1302 Οἶδά
2345 1265 2436 1302 σου
2469 1248 2564 1302 καὶ
2593 1255 2691 1320 τὴν
2716 1250 2852 1322 πρὸς
2871 1254 3021 1322 ἡμᾶς
3053 1252 3165 1322 (91)
3199 1255 3444 1327 ὰγαπην,
3474 1257 3568 1310 καὶ
3601 1256 3709 1331 τὴν

2112 1341 2242 1412 περὶ
2289 1339 2358 1393 τὰ
2409 1339 2552 1393 καλά
2596 1343 2852 1413 σπουδήν.
2907 1344 3109 1415 Διόπερ
3138 1343 3355 1417 χρῄζων
3380 1346 3705 1419 δυσωπῆσαι

2109 1431 2200 1483 τὸν
2243 1431 2619 1485 ποθεινότατον
2670 1434 2783 1487 υἱὸν
2831 1433 3239 1506 Καλλισθένην,
3292 1439 3620 1510 ἡγησάμην,
3652 1444 3706 1494 εἰ

2110 1523 2364 1577 κοινωνόν
2407 1541 2463 1577 σε
2491 1523 2712 1597 λάϐοιμι
2759 1527 2860 1597 τῆς
2916 1527 3217 1599 φροντίδος,
3255 1530 3384 1601 ῥᾷον
3421 1531 3705 1603 κατορθώ-

2107 1631 2221 1667 σειν
2253 1615 2315 1667 τὸ
2358 1616 2812 1688 σπουδαζόμενον.
2858 1619 3172 1689 Λελύπηται
3200 1621 3228 1673 ό
3259 1621 3399 1694 ἀνὴρ
3429 1622 3571 1676 κατά
3600 1624 3702 1678 τοῦ

414 1678 559 1743 chio,
601 1695 703 1734 nec
737 1680 1013 1740 immerito
1045 1696 1356 1745 succenset.
1393 1690 1689 1748 Servorum
1726 1697 1901 1767 ipsius
1943 1699 1990 1753 in

2103 1705 2434 1773 λογιωτάτου
2479 1708 2807 1779 Εὐστοχίοψ
2862 1711 2957 1763 καὶ
3004 1710 3303 1782 λελύπηται
3343 1714 3558 1770 δικαίαν
3601 1716 3702 1770 λύ-

415 1786 475 1824 se
529 1771 815 1827 audaciam
873 1790 937 1831 ac
971 1775 1210 1835 furorem
1264 1783 1499 1841 incusat.
1551 1786 1709 1843 llunc
1745 1806 2000 1862 rogamus

414 1863 636 1916 exorari
669 1879 729 1919 se
775 1867 941 1932 sinat,
975 1877 1033 1922 ut
1064 1885 1129 1924 eo
1158 1873 1354 1930 timore
1395 1885 1712 1945 contentus,
1752 1897 1914 1952 quem
1948 1891 2003 1939 et

415 1956 727 2012 temerariis
757 1957 864 2014 illis
893 1968 948 2014 et
975 1977 1165 2023 eorum
1208 1964 1358 2022 heris
1398 1969 1655 2037 incussit,
1691 1975 2001 2030 contentio-

414 2061 561 2112 nem,
588 2050 748 2105 venia
774 2050 919 2118 data,
953 2055 1240 2127 dissolvat.
1285 2059 1424 2115 Nam
1465 2063 1570 2119 hoc
1595 2074 1756 2136 pacto
1787 2077 2000 2122 utrum-

413 2154 519 2208 que
541 2150 932 2212 consequetur,
982 2155 1037 2201 et.
1070 2149 1355 2204 honestam
1385 2154 1624 2222 speciem
1652 2156 1798 2225 apud
1829 2157 2000 2212 homi-

413 2246 534 2296 nes,
568 2240 622 2288 et
657 2233 873 2291 laudem
907 2238 1051 2309 apud
1086 2239 1287 2310 Deum,
1323 2244 1370 2299 si
1420 2246 1583 2301 modo
1627 2248 1826 2303 terrori
1865 2250 1998 2305 velit

412 2324 733 2395 patientiam
790 2330 1113 2387 admiscere.
1169 2333 1251 2389 Tu
1294 2336 1479 2406 igitur,
1511 2339 1558 2393 si
1601 2355 1710 2410 qua
1733 2343 1835 2397 tibi
1871 2358 1997 2398 cum

410 2417 507 2470 illo
541 2418 660 2474 viro
691 2419 981 2477 intercedit
1031 2425 1276 2481 amicitia
1311 2444 1376 2482 ac
1424 2429 1797 2498 familiaritas,
1836 2435 1904 2490 ab
1933 2451 2000 2491 eo

410 2509 466 2562 id
498 2510 744 2566 beneﬁcii
785 2516 1002 2584 postula
1044 2535 1056 2571 :
1091 2526 1144 2572 et
1177 2534 1318 2588 quos
1354 2523 1505 2577 noris
1547 2523 1602 2577 in
1633 2524 1855 2581 civitate
1881 2527 1999 2582 ido-

410 2615 548 2656 neos
573 2603 640 2659 ad
666 2620 792 2659 eum
842 2606 1193 2676 ﬂectendum,
1229 2613 1412 2669 socios
1437 2613 1636 2672 adhibe
1678 2619 2001 2676 sollicitudi-

411 2694 525 2761 nis,
556 2695 748 2753 dicens
771 2697 853 2753 eis
892 2715 1006 2755 rem
1040 2702 1172 2756 mihi
1212 2706 1578 2775 gratissimam
1609 2707 1747 2764 fore.
1776 2709 1918 2777 Quin
1941 2721 1997 2767 et

407 2786 702 2843 diaconum
757 2791 840 2846 sic
896 2793 1145 2864 dimitte,
1203 2805 1260 2852 ut
1309 2813 1545 2869 quarum
1597 2817 1778 2857 rerum
1829 2821 1994 2862 causa

410 2880 614 2935 missus
665 2889 771 2949 est,
818 2882 906 2941 his
952 2882 1213 2956 perlectis
1279 2891 1491 2946 redeat.
1542 2890 1676 2947 Nam
1710 2897 1876 2964 pudet
1911 2914 1996 2954 me

408 2971 702 3038 homines,
750 2973 844 3040 qui
903 2974 972 3029 ad
1025 2992 1112 3040 me
1168 2979 1532 3049 confugiunt,
1602 2985 1738 3039 nihil
1796 2987 1990 3057 juvare

406 3078 592 3133 posse.

864 3403 1204 3462 EPISTOLA
1241 3405 1520 3464 LXXIII".

2108 1816 2236 1871 πην.
2284 1801 2537 1870 Ἐγκαλεί
2575 1802 2742 1855 αὑτοῦ
2777 1806 2896 1868 τοῖς
2926 1805 3165 1869 οἰκέταις
3215 1805 3415 1874 θράσος
3460 1810 3577 1862 κατ’
3602 1807 3709 1863 αύ-

2103 1891 2198 1946 τοῦ
2229 1893 2324 1946 καὶ
2371 1891 2649 1948 ἀπόνοιαν.
2695 1894 2896 1949 Τοῦτον
2943 1896 3204 1968 ἀξιοῦμεν
3252 1899 3706 1970 παρακληθῆναι,

2103 1985 2441 2057 ἀρκεσθέντα
2471 1985 2582 2055 (92)
2627 1984 2707 2057 τῷ
2751 1986 2937 2058 φόϐῳ,
2980 1988 3039 2040 ὃν
3080 1988 3351 2060 ἐφόϐησεν
3400 1990 3598 2054 αὐτούς
3637 2008 3705 2046 τε

2101 2077 2227 2138 τοὺς
2250 2074 2684 2147 Θρασυνομένους
2711 2077 2803 2130 καὶ
2832 2079 2956 2141 τοὺς
2979 2077 3186 2132 τούτων
3218 2079 3504 2143 δεσπότας,
3535 2098 3705 2134 κατα-

2101 2167 2260 2220 λῦσαι
2293 2167 2392 2239 τὴν
2432 2167 2789 2236 φιλονεικίαν,
2824 2169 2983 2224 δόντα
3018 2169 3119 2241 τὴν
3159 2170 3342 2242 χάριν.
3384 2170 3539 2224 Οὕτω
3583 2171 3700 2244 γάρ

2101 2260 2388 2333 ἀμφότερα
2430 2260 2661 2333 ὑπάρξει
2690 2261 2835 2332 (95)⁶
2880 2263 2972 2316 καὶ
3001 2261 3060 2315 τὸ
3095 2263 3247 2334 παρά
3273 2261 3578 2334 ἀνθρώποις
3609 2281 3704 2316 σε-

2104 2352 2253 2423 μνὸν,
2282 2353 2379 2405 καὶ
2409 2351 2471 2405 τὸ
2507 2351 2658 2424 παρά
2695 2351 2815 2422 Θεῴ
2847 2352 3154 2422 εὐδόκιμον,
3191 2352 3285 2406 ἐὰν
3317 2352 3396 2424 τῷ
3427 2352 3576 2424 φόϐῳ
3609 2352 3704 2406 ϐε·-

2099 2437 2238 2510 λήσῃ
2284 2439 2345 2491 τὸ
2399 2439 2752 2510 μακρόθυμον
2804 2440 3085 2510 ἁναμίξαι.
3137 2442 3313 2506 Αὐτός
3369 2459 3428 2495 τε
3469 2438 3585 2506 οὖν,
3648 2445 3709 2496 εῐ

2099 2530 2184 2594 τίς
2218 2546 2299 2583 σοι
2342 2531 2453 2601 (94)
2504 2531 2846 2603 προῦπάρχει
2879 2533 3030 2601 φιλία
3063 2533 3201 2604 πρὸς
3239 2535 3330 2588 τὸν
3380 2523 3551 2607 ἄνδρα
3600 2536 3704 2590 καὶ

2102 2620 2378 2692 συνήθεια,
2436 2620 2658 2692 αἴτησον
2706 2625 2838 2694 παρ’
2879 2623 3044 2678 αὑτοῦ
3095 2625 3196 2696 τὴν
3240 2625 3398 2695 χάριν
3449 2625 3700 2698 ταύτηνο

2100 2713 2195 2766 καὶ
2215 2711 2310 2776 οὓς
2337 2712 2432 2766 ἐὰν
2460 2712 2604 2784 γνῷς
2634 2715 2691 2768 ὲν
2718 2717 2782 2785 τῇ
2816 2713 2968 2768 πόλει
2999 2715 3335 2786 δυναμένους
3379 2716 3540 2770 αὐτὸν
3568 2717 3704 2771 δυσ⁶

2098 2804 2342 2875 ωπῆσαι,
2377 2806 2668 2868 κοινωνοὺς
2714 2805 2846 2859 λάϐε
2890 2806 2991 2877 τῆς
3031 2806 3333 2878 φροντίδος,
3374 2803 3543 2860 εἰπὼν
3578 2806 3701 2860 αὑ-

2098 2896 2229 2960 τοῖς,
2278 2896 2360 2948 ὄτι
2412 2896 2474 2949 τὸ
2517 2895 2804 2968 γινόμενον
2837 2897 2962 2968 ἐμοὶ
3014 2898 3253 2968 μάλιστα
3295 2899 3700 2970 κεχαρισμένον

2099 2983 2270 3038 ἔσται.
2294 2987 2406 3039 Καὶ
2429 2987 2756 3059 ἀπόπεμψαι
2779 2987 2872 3042 τὸν
2899 2988 3244 3042 συνδιάκονον
3267 2989 3548 3060 πράξαντα
3576 2989 3696 3061 (95)

2019 3081 2062 3139 C,
2095 3069 2170 3130 ὧν
2209 3077 2393 3132 ἕνεκεν
2433 3080 2738 3152 ἀπεστάλη.
2787 3079 3128 3151 Αἰσχύνομαι
3173 3080 3304 3151 γὰρ,
3339 3082 3698 3151 καταφυγόν-

2101 3183 2206 3220 των
2245 3168 2384 3240 πρός
2436 3186 2505 3240 με
2557 3169 2666 3223 τῶν
2699 3169 3027 3241 ἀνθρώπων,
3061 3169 3136 3242 μὴ
3165 3169 3464 3242 δυνηθῆναι
3507 3172 3696 3236 αὐτοῖς

2102 3257 2354 3326 γενέσθαι
2381 3275 2434 3313 τι
2458 3261 2728 3333 χρήσιμον
2759 3261 2894 3332 (96).

2635 3417 2985 3470 ΕΠΙΣΤΟΛΗ
3039 3417 3154 3473 ΟΓ¹.

407 3517 952 3602 Ealliitltenem
973 3520 1187 3602 Basilius
1209 3525 1348 3602 quod
1364 3524 1783 3602 Eustochiilservis
1805 3528 1961 3600 iratus
1986 3529 2060 3580 rei
2080 3527 2339 3602 arbitrium
2359 3530 2768 3602 sibipermiserjt.
2802 3532 2995 3585 Petenti
3011 3541 3063 3602 ut
3085 3534 3136 3585 in
3158 3537 3435 3602 tocum,_ulti
3457 3537 3695 3602 injuriam

464 3579 705 3665 fecerant,
717 3579 1348 3665 agt-tueanturntl‘eizwiistrat
1368 3588 1521 3656 multa
1547 3587 1669 3665 inde
1679 3579 1906 3665 consequi
1928 3579 2970 3665 t’nqupypda.’cadéédh'itiszsiﬁia‘uiiiaé
2979 3579 3228 3665 sistam}
3236 3579 3697 3665 ἷὸὲιὶἷὸιὲὲὶΐςῖὀξιὶξξ

466 3639 518 3690 'ut
535 3639 628 3692 sibi
656 3641 871 3724 vindicta
892 3639 1230 3724 ηεητιίςιαιῖινί
1255 3662 1312 3697 ac
1335 3647 1378 3698 si
1409 3639 2306 3724 Ῑμνᾳυίιηςαιιίέιιιὲῐιέέἰξάᾱῑιῇὲῄῂῐ
2321 3639 2500 3724 ζεεῖἓὸὲ
2530 3639 3697 3724 2221'iéﬁahfiéazidiiﬁ"Eg2£,"c3riiéiiids"£ii

463 3715 607 3764 poena
629 3717 774 3768 quam
807 3705 1032 3758 Ecclesia:
1051 3710 1179 3772 leges
1198 3705 1463 3773 imponunt,
1483 3718 1529 3763 et
1549 3711 1770 3774 militem,
1796 3727 1939 3778 quem
1958 3713 2176 3776 miserat,
2197 3712 2291 3766 cito
2308 3705 2509 3772 revocet.

1025 3817 1360 3874 Callistheni.

477 3924 530 3978 1.
559 3924 778 3980 Gratias
803 3923 889 3994 egi
925 3924 1035 3981 Deo
1067 3927 1226 3983 lectis
1267 3935 1375 3984 tua:
1415 3930 1702 4000 gravitatis
1749 3933 1947 3990 litteris
1968 3973 1987 3992 .

406 4017 666 4086 primum,
707 4019 854 4087 quod
897 4019 1138 4075 hominis
1170 4019 1434 4076 honorem
1467 4023 1700 4078 libenter
1723 4023 1858 4078 mihi
1889 4024 1990 4078 ha-

403 4109 587 4166 bentis
607 4111 821 4166 veniret
870 4111 936 4166 ad
967 4128 1054 4167 me
1106 4113 1366 4168 salutatio
1397 4114 1711 4185 ssiquidem
1739 4117 1986 4171 virorum

402 4201 982 4271 praestantissimorum
1025 4204 1359 4273 colloquium
1384 4205 1607 4275 plurimi
1642 4205 1786 4260 facio
1811 4224 1826 4273 ;
1853 4207 1988 4262 alte-

400 4308 524 4346 rum
545 4293 810 4365 voluptati
839 4293 964 4358 fuit,
999 4295 1437 4352 recordationem
1467 4297 1665 4352 bonam
1700 4298 1984 4370 consequi.

2679 3830 3103 3884 Καλλισθένει.

2257 3939 2648 4012 Ηύχαρίστησα
2691 3940 2769 4012 τῷ
2795 3941 2914 4013 Θεῷ
2945 3944 3056 4015 (97)
3097 3948 3211 4010 τοῖς
3253 3947 3578 4017 γράμμασιν
3604 3949 3697 4004 έν-

2093 4029 2271 4101 τυχὼν
2320 4032 2420 4102 τῆς
2461 4033 2744 4100 εὐγενείας
2792 4051 2918 4087 σου·
2959 4035 3174 4107 πρῶτον
3223 4037 3340 4108 μὲν,
3371 4039 3452 4091 ὅτι
3494 4039 3697 4111 ἀνδρὸς

2093 4125 2259 4194 τιμᾷν
2281 4125 2428 4194 ἡμᾶς
2461 4126 2895 4196 προαιρουμένου
2928 4129 3157 4196 ἀφίκετό
3189 4146 3280 4199 μοι
3305 4131 3652 4201 προσηγορία
3675 4149 3692 4163 ο

2092 4213 2189 4266 καὶ
2213 4213 2321 4284 γὰρ
2349 4213 2548 4267 πολλοῦ
2578 4215 2677 4286 μὲν
2705 4215 2862 4280 ἀξίαν
2889 4216 3152 4288 τιθέμεθα
3178 4217 3287 4270 τῶν
3326 4217 3566 4288 ἀρίστων
3596 4218 3697 4271 ἀν-

2094 4305 2238 4377 δρῶν
2283 4306 2383 4378 τὴν
2435 4306 2760 4378 συντυχίαν·
2811 4307 3061 4379 δεύτερον
3099 4310 3156 4361 δὲ
3188 4311 3268 4371 είς
3311 4307 3691 4380 εὐφροσύνην,

403 4382 632 4456 Signum
676 4393 858 4442 autem
924 4389 1326 4444 recordationis
1365 4389 1582 4454 litterae,
1615 4405 1754 4460 quas
1779 4393 1869 4447 ubi
1893 4407 1986 4446 ae-

2103 4415 2150 4451 co
2185 4399 2408 4471 μνήμης
2446 4398 2656 4470 ἀγαθῆς
2693 4400 3002 4470 τυγχάνειν.
3055 4401 3330 4472 Σύμϐολον
3368 4401 3424 4453 δὲ
3459 4402 3693 4471 μνήμης

400 4477 544 4547 cepi,
593 4491 659 4532 ac
712 4492 903 4533 earum
963 4494 1188 4534 sensum
1233 4480 1518 4546 intellexi,
1577 4482 1811 4537 miratus
1864 4499 1986 4539 sum

473 4615 491 4633 ‘
520 4610 670 4666 Alias
699 4609 923 4667 CCCLI.
967 4611 1185 4679 Scripta
1220 4612 1368 4667 circa
1396 4628 1486 4668 an.
1521 4614 1646 4668 57L
1678 4607 1686 4618 ’

468 4685 508 4704 *⁸
547 4683 703 4737 Alias
729 4682 1198 4738 CCCLXXXVIII.
1228 4684 1442 4752 Scripta
1471 4685 1616 4738 circa
1643 4701 1734 4738 an.
1754 4682 1877 4739 571.

469 4754 581 4824 (90)
614 4753 917 4823 Προκαυῑῇ.
940 4757 1018 4807 lta
1044 4755 1216 4811 Coisl.
1242 4755 1452 4824 primus
1467 4764 1521 4808 et
1544 4754 1682 4810 Med.
1705 4771 1828 4808 cum
1855 4757 1983 4813 alio.

398 4824 540 4948 Εάίὂὶ
569 4825 874 4896 προσκαλῇ.
907 4824 1079 4879 Paulo
1117 4833 1244 4897 post
1278 4824 1450 4880 Coisl.
1501 4826 1714 4896 primus
1750 4827 1985 4899 ἀποκρί-

398 4912 490 4948 νεσ
524 4913 602 4948 αι.
855 4921 864 4943 ο

392 4912 602 4952 νεσυαι.
855 4921 864 4943 '

468 4966 581 5050 gl)
606 4963 736 5050 ‘Tr‘ir
768 4967 919 5050 apo;
947 4964 1124 5050 ῇμᾶς.
1165 4965 1244 5021 lta
1278 4965 1445 5021 Coisl.
1493 4967 1703 5036 primus
1740 4973 1790 5022 et
1842 4967 1983 5023 Med.

397 5035 667 5118 Edidit:
704 5035 1034 5118 metis??-
1151 5108 1164 5118 .
1347 5107 1391 5118 _.
1768 5107 1905 5118 κη.

468 5106 581 5174 (92)
611 5105 1100 5177 Παραὸιλήθῆναι,
1132 5107 1526 5177 ἀρκεσθέντα.
1557 5105 1695 5161 Med.
1729 5117 1782 5161 et
1813 5107 1981 5164 Coisl.

397 5179 609 5250 primus
640 5179 974 5250 ἀρκεσθῆναι
1020 5179 1460 5250 παρακληθέντα.
1502 5176 1700 5232 Statim
1737 5194 1869 5234 mss.
1896 5181 1987 5232 αὑ-

395 5245 522 5310 τούς
549 5263 629 5310 τε,
663 5245 1197 5303 νυυυιηωωιωυ
1229 5245 1410 5304 editis.

469 5315 584 5388 (95)
613 5317 936 5388 frndpé'st.
967 5319 1288 5375 Harlazanus
1320 5320 1493 5374 codex
1525 5333 1650 5373 cum
1708 5321 1984 5374 recentio-

401 5387 701 5462 ribus’aliis
731 5400 968 5462 quatuor
987 5392 1258 5462 ὑπάρχει.
1309 5391 1480 5446 Paulo
1517 5398 1642 5460 post
1686 5391 1796 5445 duo
1847 5406 1981 5447 mss.

397 5457 458 5509 τὸ
490 5458 839 5529 μακρόθυμον
874 5457 1174 5524 ἀναδεῖξαι.

448 5528 580 5649 Ιὲξᾷΐ)
609 5528 696 5581 ΕΖ
719 5532 813 5594 τίς
841 5545 961 5586 σοι.
1005 5529 1206 5587 Ultima
1242 5532 1439 5587 vocula
1469 5548 1534 5587 ex
1573 5548 1710 5589 mss.
1740 5531 1984 5604 quinque

508 5615 520 5649 Ι
551 5614 600 5649 3.

397 5599 600 5652 addita.

470 5669 581 5740 (95)
620 5669 956 5740 Πράξαντα.
1000 5668 1145 5726 Editi
1177 5673 1384 5729 addunt
1423 5693 1497 5741 τι,
1533 5674 1680 5746 quod
1725 5675 1879 5732 deest
1925 5676 1980 5729 in

2091 4491 2421 4560 γράμματα,
2467 4489 2609 4561 άπερ
2655 4490 2844 4563 ἐπειδὴ
2889 4490 3184 4562 ἐδεξάμην,
3233 4492 3327 4544 καὶ
3375 4491 3692 4562 κατέμαθον

2093 4621 2239 4695 Harl.
2263 4663 2278 4686 ,
2315 4624 2580 4689 Clarom.,
2624 4622 2827 4689 Paris.,
2862 4622 2997 4695 Reg.
3035 4623 3278 4680 secundo
3305 4634 3359 4679 et
3390 4624 3560 4680 Coisl.
3603 4642 3694 4681 se-

2089 4693 2288 4747 cundo.

2160 4764 2274 4832 (96)
2315 4764 2644 4833 Χρήσιμον.
2703 4763 2858 4830 Quod
2911 4782 3016 4819 non
3071 4765 3269 4834 possim
3317 4781 3430 4818 esse
3473 4764 3687 4834 aliquid

2088 4834 2254 4896 utile;
2290 4835 2337 4889 si
2383 4835 2610 4888 verbum
2651 4836 2819 4890 verbo
2879 4836 3162 4890 reddatur.
3221 4833 3406 4888 Utitur
3441 4833 3686 4892 Basilius

2087 4903 2209 4977 hac,
2247 4905 2521 4977 loquendi
2547 4906 2764 4960 ratione
2817 4907 2872 4959 in
2916 4907 3090 4977 epist.
3115 4906 3202 4977 74,
3256 4921 3311 4977 n.
3346 4905 3380 4958 5
3418 4923 3431 4958 :
3468 4905 3687 4977 'Hj’ﬁp

2088 4976 2374 5046 γενήσῃίει
2412 4974 2603 5042 ὄφελος
2627 4979 2738 5038 τοῖς
2778 4979 2997 5046 κοινοῖς,
3051 4975 3142 5030 Vel
3188 4976 3326 5046 enim
3355 4977 3460 5046 eris
3495 4974 3688 5046 aliqua

2089 5045 2296 5126 utilitas
2336 5046 2699 5126 contmunilms
2735 5050 2908 5126 rebus.
2939 5045 3005 5100 Et
3040 5047 3159 5126 n.__i
3197 5065 3210 5100 :
3241 5045 3338 5126 ούχ
3364 5045 3440 5108 ὥς
3463 5063 3514 5098 τι
3546 5045 3682 5126 figas-

2087 5113 2178 5178 λος
2215 5115 2508 5184 ἐσομένους
2536 5119 2649 5178 τοῖς
2675 5117 3017 5186 πράγμασιν.
3051 5113 3455 5186 Librarii,cum
3488 5115 3680 5171 minus

2087 5193 2276 5257 essent
2308 5187 2363 5238 in
2391 5187 2532 5257 stylo
2561 5185 2751 5257 Basilii
2784 5185 3173 5256 perspiciendo
3203 5185 3429 5248 versati,
3466 5200 3676 5254 posue-

2088 5263 2218 5309 runt
2258 5255 2362 5311 hoc
2395 5255 2520 5327 loco
2548 5255 2802 5324 γενέσθαι
2851 5255 3220 5327 τιίχρήσιμος,
3250 5271 3372 5326 qua:
3399 5257 3680 5326 scriptura

2088 5327 2361 5395 reperitur
2389 5326 2443 5380 in
2488 5327 2665 5381 tribus
2709 5326 3114 5382 recentioribus
3143 5342 3277 5382 mss.

2160 5396 2273 5466 (97')
2307 5395 2390 5462 Τῷ
2420 5395 2561 5462 Θεῷ.
2595 5397 2741 5451 Editi
2775 5397 2982 5452 addunt
3008 5397 3086 5467 τῷ
3115 5397 3276 5467 ἁγίῳ,
3307 5396 3404 5451 sed
3430 5395 3546 5467 haec
3577 5394 3679 5452 de-

2089 5474 2219 5520 sunt
2248 5465 2305 5521 in
2342 5469 2599 5522 omnibus
2634 5482 2768 5522 mss.
2797 5482 2936 5533 quos
2965 5465 3186 5538 quidem
3216 5465 3474 5521 vidimus.
3501 5465 3683 5538 Paulo

2087 5544 2210 5610 post
2237 5538 2832 5610 pluresmgss._uiro).ko'3
2871 5557 2958 5610 μοι
2986 5537 3162 5602 ἀξίαν
3206 5538 3444 5603 τίθεμαι.
3498 5537 3676 5597 Coisl.

2087 5608 2294 5679 primus
2329 5607 2525 5661 πολλοῦ
2549 5608 2722 5672 ἀξίαν.
