3870 6218
179 328 281 387 Mi

1090 327 1579 384 EPISTOLARUM
1616 327 1902 385 CLASSIS
1939 327 2000 384 ll.
2042 325 2261 383 EPIST.
2300 322 2560 381 LXXIII.

3312 317 3445 373 1M2

184 446 274 498 τδν
309 445 370 498 ἐν
408 443 588 508 αὐτοῖς
617 443 755 499 tibi»
777 481 794 508 ,
840 443 1130 515 ἐθαύμασα
1173 445 1322 509 ὅπως
1362 443 1440 516 τῷ
1480 446 1595 499 ὄντι
1627 443 1768 500 κατὰ

1874 444 2147 515 quomodo
2201 458 2351 507 vere,
2402 449 2462 497 ut
2486 438 2731 495 omnium
2773 443 2893 494 erat
2918 434 3126 507 opinio,
3158 442 3443 506 paternam

179 534 281 605 τὴν
327 534 547 588 πᾶντων
586 533 849 604 υποληψιν
868 574 884 599 ,
927 533 1201 606 πατρικὴν
1236 534 1498 607 ἀπένειμε
1531 535 1642 605 (98)
1667 534 1765 606 τὴν

178 623 336 680 αἰδῶ.
383 624 457 677 Τὸ
501 624 610 697 γὰρ
655 624 1054 697 φλεγμαίνοντα
1100 627 1196 679 καὶ
1255 625 1617 698 ὠργισμένον,
1671 625 1766 681 καὶ

180 715 500 787 ὁρμήσαντα
541 716 678 789 πρὸς
710 717 811 788 τὴν
840 716 949 770 τῶν
989 716 1369 787 λελυπηκότων
1396 717 1628 788 ἄμυναν,
1659 734 1765 770 πα-

183 806 414 877 ραλῦσαι
451 807 549 877 μὲν
583 807 644 859 τὸ
667 807 800 861 πολὺ
845 807 946 878 τῆς
998 807 1377 879 σφοδρότητος,
1406 810 1555 880 ἡμᾶς
1587 808 1645 862 δὲ
1670 806 1764 862 τοῦ

181 896 509 967 πράγματος
559 898 781 970 κυρίους
830 898 1189 971 ποιήσασθαι,
1245 898 1443 955 ἔδωκεν
1493 901 1624 972 ἡμῖν
1674 901 1765 953 εὑ-

180 986 486 1057 φρανθῆναι
516 986 591 1050 ὡς
621 988 715 1040 ἐπὶ
745 986 919 1058 τέκνῳ
949 987 1322 1058 πνευματικᾷλ
1358 988 1504 1043 Ἀντὶ
1527 984 1620 1043 οὖν
1647 988 1768 1042 τού-

176 1096 290 1133 των
335 1077 389 1131 τί
443 1078 572 1132 ἄλλο
623 1079 939 1150 λειπόμενόν
990 1081 1139 1139 ἐστιν
1180 1080 1214 1152 ἦ
1257 1079 1511 1152 εὔχεσθαί
1564 1099 1646 1135 σοι
1698 1081 1767 1136 τὰ

175 1169 398 1239 ἀγαθά;
429 1171 602 1239 φίλοις
650 1171 748 1242 μέν
774 1188 833 1225 σε
874 1172 1089 1242 ἥδιστον
1129 1167 1290 1234 εἶναι,
1337 1171 1551 1244 ἐχθροῖς
1578 1172 1636 1228 δὲ
1667 1191 1765 1243 φο-

172 1258 362 1332 ϐερὸν,
397 1262 535 1313 πᾶσι
576 1260 635 1314 δὲ
675 1260 876 1332 ὁμοίως
928 1260 1240 1332 αἰδέσιμον,
1286 1261 1375 1314 ἵνα
1420 1263 1517 1316 καὶ
1564 1263 1613 1315 οἱ
1656 1262 1764 1317 τῶν

176 1351 567 1422 προσηκόντων
628 1369 682 1404 τι
740 1350 1110 1414 ἐλλελοιπότες
1130 1391 1146 1415 ,
1209 1351 1460 1422 αἴσθησιν
1511 1337 1766 1417 λαϐόντες

174 1441 277 1510 τῆς
316 1442 377 1493 ἐν
412 1440 495 1493 σοὶ
545 1440 872 1512 πραότητος,
916 1441 1126 1495 ἑαυτῶν
1161 1441 1534 1512 καθάψωνται,
1563 1444 1646 1497 ὅτι
1685 1447 1764 1508 εις

176 1531 423 1585 τοιοῦτόν
458 1530 565 1602 (99)
591 1548 651 1583 σε
679 1530 808 1585 ὄντα
845 1530 1176 1607 ἐξήμαρτον.
1281 1526 1285 1530 ’

245 1622 302 1676 2.
342 1622 561 1694 Ἐπειδὴ
577 1618 670 1676 οὖν
702 1622 778 1692 (1)
797 1624 1137 1695 προσέταξας
1160 1626 1284 1689 τοὺς
1305 1624 1520 1690 οἰκέτας
1537 1628 1631 1681 ἐπὶ
1674 1629 1767 1681 τὸν

176 1715 342 1766 τὶπον
371 1716 429 1766 ὲν
461 1706 506 1781 ᾧ
535 1713 634 1785 τὴν
666 1713 891 1779 ἀταξίαν
934 1715 1276 1781 ἐπεδείξαντο
1294 1716 1595 1789 διαχθῆναι,
1629 1719 1765 1786 ἀξιῶ

1868 534 2001 588 mihi
2030 531 2396 588 reverentiam
2426 525 2803 585 exhibuerint.
2836 523 2991 591 Quod
3022 522 3167 578 enim
3204 530 3444 577 aestuans

1872 623 2027 695 167
2066 631 2122 678 et
2152 623 2325 677 iratus
2351 626 2405 676 et
2431 618 2499 674 ad
2523 615 2873 673 ulciscendos
2902 614 3162 670 molestia:
3190 620 3445 671 auctores

1867 723 2111 786 paratus,
2144 714 2377 768 multum
2425 708 2685 765 remisisti
2716 705 2786 762 de
2827 708 3056 777 impetu,
3092 717 3306 773 nosque
3354 703 3438 758 rei

1867 805 2121 860 dominos
2145 802 2351 869 fecisti;
2382 800 2436 856 id
2458 798 2591 854 mibi
2628 797 2807 853 locum
2825 795 2973 851 dedit
3004 794 3060 848 in
3094 801 3147 848 te
3181 801 3443 861 tanquam

1868 897 1924 952 in
1959 897 2070 952 lilio
2109 893 2383 965 spirituali
2415 890 2655 946 laetandi.
2687 887 2796 943 Pro
2827 888 2913 942 his
2939 886 3105 958 igitur
3140 882 3269 954 quid
3298 881 3445 938 aliud

1867 996 2141 1060 superest,
2180 985 2288 1042 nisi
2320 992 2381 1039 ut
2418 984 2519 1039 tibi
2570 982 2715 1037 bona
2784 975 3105 1049 precemur?
3147 983 3208 1031 ut
3251 973 3446 1030 amicis

1866 1080 2087 1153 quidem
2122 1080 2200 1136 sis
2224 1076 2596 1150 gratissimus,
2616 1073 2855 1128 inimicis
2883 1085 3011 1126 vero
3043 1066 3442 1127 formidandus,

1865 1181 1920 1230 et
1951 1172 2208 1228 omnibus
2244 1171 2449 1241 pariter
2475 1165 2831 1229 reverendus,
2864 1171 2924 1218 ut
2951 1168 3007 1218 et
3036 1160 3129 1231 qui
3174 1160 3353 1229 aliqua
3388 1158 3445 1211 in

1866 1280 1926 1319 re
1965 1262 2142 1320 ollicio
2173 1277 2277 1318 suo
2303 1259 2603 1321 defuerint,
2627 1256 2845 1327 cognita
2873 1253 3201 1310 tualenitate
3223 1250 3443 1320 culpent

1867 1372 1925 1412 se
1959 1357 2086 1427 ipsi,
2115 1353 2262 1426 quod
2282 1353 2337 1408 in
2372 1360 2427 1409 te
2460 1351 2639 1406 virum
2670 1348 2837 1402 talem
2876 1342 3230 1416 deliquerint.

1934 1619 1989 1673 2.
2026 1617 2134 1674 Sed
2176 1617 2305 1688 quia
2358 1615 2576 1685 jussisti
2614 1612 2847 1667 famulos
2878 1610 2933 1665 in
2966 1608 3170 1671 locum,
3205 1604 3297 1661 ubi
3323 1612 3442 1659 tur-

1865 1712 1989 1767 bam
2018 1726 2083 1765 ac
2113 1711 2410 1779 tumultum
2444 1707 2776 1767 excitarunt,
2817 1702 3047 1766 abduci,
3105 1698 3248 1755 scire
3279 1697 3444 1752 velim

185 1806 265 1858 τὶν
294 1804 499 1857 σκοπὸν
525 1803 737 1876 μαθεῖν,
768 1805 893 1859 καθ’
923 1806 981 1860 ὃν
1006 1806 1254 1878 ἐπιζητεῖ
1279 1787 1436 1862 τοῦτο
1531 1810 1766 1882 χρηστό-

1874 1805 1998 1874 quid
2031 1811 2138 1858 tua:
2171 1801 2406 1857 bonitati
2454 1800 2507 1855 id
2549 1797 2852 1870 requirenti
2887 1793 3223 1866 propositum
3252 1790 3344 1846 sit.
3382 1787 3443 1843 Si

182 1913 276 1966 της
302 1911 420 1948 σου.
458 1896 521 1949 Et
555 1897 651 1967 μὲν
686 1897 794 1969 γὰρ
828 1896 990 1961 αὐτὸς
1032 1899 1268 1970 παρέσῃ,
1318 1900 1414 1953 καὶ
1457 1900 1619 1964 αὐτὸς
1648 1902 1762 1954 εἰσ-

178 1983 366 2054 πράξῃ
390 1982 467 2053 (2)
496 1984 605 2036 τῶν
632 1984 1052 2055 τετολμημένων
1091 1985 1189 2056 τὴν
1228 1984 1404 2057 δίκην,
1440 1986 1766 2058 παρέσονται

181 2075 280 2146 μὲν
305 2077 356 2128 ot
389 2074 577 2138 παῖδες
595 2091 610 2105 ·
641 2074 694 2128 τί
717 2076 827 2147 γὰρ
858 2075 988 2129 ἀλλο
1011 2076 1093 2129 δεῖ
1117 2074 1392 2146 γενέσθαι,
1419 2079 1467 2130 εί
1492 2076 1649 2130 τοῦτό
1684 2095 1765 2131 σοι

181 2168 466 2239 κέκριται;
513 2166 651 2238 πλὴν
692 2168 805 2223 ἀλλ’
847 2171 1011 2241 ἡμεῖς
1053 2169 1152 2223 οὐκ
1202 2169 1427 2242 οἴδαμεν
1475 2170 1636 2224 ποίαν
1685 2170 1765 2225 ἔτι

181 2258 340 2327 χάριν
390 2256 671 2328 εἰληφότες
718 2258 977 2330 ἐσόμεθα,
1029 2260 1125 2313 ὲάν
1173 2276 1280 2331 περ
1325 2260 1399 2333 μὴ
1458 2260 1769 2332 ἐξαρκέσαι)-

181 2362 281 2414 μεν
311 2346 389 2418 (ὅ)
426 2345 700 2412 ἐξελέσθαι
742 2350 871 2412 τοὺς
920 2350 1117 2413 παῖδας
1153 2353 1252 2421 τῆς
1295 2353 1584 2422 τιμωρίας.
1618 2354 1681 2406 Et
1712 2353 1768 2406 δὲ

182 2440 343 2493 ιὺτόν
376 2456 433 2492 σε
467 2440 501 2511 ἡ
544 2441 638 2494 ἐπὶ
667 2440 765 2513 τῆς
793 2441 1069 2513 λεωφόρου
1103 2443 1326 2514 ἀσχολία
1359 2444 1597 2511 καθέξει,
1624 2445 1709 2509 τίς
1738 2448 1768 2499 6

182 2529 573 2600 δποδεχόμενος
602 2533 721 2584 ἐκεῖ
745 2532 873 2596 τοὺς
911 2532 1268 2604 ἀνθρώπους;
1302 2535 1387 2598 τίς
1413 2536 1470 2588 δὲ
1502 2539 1528 2588 6
1561 2536 1767 2607 μέλλων

182 2621 377 2685 ιὺτοὺς
403 2621 527 2675 ἀντὶ
560 2621 657 2675 σοῦ
686 2623 1026 2694 ἀμύνεσθαι;
1063 2624 1203 2678 Ἀλλ’
1227 2627 1275 2678 εί
1306 2625 1455 2680 δοκεῖ
1486 2644 1565 2680 σοι
1593 2628 1768 2682 ἐλθεῖν

182 2713 375 2776 ιὺτοὺς
405 2715 486 2777 είς
527 2713 670 2784 ὄψιν,
708 2716 979 2769 καὶτοῦτο
1020 2716 1240 2781 πάντως
1277 2718 1568 2790 κέκριται·
1605 2721 1766 2793 μέχρι

174 2803 435 2874 Σισὶμων
473 2805 728 2859 κέλευσον
760 2806 1011 2875 γενέσθαι
1045 2808 1226 2862 αὐτῶν
1268 2809 1366 2881 τὴν
1401 2810 1764 2881 παράστασιν,

174 2896 273 2948 καὶ
304 2894 468 2948 αὑτοῦ
495 2895 666 2960 δεῖξον
696 2897 924 2951 σεαυτοῦ
951 2898 1013 2951 τὸ
1040 2900 1214 2971 πρᾶον
1236 2898 1331 2953 τοῦ
1354 2899 1518 2971 ἤθους
1545 2903 1640 2954 καὶ
1672 2919 1768 2973 με·

170 2985 502 3057 ταλόθυμον.
533 2986 725 3041 Λαϐὼν
757 2987 867 3058 γὰρ
899 2989 1244 3061 ὑποχειρίους
1283 2991 1410 3054 τοὺς
1434 2991 1767 3062 παροξύναν-

169 3092 297 3141 τας.
346 3080 443 3131 καὶ
492 3081 550 3131 ὲν
596 3080 770 3150 τούτῳ
809 3080 873 3134 τὸ
923 3081 1398 3153 εὐκαταφρόνητον
1442 3082 1545 3152 τῆς
1603 3100 1766 3136 σεαυ-

1867 1896 2012 1949 enim
2034 1893 2216 1949 aderis
2240 1893 2380 1962 ipse,
2410 1898 2466 1946 et
2524 1889 2788 1944 facinoris
2828 1900 3020 1957 poenas
3054 1885 3171 1954 ipse
3203 1890 3441 1951 repetes,

1869 1985 2103 2039 aderunt
2160 1983 2315 2054 pueri
2353 2000 2367 2037 :
2400 1979 2532 2050 quid
2585 1978 2732 2035 enim
2768 1976 2917 2032 aliud
2953 1971 3283 2034 faciendum,
3310 1968 3356 2024 si
3389 1967 3446 2023 id

1868 2079 1961 2132 tibi
2006 2085 2275 2134 statutum
2324 2074 2447 2131 est?
2479 2073 2586 2128 Sed
2618 2071 2803 2128 nescio
2839 2084 2940 2139 ego
2966 2066 3098 2137 quid
3131 2064 3243 2134 jam
3280 2062 3448 2117 bene-

1868 2166 1976 2221 ﬁcii
2033 2179 2316 2235 accepero,
2376 2163 2422 2219 si
2452 2178 2652 2233 pueros
2680 2177 2747 2215 ex
2792 2157 3064 2229 supplicio
3104 2166 3297 2209 eruere
3336 2164 3446 2215 non

1867 2258 2096 2312 valeam.
2124 2254 2282 2323 Quod
2315 2255 2362 2311 si
2405 2263 2458 2310 te
2495 2254 2712 2323 negotia
2760 2267 2858 2322 per
2899 2249 3039 2304 viam
3088 2241 3445 2306 detinuerint,

1866 2351 1991 2420 quis
2038 2349 2290 2404 homines
2322 2349 2434 2402 illic
2486 2344 2788 2416 suscipiet?
2821 2343 2945 2413 quis
2979 2356 3076 2410 pro
3109 2347 3162 2394 te
3205 2337 3329 2390 illos
3365 2334 3449 2388 ul-

1866 2443 2146 2499 ciscetur?
2178 2441 2335 2509 Quod
2391 2440 2437 2497 si
2482 2438 2699 2495 videtur
2745 2444 2806 2492 ut
2866 2435 2960 2490 tibi
3005 2435 3061 2487 in
3089 2433 3445 2499 conspectum

1867 2535 2155 2606 prodeant,
2219 2535 2384 2604 idque
2431 2534 2658 2589 omnino
2706 2536 3005 2594 statutum,
3037 2524 3172 2595 jubc
3199 2520 3447 2576 Sasimos

1867 2643 2041 2698 usque
2090 2628 2377 2690 sistantur,
2412 2640 2476 2680 ac
2523 2624 2598 2680 ibi
2627 2621 2855 2678 ostende
2902 2617 3181 2673 lenitatem
3231 2623 3446 2666 morum

1865 2728 2087 2774 tuorum
2113 2725 2167 2775 et
2196 2718 2722 2789 magnanimitatem.
2760 2713 3053 2781 Postquam
3092 2706 3236 2762 enim
3270 2704 3325 2758 in
3350 2716 3449 2773 po-

1866 2819 2122 2869 testatem
2185 2809 2465 2881 acceperis
2516 2822 2612 2863 eos
2662 2806 2757 2876 qui
2808 2801 3183 2862 odenderunt,
3236 2803 3291 2850 et
3343 2793 3448 2847 hoc

1865 2914 2027 2977 pacto
2073 2901 2541 2959 demonstraveris
2585 2915 2694 2956 non
2751 2892 3085 2963 contemptui
3140 2886 3449 2944 habendam

1865 3013 1988 3054 esse
2022 3008 2169 3052 luant
2200 2996 2520 3065 dignitatem
2544 3032 2560 3058 ,
2601 2993 2801 3048 illaesos
2827 2988 3058 3049 dimitte,
3094 2978 3451 3053 quemadmo-

1867 3089 1995 3144 dum
2033 3089 2310 3160 prioribus
2343 3086 2546 3142 litteris
2575 3083 2912 3155 rogavimus.
2951 3077 3180 3149 gratiam
3216 3087 3246 3125 a
3284 3065 3449 3124 nobis

168 3169 272 3223 τοῦ
302 3169 379 3239 (ι)
412 3169 568 3234 ἀξίας
599 3170 1035 3243 ἐπιδειξάμενος,
1076 3172 1213 3242 ἄφες
1248 3174 1446 3237 αὐτοὺς
1484 3173 1762 3239 ἀϐλαϐεῖς,

1874 3183 2067 3246 iniens,
2093 3189 2148 3236 et
2174 3196 2205 3235 a
2241 3180 2351 3236 Deo
2379 3179 2509 3234 l'acti
2539 3174 2847 3233 mercedem
2879 3174 3225 3238 exspectans.
3434 3224 3450 3246 ν

303 3262 364 3314 ὲν
411 3264 523 3325 τοῖς
566 3264 858 3334 προτέροις
912 3263 1207 3336 γράμμασι
1270 3266 1756 3338 παρεκαλέσαμεν,
1816 3273 1947 3346 ἡμῖν
1988 3275 2085 3347 μὲν
2123 3273 2298 3338 διδοὺς
2347 3271 2448 3342 τὴν
2492 3269 2675 3342 χάριν,
2724 3263 2871 3336 παρά
2918 3262 2976 3316 δὲ
3047 3255 3182 3312 Θεοῦ
3218 3252 3319 3323 τὴν
3364 3249 3433 3317 ὲφ

170 3344 259 3414 οἷς
284 3353 457 3415 ποιεῖς
482 3350 748 3406 ἀντίδοσιν
780 3354 1153 3425 ἐκδεχόμενος.

246 3441 303 3495 '5.
335 3442 447 3495 Καὶ
476 3440 650 3496 ταῦτα
674 3443 839 3513 λέγω,
869 3446 967 3516 οὐχ
984 3445 1059 3509 ὡς
1074 3445 1249 3510 οὕτως
1272 3447 1576 3517 ὀφείλοντος
1607 3449 1758 3504 τελε-

175 3532 375 3604 σθῆναι
413 3533 509 3587 τοῦ
562 3535 910 3606 πράγματος,
966 3537 1102 3591 ἀλλά
1143 3538 1477 3603 συνενδιδοὺς
1510 3541 1578 3610 τῇ
1612 3542 1758 3611 ὁρμῇ

174 3641 299 3685 σπου,
329 3625 426 3677 καὶ
453 3625 785 3697 φοϐούμενος
811 3630 884 3699 μή
919 3645 972 3681 τι
998 3628 1362 3699 ὑπολείπηται
1393 3630 1637 3684 ἄπεπτον
1665 3631 1761 3684 τοῦ

177 3714 378 3786 θυμοῦ,
402 3718 496 3769 καὶ
526 3717 715 3789 ὥσπερ
740 3719 833 3771 ἐπὶ
859 3718 970 3772 τῶν
987 3719 1431 3790 φλεγμαινόντων
1461 3721 1760 3792 ὀφθαλμῶν

175 3810 276 3862 καὶ
306 3809 375 3860 τά
402 3809 734 3864 ἁπαλώτατα
760 3809 868 3863 τῶν
911 3810 1273 3883 βοηθημάτων
1301 3813 1458 3883 όδυνη
1469 3812 1536 3884 ρά
1579 3814 1764 3882 φαίνε-

173 3918 290 3964 ται,
335 3900 483 3954 οὕτω
537 3902 630 3955 καὶ
674 3902 771 3956 νῦν
797 3905 831 3957 6
861 3904 1129 3975 ἡμέτερος
1157 3904 1314 3973 λόγος
1355 3905 1653 3978 ὲξαγριάνῃ
1705 3923 1764 3959 σε

179 3991 386 4062 μᾶλλον
408 3990 443 4061 ἢ
471 3992 819 4064 καταστείλῃ.
848 3994 1002 4047 Ἐπεὶ
1022 3994 1083 4048 τὸ
1103 3995 1542 4067 εὐπρεπέστατον
1561 3992 1649 4067 ἦν,
1671 3997 1766 4051 καὶ

176 4083 265 4137 σοὶ
299 4083 557 4151 μέγιστον
588 4083 795 4154 κόσμον
849 4086 1093 4153 ἐνεγκεῖν
1143 4085 1461 4156 δυνάμενον,
1516 4087 1611 4141 καὶ
1642 4088 1767 4158 ἐμοὶ

176 4176 386 4245 ἀρκοῦν
414 4178 552 4248 πρὸς
575 4178 705 4239 τοὺς
745 4180 985 4250 ἐμαυτοῦ
1024 4180 1212 4250 φίλους
1241 4181 1334 4234 καὶ
1365 4181 1662 4251 ἡλικιώτας
1688 4184 1768 4245 είς

179 4268 593 4339 σεμνολόγημα,
634 4269 694 4322 τὸ
722 4272 854 4341 ἡμῖν
914 4272 1290 4343 ἐπιτραπῆναι
1335 4272 1435 4342 τὴν
1468 4273 1766 4344 ἐκδίκησιν.

179 4360 409 4423 Πάντως
462 4360 520 4413 δὲ
568 4361 618 4413 εί
658 4362 753 4414 καὶ
781 4360 1100 4433 ὀμώμοσταί
1137 4380 1220 4415 σοι
1252 4362 1438 4415 δοῦναι
1463 4364 1662 4426 αὐτοὺς
1688 4364 1769 4426 εἰς

1934 3453 1989 3506 5.
2045 3451 2171 3507 Haec
2224 3457 2408 3505 autem
2467 3447 2627 3507 dico,
2670 3458 2780 3499 non
2820 3437 2967 3513 quod
3007 3452 3099 3494 res
3144 3429 3454 3505 ita-perﬁci

1867 3544 2082 3609 debeat,
2109 3543 2204 3598 sed
2229 3542 2429 3598 cedens
2475 3533 2828 3593 commotioni
2884 3538 3015 3594 tute,
3071 3543 3136 3584 ac
3176 3535 3450 3592 metuens,

1870 3651 1938 3690 ne
1987 3634 2118 3705 quid
2175 3630 2472 3688 iracundiae
2535 3629 2722 3683 minus
2779 3632 2996 3680 coctum
3050 3618 3325 3682 resideat,
3395 3624 3454 3673 et

1870 3722 2332 3797 quemadmodum
2375 3718 2551 3773 oculis
2600 3712 2954 3770 inﬂammatis
2991 3710 3076 3765 vel
3126 3706 3450 3763 mollissima

1870 3816 2266 3870 medicamenta
2318 3810 2563 3865 dolorem
2618 3807 2824 3868 ferunt,
2868 3805 2942 3858 ita
2988 3808 3043 3857 et
3087 3813 3234 3854 nunc
3274 3796 3453 3852 oratio

1871 3924 1988 3963 mea
2033 3904 2297 3961 accendat
2339 3912 2393 3958 te
2456 3900 2629 3970 magis
2672 3912 2836 3968 quam
2905 3899 3235 3963 compescat.
3313 3886 3450 3942 Illud

1873 4001 2017 4055 enim
2075 3998 2310 4052 maxime
2361 3994 2623 4049 decorum
2678 3989 2839 4052 foret,
2899 4001 2963 4040 ac
3002 3983 3100 4038 tibi
3151 3981 3453 4038 maximum

1875 4098 2261 4146 ornamentum
2309 4084 2506 4140 afferre
2547 4087 2756 4153 posset,
2806 4078 3050 4147 mihique
3092 4089 3200 4130 non
3229 4086 3451 4144 parvam

1876 4181 2021 4250 apud
2070 4179 2279 4232 amicos
2318 4183 2372 4231 et
2416 4173 2656 4245 mquales
2709 4186 2862 4226 meos
2911 4168 3095 4241 gloria:
3141 4164 3451 4224 materiam,

1876 4273 1923 4326 si
1977 4271 2221 4326 vindicta
2275 4266 2412 4322 mibi
2467 4266 2895 4337 permitteretur.
2971 4258 3209 4315 Omnino
3269 4262 3452 4310 autem

1874 4365 2036 4418 etiam
2072 4361 2118 4415 si
2146 4359 2420 4431 iuraveris
2454 4356 2780 4411 traditurum
2814 4362 2868 4409 te
2901 4368 2998 4409 eos
3029 4351 3097 4406 ad
3119 4349 3452 4421 supplicium

176 4448 451 4520 τιμωρίαν
480 4450 621 4503 κατά
659 4453 785 4516 τοὺς
804 4452 1027 4523 νόμους,
1062 4451 1186 4506 οὔτε
1210 4455 1244 4523 ἡ
1278 4455 1407 4525 παρ’
1438 4453 1596 4524 ἡμῶν
1646 4455 1770 4506 ἐπι-

1876 4451 2181 4507 secundum
2232 4450 2415 4520 leges;
2477 4461 2658 4517 neque
2697 4443 3102 4500 animadversio
3131 4448 3322 4498 nostra
3349 4440 3452 4494 mi-

175 4542 405 4613 τίμησις
460 4542 700 4597 ἐλάττων
760 4545 909 4597 ἐστὶν
942 4546 1022 4608 είς
1057 4545 1359 4615 ἐκδίκησιν,
1388 4544 1514 4598 οὔτε
1564 4546 1593 4598 6
1623 4545 1766 4610 θεῖος

178 4632 346 4702 νόμος
400 4633 729 4703 ἀτιμότερος
760 4635 868 4688 τῶν
920 4635 1428 4707 ἐμπολιτευομένων
1454 4636 1531 4708 τῷ
1555 4636 1657 4709 βίῳ
1677 4655 1768 4691 νο-

183 4724 387 4793 μίμων.
456 4724 596 4778 Ἀλλ’
623 4720 691 4796 ἦν
731 4725 954 4780 δυνατὸν
990 4727 1209 4791 αὐτοὺς,
1242 4727 1478 4782 ἐνταῦθα
1506 4731 1770 4800 ἐπιστρα-

179 4816 379 4884 φέντας
407 4819 522 4880 τοῖς
553 4817 844 4889 ἡμετέροις
869 4819 1145 4890 νομίμοις,
1169 4820 1227 4872 ἐν
1248 4816 1328 4884 οἷς
1355 4820 1449 4874 καὶ
1477 4820 1641 4884 αὐτὸς
1667 4821 1767 4891 τὴν

179 4907 371 4963 ἐλπίδα
421 4908 566 4979 ἔχεις
613 4909 690 4980 (5)
738 4911 838 4982 τῆς
870 4912 1169 4983 σωτηρίας,
1214 4912 1307 4965 καὶ
1349 4913 1408 4965 σὲ
1438 4914 1537 4985 τῆς
1565 4912 1660 4965 ἐπὶ
1688 4911 1766 4982 τῷ

252 5154 726 5254 ωδξςΑπένςειμε.
758 5171 1071 5254 Εάἰιὶἡμῖν
1102 5188 1413 5254 απεννειμες.
1458 5171 1595 5254 Tres
1625 5188 1763 5254 ipss.

181 5243 520 5297 recentiores
547 5244 868 5312 ἀπένειμες.
888 5241 1064 5306 Harl”
1100 5242 1272 5298 Coisl.
1300 5241 1518 5311 primus
1543 5250 1596 5294 ct
1625 5241 1765 5297 Med.

179 5322 240 5368 ut
281 5314 335 5366 in
363 5322 545 5374 textu,
579 5314 683 5367 nisi
725 5309 873 5381 quod
921 5313 976 5366 in
1021 5314 1189 5368 variis
1233 5309 1470 5367 meum
1512 5309 1805 5366 lectioni-'

181 5384 292 5437 bus
316 5396 425 5435 non
461 5383 752 5436 observata
792 5382 894 5437 fuit
921 5384 1175 5437 secundae
1207 5383 1360 5436 vocis
1388 5385 1646 5437 varietas.

251 5450 366 5518 (99)
409 5452 706 5505 Τοιοῦτον.
747 5450 838 5506 Sic
864 5467 998 5507 mss.
1023 5467 1139 5507 sex.
1176 5451 1315 5506 Editi
1351 5452 1622 5505 τοσοῦτον.

254 5522 331 5591 (1)
368 5521 619 5591 ,Ἐπειδὴ
649 5518 783 5576 οὖν.
821 5522 900 5575 Ita
934 5524 1109 5589 Harl.,
1151 5520 1295 5577 Med.
1338 5530 1394 5576 et
1443 5522 1616 5577 Coisl.
1650 5522 1765 5591 prio

177 5590 327 5647 mus.
364 5590 505 5644 eum
546 5591 765 5659 Ἐπειδὴ
803 5591 881 5644 δέ.

256 5662 335 5722 (2)
368 5660 704 5729 Εὶσπράξῃ.
736 5660 814 5714 Ita
846 5676 977 5731 mss.
1018 5677 1133 5715 sex.
1171 5661 1310 5715 Editi
1337 5661 1672 5731 εἰσπράξεις.

254 5733 333 5799 ('5)
387 5731 858 5801 'EEapxém-Jyer.
885 5730 962 5785 Ita
1010 5748 1143 5787 mss.
1170 5741 1394 5801 septem.
1431 5730 1572 5788 Editi
1611 5730 1765 5802 ἐξαρ-

1869 4559 1973 4599 nor
1992 4550 2078 4597 est
2109 4541 2178 4595 ad
2200 4539 2525 4604 vindictam,
2575 4551 2754 4606 neque
2789 4536 2975 4590 divina
3027 4535 3118 4588 lex
3157 4529 3454 4604 ignobilior

1869 4633 2172 4689 observatis
2198 4631 2256 4686 in
2301 4630 2503 4686 saeculo
2526 4628 2762 4700 legibus.
2817 4624 2923 4681 Sed
2954 4624 3072 4679 ﬁeri
3105 4627 3341 4693 poterat,
3391 4625 3452 4674 ut

1872 4723 1961 4777 hic
2002 4737 2070 4776 ex
2121 4719 2338 4790 legibus
2359 4718 2589 4781 nostris,
2632 4717 2687 4770 in
2719 4715 2921 4784 quibus
2943 4721 2997 4768 et
3025 4712 3143 4783 ipse
3171 4724 3323 4781 spem
3360 4723 3452 4764 sa-

1870 4815 2003 4870 lutis
2035 4814 2271 4883 positam
2311 4812 2504 4874 habes,
2555 4809 2756 4880 puniti,
2797 4814 2850 4861 et
2876 4815 2928 4861 te
2953 4801 3318 4874 iurisiurandi
3350 4815 3454 4855 ne-

1869 4908 2130 4963 cessitate
2160 4905 2467 4967 solverent,
2510 4909 2565 4957 et
2608 4901 2712 4972 ipsi
2751 4914 2931 4969 parem
2964 4895 3202 4967 peccatis
3232 4907 3449 4964 pmnam

1871 5166 2123 5237 κέσομεν.
2179 5163 2296 5217 Non
2357 5162 2528 5216 multo
2575 5167 2697 5230 post
2739 5158 2872 5214 editi
2929 5154 3260 5227 ἀμύνασθαι.
3315 5152 3451 5209 Octo

1871 5253 2006 5291 mss.
2033 5246 2090 5289 ut
2125 5237 2176 5287 in
2209 5242 2377 5287 textu.

1944 5308 2018 5375 (4)
2062 5303 2178 5370 Τῆς
2205 5302 2486 5375 σεαυτοῦ,
2521 5302 2786 5375 ItaAmss.
2819 5304 2964 5375 octo.
3008 5293 3159 5375 Editi
3187 5293 3289 5375 τῆς
3325 5291 3446 5375 σῇς,

1869 5364 2330 5446 Αιῖιιίιεινιιιυῇιιιιςει
2351 5373 2480 5425 editi
2515 5366 2953 5446 συνδιδούς.-ῌεε.
2982 5380 3079 5420 sex
3111 5364 3250 5446 utin
3274 5371 3446 5446 textu.

1872 5433 1991 5501 Moti
2010 5445 2143 5499 edit.
2175 5442 2522 5512 ὑπολίπηται.
2553 5440 2701 5494 Harl.
2732 5445 2787 5493 et
2810 5435 2949 5491 Med.
2974 5450 3101 5490 cum
3127 5434 3304 5490 tribus
3325 5433 3449 5488 aliis

1871 5516 2251 5584 ὑπολείπηται.

1940 5587 2017 5657 (5)
2061 5576 2287 5657 Ἔχεις.Δ
2334 5581 2412 5657 ita
2452 5590 2663 5657 veteres
2692 5576 2834 5657 .libri
2880 5590 3097 5657 summo
3149 5588 3419 5657 consensu

1871 5643 2010 5711 Male
2062 5643 2325 5723 inureditis
2355 5652 2517 5723 ἔχοις.
2576 5647 2745 5723 Paulo
2776 5655 2898 5718 post
2928 5647 3059 5723 ed_i_t_i
3102 5645 3198 5723 ita}
3240 5643 3443 5723 αὐτοῖς.

1872 5727 2020 5781 ιιπι.
2051 5734 2103 5781 et
2132 5722 2299 5779 Coisl.
2330 5717 2540 5793 pﬁmus
2576 5732 2626 5777 et
2668 5721 2758 5776 alii
2780 5717 3044 5775 nonnulli
3083 5726 3143 5775 ut
3177 5717 3232 5771 in
3269 5720 3447 5769 textu.
