3870 6218
436 327 552 393 M3
1783 343 1840 395 8.
1870 340 2111 398 BASlLll
2151 342 2392 400 MAGNI‘
3607 343 3717 402 ut

440 446 752 516 explerent.
818 448 927 505 Sed
955 466 1150 507 rursus
1184 452 1471 522 epistmam
1510 453 1729 523 longius
1761 457 2001 525 produco

2130 456 2281 529 δρκῳ
2305 455 2578 529 ἀνάγκης.
2615 456 3002 529 ἐλευθερῶσαι,
3033 456 3128 511 καὶ
3160 456 3356 519 αὐτους
3402 454 3716 528 σύμμετρον

440 531 581 591 Nam
625 537 757 593 dum
807 539 924 596 haec
978 542 1079 597 tibi
1133 544 1467 613 persuadere
1518 545 1869 601 vehementer
1908 554 1996 601 stu

2128 547 2243 609 τοῖς
2297 543 2708 618 ἡμαρτημένοις
2759 545 3116 618 ἐκπληρῶσαι
3165 544 3267 618 τὴν
3322 544 3525 615 δίκην.⁵
3555 547 3715 607 Ἀλλὰ

437 628 570 692 dco,
622 631 763 686 nihil
808 648 999 688 eorum
1053 651 1175 704 quas
1222 635 1276 690 iu
1322 646 1559 691 mentem
1608 636 1855 703 veniunt,
1893 654 2001 709 pra:

2129 634 2293 689 πάλιν
2357 635 2578 708 μακρὰν
2635 636 2774 690 ποιῶ
2807 635 2906 709 τὴν
2959 635 3265 708 ἐπιστολήν.
3320 635 3456 689 Ὑπὸ
3488 637 3596 710 γὰρ
3617 638 3713 694 τοῦ

436 718 911 793 terirepossum;
961 726 1170 782 veritus
1230 728 1442 782 scilicet
1490 744 1561 783 ne
1617 729 1741 783 ideo
1775 728 1930 783 irrita
1956 730 2001 784 si

2130 726 2336 798 σφόδρα
2367 726 2688 791 σπουδάζειν
2728 729 2955 792 πιθανός
2987 745 3071 782 σοι
3108 728 3380 798 γενέσθαι,
3417 728 3572 783 οὐδὲν
3603 731 3713 784 τῶν

440 825 564 866 mea
620 816 886 883 precatio,
939 817 1087 887 quod
1139 820 1347 890 aliquid
1406 822 1462 875 in
1511 821 1760 877 docendo
1804 832 2001 892 praeter

2127 819 2209 881 είς
2236 818 2476 873 διάνοιαν
2506 819 2819 891 ἐρχομένων
2865 820 3253 891 ἀποσιωπῆσαι
3284 820 3576 893 ἀνέχομαι’
3612 839 3715 892 φο-

406 878 715 959 ¹ῐιιίεενὶιη.
784 905 854 960 At
882 909 1050 972 enim,
1107 911 1498 972 coleudissime
1540 928 1606 969 ac
1645 930 1901 984 germane
1924 915 1999 970 Ec

2125 878 2391 981 6oiipsvo;
2451 878 2717 983 yq'ééa'pa
2777 910 2936 965 τοῦτο
2983 878 3265 982 ἄπρακτος
3305 878 3416 983 po:
3498 878 3717 984 αἴτησις

438 991 621 1046 clesia:
667 994 764 1062 fili,
807 998 1074 1053 confirma
1117 1017 1245 1071 spes
1288 1017 1463 1066 ineas,
1515 1018 1656 1073 quas
1705 1005 1762 1058 in
1799 1011 1854 1058 te
1878 1020 2001 1058 num

2124 1002 2377 1073 γένηται,
2408 1000 2644 1067 ἐλλιπῶς
2677 1002 2780 1074 μοῦ
2814 1001 2910 1073 τὴν
2932 1001 3280 1057 διδασκαλίαν
3317 1004 3713 1077 ποιησαμένου.

438 1084 652 1152 positas
683 1086 880 1154 habeo,
917 1099 979 1146 et
1016 1094 1415 1149 consentientia
1464 1097 1626 1168 168
1664 1099 1908 1152 omnium
1957 1098 2001 1153 dt

2137 1093 2298 1159 Ἀλλ’,
2321 1088 2367 1147 ὧ
2395 1094 2727 1165 τιμιώτατον
2751 1094 2826 1165 (6)
2845 1094 2941 1149 καὶ
2955 1095 3178 1167 γνήσιον
3193 1095 3415 1175 θρέμμα
3444 1097 3543 1168 τῆς
3584 1099 3714 1151 Ἐκ-

435 1182 528 1229 tua
564 1178 732 1234 animi
774 1182 1151 1242 moderatione
1191 1197 1245 1242 et
1290 1188 1517 1243 lenitate
1564 1187 1913 1255 testimonia;
1957 1205 2001 1244 ai

2124 1181 2373 1252 κλησίας,
2440 1182 2739 1252 βεὸαίωσον
2791 1184 2885 1237 καὶ
2917 1184 3043 1255 ἐμοὶ
3065 1184 3166 1248 τὰς
3220 1185 3460 1252 ἐλπίδας,
3494 1187 3563 1252 ἃς
3597 1187 3710 1260 ἔχω

436 1265 595 1321 militi
648 1271 830 1333 scribe
874 1283 934 1328 ut
1007 1290 1037 1329 a
1087 1277 1262 1334 nobis
1290 1279 1403 1336 cito
1447 1281 1715 1336 discedat.
1777 1280 1828 1336 Is
1872 1283 2001 1337 enin

2121 1271 2218 1326 νῦν
2270 1275 2380 1327 ἐπὶ·
2414 1275 2518 1338 σοὶ,
2548 1276 2643 1330 καὶ
2689 1275 2789 1339 τὰς
2842 1276 3063 1331 πάντων
3108 1276 3415 1348 συμφώνως
3454 1280 3711 1352 περὶτῆς

438 1357 709 1416 hactenus
735 1363 873 1418 nihil
900 1365 1011 1421 odii
1052 1377 1147 1421 aut
1184 1370 1530 1425 contumelia:
1558 1371 1776 1427 eiiiisit:
1819 1373 2001 1444 quippt

2125 1364 2222 1434 σῆς
2267 1364 2566 1435 ἐμμελείας
2624 1367 2720 1420 καὶ
2760 1367 3071 1439 πραότητος
3106 1368 3433 1441 μαρτυρίας,
3462 1371 3558 1424 καὶ
3585 1370 3711 1424 ἐπί-

435 1464 563 1504 cum
607 1453 761 1509 malit
812 1465 864 1511 te
910 1458 1161 1515 molestia
1201 1476 1311 1516 non
1342 1461 1581 1528 afﬁcere,
1627 1479 1791 1535 quam
1826 1480 2001 1520 omne:

2123 1454 2336 1508 στειλον
2376 1455 2453 1526 τῷ
2497 1456 2805 1528 στρατιώτῃ
2836 1457 3218 1530 ἀπαλλαγῆναι
3256 1458 3415 1530 ἡμῶν
3442 1460 3501 1514 ἐν
3525 1460 3706 1532 τάχει,

436 1555 542 1596 nos
568 1540 867 1604 familiares
902 1562 969 1609 ac
994 1553 1205 1613 amicos
1221 1553 1456 1611 habere.

907 1828 1246 1886 EPlSTOLA
1282 1830 1536 1893 LXXIV“.

2116 1542 2176 1605 δς
2204 1543 2299 1595 νῦν
2345 1560 2409 1613 γε
2456 1544 2608 1598 οὐδὲν
2649 1544 2971 1616 ἐπαχθείας,
2999 1546 3122 1600 οὐδὲ
3161 1545 3375 1619 ὕϐρεως
3401 1548 3704 1615 ἐλλέλοιπε,

2123 1634 2324 1704 μᾶλλον
2374 1636 2701 1707 αίῳύμενὸς
2753 1636 2933 1732 σεΙμὴ
2977 1637 3217 1693 λυπῆσαι
3243 1639 3278 1710 ἢ
3314 1639 3525 1705 πάντας
3555 1641 3709 1713 ἡμᾶς

2115 1727 2353 1792 οἰκείους
2378 1728 2524 1800 ἔχειν
2550 1730 2645 1783 καὶ
2677 1727 2884 1798 φίλους.

2653 1841 3001 1897 ΕΠΙΣΤΟΛΗ
3038 1845 3155 1900 οΔ’.

435 1932 650 2023 Βαέίέίαδ
670 1938 933 2023 μαῖὀηηι
957 1941 1134 2023 Patris.
1170 1942 1496 2023 αεδαίρείοηε
1536 1939 2189 2023 ιζμτιέηεεῖρξηιέιμέιξεςετρ,
2203 1950 2421 2023 ΕἮἿΨῙ]
2448 1953 2501 1996 ιιι
2543 1946 2885 2023 imperatam
2907 1954 3073 2023 ,ααετίιν
3097 1959 3337 2023 «quam
3380 1954 3445 2017 es
3463 1954 3704 2017 division:

500 1997 825 2061 Cappadocia:
843 1997 1196 2067 consequantur
1224 1997 1531 2057 incommoda
1550 1997 1862 2067 demonstret,
1885 2008 1959 2057 vel
1976 2002 2145 2057 saltem
2166 1997 2422 2058 scribendo
2439 1997 2587 2074 opem?
2598 1997 2798 2075 ferat—in
2811 1997 3254 2066 ἱᾶἱιιῖίῖαίῶἶιῖιῖ

1040 2107 1377 2168 Martiniano

497 2213 552 2270 1.
592 2214 797 2283 Quanti
841 2234 929 2275 me
978 2223 1290 2289 arbitraris,
1353 2228 1543 2297 quanti
1585 2229 2007 2296 aestimaturum,

426 2305 565 2359 utin
606 2321 775 2360 unum
806 2308 1105 2378 aliquando
1154 2313 1299 2368 inter
1328 2331 1430 2370 nos
1456 2317 1761 2384 veniamus,
1796 2328 2007 2375 tecum-

424 2410 532 2464 que
562 2396 774 2455 diutius
805 2415 1025 2467 verser,
1072 2404 1210 2460 adeo
1251 2413 1309 2459 ut
1336 2408 1595 2465 omnibus
1623 2410 1785 2467 bonis
1808 2413 2009 2482 quibus

424 2492 651 2541 ornatus
681 2501 774 2554 cs,
813 2488 1113 2557 perfruar?
1164 2494 1220 2547 Si
1249 2495 1397 2550 enim
1443 2498 1738 2568 plurimum
1768 2503 1910 2557 valet
1941 2504 2007 2561 ad

424 2572 751 2632 eruditionis
795 2574 1203 2648 testimonium,
1248 2585 1548 2640 multorum
1594 2587 1880 2645 hominum
1928 2595 2010 2650 vis

424 2661 572 2720 disse
621 2668 808 2732 urbcs,
865 2676 919 2724 et
972 2686 1153 2728 mores
1209 2689 1414 2743 nosse;
1465 2677 1520 2733 id
1558 2679 1813 2736 existimo
1857 2683 2007 2739 brevi

423 2762 668 2826 tempore
720 2770 876 2816 tuum
918 2777 1279 2834 congressum
1314 2782 1603 2840 praestare.
1677 2774 1821 2841 Quid
1856 2778 2003 2832 enim

423 2847 597 2903 refert
648 2859 833 2907 utrum
877 2856 1079 2912 multos
1126 2858 1403 2930 sigillatim
1443 2864 1669 2930 videas,
1712 2883 1782 2921 an
1836 2886 2003 2924 unum

422 2938 514 3009 qui
559 2942 806 2996 omnium
843 2945 1009 3001 simul
1053 2951 1448 3018 experientiam
1489 2954 1720 3026 adeptus
1759 2959 1866 3014 sit-‘2
1897 2961 2007 3015 lmo

423 3047 551 3087 vero
588 3034 823 3092 maxime
866 3048 1126 3108 prastare
1205 3044 1470 3114 dixerim,
1516 3064 1858 3121 quascunque
1919 3068 2008 3106 re-

422 3138 543 3176 rum
600 3126 932 3194 optimarum
986 3133 1359 3202 cognitionem
1419 3138 1542 3193 siue
1591 3140 1778 3197 labore
1817 3145 2004 3198 conci-

422 3214 582 3282 liant,
626 3222 680 3270 et
725 3232 916 3286 puram
957 3220 1027 3275 ab
1072 3222 1226 3277 omni
1263 3224 1383 3293 vitii
1433 3228 1793 3296 permistioue
1822 3232 2003 3285 scien-

420 3306 554 3361 tiam
626 3309 846 3366 virtutis
908 3314 1195 3384 colligunt.
1257 3314 1551 3374 Enimvero
1621 3320 1737 3376 sive
1791 3321 2005 3380 facinus

421 3399 904 3467 praeclarissimum
942 3444 958 3466 ,
1003 3405 1119 3461 sive
1165 3409 1441 3464 sententia
1487 3421 1793 3469 memoratu
1817 3415 2002 3486 digna,

420 3490 537 3544 sive
578 3490 824 3547 virorum
871 3494 1013 3551 alios
1052 3500 1432 3568 superantium
1476 3501 1766 3572 instituta,
1817 3508 2001 3561 omnia

421 3580 477 3636 in
522 3584 691 3640 animi
738 3586 817 3641 tui
878 3588 1138 3647 thesauro
1172 3593 1585 3649 reconduntur.
1651 3597 1835 3663 Quare
1890 3616 2001 3656 non

421 3689 627 3729 annum
664 3684 897 3743 tantum,
944 3682 1088 3736 sicut
1142 3682 1405 3740 Alcinous
1455 3684 1726 3759 Ulyssem,
1768 3690 1862 3745 sed
1908 3709 2002 3762 per

420 3769 595 3820 totam
644 3768 811 3823 vitam
857 3786 1033 3826 meam
1078 3773 1270 3830 audire
1311 3785 1363 3831 te
1399 3779 1731 3847 exoptarim,
1770 3797 2002 3853 eamque

422 3856 640 3927 longam
681 3857 784 3915 hac
818 3859 888 3917 de
934 3876 1102 3918 causa
1149 3862 1288 3928 fieri,
1335 3868 1585 3936 quamvis
1632 3868 1767 3923 mihi
1817 3873 2001 3941 gravis

419 3947 495 4002 sit
533 3953 588 4003 et
632 3949 882 4006 molesta.
944 3949 1051 4007 Sed
1089 3954 1224 4024 quid
1245 3970 1347 4026 ego
1409 3972 1558 4012 nunc
1612 3960 1818 4027 scribo,
1872 3977 1998 4017 cum

421 4041 617 4095 adesse
666 4044 978 4112 Oporterct?
1016 4044 1152 4112 Quia
1195 4062 1284 4103 me
1325 4046 1591 4104 afﬂictata
1634 4054 1811 4122 patria
1847 4052 2002 4109 festi-

418 4139 619 4186 nanter
658 4131 727 4187 ad
772 4148 833 4188 se
879 4144 1061 4192 vocat.
1124 4136 1320 4204 Qualia
1364 4148 1546 4195 autem
1586 4143 1850 4211 patiatur,
1889 4161 2000 4202 non

419 4221 664 4292 ignoras.
693 4224 779 4277 vir
798 4226 1026 4295 Optime.
1081 4228 1216 4282 Eam
1261 4229 1432 4296 enim,
1480 4232 1649 4287 veluti
1672 4232 1997 4304 Pentheum,

419 4330 548 4369 vere
599 4314 871 4373 Maenades
921 4318 1186 4387 quidam,
1234 4321 1514 4380 daemones
1544 4363 1560 4390 ,
1612 4326 1996 4399 discerpsere:

419 4404 692 4477 siquidem
724 4422 845 4463 eam
880 4418 1071 4465 secant
1102 4419 1267 4482 atque
1294 4424 1572 4480 rcsecant,
1611 4418 1860 4485 vulnera,
1894 4422 2001 4476 im-

421 4498 721 4569 peritorum
750 4500 1090 4557 medicorum
1129 4520 1303 4569 more,
1331 4522 1427 4576 per
1461 4508 1808 4565 inscientiam
1841 4528 2000 4571 suam

417 4588 710 4645 reddentes
753 4593 1027 4661 graviora.
1069 4592 1289 4665 itaque,
1334 4614 1460 4653 cum
1492 4600 1703 4657 laboret
1727 4603 1998 4672 dissecta,

419 4682 692 4752 reliquum
766 4690 853 4738 est
916 4692 977 4739 ut
1018 4686 1066 4741 ei
1128 4695 1390 4759 tanquam
1438 4695 1728 4762 aegrotanti
1787 4698 2004 4753 medea-

2710 2120 3102 2189 Μαρτινιανῷ.

2181 2229 2256 2291 ί.Δ
2285 2231 2415 2300 Ἐμὲ
2444 2231 2497 2285 τί
2528 2231 2652 2298 οἴει,
2694 2233 2860 2287 πόσου
2895 2235 3012 2288 ποτ’
3050 2234 3116 2290 ἂν
3157 2239 3494 2309 τιμήσασθαι
3533 2242 3596 2295 τὸ
3621 2245 3705 2308 είς

2109 2323 2302 2377 ταυτόν
2363 2325 2482 2378 ποθ’
2526 2327 2675 2397 ἡμᾶς
2719 2326 2971 2397 ἀλλήλοις
3009 2326 3206 2394 ἐλθεῖν,
3259 2331 3352 2384 καὶ⁵
3379 2331 3473 2386 ἐπὶ
3508 2332 3693 2389 πλεῖόν

2112 2430 2194 2467 σοι
2246 2415 2628 2484 συγγενέσθαι,
2680 2416 2821 2471 ὥστε
2882 2418 3097 2476 πάντων
3144 2420 3448 2477 ἀπολαῦσαι
3477 2424 3585 2478 τῶν
3636 2428 3698 2489 ἐν

2118 2506 2200 2559 σοὶ
2227 2505 2441 2571 καλῶν;
2471 2509 2582 2562 Καὶ
2614 2507 2720 2580 γὰρ
2749 2510 2798 2561 εί
2832 2511 2973 2580 μέγα
2988 2510 3124 2582 πρὸς
3152 2515 3458 2585 μαρτυρίαν
3478 2516 3704 2581 παιδεύέ

2111 2615 2249 2663 σεως
2298 2599 2358 2653 τὸ
2392 2600 2602 2654 πολλῶν
2656 2601 2958 2675 ἀνθρώπων
3008 2604 3136 2658 ἰδεῖν
3188 2605 3375 2669 ἄστεα,
3434 2610 3531 2663 καὶ
3575 2611 3700 2667 νόον

2106 2689 2312 2759 γνῶναι
2336 2707 2351 2720 ’
2387 2690 2549 2745 τοῦτο
2588 2687 2742 2763 οἶμαι
2788 2692 2853 2745 δι’
2887 2693 3068 2763 ὀλίγου
3114 2696 3434 2768 χαρίζεσθαι
3455 2693 3556 2771 τὴν
3592 2701 3697 2773 σὴν

2107 2781 2346 2852 ὁμιλίαν.
2379 2784 2444 2843 Τί
2492 2784 2602 2856 γὰρ
2634 2784 2882 2858 διαφέρει
2925 2786 3153 2851 πολλοὺς
3189 2788 3316 2843 ίδείν
3338 2790 3479 2845 κατὰ
3505 2791 3694 2865 μέρος,

2112 2875 2145 2947 ἢ
2172 2876 2268 2930 ἕνα
2300 2877 2392 2930 τὸν
2412 2878 2630 2933 πάντων
2655 2879 2727 2950 (7)
2758 2878 2894 2950 ὁμοῦ
2920 2879 3018 2952 τὴν
3039 2885 3234 2952 πεῖραν
3257 2884 3652 2956 ἀναδεξάμενον
3678 2904 3696 2953 ;
3725 2948 3733 2955 ,

2106 2970 2322 3023 Μᾶλλον
2346 2969 2402 3024 δέ
2435 2968 2546 3039 ἐγὼ
2574 2970 2670 3025 καὶ
2704 2974 2954 3044 πλεῖστον
2982 2971 3047 3027 ἂν
3083 2973 3225 3044 ἔχειν
3246 2976 3455 3047 εἴποιμι
3487 2977 3549 3031 τὸ
3573 2977 3697 3033 διά-

2108 3076 2294 3131 φορον,
2319 3060 2420 3114 ὅσα
2442 3061 2823 3133 ἀταλαίπωρον
2853 3063 2953 3135 τὴν
2981 3062 3183 3132 γνῶσιν
3206 3067 3313 3121 τῶν
3346 3066 3526 3121 καλῶν
3556 3085 3696 3148 προ⁴

2113 3148 2275 3214 ξενεῖ,
2303 3152 2396 3204 καὶ
2426 3150 2674 3223 καθαρὰν
2697 3152 2797 3223 τῆς
2825 3152 2963 3225 πρὸς
2986 3153 3047 3206 τὸ
3066 3157 3246 3227 χεῖρον
3272 3158 3547 3228 ἐπιμιξίας
3571 3175 3699 3214 συν-

2111 3242 2233 3309 άγει
2261 3241 2359 3313 τὴν
2390 3243 2632 3314 ἱστορίαν
2666 3243 2767 3314 τῆς
2800 3244 3020 3315 ἀρετῆς.
3052 3244 3178 3299 Εἴτε
3212 3246 3320 3318 γὰρ
3342 3247 3538 3320 πρᾶξις
3564 3251 3696 3324 ἀρί-

2107 3349 2228 3401 στη,
2262 3334 2371 3387 εἴτε
2391 3334 2548 3403 λόγος
2587 3337 2803 3407 μνήμης
2836 3335 3006 3401 ἄξιος,
3044 3337 3155 3391 εἴτε
3194 3339 3460 3394 πολιτεῖαι
3482 3341 3557 3412 (8)
3590 3344 3693 3397 ἁν-

2107 3424 2250 3495 δρῶν
2303 3426 2769 3497 ὑπερπεφυκότων
2812 3428 2939 3493 τοὺς
2992 3427 3222 3494 ἄλλους’
3261 3431 3441 3487 πάντα
3488 3432 3568 3504 τῷ
3610 3434 3729 3505 σῷ,

2106 3515 2341 3585 ταμιείῳ
2391 3516 2493 3587 τῆς
2555 3517 2734 3589 ψυχῆς
2811 3519 3182 3576 ἐναπόκειται.
3229 3524 3393 3578 Ὥστε
3449 3525 3550 3579 οὐκ
3606 3529 3696 3591 είς

2102 3609 2349 3661 ἐνιαυτὸν
2411 3610 2595 3678 μόνον,
2641 3609 2716 3674 ὼς
2745 3612 2774 3663 ὁ
2809 3610 3078 3676 ’Λλκίνοος
3110 3612 3186 3684 (9)
3231 3614 3325 3667 τοῦ
3368 3614 3697 3682 Ὀδυσσέως,

2104 3698 2221 3752 ἀλλ’
2252 3700 2334 3763 είς
2357 3700 2536 3753 πάντα
2560 3718 2662 3771 μου
2679 3701 2770 3754 τὸν
2794 3700 2908 3771 βίον
2938 3701 3205 3775 εὐξαίμην
3235 3706 3300 3760 ἄν
3329 3723 3423 3760 σου
3446 3708 3693 3772 ἀκούειν,

2103 3791 2196 3843 καὶ
2219 3790 2429 3861 μακρὸν
2456 3792 2521 3846 ἄν
2552 3809 2644 3862 μοι
2673 3793 2929 3861 γενέσθαι
2965 3794 3157 3849 τούτου
3187 3813 3252 3866 γε
3277 3797 3442 3852 ἕνεκα
3473 3799 3691 3867 τοῦτον,

2106 3882 2200 3934 καὶ
2261 3880 2435 3934 ταῦτα
2481 3881 2754 3948 δυσκόλως
2815 3885 2951 3952 πρὸς
2999 3887 3160 3941 αὐτὸν
3213 3888 3572 3962 διακείμενος.
3621 3893 3695 3949 Τί

2100 3971 2287 4043 δήποτ’
2302 3967 2398 4026 οὖν
2427 3973 2726 4028 ἐπιστέλλω
2743 3974 2858 4039 νῦν,
2885 3980 3136 4050 παρεῖναι
3165 3980 3283 4034 δέον
3304 3998 3317 4047 ;
3338 3982 3460 4036 Ὀτι
3486 4002 3554 4054 με
3575 3983 3693 4057 (10)

2106 4060 2393 4131 κάμνουσα
2453 4061 2485 4131 ἡ
2520 4062 2720 4134 πατρὶς
2777 4065 2982 4136 ἐπείγει
3025 4070 3161 4140 πρὸς
3195 4072 3414 4144 ἑαυτήν.
3447 4063 3549 4129 Dia
3581 4075 3691 4149 γὰρ

2102 4150 2392 4216 πέπονθεν,
2425 4152 2524 4206 οὐκ
2575 4153 2808 4223 ἀγνοεῖς,
2841 4151 2886 4209 ὦ
2913 4157 3103 4228 ἄριστε
3125 4176 3139 4189 ·
3178 4161 3260 4214 ὅτι
3295 4163 3547 4228 Πενθέως
3566 4166 3698 4238 τρόο

2104 4261 2206 4297 πον
2235 4243 2508 4307 Μαινάδες
2551 4244 2719 4309 ὅντως
2752 4246 2917 4311 τινὲς,
2950 4248 3205 4320 δαίμονες
3241 4252 3569 4327 (“Lahm
3611 4256 3693 4312 διο

2103 4336 2436 4393 εσπάσαντο.
2476 4337 2757 4410 Διαιροῦσι
2793 4338 2901 4412 γὰρ
2931 4340 3101 4412 αὐτὴν
3126 4343 3219 4397 καὶ
3257 4345 3689 4420 ἐπιδιαιροῦσινο

2103 4428 2293 4500 ὥσπερ
2330 4431 2380 4484 οί
2428 4431 2592 4484 κακοὶ
2642 4431 2752 4484 τῶν
2794 4432 3016 4504 ίατρῶν,
3053 4436 3411 4510 χαλεπώτερα
3452 4439 3520 4494 τὰ
3552 4441 3689 4514 ἕλκη

2110 4520 2393 4585 ποιοῦντες
2427 4524 2493 4593 τῇ
2544 4522 2675 4594 παρ’
2728 4524 2936 4578 ἑαυτῶν
2968 4527 3218 4601 ἀπειρία.
3259 4529 3410 4586 Ἐπεὶ
3456 4529 3549 4589 οὖν
3592 4537 3693 4590 κέ-

2105 4632 2292 4686 κμηκε
2325 4615 2810 4687 κατατεμνομένη,
2851 4617 3098 4673 λείπεται
3133 4621 3302 4694 αὐτὴν
3330 4621 3691 4696 θεραπεύειν,

2105 4706 2180 4770 ὡς
2234 4706 2644 4778 ἀρρωστοῦσαν.
2690 4709 3038 4765 Ἐπέστειλαν
3068 4707 3161 4767 οὖν
3199 4714 3509 4783 ἐπείγοντες
3540 4720 3692 4791 ἡμᾶς

419 4788 564 4831 mur.
598 4774 949 4846 Scripserunt
982 4777 1148 4842 igitur
1173 4794 1239 4835 ac
1267 4798 1370 4837 nos
1397 4792 1594 4855 urgent
1638 4786 1808 4853 cives,
1839 4797 2001 4860 atque

2113 4797 2155 4849 οἱ
2191 4774 2439 4849 πολῖται*
2482 4796 2577 4849 καὶ
2630 4796 2847 4869 ἀνάγκη
2891 4798 3161 4870 ἁπαντᾷν,
3184 4801 3285 4873 οὐχ
3314 4774 3390 4867 ὧς
3414 4819 3470 4857 τι
3487 4774 3694 4872 ’ὄφελος

547 4932 699 5009 Ali_as
726 4932 1098 5009 ({CCLXXLX.
1131 4936 1345 5009 Scripta
1376 4957 1520 4997 anno
1564 4942 1691 4998 571.

490 5007 570 5080 (6)
614 5004 981 5085 Τιμιῴτατον.
1008 5007 1145 5085 Tres
1165 5004 1298 5065 mss.
1321 5013 1657 5085 recentiores
1684 5015 1998 5085 τιμιώτατε.

419 5076 589 5153 Paulo
612 5081 736 5153 post
757 5076 867 5153 duo
897 5093 1032 5132 mss.
1062 5078 1292 5153 πάντων
1312 5081 1654 5153 συμφώνους.

493 5148 570 5228 (7_)
610 5148 725 5203 Τὸν
758 5146 1020 5228 «dy-(ml.
1072 5148 1169 5228 Sic
1202 5146 1617 5228 Coisl.;p'rimus
1655 5162 1710 5209 et
1738 5155 1870 5228 Reg.
1913 5174 2001 5216 se-

420 5220 645 5293 cundus
693 5237 739 5293 :_
772 5219 905 5293 editi
926 5221 1052 5293 saw
1100 5221 1338 5293 πάντων.
1371 5219 1541 5277 Paulo
1571 5232 1695 5293 post
1743 5219 1989 5293 cjuvsdem

419 5288 972 5367 coislinianicodicis
993 5307 1095 5367 ope
1122 5292 1533 5367 emendavimus
1568 5288 1714 5366 quod
1743 5288 1907 5367 prave
1934 5300 1991 5355 in

416 5360 584 5433 editis
623 5361 905 5433 legebatur
934 5363 1046 5433 ὅσῳ
1074 5361 1472 5433 ἀταλαίπωρον.

491 5430 568 5509 (⁵8)
612 5430 1128 5509 Πολιτεῖαικςοὶει.
1147 5430 1374 5509 primus
1401 5434 1664 5509 πολιτεία.
1684 5435 1852 5493 Paulo
1878 5451 2001 5509 post

424 5502 608 5571 eodem
664 5500 855 5556 codice
896 5502 1008 5557 nixi
1046 5513 1102 5558 et
1147 5500 1296 5556 Harl.
1349 5510 1405 5558 et
1453 5505 1621 5571 Med,
1669 5500 2000 5567 mutavimus

423 5568 566 5645 quod
593 5572 789 5645 eratin
817 5572 1181 5645 editismiyjm
1210 5589 1304 5626 σου
1336 5572 1436 5645 τῷ.

512 5640 584 5706 9)⁶
615 5640 945 5707 Ἀλκίνοος.
978 5643 1053 5697 Ita
1080 5644 1228 5698 Harl.
1269 5640 1399 5697 cuni
1440 5646 1658 5702 duobus
1686 5648 1843 5705 aliis:
1869 5651 2001 5706 editi

433 5708 728 5774 Ἀλκίνους.
770 5708 938 5767 Paulo
991 5724 1112 5779 post
1153 5715 1279 5770 editi
1327 5714 1606 5787 δυσχερῶς
1641 5719 1774 5787 πρὸς
1816 5721 1996 5776 αὐτόν.

2105 4950 2274 5007 Coisl.
2306 4950 2517 5017 primus
2559 4965 2685 5004 cum
2729 4951 2854 5007 aliis
2889 4953 3172 5011 nonnullis
3204 4963 3264 5011 ut
3293 4956 3347 5011 in
3381 4964 3557 5014 textu.
3593 4957 3691 5017 Sic

2105 4966 2274 5007 υοιει.
2342 4966 2517 5005 rimus
2559 4966 2685 5004 cum
2729 4966 2854 5007 ams

2104 5023 2268 5078 etiam
2306 4966 2459 5076 Flarl.
2480 5022 2653 5091 prima
2684 5038 2870 5077 manu.

2179 5091 2289 5161 (10)
2329 5091 2450 5161 "Qu
2471 5089 2568 5159 με.
2617 5089 2709 5145 Sic
2739 5108 2872 5148 mss.
2914 5094 3055 5151 Male
3092 5096 3147 5150 in
3164 5096 3408 5154 editione
3445 5097 3471 5151 1
3506 5097 3687 5156 Paris.

2104 5159 2196 5215 δτι·
2223 5159 2498 5232 μήρττεε
2545 5164 2916 5232 antiquissimi
2954 5167 3176 5222 codices
3217 5166 3358 5223 Med.
3403 5176 3459 5225 et
3511 5169 3684 5226 Coisl.

2105 5230 2309 5302 habent
2334 5230 2604 5302 saxeas.

2174 5301 2287 5372 (11)
2324 5300 2628 5372 Δαίμοκες.
2646 5300 2910 5368 Quamvis
2925 5305 3068 5360 hanc
3092 5320 3281 5361 vocem
3307 5305 3546 5363 habeant
3567 5323 3690 5364 om-

2103 5387 2203 5427 nes
2239 5371 2452 5447 veteres
2478 5371 2629 5447 libri,
2657 5373 2876 5447 videtur
2903 5383 3087 5447 tamen
3126 5391 3159 5430 e
3192 5377 3438 5447 margine
3469 5380 3527 5432 in
3559 5393 3689 5433 con-

2105 5449 2316 5517 tentum
2365 5441 2690 5517 irrepsisse.
2708 5442 2825 5517 Erit
2854 5446 3000 5500 enim
3023 5446 3193 5517 multo
3231 5441 3547 5517 praeclarior
3577 5449 3687 5502 Ba-

2113 5512 2548 5586 silii_sententia,
2593 5513 2638 5586 si
2676 5513 2926 5586 homines
2957 5515 3201 5586 quidam,
3233 5512 3361 5572 vere
3387 5516 3685 5586 Maenades,

2109 5582 2338 5653 patriam
2371 5581 2731 5653 discerpsisse
2755 5581 3028 5639 dicantur.
3078 5584 3231 5640 lianc
3283 5597 3461 5642 autem
3493 5581 3686 5645 obseri-

2110 5651 2380 5704 vationem
2411 5651 2584 5706 debeo
2607 5654 2927 5710 doctissimo
2949 5656 3187 5711 Antonio
3210 5655 3391 5712 Maria!
3413 5656 3683 5721 Salvinio.

2110 5722 2202 5793 qui
2234 5720 2478 5777 codicem
2514 5721 2826 5781 Medicorum
2855 5726 3068 5784 erudita
3098 5743 3195 5784 sua
3233 5743 3392 5782 manu
3429 5720 3683 5792 contulit,
