3870 6218
396 345 510 411 M3

1743 345 1800 396 S.
1830 341 2071 398 BASILII
2111 339 2350 396 MAGNI'

3568 323 3678 382 ιιι

401 464 712 534 explerent.
779 439 888 518 sed
917 478 1110 517 rursus
1145 461 1432 531 ρρὶειοιιιιη
1473 457 1690 528 longius
1722 458 1987 528 produco.

2109 457 2242 526 5ρκῳ
2267 452 2515 522 ἀνάγκης
2577 447 2962 520 ἐλευθερῶσαι,
2995 443 3088 498 καὶ
3121 442 3334 534 αδτους-
3364 437 3678 534 σύμμετρον

403 550 543 608 Nam
587 554 718 608 dum
769 554 885 609 haec
941 554 1039 608 tibi
1095 552 1428 622 persuadere
1481 551 1830 603 vehementer
1871 555 1992 602 stu.

401 647 533 708 deo,
585 646 725 701 nihil
771 661 961 701 eorum
1017 661 1137 714 quae
1186 645 1240 698 in
1285 654 1521 698 mentem
1571 641 1817 704 veniunt,
1856 655 1994 710 prae-

401 736 574 791 terire
613 751 874 807 possum;
925 737 1134 792 veritus
1194 735 1406 789 scilicet
1455 749 1524 788 ne
1582 733 1704 786 ideo
1739 731 1894 784 irrita
1922 731 1994 784 sit

406 843 530 883 mea
585 830 850 899 precatio,
905 829 1051 899 quod
1105 829 1310 899 aliquid
1373 829 1427 881 in
1477 825 1726 882 docendo
1770 833 1994 894 praeter-

372 898 681 974 ‘miserim.
750 919 819 973 At
848 921 1015 982 enim,
1074 920 1464 978 colendissime
1506 935 1572 973 ac
1611 932 1867 988 germane
1892 916 1994 969 Ec-

405 1009 588 1063 clesiae
635 1009 730 1076 llli,
775 1011 1041 1064 confirma
1085 1026 1212 1080 spes
1255 1025 1430 1071 meas,
1483 1024 1622 1078 quas
1674 1008 1730 1060 in
1768 1013 1822 1059 te
1846 1020 1993 1059 nunc

407 1101 620 1170 positas
651 1101 848 1166 habeo,
886 1111 940 1158 et
985 1103 1382 1158 consentientia
1433 1102 1594 1173 168
1633 1101 1877 1155 omnium
1927 1099 1994 1154 de

405 1199 498 1246 tua
533 1194 702 1248 animi
744 1195 1120 1252 moderatione
1161 1206 1213 1250 et
1259 1197 1485 1250 lenitate
1534 1190 1883 1255 testimonia;
1928 1205 1992 1244 ac

407 1282 565 1336 militi
619 1286 800 1340 scribe
845 1296 905 1340 ut
978 1301 1007 1340 a
1057 1287 1231 1342 nobis
1261 1287 1373 1341 cito
1418 1285 1685 1340 discedat.
1748 1283 1799 1338 Is
1843 1284 1990 1337 enim

410 1375 680 1430 hactenus
707 1377 844 1430 nihil
871 1377 981 1432 odii
1023 1387 1118 1432 aut
1155 1377 1500 1432 contumeliae
1529 1375 1747 1430 omisit:
1791 1374 1992 1444 quippe

408 1482 536 1520 cum
579 1469 733 1524 malit
785 1478 836 1524 te
883 1470 1133 1524 molestia
1175 1485 1282 1524 non
1315 1468 1554 1532 afficere,
1600 1482 1763 1538 quam
1799 1481 1991 1521 omnes

410 1572 515 1614 nos
542 1557 841 1617 familiares
876 1575 943 1619 ac
969 1563 1177 1622 amicos
1208 1561 1430 1618 habere.

885 1839 1223 1896 EPISTOLA
1259 1837 1512 1895 LXXIV".

2091 545 2205 606 τοῖς
2259 537 2670 613 ἡμαρτημένοις
2721 534 3078 606 ἐκπληρῶσαι
3128 530 3228 602 τὴν
3285 528 3462 598 δίκην.
3516 528 3678 586 Ἀλλὰ

2093 632 2256 687 πάλιν
2320 630 2540 703 μακρὰν
2598 627 2736 681 ποιῶ
2769 625 2868 698 τὴν
2921 622 3229 693 ἐπιστολήν.
3283 619 3418 672 Ύπδ
3452 619 3559 692 γὰρ
3581 618 3676 674 τοῦ

2095 724 2300 794 σφόδρα
2331 720 2652 784 σπουδάζειν
2692 719 2918 780 πιθανός
2952 733 3035 769 σοι
3073 713 3344 784 γενέσθαι,
3381 711 3536 765 οὐδὲν
3567 711 3678 765 τῶν

2093 818 2174 879 εἰς
2202 815 2441 869 διάνοιαν
2471 811 2782 884 ἐρχομένων
2831 807 3219 876 ἀποσιωπῆσαι
3250 804 3541 875 ἀνέχομαι·
3578 821 3680 872 φο-

2093 906 2356 977 ϐούμενος
2418 904 2492 976 μὴ
2531 903 2682 974 παρὰ
2743 900 2902 955 τοῦτο
2950 897 3230 969 ἄπρακτος
3271 913 3360 967 μοι
3399 898 3432 967 ὴ
3465 895 3682 965 αἴτησις

2092 1001 2344 1068 γένηται,
2376 995 2610 1059 ἐλλιπῶς
2644 993 2746 1065 μοῦ
2781 991 2877 1062 τὴν
2899 987 3248 1045 διδασκαλίαν
3285 986 3680 1059 ποιησαμένου.

2105 1091 2266 1154 Ἀλλ’,
2290 1085 2334 1142 ὧ
2364 1088 2694 1159 τιμιώτατον
2719 1085 2793 1154 (6)
2814 1084 2909 1138 καὶ
2924 1083 3146 1154 γνήσιον
3163 1081 3384 1159 θρέμμα
3413 1079 3512 1150 τῆς
3554 1079 3681 1132 Ἐκ-

2093 1178 2342 1248 κλησίας,
2410 1175 2707 1246 βεϐαίωσον
2761 1174 2854 1227 καὶ
2886 1173 3012 1244 ἐμοὶ
3035 1171 3134 1235 τὰς
3190 1170 3430 1235 ἐλπίδας,
3464 1169 3532 1233 ἃς
3568 1169 3678 1240 ἔχω

2092 1269 2188 1324 νῦν
2241 1271 2348 1322 ἐπὶ·
2385 1269 2488 1332 σοὶ,
2519 1268 2613 1322 καὶ
2660 1267 2758 1329 τὰς
2813 1265 3032 1319 πάντων
3080 1261 3385 1333 συμφώνως
3425 1262 3681 1334 περὶτῆς

2097 1361 2193 1430 σῆς
2239 1360 2536 1430 ἐμμελείας
2596 1359 2691 1412 καὶ
2732 1357 3042 1428 πραότητος
3078 1354 3404 1426 μαρτυρίας,
3435 1353 3530 1406 καὶ
3559 1351 3681 1405 ὲπί-

2097 1451 2308 1504 στειλον
2349 1449 2425 1520 τῷ
2471 1447 2778 1520 στρατιώτῃ
2809 1445 3191 1516 ἀπαλλαγῆναι
3229 1443 3388 1514 ὴμῶν
3415 1443 3474 1496 ὲν
3499 1441 3677 1512 τάχει,

2089 1541 2149 1603 δς
2177 1540 2272 1591 νῦν
2319 1555 2382 1608 γε
2429 1537 2581 1592 οὐδὲν
2623 1535 2944 1607 ὲπαχθείας,
2973 1534 3096 1588 οὐδὲ
3135 1531 3348 1604 ὕϐρεως
3376 1531 3676 1595 ὲλλέλοιπε,

2099 1631 2298 1702 μᾶλλον
2349 1629 2674 1702 αἱρούμενος
2728 1643 2786 1681 σε
2812 1626 2908 1702 ,μὴ
2951 1625 3252 1694 λυπῆσαιῆ
3289 1623 3500 1687 πάντας
3531 1622 3682 1693 ἡμᾶς

2091 1699 2328 1787 οἰκείους
2355 1699 2499 1794 ἔχειν
2526 1723 2620 1776 καὶ
2653 1699 2859 1789 φίλους.

2632 1833 2978 1886 ΕΠΙΣΤΟΛΗ
3015 1832 3132 1886 ΟΔθ.

413 1949 628 2017 Basilius
671 1953 911 2017 malorum
936 1951 1112 2017 patrita
1149 1950 1474 2017 descriptione
1515 1947 1866 2017 Martinianum
1897 1941 2142 2017 adtingere
2181 1946 2398 2017 conatur,
2426 1947 2478 1990 ut
2522 1939 2863 2017 imperatorem
2883 1943 3052 2017 oden},
3076 1945 3316 2017 ct‘qt-lqnla
3360 1953 3424 1999 εει
3443 1936 3680 1996 divisione

479 2001 808 2077 Cappadocae
823 2001 1175 2078 consEquantur
1189 2001 1509 2064 Ῑήὲοῖιιηωιία
1530 2001 1840 2068 demonstret,
1865 2009 1938 2057 vet
1955 2007 2123 2054 saltem
2145 2003 2400 2054 scribendo
2417 2016 2556 2068 opem
2577 2001 2702 2067 [erat
2728 2003 2776 2053 in
2799 2010 2926 2053 tanta
2946 2001 3234 2052 calamitate.

1022 2117 1356 2175 Martiniano

479 2230 534 2286 1.
573 2231 779 2298 Quanti
824 2246 910 2287 me
961 2232 1271 2296 arbitraris,
1335 2234 1524 2303 quanti
1567 2233 1988 2295 aestimaturum,

409 2321 547 2376 utin
589 2336 758 2375 unum
789 2321 1087 2390 aliquando
1138 2323 1281 2376 inter
1312 2339 1412 2376 nos
1439 2323 1744 2385 veniamus,
1779 2331 1989 2375 tecum-

408 2428 515 2480 que
546 2412 758 2468 diutius
789 2427 1010 2477 verser,
1056 2414 1194 2468 adeo
1235 2422 1292 2467 ut
1320 2414 1578 2468 omnibus
1608 2413 1768 2468 bonis
1791 2414 1992 2483 quibus

409 2509 636 2557 ornatus
666 2516 759 2567 es,
799 2501 1097 2570 perfruar?
1149 2503 1204 2555 Si
1235 2503 1382 2557 enim
1428 2504 1722 2574 plurimum
1753 2505 1894 2558 valet
1926 2503 1992 2558 ad

410 2589 736 2646 eruditionis
781 2591 1188 2657 testimonium,
1235 2592 1534 2646 multorum
1581 2591 1865 2646 hominum
1913 2595 1995 2649 vi-.-

411 2680 559 2736 disse
608 2683 795 2745 urbes,
853 2689 906 2736 et
960 2697 1140 2737 mores
1197 2698 1401 2748 nosse;
1453 2683 1507 2737 id
1546 2683 1800 2738 existimo
1845 2685 1994 2738 brevi

412 2781 656 2842 tempore
709 2785 863 2829 tuum
906 2790 1267 2845 congressum
1304 2787 1591 2846 praestare.
1666 2777 1809 2843 Quid
1844 2779 1991 2832 enim

413 2865 586 2921 refert
637 2875 822 2920 utrum
867 2868 1068 2922 multos
1117 2868 1392 2938 sigillatim
1432 2870 1658 2932 videas,
1702 2885 1771 2922 an
1826 2886 1992 2923 unum

413 2955 504 3028 qui
549 2957 796 3011 omnium
833 2957 998 3012 simul
1043 2959 1438 3028 experientiam
1480 2959 1710 3030 adeptus
1749 2961 1856 3015 sit'?
1888 2961 1997 3014 Ιιιιο

415 3065 542 3104 vero
579 3049 814 3105 maxime
859 3059 1117 3121 przestare
1197 3053 1460 3120 dixerim,
1508 3068 1849 3123 quaecunque
1911 3069 1999 3106 re-

414 3156 536 3194 rum
593 3141 924 3210 optimarum
979 3142 1351 3213 cognitionem
1412 3144 1534 3198 sine
1584 3144 1770 3198 labore
1809 3145 1996 3199 conci-

416 3233 575 3298 liant,
620 3238 674 3285 et
719 3246 909 3300 puram
950 3233 1020 3286 ab
1066 3232 1219 3286 omni
1257 3231 1376 3286 vitii
1428 3233 1786 3302 permistione
1816 3233 1996 3286 scien-

415 3325 548 3379 tiam
620 3325 840 3380 virtutis
903 3325 1189 3394 colligunt.
1252 3323 1545 3379 Enimvero
1616 3323 1730 3379 sive
1786 3323 1999 3378 facinus

417 3415 899 3486 prazclarissimum
938 3457 954 3478 ,
999 3417 1113 3471 sive
1161 3417 1436 3472 sententia
1483 3423 1788 3470 memoratu
1813 3416 1997 3485 digna,

417 3509 533 3561 sive
574 3507 820 3561 virorum
868 3507 1009 3562 alios
1049 3508 1428 3578 superantium
1474 3506 1762 3572 instituta,
1814 3507 1998 3562 omnia

419 3599 475 3654 In
520 3601 688 3655 animi
737 3601 814 3654 tui
876 3601 1136 3657 thesauro
1183 3600 1582 3656 reconduntur.
1649 3601 1832 3666 Quare
1889 3617 1997 3655 non

420 3708 626 3746 annum
663 3700 896 3755 tantum,
943 3695 1086 3747 sicut
1141 3691 1403 3747 Alcinous
1453 3691 1724 3763 Ulyssem,
1767 3691 1860 3747 sed
1907 3709 2000 3761 per

420 3788 594 3837 totam
644 3783 810 3836 vitam
858 3798 1032 3838 meam
1079 3783 1270 3837 audire
1311 3793 1362 3838 te
1399 3783 1730 3851 exoptarim,
1769 3799 2001 3852 eamque

424 3874 640 3943 longam
682 3873 784 3928 hac
819 3873 888 3929 de
935 3888 1103 3928 causa
1151 3871 1290 3935 fieri,
1336 3872 1585 3942 quamvis
1633 3871 1766 3925 mihi
1818 3873 2001 3942 gravis

421 3965 497 4020 sit
535 3969 590 4018 et
635 3964 884 4018 molesta.
946 3961 1052 4018 Sed
1091 3963 1225 4032 quid
1248 3977 1349 4032 ego
1411 3977 1560 4016 nunc
1615 3963 1820 4028 scribo,
1875 3978 2000 4016 cum

424 4059 620 4111 adesse
669 4055 981 4125 Oporterct?
1020 4055 1154 4122 Quia
1199 4070 1286 4110 me
1329 4053 1593 4108 afflictata
1638 4056 1814 4125 patria
1849 4053 2005 4109 festi-

423 4155 622 4202 nanter
662 4146 731 4200 ad
777 4161 837 4201 se
885 4155 1065 4202 vocat.
1129 4145 1323 4212 Qualia
1369 4153 1550 4200 autem
1590 4145 1854 4214 patiatur,
1893 4162 2003 4201 non

424 4239 670 4309 ignoras.
700 4238 784 4290 vir
804 4237 1031 4307 optime.
1086 4238 1221 4292 Eam
1267 4236 1438 4301 enim,
1486 4237 1653 4290 veluti
1679 4235 2002 4303 Pentheum,

425 4347 554 4386 vere
606 4329 878 4385 Maenades
929 4328 1192 4398 quidam,
1241 4329 1520 4384 decuriones
1551 4367 1566 4392 ,
1619 4329 2002 4399 discerpsere:

427 4420 699 4493 siquidem
732 4435 852 4475 eam
888 4429 1078 4475 secant
1110 4429 1274 4490 atque
1302 4427 1579 4483 resecant,
1619 4421 1867 4485 vulnera,
1903 4423 2008 4476 im-

429 4515 729 4586 peritorum
759 4512 1098 4566 medicorum
1139 4528 1312 4576 more,
1340 4529 1435 4582 per
1469 4513 1817 4567 inscientiam
1851 4529 2008 4569 suam

428 4605 719 4660 recidentes
763 4605 1037 4674 graviora.
1079 4602 1298 4673 itaque,
1343 4621 1468 4658 cum
1503 4605 1712 4660 laboret
1738 4605 2007 4672 dissecla,

430 4699 702 4768 reliquum
778 4703 863 4751 est
927 4703 987 4750 ut
1029 4696 1077 4750 ei
1139 4704 1401 4766 tanquam
1449 4699 1738 4767 aegrotanti
1797 4698 2014 4752 medea-

2691 2108 3082 2179 Μαρτινιανῷ.

2163 2227 2213 2281 1.
2266 2227 2395 2296 Ἐμὲ
2426 2225 2477 2278 τί
2509 2224 2632 2289 οίει,
2675 2225 2841 2277 πόσου
2877 2223 2993 2276 ποτ’
3033 2221 3098 2276 ἂν
3139 2222 3476 2294 τιμήσασθαι
3516 2223 3577 2276 τὸ
3603 2225 3685 2288 είς

2092 2320 2284 2374 ταυτόν
2346 2319 2463 2372 ποθ’
2509 2319 2656 2389 ἡμᾶς
2702 2316 2954 2386 ἀλλήλοις
2993 2314 3189 2379 ἐλθεῖν,
3243 2315 3335 2368 καὶ
3363 2315 3457 2369 ἐπὶ
3491 2314 3675 2369 πλεῖόν

2097 2428 2178 2464 σοι
2231 2409 2612 2479 συγγενέσθαι,
2663 2407 2804 2461 ὥστε
2865 2408 3081 2462 πάντων
3129 2405 3433 2459 ἀπολαῦσαι
3462 2406 3569 2459 τῶν
3622 2409 3680 2469 ἐν

2103 2504 2184 2556 σοὶ
2212 2502 2426 2566 καλῶν;
2455 2502 2566 2556 Καὶ
2599 2501 2704 2571 γὰρ
2735 2501 2782 2551 εί
2817 2500 2958 2570 μέγα
2974 2499 3109 2570 πρὸς
3137 2498 3443 2570 μαρτυρίαν
3464 2498 3687 2552 παιδεύ-

2097 2613 2234 2660 σεως
2283 2595 2343 2648 τὸ
2378 2594 2588 2648 πολλῶν
2642 2591 2944 2665 ἀνθρώπων
2995 2592 3122 2645 ἰδεῖν
3174 2591 3362 2652 ἄστεα.
3421 2593 3517 2646 καὶ
3563 2593 3685 2646 νόον

2095 2686 2298 2756 γνῶναι
2323 2703 2336 2715 ·
2374 2685 2535 2738 τοῦτο
2575 2680 2728 2754 οἶμαι
2775 2683 2840 2734 δι’
2875 2682 3055 2750 ὀλίγου
3102 2680 3421 2753 χαρίζεσθαι
3444 2676 3544 2752 τὴν
3581 2682 3683 2752 σὴν

2096 2779 2333 2848 ὁμιλίαν.
2367 2778 2432 2830 Τί
2480 2777 2589 2848 γὰρ
2623 2775 2870 2848 διαφέρει
2913 2774 3141 2838 πολλοὺς
3178 2774 3304 2827 ίδείν
3327 2773 3468 2828 κατὰ
3494 2773 3682 2845 μέρος,

2102 2873 2134 2944 ἢ
2161 2873 2256 2926 ἕνα
2289 2873 2380 2925 τὸν
2401 2872 2618 2925 πάντων
2645 2871 2716 2940 (7)
2747 2868 2883 2940 ὁμοῦ
2909 2868 3007 2940 τὴν
3029 2872 3224 2938 πεῖραν
3247 2868 3642 2938 ἀναδεξάμενον
3667 2884 3685 2932 ;
3717 2930 3722 2934 _

2097 2967 2312 3020 Μᾶλλον
2337 2964 2393 3018 δὲ
2424 2961 2536 3032 ἐγὼ
2565 2963 2660 3017 καὶ
2695 2965 2945 3032 πλεῖστον
2973 2959 3037 3015 ἂν
3073 2960 3215 3030 ἔχειν
3237 2961 3446 3030 εἴποιμι
3479 2960 3540 3012 τὸ
3564 2959 3687 3013 διά⁹

2100 3073 2286 3128 φορον,
2311 3056 2410 3108 ὅσα
2434 3053 2814 3124 ἀταλαίπωρον
2845 3053 2944 3124 τὴν
2973 3050 3174 3120 γνῶσιν
3197 3052 3304 3105 τῶν
3339 3049 3518 3104 καλῶν
3548 3066 3686 3128 προ-

2105 3146 2266 3210 ξενεῖ,
2295 3146 2388 3198 καὶ
2418 3143 2666 3215 καθαρὰν
2689 3144 2788 3212 τῆς
2819 3142 2955 3214 πρὸς
2979 3141 3040 3194 τὸ
3059 3144 3238 3212 χεῖρον
3265 3141 3539 3211 ἐπιμιξίας
3564 3157 3691 3194 συν-

2104 3240 2226 3306 άγει
2254 3237 2352 3307 τὴν
2383 3237 2624 3308 ἱστορίαν
2660 3235 2761 3304 τῆς
2794 3233 3013 3304 ἀρετῆς.
3046 3232 3171 3285 Εἴτε
3205 3232 3314 3303 γὰρ
3337 3231 3532 3303 πρᾶξις
3559 3231 3688 3304 ἀρί-

2102 3347 2222 3398 στη,
2257 3331 2365 3382 εἴτε
2386 3329 2542 3396 λόγος
2581 3328 2798 3399 μνήμης
2832 3325 3000 3390 ἄξιος,
3039 3324 3150 3377 εἴτε
3189 3325 3456 3378 πολιτεῖαι
3479 3324 3552 3394 (8)
3585 3325 3686 3377 άν-

2103 3422 2246 3492 δρῶν
2299 3418 2765 3491 ὑπερπεφυκότων
2809 3419 2934 3482 τοὺς
2988 3415 3217 3480 ἄλλους’
3257 3415 3436 3470 πάντα.
3485 3413 3564 3486 τῷ
3605 3414 3688 3484 σῷ

2103 3512 2338 3582 ταμιείῳ
2388 3512 2490 3580 τῆς
2551 3509 2730 3581 ψυχῆς
2809 3507 3178 3561 ὲναπόκει-ται,
3226 3509 3388 3560 Ὥστε
3447 3508 3547 3560 οὐκ
3603 3509 3691 3571 εἰς

2101 3605 2346 3657 ἐνιαυτὸν
2410 3603 2592 3672 μόνον,
2640 3601 2713 3664 ὼς
2744 3603 2772 3654 ὁ
2807 3599 3075 3662 Ἀλκίνοος
3109 3599 3183 3669 (9)
3229 3599 3322 3652 τοῦ
3367 3597 3692 3662 Ὀδυσσέως,

2103 3695 2219 3749 ἀλλ’
2251 3696 2332 3758 εἰς
2356 3695 2535 3747 πάντα
2560 3710 2660 3764 μου
2678 3693 2768 3745 τὸν
2794 3691 2907 3761 βίον
2938 3689 3204 3761 εὐξαίμην
3235 3691 3299 3744 ἄν
3329 3707 3422 3743 σου
3446 3689 3688 3751 ἀκούειν,

2102 3788 2195 3840 καὶ
2219 3785 2428 3857 μακρὸν
2457 3786 2521 3839 ἄν
2554 3801 2644 3855 μοι
2674 3783 2928 3852 γενέσθαι
2965 3782 3157 3836 τούτου
3187 3799 3252 3851 γε
3277 3782 3442 3835 ἓνεκα
3473 3781 3690 3847 τοῦτον,

2107 3879 2200 3932 καὶ
2261 3876 2436 3930 ταῦτα
2482 3874 2755 3938 δυσκόλως
2817 3874 2952 3942 πρὸς
3000 3873 3161 3929 αὐτὸν
3214 3873 3572 3945 διακείμενος.
3622 3873 3695 3928 Τί

2102 3969 2288 4040 δήποτ’
2305 3963 2399 4021 οὖν
2429 3965 2728 4019 ἐπιστέλλω
2747 3965 2860 4029 νῦν,
2887 3969 3138 4038 παρεῖναι
3167 3967 3285 4020 δέον
3307 3984 3320 4032 ;
3341 3967 3462 4019 ’Ότι
3489 3984 3556 4037 με
3577 3965 3693 4037 (10)

2109 4057 2395 4127 κάμνουσα
2456 4055 2488 4126 ἡ
2523 4054 2723 4126 πατρὶς
2781 4055 2985 4124 ἐπείγει
3029 4057 3164 4128 πρὸς
3199 4057 3418 4127 ἑαυτήν.
3451 4047 3551 4111 Οἷα
3583 4056 3693 4129 γὰρ

2106 4147 2395 4211 πέπονθεν,
2429 4147 2528 4199 οὐκ
2579 4147 2812 4215 ἀγνοεῖς,
2846 4141 2890 4198 ὧ
2918 4147 3106 4218 ἄριστε
3130 4163 3142 4176 ο
3183 4148 3264 4200 ὅτι
3301 4147 3550 4210 Πενθέως
3569 4147 3701 4219 τρόο

2110 4259 2210 4295 πον
2241 4238 2513 4302 Μαινάδες
2556 4238 2724 4301 ὅντως
2758 4237 2923 4300 τινὲς,
2956 4237 3208 4308 δαίμονες
3247 4238 3382 4305 (ll),
3406 4237 3574 4309 αὐτὴν
3616 4237 3696 4293 δι-

2110 4334 2441 4388 εσπάσαντο.
2483 4330 2764 4403 Διαιροῦσι
2800 4330 2908 4402 γὰρ
2939 4329 3107 4399 αὐτὴν
3133 4330 3224 4382 καὶ
3263 4329 3694 4402 ὲπιδιαιροῦσινο

2111 4427 2300 4496 ῶσπερ
2338 4427 2386 4479 οἱ
2437 4425 2598 4478 κακοὶ
2649 4423 2760 4476 τῶν
2803 4421 3023 4493 ίατρῶν,
3061 4422 3417 4494 χαλεπώτερα
3459 4421 3527 4476 τὰ
3559 4423 3696 4495 ἓλκη

2119 4517 2401 4580 ποιοῦντες
2436 4520 2502 4587 τῇ
2553 4515 2683 4587 παρ’
2737 4515 2944 4568 ἑαυτῶν
2977 4517 3225 4587 ἀπειρίᾳ.
3267 4514 3418 4569 Ἐπεὶ
3464 4512 3557 4569 οὖν
3601 4518 3700 4571 κέ-

2115 4629 2301 4683 κμηκε
2335 4607 2820 4680 κατατεμνομένη,
2861 4607 3107 4660 λείπεται
3142 4607 3310 4679 αὐτὴν
3339 4606 3699 4679 θεραπεύειν,

2116 4705 2190 4767 ῶς
2245 4701 2656 4773 ἀρρωστοῦσαν.
2701 4700 3048 4753 Ἑπέστειλαν
3079 4695 3171 4753 οὖν
3209 4699 3519 4766 ὲπείγοντες
3550 4703 3702 4772 ἡμᾶς

431 4806 576 4848 mur.
609 4789 960 4860 Scripserunt
995 4788 1160 4853 igitur
1186 4803 1250 4842 ac
1280 4805 1382 4843 nos
1409 4795 1606 4859 urgent
1650 4789 1820 4853 cives,
1851 4798 2000 4860 atque

2117 4795 2166 4846 οἱ
2203 4792 2416 4845 πολῖται
2436 4807 2449 4822 ’
2494 4791 2589 4843 καὶ
2643 4789 2859 4859 ἀνάγκη
2903 4788 3171 4857 ἀπαντᾷν,
3195 4786 3296 4857 οὐχ
3325 4785 3400 4849 ῶς
3426 4803 3481 4839 τι
3508 4785 3704 4854 ὄφελος

561 4947 712 5002 Alias
741 4946 1111 5002 (ICCLXXIX.
1145 4945 1358 5016 Scripta
1391 4963 1534 5000 anno
1579 4946 1704 5000 57-1.

505 5024 584 5095 (6)
629 5018 995 5095 Τιμιῴτατον.
1023 5017 1160 5095 Tres
1180 5033 1312 5072 mss.
1336 5018 1670 5095 recentiores
1699 5016 2012 5086 τιμιώτατε.

434 5086 605 5152 Paulo
628 5095 752 5158 post
773 5090 882 5142 duo
913 5105 1048 5143 mss.
1078 5088 1294 5141 πάντων
1328 5086 1669 5158 συμφώνους.

510 5165 586 5232 (7)
627 5157 740 5218 Τὸν
775 5159 1036 5215 πάντων.
1089 5159 1186 5232 Sic
1219 5157 1633 5232 Coisl.;primus
1671 5165 1725 5210 et
1754 5157 2016 5232 Reg._se.

437 5226 654 5292 eundus
711 5252 725 5288 :
790 5231 922 5286 editi
961 5232 1069 5283 τῶν
1118 5229 1355 5282 πάντων.
1388 5226 1558 5281 Paulo
1589 5235 1712 5296 post
1760 5226 2006 5294 ejusdem

437 5303 760 5364 Coisliniani
781 5299 990 5357 codicis
1011 5317 1112 5370 ope
1139 5298 1550 5370 emendavimus
1586 5297 1732 5369 quod
1761 5314 1924 5368 prave
1951 5300 2008 5354 in

435 5377 602 5437 editis
642 5375 923 5444 legebatur
953 5369 1067 5444 ὅσῳ
1093 5369 1490 5444 ἀταλαίπωρον.

511 5447 587 5515 (8)
631 5437 1147 5515 naturaesset.
1167 5437 1393 5515 primus
1421 5437 1682 5515 πολιτεία.
1703 5437 2020 5515 Paulopost

445 5509 628 5575 eodem
685 5514 876 5568 codice
917 5514 1029 5567 nixi
1067 5522 1122 5567 et
1167 5510 1317 5564 Harl.
1370 5516 1425 5563 et
1473 5509 1640 5573 Med,
1689 5511 2020 5566 mutavimus

445 5585 586 5659 quod
615 5592 734 5659 erat
757 5586 810 5659 in
839 5584 1325 5659 editis_r:aiy_ra_oou
1357 5578 1456 5649 τῷ.

514 5655 589 5725 (9)
637 5654 967 5725 Ἀλκίνοος.
999 5654 1074 5707 Ita
1102 5652 1256 5725 Harl.
1291 5665 1414 5725 cum
1461 5651 1680 5725 duobus
1708 5650 1828 5725 aliis
1851 5650 2022 5725 :_ed_iti

456 5719 750 5788 Ἀλκίνους.
792 5723 960 5778 Paulo
1014 5734 1135 5789 post
1175 5723 1302 5776 editi
1350 5719 1628 5791 δυσχερῶς
1664 5721 1796 5789 πρὸς
1839 5721 2018 5775 αὐτόν.

2119 4948 2288 5004 Coisl.
2319 4946 2530 5014 primus
2573 4959 2699 4997 cum
2743 4943 2868 4997 aliis
2902 4941 3184 4997 nonnullis
3217 4949 3276 4995 ut
3306 4940 3358 4994 in
3395 4948 3570 4996 textu.
3607 4938 3702 4996 Sic

2120 5021 2282 5076 etiam
2321 5015 2472 5070 Harl.
2495 5016 2668 5084 prima
2700 5029 2884 5066 manu.

2193 5088 2304 5158 (l0)
2344 5087 2464 5158 "0_n
2487 5079 2583 5151 λιε.
2633 5082 2724 5158 Sic
2755 5099 2887 5158 mss.
2917 5083 3160 5158 _Ma|e_‘in
3179 5081 3422 5158 ed_i_tio_ne
3461 5080 3484 5134 1
3521 5079 3702 5158 Raris.

2121 5151 2212 5212 ὅττί
2239 5157 2333 5227 μή.
2375 5155 2513 5227 Tres
2561 5155 2932 5227 antiquissimi
2970 5153 3191 5209 codices
3233 5151 3373 5207 Med.
3419 5160 3474 5207 et
3526 5151 3700 5206 Coisl.

2123 5223 2325 5284 habent
2351 5227 2432 5279 ὅτι
2456 5223 2621 5295 κάμέ.

2192 5298 2240 5368 (1
2256 5297 2304 5367 l)
2342 5289 2645 5368 Δαίμοὶξες.
2664 5293 2926 5368 Quamvis
2942 5295 3085 5348 hanc
3109 5305 3297 5346 vocem
3324 5289 3562 5368 habeant
3583 5305 3708 5345 om-

2121 5361 2221 5425 nes
2259 5361 2470 5422 veteres
2496 5365 2648 5424 libri,
2676 5365 2894 5418 videtur
2921 5373 3104 5418 tamen
3143 5379 3176 5417 e
3209 5361 3455 5430 margine
3488 5363 3543 5414 in
3577 5375 3707 5412 con-

2124 5446 2334 5492 textum
2384 5436 2696 5504 irrepsisse.
2728 5435 2843 5487 Erit
2873 5436 3017 5489 enim
3042 5434 3211 5504 multo
3249 5432 3565 5504 praeclarior
3597 5430 3704 5504 Ba-

2133 5509 2242 5564 silii
2276 5500 2568 5567 sententia,
2613 5505 2657 5558 si
2697 5505 2946 5559 homines
2977 5503 3220 5572 quidam,
3253 5500 3380 5556 vere
3408 5500 3703 5564 Maenades,

2130 5579 2359 5650 patriam
2392 5571 3048 5650 discerpsissedicantur.
3099 5571 3280 5650 Ηειηιξ⁵
3303 5582 3480 5650 autem
3512 5571 3705 5650 obser-

2131 5639 2402 5701 vationem
2433 5639 2604 5700 debeo
2629 5646 2948 5700 doctissimo
2971 5643 3208 5698 Antonio
3231 5641 3411 5696 Mariae
3434 5639 3702 5701 Salvinio,

2133 5719 2224 5790 qui
2257 5716 2500 5772 codicem
2536 5715 2847 5771 Medicorum
2877 5715 3089 5772 erudita
3120 5730 3215 5770 sua
3255 5729 3414 5766 manu
3451 5715 3704 5770 contulit.
