3870 6218
183 347 292 402 145

1105 340 1601 400 EPISTOLARUM
1641 338 1924 398 CLASSIS
1960 342 2026 401 Il.
2054 342 2273 400 EPIST.
2313 337 2549 397 LXXW.

3367 327 3478 385 ιω

183 459 484 530 ἐσομένους
504 462 618 524 τοῖς
643 459 987 532 πράγμασιν,
1019 459 1156 513 ἀλλὰ
1204 458 1301 530 τὴν
1333 461 1398 513 ἐκ
1433 461 1534 529 τῆς
1566 459 1787 514 ἀπολεί-

1908 461 2152 516 tccedere
2199 473 2426 514 necesse
2475 461 2582 517 est,
2627 467 2737 507 non
2775 449 2924 521 quod
2955 447 3121 504 rebus
3146 445 3354 517 aliquid
3387 448 3472 501 al-

183 553 337 621 ψεως
390 550 598 621 μέμψιν
654 551 1019 614 ἐκκλίνοντας.
1065 546 1236 605 Οἶσθα
1277 551 1406 622 γὰρ,
1447 549 1522 614 ὡς
1573 551 1783 605 εῦκολοι

191 639 296 711 μὲν
349 640 568 695 ἐλπίσαι
621 643 670 695 οἱ
719 640 1149 712 ἀμηχανοῦντες,
1201 639 1412 693 εύκολοι
1448 639 1506 694 δέ
1555 657 1655 693 που
1691 640 1787 693 καὶ

192 731 680 862 κρηαμέμψασθαι,
727 732 818 785 ἐπὶ
854 732 917 786 τὸ
953 732 1191 803 παρεθὲν
1232 732 1320 786 ἀεὶ
1350 733 1643 803 τρέποντες
1685 732 1786 794 τὰς

189 840 394 888 αιτιας.

264 1001 318 1054 2.
358 1001 554 1054 Καίτοι
587 1001 764 1071 ἔγωγε
798 1004 892 1056 καὶ
927 1002 1094 1056 αὐτοῦ
1127 1002 1320 1056 τούτου
1354 1017 1539 1055 ενεκεν
1557 1001 1786 1074 ἐδεόμην

194 1111 279 1147 σοι
305 1093 601 1158 συνελθεῖν,
631 1097 724 1148 καὶ
767 1094 952 1150 δοῦναι
988 1095 1244 1167 γνώμην·
1290 1095 1492 1166 μᾶλλον
1517 1095 1575 1148 δέ
1605 1111 1787 1168 παρα-

191 1185 424 1240 καλέσαι
475 1186 848 1259 ἐνθυμηθῆναί
901 1206 955 1242 τι
1007 1189 1257 1242 νεανικὸν
1322 1189 1418 1242 καὶ
1464 1189 1674 1260 πρέπον
1709 1189 1788 1261 τῷ

198 1277 426 1328 σεαυτοῦ
454 1279 784 1348 φρονήματι,
815 1278 912 1332 καὶ
959 1279 1037 1341 είς
1071 1278 1202 1346 γόνυ
1241 1277 1519 1332 κλιθεῖσαν
1551 1279 1650 1349 τὴν
1685 1295 1790 1332 πα-

193 1367 356 1439 τρίδα
385 1368 542 1439 ήμῶν
558 1369 634 1439 μὴ
662 1369 944 1440 περιιδεῖν,
966 1369 1103 1424 ἀλλά
1134 1369 1512 1424 καταλαϐόντα
1541 1370 1602 1424 τὸ
1625 1387 1778 1442 στρα-

194 1459 445 1524 τόπεδον,
489 1461 662 1514 εἰπεῖν
705 1460 842 1532 μετὰ
887 1461 1202 1534 παρρησίας
1244 1461 1344 1532 τῆς
1377 1463 1478 1534 σῆς
1515 1463 1676 1534 μήτοι
1705 1479 1792 1515 νο-

199 1549 382 1622 μίζειν
412 1552 614 1615 αὐτοὺς
641 1551 735 1606 δύο
760 1553 1060 1623 κεκτῆσθαι
1097 1555 1221 1607 ἀντὶ
1252 1555 1382 1625 μιᾶς
1404 1553 1693 1625 ἐπαρχίας.
1713 1553 1788 1608 Οὐ

195 1645 310 1715 γὰρ
377 1643 438 1709 ἐξ
489 1644 657 1715 ἄλλης
688 1645 835 1707 τινὸς
893 1645 1226 1717 οἰκουμένης
1268 1646 1638 1716 ἐπεισήγαγον
1691 1645 1790 1717 τὴν

196 1737 422 1806 ἐτέρων
457 1733 594 1788 ἀλλὰ
653 1735 1036 1808 παραπλήσιόν
1075 1754 1130 1790 τι
1161 1739 1555 1808 πεποιήκασιν,
1599 1736 1790 1808 ὥσπερ

1895 553 2065 608 laturi
2120 553 2294 608 simus
2344 547 2560 612 auxilii,
2606 545 2702 601 sed
2760 551 2842 598 ιιι.
2869 539 3246 598 derelictionis
3281 553 3475 608 expro-

1892 644 2206 700 brationem
2253 640 2598 711 eﬂugiamus.
2665 635 2822 691 Nosti
2873 632 3017 688 enim
3049 629 3322 702 proclives
3349 641 3474 683 esse

1892 741 1962 795 ad
2013 737 2347 809 sperandum
2402 733 2497 804 qui
2543 731 2598 785 in
2624 727 2893 798 angustiis
2927 730 3078 787 sunt,
3123 720 3392 792 proclives
3418 725 3474 774 et

1891 831 1959 886 ad
1991 827 2463 900 conquerendum,
2510 836 2726 892 semper
2763 821 2817 874 in
2861 817 2914 872 id
2955 813 3101 882 quod
3140 809 3473 896 prptermis-

1891 937 2014 979 sum
2041 931 2145 982 εει,
2177 919 2391 987 culpam
2415 913 2778 970 conferentes.

1960 1013 2017 1068 Ξ.
2058 1011 2323 1082 Equidem
2388 1016 2442 1062 et
2475 1005 2597 1076 ejus
2637 1003 2718 1058 rei
2764 999 2941 1072 gratia
2989 992 3282 1052 convenire
3302 998 3358 1046 te
3381 988 3476 1044 de-

1892 1107 2112 1168 bebam,
2158 1118 2221 1158 ac
2267 1099 2564 1157 consilium
2610 1095 2784 1160 dare;
2837 1092 2923 1146 vel
2970 1088 3152 1160 potius
3183 1085 3477 1142 obsecrare

1892 1208 1952 1254 ut
1996 1206 2283 1252 strenuum
2331 1190 2592 1263 quiddam
2649 1202 2713 1242 ac
2760 1183 3049 1255 prudentia
3106 1193 3198 1235 tua
3250 1177 3476 1247 dignum

1891 1291 2204 1359 excogites,
2266 1299 2368 1339 nec
2424 1281 2656 1352 patriam
2718 1283 2966 1330 nostram
3027 1272 3082 1324 in
3122 1283 3299 1340 genua
3346 1268 3476 1337 pro-

1892 1382 2101 1450 lapsam
2145 1376 2419 1447 despicias
2462 1392 2476 1428 :
2532 1372 2626 1427 sed
2685 1370 2740 1423 in
2787 1367 2970 1421 aulam
3013 1362 3371 1434 proﬁciscens
3410 1371 3478 1420 ae

1892 1473 2145 1527 libertate
2192 1478 2286 1522 tua
2319 1476 2482 1522 utens
2525 1460 2820 1518 denunties
2861 1459 2966 1520 eis,
3017 1471 3085 1510 ne
3114 1453 3218 1509 sibi
3246 1450 3474 1505 videan-

1895 1574 1983 1618 tur
2005 1564 2142 1618 duas
2172 1577 2237 1617 ex
2269 1575 2376 1614 una
2404 1555 2688 1628 possidere
2748 1549 3088 1623 provincias:
3127 1559 3302 1614 neque
3330 1539 3478 1597 enim

1895 1675 1958 1712 ex
1983 1657 2088 1710 alia
2113 1653 2347 1725 quadam
2372 1660 2519 1705 terra
2535 1649 2759 1702 alteram
2780 1644 2974 1697 harum
3001 1635 3474 1710 lGQinduxere:

1895 1750 1991 1805 sed
2032 1748 2171 1802 idem
2213 1746 2327 1799 fere
2359 1749 2609 1814 egerunt,
2659 1754 2722 1792 ac
2774 1735 2820 1790 si
2859 1733 2984 1804 quis
3027 1743 3225 1799 equum
3253 1733 3348 1780 aut
3373 1725 3476 1780 bo-

199 1828 268 1880 ἇν
287 1827 342 1880 εί
368 1844 453 1890 τις
483 1827 595 1899 (12)
623 1827 788 1881 ἵππον
817 1829 850 1899 ἣ
887 1828 1017 1898 βοῦν
1035 1831 1394 1901 κεκτημένος,
1419 1825 1535 1882 εἶτα
1561 1828 1685 1899 διχῆ
1717 1829 1793 1882 δι-

1908 1857 2016 1896 vem
2057 1837 2385 1910 possidens,
2431 1833 2628 1890 deinde
2676 1830 2814 1884 duas
2884 1828 2940 1880 in
2982 1831 3163 1895 partes
3202 1817 3476 1882 dividens,

198 1915 360 1984 ελὼν,
409 1916 504 1970 δύο
547 1915 757 1988 νομίζοι
807 1919 953 1989 ἔχειν
998 1920 1117 1984 ἐνὸς
1169 1919 1326 1973 ἄντι·
1381 1919 1504 1974 ούτε
1546 1920 1656 1992 γὰρ
1697 1920 1789 1973 δύο

199 2010 449 2081 ἐποίησε,
496 2011 590 2063 καὶ
620 2010 712 2063 τὸν
741 2011 839 2066 ἓνα
873 2012 1209 2084 διέφθειρεν·
1254 2015 1427 2066 εἰπεῖν
1466 2013 1523 2067 δὲ
1555 2016 1647 2067 καὶ
1677 2017 1790 2077 τοῖς

203 2100 765 2174 παραδυναστεύουσι,
795 2103 870 2174 μὴ
911 2103 1102 2158 τοῦτον
1130 2104 1314 2170 αὔξειν
1349 2106 1438 2159 τὸν
1460 2105 1660 2177 τρόπον
1691 2107 1789 2175 τὴν

201 2191 503 2262 βασιλείαν,
536 2194 598 2246 ού
631 2192 741 2264 γὰρ
771 2196 828 2249 ἐν
866 2195 1088 2268 ἀριθμῷ
1122 2191 1369 2268 εἶναιτὴν
1398 2196 1651 2267 δύναμιν,
1675 2196 1789 2250 ἀλλ’

200 2285 261 2336 ἐν
285 2288 396 2348 τοῖς
424 2285 740 2358 πράγμασιν
761 2302 773 2314 ·
805 2288 926 2340 ἐπεὶ
979 2288 1074 2342 νῦν
1120 2306 1185 2358 γε
1225 2288 1505 2361 ἡγούμεθα
1530 2289 1658 2352 τοὺς
1693 2290 1790 2360 μὲν

201 2375 396 2448 ἀγνοίᾳ
424 2377 526 2446 τῆς
559 2377 816 2448 ἀληθείας
853 2378 1002 2444 ἴσως,
1038 2381 1164 2443 τοὺς
1200 2379 1257 2432 δὲ
1291 2379 1368 2450 τῷ
1401 2381 1474 2452 μὴ
1508 2379 1790 2450 βούλεσθαι

201 2469 394 2522 λυπεῖν
442 2474 553 2534 τοῖς
609 2473 838 2542 ῥήμασι,
904 2472 1030 2535 τοὺς
1065 2471 1124 2524 δὲ
1167 2473 1260 2524 καὶ
1290 2473 1350 2524 ού
1389 2471 1547 2541 μέλον
1582 2473 1786 2536 αὐτοῖς,

202 2562 469 2632 περιορᾷν
522 2561 594 2614 τὰ
624 2563 902 2634 γινόμενα.
931 2563 994 2616 El
1024 2563 1124 2632 μὲν
1153 2559 1245 2617 οὖν
1278 2560 1346 2634 ἦν
1378 2563 1600 2616 δυνατὸν
1629 2563 1791 2616 αὑτὸν

203 2652 380 2705 ἐλθεῖν
404 2653 540 2723 πρὸς
568 2653 816 2723 βασιλέα,
861 2653 1020 2707 τοῦτο
1062 2655 1356 2726 κράτιστον
1387 2654 1486 2725 μὲν
1509 2658 1621 2716 τοῖς
1653 2654 1793 2725 πρά-

204 2761 404 2815 γμασι,
438 2747 646 2818 πρέπον
671 2747 730 2800 δέ
768 2763 860 2800 σου
896 2749 960 2818 τῇ
998 2746 1135 2819 καλῇ
1173 2748 1284 2818 (15)
1323 2748 1416 2801 τοῦ
1455 2747 1568 2818 βίου
1600 2763 1794 2818 προαι-

210 2838 380 2909 ρέσει.
412 2839 476 2892 El
504 2839 559 2892 δὲ
584 2839 722 2911 βαρὺ
741 2840 917 2903 ἄλλως
945 2841 1039 2894 καὶ
1061 2841 1151 2894 διὰ
1183 2840 1282 2912 τὴν
1303 2840 1453 2912 ὤραν
1491 2840 1584 2893 τοῦ
1617 2840 1792 2903 ἔτους,

208 2931 304 2983 καὶ
328 2929 418 2984 διὰ
446 2930 544 3002 τὴν
563 2931 803 3002 ἡλικίαν,
825 2931 901 2996 ὼς
929 2932 1094 2994 αὐτὸς
1126 2931 1281 3002 ἔφης,
1309 2931 1608 3002 σύντροφον
1640 2929 1793 3000 ἔχου.

210 3037 308 3074 σαν
343 3023 400 3074 ἐν
431 3023 598 3094 ἑαυτῇ
624 3022 713 3076 τὸν
745 3021 900 3076 ὄκνον
927 3040 941 3053 ’
991 3022 1127 3078 ἀλλὰ
1170 3024 1233 3076 τό
1261 3041 1324 3093 γε
1347 3022 1457 3093 (14)
1494 3021 1796 3075 ἐπιστεῖλαι

209 3115 374 3178 πόνος
396 3114 588 3178 οὐδείς.
638 3116 823 3182 Ὥστε,
869 3117 968 3187 τὴν
996 3115 1104 3169 ἀπὸ
1141 3115 1251 3169 τῶν
1288 3115 1631 3186 γραμμάτων
1673 3113 1795 3184 βοή-

209 3205 364 3258 Θειαν
412 3205 768 3276 χαριζόμενος
820 3208 888 3276 τῇ
931 3205 1170 3277 πατρίδι,
1236 3204 1450 3276 πρῶτον
1484 3204 1581 3273 μὲν
1615 3201 1797 3272 σαυτῷ

212 3297 568 3368 συνειδήσεις,
607 3297 770 3368 μηδὲν
803 3298 912 3351 τῶν
940 3299 1020 3362 εἰς
1039 3298 1267 3369 δύναμιν
1298 3297 1543 3368 ἡκόντων
1570 3294 1800 3349 ἐλλελοι-

210 3391 372 3443 πὸτυ
406 3389 595 3442 ἔπειτα
630 3391 811 3461 μέντοι
861 3391 953 3444 καὶ
1008 3394 1120 3454 τοῖς
1179 3391 1503 3460 κάμνουσιν,
1540 3387 1690 3457 αὐτῷ
1716 3371 1801 3459 ’τῷ

213 3483 502 3550 φαίνεσθαι
536 3483 837 3551 συναλγῶν,
883 3482 1158 3555 ἀρκοῦσαν
1188 3483 1380 3545 δώσεις
1419 3480 1797 3552 παραμυθίαν.

228 3575 370 3628 Ἀλλ’
415 3574 527 3629 εἴθε
581 3575 691 3647 γὰρ
731 3571 798 3647 ἦν
845 3569 958 3628 οἷόν
994 3592 1078 3641 τε,
1135 3575 1296 3629 αὑτὸν
1350 3575 1656 3646 ἐπιστάντα
1689 3576 1801 3638 τοῖς

217 3667 559 3737 πράγμασιν,
612 3667 734 3734 ὄψει
769 3667 952 3720 λαϐεῖν
984 3665 1123 3720 αὐτὰ
1174 3666 1242 3719 τὰ
1285 3665 1606 3738 σκυθρωπά.
1644 3664 1802 3718 Οὕτω

215 3758 328 3830 γὰρ
357 3758 422 3813 ἂν
447 3758 598 3823 ἴσως,
635 3760 729 3812 ἀπ’
769 3760 938 3828 αὐτῆς
983 3759 1084 3829 τῆς
1124 3759 1414 3829 ἐναργείας
1446 3758 1555 3811 τῶν
1589 3757 1802 3830 ὁρωμέ-

215 3866 326 3903 νων
362 3851 727 3922 συγκινηθεὶς,
758 3850 976 3922 ἀφῆκας
1003 3867 1126 3904 τινα
1150 3851 1333 3920 φωνὴν
1363 3850 1681 3921 πρέπουσαν
1710 3851 1805 3902 καὶ

217 3946 284 4013 τῇ
313 3945 380 4012 σῇ
407 3941 757 4016 μεγαλονοίᾳ,
789 3945 886 3997 καὶ⁹
927 3946 992 4014 τῇ
1038 3943 1312 4012 κατηφείᾳ.
1340 3944 1439 4014 τῆς
1469 3942 1697 4005 πόλεως.
1731 3942 1804 3995 Σὺ

215 4035 274 4088 δὲ
299 4034 417 4089 ἀλλ’
448 4036 579 4106 ἡμῖν
628 4034 1004 4107 διηγουμένοις
1048 4034 1123 4106 μὴ
1164 4035 1504 4106 ἀπιστήσῃς·
1534 4035 1568 4104 ἢ
1601 4034 1682 4087 ὅτι
1717 4033 1808 4086 Σι-

221 4127 457 4197 μωνίδου
480 4127 668 4193 ὅντως,
695 4129 728 4198 ἡ
751 4144 896 4190 τινος
919 4126 1164 4179 τοιούτου
1196 4123 1485 4196 μελοποιοῦ
1522 4123 1804 4194 ἐδεόμεθα,

218 4218 468 4289 ἐναργῶς
523 4219 724 4282 εἰδότος
781 4217 1156 4282 ἐπιστενάζειν
1198 4218 1313 4280 τοῖς
1354 4215 1574 4270 πάθεσι.
1615 4215 1808 4268 Καίτοι

218 4311 273 4364 τί
296 4309 443 4379 λέγω
466 4309 805 4380 Σιμωνίδην;
836 4310 953 4363 δέον
988 4309 1255 4380 Αἰσχύλον
1283 4307 1532 4378 εἰπεῖν,ἢ
1573 4309 1620 4361 εί
1643 4307 1706 4377 δή
1727 4325 1809 4371 τις

219 4403 428 4475 ἔτερος,
449 4401 846 4474 παραπλησίως
871 4403 1064 4472 ἐκείνῳ
1101 4403 1386 4472 συμφορᾶς
1407 4399 1634 4472 μέγεθος
1653 4402 1812 4472 ἐναρ-

220 4496 336 4564 γὼς
367 4493 707 4559 διαθέμενος,
736 4491 1136 4566 μεγαλοιρώνως
1164 4493 1428 4564 ὠδύρατο.

294 4718 347 4737 ι.
404 4679 662 4747 Σύλλογοι
714 4677 811 4748 μὲν
844 4675 955 4748 γὰρ
991 4676 1210 4738 ἐκεῖνοι,
1246 4675 1341 4726 καὶ
1374 4673 1554 4742 λόγοι,
1591 4673 1648 4726 αἱ
1694 4672 1813 4724 κατ’

223 4773 430 4842 ἀγορὰν
484 4770 768 4840 συντυχίαι
817 4768 925 4821 τῶν
972 4765 1274 4838 ἐλλογίμων
1312 4764 1542 4836 ἀνδρῶν,
1585 4763 1682 4818 καὶ
1718 4764 1816 4817 ὅσα

225 4867 489 4936 πρότερον
520 4862 693 4916 ἐποίει
728 4861 824 4932 τὴν
873 4859 1145 4931 ἡμετέραν
1176 4859 1484 4929 ὀνομαστὴν
1512 4856 1667 4908 πόλιν
1703 4855 1815 4925 (15)

223 4957 375 5029 ἡμᾶς
429 4953 873 5010 ἐπιλελοίττασινο
930 4951 1074 5006 ὥστε
1125 4950 1234 5004 τῶν
1265 4949 1396 5021 περὶ
1429 4948 1676 5003 παιδείαν
1723 4947 1818 5000 καὶ

225 5051 418 5119 λόγους
451 5043 616 5120 ἦττον
667 5045 737 5102 ἂν
765 5045 959 5116 φανείη
1014 5044 1110 5096 νῦν
1153 5060 1239 5107 τις
1269 5040 1524 5114 ἐμϐαλὼν
1546 5043 1613 5112 τῇ
1642 5041 1820 5111 ἀγορᾷ

227 5145 261 5216 ἢ
326 5143 584 5213 Ἀθήνησι
633 5140 898 5212 πρότερον
931 5141 981 5192 οἱ
1028 5138 1252 5209 ἀτιμίαν
1283 5135 1748 5204 κατεγνωσμένοι,
1783 5133 1817 5204 ἢ

229 5240 329 5302 τὰς
349 5241 538 5309 χεῖρας
567 5235 720 5298 ὄντες
738 5233 811 5306 μὴ
832 5233 1084 5306 καθαροί.
1127 5230 1510 5300 Ἀντεισῆκται
1532 5227 1590 5303 δέ
1611 5225 1821 5288 τούτοις

304 5435 420 5502 (12)
498 5440 590 5490 Ar
623 5432 680 5488 εἴ
711 5451 820 5499 τις.
855 5430 1014 5486 Deest
1040 5428 1276 5502 secunda
1312 5425 1503 5502 vocula
1543 5424 1595 5502 i_n
1635 5423 1822 5502 multis

232 5494 542 5580 codicibus:
576 5505 632 5558 in
655 5494 1058 5580 quibtts__et_iatn
1104 5500 1266 5580 paulo
1304 5507 1428 5580 ppst
1459 5497 1655 5580 le‘g‘itulr
1678 5494 1819 5580 δίχα.

307 5578 355 5648 (³
368 5564 537 5648 ⁵)-Τδ
546 5564 753 5648 “alii:
769 5574 842 5626 "3
859 5572 1026 5648 Qoisi-
1055 5564 1450 5648 pr’imus,_:i\jted.
1463 5610 1489 5648 ,_
1505 5565 1681 5648 Hnarl?
1700 5564 1824 5648 Cia:

235 5633 378 5702 rom.
406 5633 562 5700 'Edi'ti
600 5633 828 5716 τῇέὸλη.
864 5633 1205 5712 Paulo-post
1237 5633 1368 5694 editi
1408 5638 1501 5691 καὶ
1535 5636 1698 5706 βαρύ,
1727 5633 1823 5690 sed

233 5723 392 5773 deest
413 5714 734 5783 coniunctio
762 5714 819 5768 in
851 5728 986 5783 mss.

313 5787 424 5856 (ιι)
473 5775 546 5840 Τὸ
576 5801 710 5856 γε...
762 5781 1162 5854 χαριζόμενος.
1207 5779 1282 5835 ita
1320 5775 1678 5837 vetustissimi
1711 5783 1824 5831 tres

1891 1933 2030 1987 duos
2081 1946 2178 2001 pro
2223 1944 2331 1984 uno
2365 1926 2566 1981 habere
2601 1923 2705 1978 sibi
2751 1920 3038 1983 videatur;
3088 1930 3196 1968 non
3218 1911 3364 1969 enim
3394 1907 3499 2000 ef-l

1894 2024 2020 2079 fecit
2052 2025 2213 2083 duos,
2263 2019 2360 2076 sed
2397 2035 2565 2072 unum
2592 2032 2622 2070 ε
2654 2013 2832 2068 medio
2862 2009 3086 2067 sustulit
3112 2026 3126 2073 ;
3154 2021 3219 2062 ac
3249 2004 3480 2060 demon-

1892 2127 2034 2172 stres
2075 2116 2240 2170 etiam
2281 2115 2348 2168 iis
2396 2111 2492 2181 qui
2536 2108 2836 2180 plurimum
2893 2108 3145 2173 possunt,
3186 2095 3478 2179 imperium

1892 2225 2002 2264 non
2065 2209 2174 2262 hoc
2236 2213 2400 2276 pacto
2451 2201 2730 2271 adaugeri,
2788 2212 2965 2266 neque
3013 2193 3158 2249 enim
3205 2189 3372 2245 robur
3420 2186 3480 2242 in

1893 2315 2140 2362 numero,
2175 2297 2269 2352 sed
2303 2297 2357 2350 in
2395 2295 2530 2364 ipsis
2561 2293 2728 2347 rebus
2755 2288 2992 2359 positum
3026 2298 3178 2340 esse:
3206 2277 3478 2349 siquidem

1893 2409 2038 2449 nunc
2083 2391 2418 2445 arbitramur
2463 2372 2600 2441 alios
2651 2383 2872 2454 quidem
2948 2379 3182 2434 fortasse
3233 2368 3481 2427 veritatis

1899 2486 2262 2557 ignoratione,
2313 2481 2455 2536 alios
2501 2493 2632 2534 vero
2661 2491 2728 2531 eo
2763 2473 2908 2544 quod
2943 2469 3118 2524 nolint
3145 2463 3327 2519 verbis
3361 2475 3480 2514 mo-

1895 2578 2014 2633 lesti
2064 2591 2210 2639 esse,
2264 2575 2401 2628 alios
2434 2567 2910 2642 parvipcndentes,
2956 2576 3020 2616 ea
3045 2572 3166 2630 quae
3226 2555 3362 2610 fiunt
3391 2564 3485 2606 ne-

1893 2672 2116 2742 gligere.
2187 2667 2245 2722 Si
2303 2668 2470 2736 igitur
2501 2664 2883 2731 imperatorem
2934 2653 3114 2724 ipsum
3158 2648 3307 2703 adire
3354 2647 3503 2715 ρος-ξ

1896 2739 2006 2824 ses,
2040 2759 2095 2815 id
2127 2769 2180 2814 et
2209 2759 2374 2812 rebus
2405 2751 2911 2810 commodissimum
2948 2746 3090 2799 foret
3131 2748 3186 2796 et
3217 2739 3485 2810 praeclaro

1895 2855 2021 2908 vitae
2061 2860 2168 2908 tua:
2205 2851 2458 2906 instituto
2509 2847 2795 2901 decorum.
2865 2838 2958 2893 Sin
2987 2845 3168 2891 autem
3210 2833 3312 2887 hoc
3347 2830 3484 2885 alio-

1897 2944 1990 3014 qui
2025 2957 2192 3014 grave
2234 2948 2319 2995 est
2364 2949 2478 2991 tum
2513 2936 2584 2990 ob
2624 2932 2752 2987 anni
2797 2935 3170 2999 tempestatem
3196 2961 3212 2988 ,
3260 2931 3374 2975 tum
3413 2917 3488 2973 ob

1899 3011 2114 3090 aetatem
2145 3050 2303 3104 quae,
2343 3031 2420 3084 uti
2462 3038 2518 3083 tu
2563 3029 2678 3098 ipse
2708 3023 2868 3089 dicis,
2911 3019 3167 3076 comitem
3207 3015 3371 3070 habet
3398 3011 3485 3082 pi-

1902 3127 2155 3198 gritiam;
2193 3133 2248 3179 at
2285 3125 2477 3178 saltem
2526 3117 2804 3176 scribendi
2833 3115 3017 3170 nullus
3047 3110 3222 3164 labor.
3283 3105 3487 3172 Quam-

1902 3221 2113 3282 obrem,
2157 3218 2203 3273 si
2251 3217 2556 3270 litterarum
2603 3208 2916 3280 pra‘sidium
2951 3203 3140 3276 patriae
3182 3198 3486 3268 impertias,

1903 3315 2140 3386 primum
2185 3309 2403 3382 quidem
2456 3306 2714 3361 conscius
2780 3296 3099 3368 tibimetipsi
3143 3294 3286 3356 eris,
3353 3288 3490 3345 nihil

1908 3383 2053 3478 quod
2086 3405 2140 3458 in
2171 3413 2261 3456 tua
2290 3405 2560 3471 potestate
2593 3399 2759 3452 situm
2789 3401 2955 3454 esset,
2997 3405 3026 3444 a
3053 3395 3104 3442 te
3128 3385 3299 3440 fuisse
3321 3383 3492 3438 omiso

1903 3513 2059 3563 sum;
2107 3493 2303 3550 deinde
2337 3490 2554 3546 afflictis
2598 3488 2795 3546 etiam,
2847 3484 2964 3554 ipsa
2991 3473 3492 3535 commiserationis

1905 3592 2121 3662 specie,
2168 3589 2302 3644 satis
2345 3598 2601 3655 magnum
2644 3569 2840 3633 afferes
2881 3574 3161 3632 solatium.
3226 3568 3333 3623 Sed
3384 3567 3494 3621 uti-

1906 3698 2032 3737 nam
2067 3680 2182 3734 fieri
2215 3685 2417 3748 posset,
2447 3683 2507 3729 ut
2534 3675 2828 3726 interesses
2855 3667 2990 3737 ipsis
3013 3667 3198 3725 rebus,
3229 3675 3296 3714 ac
3317 3659 3495 3713 oculis

1906 3777 2018 3830 tuis
2052 3771 2368 3828 maestitiam
2413 3767 2652 3821 videres.
2710 3761 2801 3816 Sic
2846 3759 2993 3814 enim
3043 3755 3183 3810 forte
3217 3767 3288 3806 ex
3310 3764 3494 3805 rerum

1907 3869 2326 3933 conspectaru-n
2385 3855 2658 3912 evidentia
2727 3857 3082 3913 commotus,
3148 3856 3337 3899 vocem
3398 3839 3496 3893 a|i~

1909 3931 2073 4026 quam
2117 3959 2172 4007 et
2209 3950 2377 4004 animi
2425 3948 2504 4001 tui
2555 3942 2934 4014 magnitudine
2981 3946 3038 3994 et
3086 3935 3327 3991 civitatis
3354 3931 3498 3986 afﬂi-

1909 4024 2092 4099 ctione
2129 4041 2350 4112 dignam
2411 4039 2712 4094 emitteres.
2777 4032 2885 4088 Sed
2923 4039 3104 4085 tamen
3140 4024 3499 4082 narrantibus

1910 4135 2072 4190 nobis
2127 4131 2285 4185 fidem
2335 4144 2404 4182 ne
2471 4127 2724 4196 deroges.
2791 4121 3003 4177 Revera
3042 4117 3359 4181 Simonide,
3403 4123 3499 4170 aut

1911 4229 2094 4298 aliquo
2141 4224 2307 4280 simili
2333 4229 2490 4293 poeta
2533 4219 2938 4289 indigeremus,
2983 4212 3264 4268 evidenter
3304 4206 3498 4263 scienti

1911 4320 2254 4377 calamitates
2313 4319 2516 4386 lugere.
2602 4311 2712 4368 Sed
2769 4310 2901 4380 quid
2951 4307 3074 4362 dico
3122 4299 3501 4360 Simonidem?

1915 4410 2234 4484 [Eschylum
2279 4409 2462 4463 dicere
2512 4405 2777 4477 Oportuit,
2838 4409 2933 4456 aut
2987 4401 3033 4456 si
3093 4398 3218 4469 quis
3265 4395 3405 4450 alius
3449 4393 3500 4449 ei

1840 4505 1886 4562 Ι)
1916 4508 2132 4570 similis,
2173 4502 2502 4558 calamitatis
2550 4496 2984 4568 magnitudinem
3021 4493 3168 4548 clare
3199 4500 3500 4561 exponens,

1917 4612 2051 4652 voce
2081 4597 2186 4649 alta
2220 4594 2548 4647 lamentatus
2577 4598 2682 4642 est.

1991 4688 2043 4742 5.
2082 4684 2218 4739 Nam
2265 4691 2444 4738 coetus
2495 4681 2594 4744 illi,
2637 4689 3030 4746 sermonesque
3073 4679 3126 4728 et
3165 4669 3504 4727 eruditorum

1916 4781 2159 4835 virorum
2205 4777 2258 4830 in
2293 4775 2413 4829 foro
2441 4772 2738 4841 colloquia.
2789 4785 2854 4824 ac
2893 4780 3233 4839 quaecunque
3294 4760 3504 4818 civitati

1919 4881 2122 4926 nostrae
2175 4878 2335 4922 antea
2387 4880 2586 4920 nomen
2634 4871 2687 4917 et
2714 4862 2914 4916 famam
2968 4862 3339 4929 pepererant,
3400 4866 3506 4908 nos

1919 4964 2232 5019 deseruere.
2295 4958 2478 5025 Quare
2521 4956 2866 5012 eruditorum
2914 4958 2970 5008 et
3000 4948 3369 5018 eloquentium
3402 4944 3509 5000 bo-

1921 5054 2130 5107 minum
2176 5050 2357 5104 rarius
2403 5062 2550 5101 nunc
2604 5047 2894 5116 quisquam
2917 5041 2982 5094 ad
3026 5039 3203 5094 forum
3247 5035 3512 5092 accedere

1921 5144 2399 5214 deprehendatur,
2452 5155 2614 5210 quam
2665 5138 2797 5191 olim
2831 5134 3061 5188 Athenis
3091 5128 3330 5184 infamiae
3364 5127 3513 5182 notis

1921 5237 2114 5299 inusti,
2161 5241 2254 5286 aut
2292 5230 2550 5285 manibus
2583 5243 2692 5282 non
2742 5226 2888 5296 puri.
2951 5221 3272 5276 lntroducta
3303 5225 3388 5273 est
3415 5232 3515 5270 au-

1925 5434 2059 5474 mss.
2084 5427 2138 5473 et
2171 5416 2341 5488 paulo
2375 5421 2498 5484 post
2529 5409 2938 5488 iidem‘lt‘abent
2974 5403 3327 5488 ἐλλελοιπότα
3359 5399 3514 5486 βὰῑι.

1926 5471 2516 5561 τότε-..ξχαρισάμενος
2545 5493 2600 5536 et
2639 5479 2998 5561 ἐκλελοιπότι.
3039 5474 3241 5530 Ibidem
3269 5471 3518 5555 ῄκόντων

1927 5561 2080 5616 deest
2107 5545 2371 5627 innB'igot.‘
2399 5565 2452 5627 et
2488 5545 2618 5623 Reg.
2640 5545 3378 5627 primo,necunecessarium
3407 5547 3511 5627 est;

1998 5609 2371 5700 (“fama—63w,
2411 5625 2489 5679 Ita
2526 5609 2862 5700 Auis_si.__Edit-i
2920 5619 3108 5700 πάλαι.
3155 5615 3324 5700 Iidem
3380 5609 3514 5700 quia

1925 5680 2491 5773 pairlo'po—s'twbabent
2521 5692 2809 5764 ἐμϐάλλων
2834 5701 2887 5748 et
2917 5689 3162 5762 ἀτιμίας.
3196 5685 3329 5742 Mss.
3363 5690 3423 5737 ut
3457 5680 3515 5738 in

1929 5783 2099 5828 textu.
