3868 6218
352 288 465 349 447

1674 286 1735 343 S.
1775 283 2017 341 BASlLll
2054 286 2267 344 MAGNI

3505 295 3616 353 “8

358 419 470 466 tem
502 407 703 464 horum
729 408 854 464 loco
889 404 1215 479 Scytharum
1253 404 1616 478 quorumdam
1661 414 1755 459 aut
1791 404 1928 459 Mas-

2067 407 2258 466 ὶκυθῶν
2301 430 2461 470 τινων
2491 413 2524 485 ἦ
2551 412 2931 483 Μασσαγετῶν
2958 411 3196 485 ἀμουσία
3213 429 3229 446 ³
3263 412 3362 485 μία
3386 412 3444 466 δὲ
3460 413 3616 484 φωνὴ

356 506 670 570 sagetarum
693 497 928 552 inscitia.
966 495 1087 551 Una
1116 503 1295 552 autem
1338 512 1442 550 vox
1468 503 1553 551 est
1590 502 1936 559 exactorum,

362 597 418 646 et
462 604 652 645 eorum
699 604 730 643 a
764 589 967 659 quibus
1004 589 1263 659 exigitur,
1306 589 1512 659 quique
1565 585 1794 656 ﬂagellis
1836 600 1941 640 ca:-

363 682 594 738 duntur.
638 679 891 737 Porticus
935 681 1195 752 utrinque
1238 680 1468 751 lugubre
1520 678 1777 750 quiddam
1819 693 1944 748 per-

366 786 651 842 sonantes,
703 776 851 832 velut
896 775 1171 846 propriam
1226 773 1479 829 videmur
1527 787 1717 827 vocem
1758 772 1938 831 edere.

363 871 434 927 de
476 870 561 925 his
598 885 719 940 qua:
758 869 895 923 ﬁunt
927 868 1288 937 ingemcntes.
1344 864 1583 921 Occlusa
1623 871 1805 918 autem
1846 880 1944 935 gy-

367 963 578 1017 mnasia
609 969 663 1017 et
698 969 888 1018 noctes
949 977 1059 1015 non
1113 960 1418 1015 illustratus
1456 974 1567 1012 non
1600 957 1731 1013 sinit
1763 959 1945 1027 aliquo

366 1069 472 1110 nos
519 1055 574 1109 in
617 1069 847 1110 numero
892 1053 1095 1108 habere
1159 1053 1280 1123 ipsa
1324 1052 1393 1107 de
1450 1051 1563 1106 vita
1608 1050 1940 1106 sollicitudo.

369 1142 492 1198 Non
523 1143 666 1199 enim
701 1144 819 1198 leve
852 1141 1154 1211 periculum
1191 1148 1320 1205 est,
1352 1155 1424 1196 ne
1470 1141 1669 1194 amotis
1714 1139 1946 1209 optima-

373 1235 559 1301 tibus,
600 1235 746 1289 velut
784 1233 973 1289 fulcris
1002 1233 1430 1299 corruentibus,
1486 1232 1651 1288 simul
1691 1238 1945 1286 evertan-

374 1336 465 1382 tur
496 1328 702 1381 omnia.
747 1325 949 1395 Ecquis
987 1337 1167 1381 autem
1210 1341 1390 1381 sermo
1438 1324 1804 1405 exrprimendis
1845 1337 1946 1377 no—

373 1420 508 1475 stris
545 1418 705 1473 malis
760 1433 859 1488 par
902 1416 1118 1472 fuerit?
1165 1417 1271 1469 Alii
1327 1416 1579 1471 abierunt
1642 1414 1944 1486 fugientes,

374 1526 504 1582 pars
566 1517 791 1565 senatus
856 1509 1070 1573 nostri,
1118 1524 1228 1563 non
1260 1507 1573 1579 ignobilior,
1626 1515 1945 1577 perpetuum

374 1602 627 1659 exsilium
664 1600 925 1657 Podando
984 1600 1355 1673 praeferentes.
1401 1600 1536 1655 Cum
1599 1606 1781 1654 autem
1844 1596 1949 1652 Po-

376 1694 615 1751 dandum
648 1694 792 1761 dico,
825 1692 1055 1748 Ceadem
1088 1708 1175 1747 me
1212 1690 1539 1747 Laconicum
1572 1691 1754 1747 dicere
1796 1701 1945 1761 puta;

373 1794 473 1841 aut
527 1786 704 1843 sicubi
741 1786 992 1841 naturale
1026 1784 1344 1839 barathrum
1401 1783 1628 1850 vidisti;
1674 1798 1797 1854 quae
1830 1783 1949 1837 loca

378 1878 628 1933 nonnulli
661 1878 957 1942 Charonia,
990 1877 1210 1931 nomine
1254 1891 1351 1930 sua
1389 1883 1583 1946 sponte
1613 1873 1948 1936 occurrenti,

382 1971 767 2041 appellarunt,
823 1970 981 2039 170
1038 1968 1323 2023 exitiosam
1386 1983 1576 2021 auram
1618 1966 1951 2025 exhalantia.

379 2059 660 2130 Ejusmodi
696 2061 817 2115 loco
861 2059 1135 2130 persimile
1170 2059 1423 2114 existima
1453 2057 1696 2113 Podandi
1726 2059 1950 2112 malum.

383 2151 461 2206 Ex
489 2153 665 2209 tribus
687 2153 850 2223 igitur
877 2153 1148 2221 partibus,
1176 2151 1267 2205 alii
1305 2166 1428 2205 cum
1464 2151 1726 2207 uxoribus
1764 2165 1829 2204 ac
1867 2148 1953 2204 fo-

380 2245 464 2300 cis
513 2242 758 2316 iugiunt,
824 2246 915 2307 alii
970 2246 1317 2299 abducuntur
1348 2252 1408 2298 ut
1445 2244 1685 2314 captivi,
1717 2245 1955 2298 maxima

2042 506 2437 571 ἀπαιτούντων,
2487 507 2583 560 καὶ
2633 506 3047 577 ἀπαιτουμένων
3066 544 3082 570 ,
3131 505 3227 567 καὶ
3286 502 3618 575 ξαινομένων

2040 600 2162 661 ταῖς
2196 596 2439 669 μάστιξι.
2488 597 2651 652 Στοα)¹
2688 597 2732 650 δ’
2773 596 3111 669 ἑκατέρωθεν
3154 593 3474 666 σκυθρωπὸν
3519 595 3623 647 ὲπ-

2040 688 2273 760 ηχοῦσαι
2300 689 2411 757 (16)
2433 728 2448 753 ,
2476 684 2589 743 οἷον
2621 688 2828 741 οἰκείαν
2872 687 3120 741 δοκοῦσιν
3166 685 3384 754 ἀφιέναι
3432 686 3623 755 φωνὴν

2042 783 2155 842 τοῖς
2203 780 2510 851 γινομένοις
2563 778 3034 843 ὲπιστενάζουσαι.
3091 779 3374 849 Γυμνάσια
3432 777 3490 830 δὲ
3533 794 3625 830 κε-

2044 871 2341 942 κλεισμένα
2392 872 2489 925 καὶ
2537 874 2738 934 νύκτας
2766 872 3038 943 ἀλαμπεῖς
3072 871 3171 923 οὐκ
3199 871 3263 942 ἐᾷ
3282 871 3433 941 ἡμᾶς
3465 868 3621 921 οὐδὲν

2042 962 2354 1032 λογίζεσθαι
2400 965 2433 1036 ή
2490 963 2618 1035 περὶ
2674 962 2767 1015 τοῦ
2805 963 2903 1033 ζῇν
2937 960 3046 1033 (17)
3084 960 3309 1030 ἀγωνία.
3358 959 3623 1022 Κίνδυνος

2044 1055 2154 1126 γὰρ
2198 1055 2297 1125 οὐχ
2343 1056 2372 1108 ὁ
2420 1053 2618 1126 τυχὼν,
2668 1052 2778 1108 τῶν
2811 1052 3153 1126 κρατούντων
3193 1051 3620 1123 ὑφαιρεθέντων.

2046 1147 2233 1218 ὥσπερ
2253 1147 2540 1217 ὲρείσμασι
2559 1146 2805 1210 πεσοῦσι,
2825 1145 3316 1217 συγκατενεχθῆναι
3338 1143 3406 1197 τὰ
3422 1144 3620 1197 πάντα.

2046 1238 2157 1292 Καὶ
2178 1237 2260 1302 τίς
2287 1237 2354 1292 ἂν
2382 1237 2540 1306 λόγος
2562 1236 2671 1291 τῶν
2699 1237 2884 1291 κακῶν
2906 1237 3015 1291 τῶν
3030 1236 3311 1309 ἡμετέρων
3344 1235 3584 1305 ἐφίκοιτο
3605 1250 3623 1293 ς

2050 1332 2114 1384 Οί
2155 1330 2252 1401 μὲν
2298 1331 2536 1402 οἴχονται
2562 1329 2871 1399 φεύγοντες,
2903 1330 3065 1401 μέρος
3084 1328 3185 1398 τῆς
3216 1326 3409 1397 βουλῆς
3438 1324 3624 1396 ἡμῶν,

2048 1424 2108 1477 οὺ
2137 1422 2198 1475 τὸ
2226 1422 2577 1492 φαυλότατον,
2608 1420 2705 1492 τὴν
2726 1419 3012 1490 ἀειφυγίαν
3044 1416 3308 1473 Ποδανδοῦ
3350 1416 3627 1490 προτιμή-

2051 1533 2264 1580 σαντες.
2321 1518 2490 1570 Ὂταν
2548 1514 2606 1568 δὲ
2666 1512 2931 1567 Ποδανδδν
2979 1513 3138 1578 εἴπω,
3174 1510 3265 1564 τὸν
3306 1508 3517 1564 Κεάδαν
3555 1524 3628 1578 με

2049 1607 2163 1661 οἴου
2184 1605 2362 1675 λέγειν
2392 1606 2486 1659 τὸν
2514 1604 2827 1659 Λακωνικὸν
2854 1602 2989 1674 (18),
3022 1602 3056 1675 ἢ
3112 1603 3166 1655 ετ
3195 1617 3298 1654 που
3326 1599 3427 1668 τῆς
3453 1600 3638 1651 οἱκους

2055 1699 2225 1771 μένης
2246 1694 2387 1762 εἶδες
2437 1698 2707 1770 βάραθρον
2740 1696 3026 1766 αὐτοφυὲς,
3065 1694 3101 1749 ἀ
3128 1693 3192 1765 δὴ
3221 1693 3315 1748 καὶ
3335 1689 3632 1762 Χαρώνειά

2050 1808 2160 1845 τισι
2189 1789 2617 1861 προσαγορεύειν
2662 1787 2983 1859 αὐτομάτως
3023 1784 3275 1856 ἐπῆλθεν,
3307 1782 3444 1855 ἀέρα
3470 1798 3631 1835 νοσο-

2050 1882 2203 1936 ποιὸν
2233 1881 2344 1952 (l9)
2379 1880 2732 1934 ἀναπνέοντα.
2779 1878 3019 1950 Τοιούτῳ
3051 1878 3158 1931 τινὶ
3200 1875 3376 1938 ἐοικὸς
3406 1873 3634 1944 νόμισον

2049 1976 2146 2029 καὶ
2174 1974 2234 2027 τὸ
2267 1971 2534 2027 Ποδανδοῦ
2566 1972 2752 2026 κακόν.
2783 1971 2962 2044 Τριῶν
2985 1970 3165 2025 τοίνυν
3196 1969 3421 2041 μοιρῶν,
3451 1968 3501 2020 οἱ
3525 1966 3632 2038 μὲν

2051 2065 2340 2136 φεύγουσιν
2372 2066 2559 2128 αὑταῖς
2583 2063 2793 2133 γυναιξὶ
2823 2062 2918 2117 καὶ
2957 2061 3160 2125 ἑστίαις
3187 2058 3594 2121 ἀπαναστάντες
3612 2075 3634 2091 ε

2051 2162 2101 2215 οἱ
2133 2160 2189 2213 δὲ
2214 2160 2516 2228 ἀπάγονται
2558 2157 2750 2230 ὥσπερ
2785 2155 3142 2228 αἰχμάλωτοι,
3176 2152 3492 2208 οἱπλεῖστοι
3518 2150 3634 2207 τῶν

2053 2254 2110 2305 ὲν
2131 2255 2196 2323 τῇ
2239 2251 2390 2307 πόλει
2442 2250 2674 2322 ἄριστοι,
2719 2249 2950 2303 ἐλεεινὸν
2986 2247 3156 2317 φίλοις
3190 2245 3390 2316 θέαμα,
3416 2244 3636 2316 ἐχθροῖς

384 2351 511 2404 pars
544 2337 866 2407 optimatum
906 2336 1171 2401 civitatis,
1204 2338 1572 2392 miserandum
1603 2336 1794 2391 amicis
1832 2352 1957 2407 spe-

2067 2342 2109 2396 Βὲ
2128 2343 2292 2413 εὐχὴν
2312 2341 2712 2413 ἐκπληροῦντες
2731 2356 2746 2371 °
2776 2340 2825 2392 εἰ
2849 2339 2911 2410 δή
2937 2355 3021 2402 τις
3046 2337 3267 2406 γέγονεν
3288 2336 3425 2399 ὅλως
3440 2333 3636 2388 τοσοῦ-

383 2429 678 2493 ctaculum,
706 2429 1052 2484 inimicorum
1101 2436 1220 2483 vota
1252 2429 1532 2498 explentes
1564 2446 1578 2495 ;
1611 2429 1656 2483 si
1711 2429 1836 2498 quis
1879 2438 1957 2482 ta-

2067 2451 2144 2489 ιον
2191 2436 2323 2504 ἡμῖν
2363 2433 2799 2505 ἐπαρασάμενος.
2838 2431 3077 2502 Τριτάτη
3109 2428 3165 2481 δέ
3205 2446 3307 2481 που
3345 2430 3508 2499 μοῖρα
3537 2425 3635 2479 λέ-

294 2571 305 2582 ,
384 2535 508 2575 men
539 2521 762 2575 omnino
805 2520 1035 2585 exstitit,
1066 2521 1158 2590 qui
1205 2521 1366 2576 nobis
1415 2529 1624 2574 tantum
1677 2521 1802 2574 mali
1856 2520 1957 2574 im-

2067 2529 2291 2577 λειπται.
2327 2516 2486 2577 Οὗτοι
2514 2523 2590 2588 δὲ,
2618 2525 2718 2595 τήν
2734 2539 2793 2575 τε
2819 2520 3101 2591 ἀπόλειψιν
3124 2519 3230 2574 τῶν
3253 2519 3495 2591 συνήθων
3518 2518 3638 2590 (ΞΟ)

386 2620 723 2682 precaretur.
754 2610 938 2667 Tertia
966 2616 1080 2681 jam
1127 2613 1319 2667 relicta
1360 2628 1489 2682 pars
1516 2620 1620 2668 est.
1672 2611 1737 2668 lli
1776 2620 1955 2667 autem

2067 2618 2117 2671 οὐ
2146 2618 2423 2690 φέροντες,
2456 2616 2551 2671 καὶ
2579 2616 2695 2686 ἃμα
2718 2615 2816 2686 τῆς
2849 2613 3036 2685 χρείας
3062 2611 3380 2685 ἀτονώτεροι
3401 2609 3637 2681 ἀπελεγ-

385 2702 688 2758 amicorum
718 2718 783 2758 ac
839 2701 1189 2758 familiarium
1231 2718 1341 2757 non
1383 2702 1617 2757 ferentes
1656 2717 1956 2765 secessum,

2067 2709 2300 2780 χόμενοι,
2356 2707 2494 2779 πρὸς
2543 2707 2675 2760 αὐτὸ
2712 2705 2772 2758 τὸ
2803 2705 2902 2775 ζῇν
2950 2704 3304 2776 ἀπειρήκασι.
3349 2701 3538 2757 Ταῦτά
3573 2719 3637 2756 σε

386 2792 661 2863 simulque
713 2792 1045 2847 inﬁrmiores
1096 2806 1258 2862 quam
1308 2798 1369 2845 ut
1422 2791 1588 2846 rebus
1632 2788 1957 2845 necessariis

2067 2796 2269 2868 φανερά
2299 2795 2523 2866 ποιῆσαι
2545 2798 2678 2849 πᾶσι
2698 2793 3118 2868 παρακαλοῦμεν
3139 2795 3205 2864 τῇ
3234 2791 3458 2846 σεαυτοῦ
3481 2793 3637 2866 φωνῇ

389 2884 733 2955 provideant,
798 2884 964 2939 vitam
1010 2884 1186 2952 ipsam
1238 2881 1493 2937 oderunt.
1526 2881 1650 2937 Haec
1681 2882 1957 2937 hortamur

2067 2889 2155 2945 καὶ
2182 2891 2248 2960 τῇ
2291 2886 2518 2941 σεαυτοῦ
2568 2886 2852 2958 παρρησίᾳ
2897 2887 2964 2956 τῇ
3016 2881 3219 2953 δικαίᾳ,
3248 2882 3313 2953 ἥν
3347 2880 3489 2952 ἔχεις
3526 2881 3639 2936 ἀπὸ

391 2985 455 3031 ut
506 2984 636 3030 nota
694 2975 954 3041 omnibus
999 2974 1189 3035 facias.
1245 2981 1339 3029 tua
1368 2975 1545 3045 ipsius
1571 2991 1702 3030 voce
1726 2990 1788 3027 ac
1812 2974 1957 3043 justa

2067 2979 2153 3034 τοῦ
2199 2979 2347 3050 βίου’
2400 2981 2578 3032 έκεῖνο
2632 2976 2818 3047 σαφῶς
2875 2975 3226 3048 προειπόντα,
3285 2975 3387 3039 ὅτι,
3421 2972 3516 3027 ὲάν
3561 2971 3639 3045 μὴ

385 3067 604 3124 dicendi
656 3068 928 3130 libertate,
978 3083 1138 3139 quam
1171 3067 1267 3121 tibi
1316 3068 1427 3120 vita
1478 3068 1773 3131 conciliat;
1814 3068 1957 3121 clare

2067 3073 2199 3142 ταχὺ
2228 3068 2785 3142 μεταϐουλεύσωνται,
2807 3067 2913 3120 οὐδ’
2934 3066 3146 3131 ἕξουσιν
3171 3068 3250 3129 είς
3278 3063 3371 3127 οὒς
3391 3064 3491 3135 τὴν
3514 3064 3639 3133 φιλ-

390 3160 522 3216 illud
567 3160 893 3231 praedicens,
923 3159 1030 3215 nisi
1080 3160 1191 3214 cito
1225 3160 1513 3216 consilium
1540 3166 1750 3213 mutent
1780 3198 1795 3222 ,
1850 3175 1957 3213 non

2067 3162 2381 3234 ανθρωπίαν
2411 3158 2733 3226 ὲνδείξονται
2764 3159 2898 3230 (2|).
2940 3159 3011 3211 Ἢ
3037 3157 3146 3229 γὰρ
3175 3157 3382 3229 γενήσῃ
3411 3172 3465 3210 τι
3505 3155 3638 3225 ὄφε-

387 3249 677 3306 habituros
706 3250 765 3305 in
804 3251 1005 3322 quibus
1066 3252 1460 3306 humanitatem
1507 3249 1817 3307 ostendant.
1859 3246 1961 3305 Vel

389 3344 535 3399 enim
587 3343 794 3414 aliquid
846 3344 1035 3399 auxilii
1085 3345 1298 3401 laturus
1346 3361 1408 3402 es
1444 3345 1832 3400 communibus
1869 3359 1959 3399 rc-

391 3438 515 3501 bus,
573 3439 658 3494 vel
713 3438 905 3493 saltem
940 3438 1079 3493 idem
1119 3438 1389 3503 facturus,
1423 3439 1568 3508 quod
1603 3437 1792 3502 Solon,
1845 3439 1961 3508 qui,

391 3545 514 3584 cum
573 3529 722 3585 cives
770 3529 1062 3585 derelictos
1097 3519 1390 3586 defendere
1423 3546 1533 3585 non
1577 3537 1803 3594 posset,
1836 3545 1964 3585 arce

387 3620 500 3687 jam
562 3628 866 3690 occupata,
925 3630 1170 3675 armatus
1210 3626 1337 3676 ante
1382 3619 1525 3674 fores
1564 3619 1808 3683 sedebat,
1857 3619 1965 3674 hoc

392 3712 514 3780 ipso
539 3711 727 3766 habitu
764 3711 1074 3775 declarans,
1118 3728 1177 3768 se
1210 3712 1298 3766 his
1347 3728 1469 3782 quae
1504 3713 1704 3768 ﬂebant
1733 3728 1838 3766 non
1876 3727 1965 3767 as-

391 3803 608 3858 sentiri.
672 3802 792 3875 Hoc
820 3811 998 3860 autem
1043 3819 1144 3874 pro
1181 3814 1332 3859 certo
1399 3805 1535 3868 scio,
1572 3807 1735 3858 etiam
1767 3803 1811 3859 si
1840 3805 1967 3874 quis

394 3906 544 3947 nunc
596 3895 923 3949 sententiam
969 3902 1119 3948 tuam
1198 3911 1308 3949 non
1355 3895 1568 3966 probet,
1629 3896 1791 3965 paulo
1843 3900 1968 3966 post

469 4134 1017 4209 (16)]Επηχρῦσαι.
1056 4136 1213 4209 Med.
1257 4137 1585 4209 ἀπηχοῦσαι.
1635 4137 1804 4192 Paulo
1844 4146 1968 4208 post

397 4203 527 4277 editi
559 4203 753 4277 νύκτες
779 4203 1074 4275 ἀλαμπεῖς.
1114 4203 1543 4277 ριιίιιᾳιιεὲ”ιιιεε.
1579 4215 1638 4262 ut
1696 4209 1747 4260 in
1794 4203 1963 4262 textu.

400 4276 571 4334 Erant
606 4275 690 4328 bre
731 4284 1012 4330 nocturna:
1042 4275 1292 4332 lucerna!
1310 4279 1451 4331 inter
1481 4285 1801 4332 ornamenta
1834 4279 1968 4332 civi-

399 4354 612 4415 satum,
650 4345 849 4415 sedin
908 4346 1059 4415 luctu
1101 4347 1320 4415 publico
1372 4348 1651 4401 intermitti
1698 4349 1965 4403 solebant.

2061 3256 2151 3319 λος
2181 3257 2292 3318 τοῖς
2309 3256 2528 3316 κοινοῖς,
2556 3253 2590 3323 ἢ
2622 3252 2682 3306 τό
2709 3268 2773 3320 γε
2789 3249 2882 3304 τοῦ
2911 3249 3149 3313 Σόλωνος
3172 3243 3487 3317 πεποιηκὼς
3513 3242 3636 3315 ἔσῃ,
3708 3278 3715 3281 τ

2061 3347 2121 3412 ὃς
2145 3349 2255 3410 τοῖς
2287 3344 2659 3414 ἀπολειφθεῖσι
2697 3342 2805 3396 τῶν
2838 3341 3071 3396 πολιτῶν
3115 3338 3344 3410 ἀμύνειν
3388 3335 3500 3409 (2‘2)
3535 3334 3639 3388 οὐκ

2063 3438 2223 3511 ἔχων,
2270 3438 2374 3507 τῆς
2417 3436 2764 3508 ἀκροπόλεως
2806 3434 2906 3505 ἤδη
2952 3431 3344 3503 κατεχομένης,
3383 3427 3450 3481 τὰ
3496 3426 3639 3481 ὅπλα

2063 3531 2215 3593 ἐνδὺς
2238 3529 2343 3603 πρὸ
2370 3529 2477 3583 τῶν
2508 3528 2684 3600 θυρῶν
2729 3527 2841 3598 (23)
2869 3525 3175 3589 ἐκαθέζετο,
3203 3521 3421 3594 εὔδηλος
3457 3520 3534 3573 ὢν
3558 3519 3639 3590 τῷ

2066 3624 2323 3694 σχήματι.
2377 3624 2491 3683 τοῖς
2543 3619 2848 3690 γινομένοις
2878 3617 2938 3669 οὐ
2980 3614 3378 3685 συντιθέμενος.
3432 3612 3641 3665 Ἐκεῖνο

2064 3712 2109 3766 δ’
2144 3710 2385 3783 ἀκριϐῶς
2416 3707 2550 3772 οἶδα,
2579 3710 2682 3771 ὅτι,
2728 3707 2824 3761 καὶ
2850 3707 2902 3759 εἴ
2930 3706 3015 3768 τίς
3040 3722 3133 3759 σου
3159 3704 3255 3760 νῦν
3296 3704 3393 3776 τὴν
3414 3702 3645 3773 γνώμην

2071 3803 2145 3875 μὴ
2194 3802 2527 3874 ἀποδέχοιτο,
2564 3798 2760 3871 μικρὸν
2798 3794 3022 3870 ὕστερόν
3058 3814 3139 3850 σοι
3176 3796 3285 3867 (24)
3324 3794 3536 3858 εὐνοίας
3579 3809 3641 3845 τε

2070 3894 2206 3966 ὁμοῦ
2242 3896 2335 3949 καὶ
2379 3894 2648 3956 συνέσεως
2689 3892 2786 3964 τὴν
2817 3891 3080 3963 μεγίστην
3120 3887 3276 3954 δόξαν
3317 3886 3640 3959 προσθήσει,

2143 4136 2265 4209 (21)-
2288 4134 2729 4209 ρενδείξογται.
2754 4131 2846 4209 _l_ta
2877 4129 3381 4209 tresvetustissinti
3418 4129 3642 4209 codices

2075 4199 2201 4262 cuin
2236 4199 2454 4262 duobus
2494 4204 2661 4258 aliis:
2704 4203 2833 4258 editi
2881 4201 3247 4266 ένδείξωνται.
3304 4199 3472 4253 Paulo
3515 4206 3643 4321 post

2076 4280 2319 4321 nuinnne
2338 4275 2578 4321 codices-
2608 4274 2702 4321 sed
2732 4289 2840 4321 non
2870 4271 3262 4321 antiquissimi.
3290 4269 3362 4321 "H
3386 4270 3493 4321 γάο
3548 4269 3641 4321 γέ-

2076 4280 2319 4348 quinque
2338 4275 2578 4339 codices,
2608 4274 2704 4329 sed
2732 4289 2841 4327 non
2870 4271 3262 4343 antiquissimi,
3290 4269 3362 4323 "H
3386 4270 3493 4341 γὰρ
3518 4269 3641 4338 ἐγέ-

2067 4364 2161 4404 νου
2169 4388 2181 4401 .

402 4413 850 4487 ngle‘Libanius
879 4415 933 4469 in
958 4407 1122 4487 Orat.
1155 4416 1223 4470 ad
1244 4416 1614 4472 Antiochenos
1644 4417 1712 4472 de
1740 4418 1957 4486 Impera-

2146 4416 2259 4487 (22)
2309 4416 2592 4487 Ἀμύνων.
2626 4412 2847 4487 Addunt
2871 4410 3002 4487 editi
3038 4410 3139 4487 τῇς
3168 4408 3498 4487 ἐλευθερίας.
3522 4407 3646 4466 Duo

403 4484 542 4538 toris
570 4483 671 4547 ira,
694 4485 885 4558 suadet
920 4486 1154 4548 civibus,
1189 4496 1249 4540 ut
1282 4488 1379 4558 has
1411 4487 1661 4558 lucernas
1707 4479 1972 4558 tantisper
2000 4479 2037 4485 ⁷
2083 4479 2215 4543 mss.
2347 4479 2644 4558 ἐλευθερίᾳ,
2682 4483 2777 4558 se_d
2812 4483 2927 4558 hgc
2956 4483 3012 4535 in
3043 4479 3165 4558 aliis
3187 4479 3404 4558 desunt.

405 4562 699 4623 seponam,
730 4555 813 4609 vel
836 4559 1074 4610 rariores
1103 4556 1425 4614 accendant.
1454 4556 1587 4612 Vide
1608 4555 1977 4623 Ammianum,

405 4624 507 4697 lib.
543 4640 654 4690 XIV,
677 4638 730 4678 c.
758 4626 805 4689 I,
826 4633 881 4680 et
910 4633 1096 4679 notam
1129 4624 1354 4693 Valesii,
1383 4642 1451 4682 ex
1484 4642 1593 4697 qua
1628 4629 1741 4682 haec
1772 4630 1977 4684 deliba-

492 4663 507 4677 .
543 4645 654 4690 xiv,
677 4645 730 4678 ο.
758 4645 805 4689 ι,
826 4645 881 4680 et
910 4645 1096 4679 nntam
1139 4645 1354 4693 vatesu,
1383 4645 1451 4682 ex
1484 4645 1593 4693 qua
1629 4645 1741 4682 ιιωο
1772 4645 1979 4684 ucuoa-

404 4710 603 4750 minus.

476 4763 755 4835 (l7)fIIspl
781 4761 888 4835 τοῦ
916 4762 1040 4833 ζῇν.
1072 4765 1150 4819 ita
1183 4763 1346 4832 Med.,
1382 4764 1689 4835 Harl.,Vat.
1723 4775 1779 4822 et
1807 4767 1976 4825 Coisl.

404 4833 714 4907 secundus,
769 4833 919 4907 editi
956 4835 1091 4907 napi.
1130 4837 1191 4889 τὸ
1216 4836 1345 4907 ζῇν.
1379 4834 1583 4892 Ibidem
1631 4837 1783 4892 οὐδέν
1826 4839 1981 4896 deest

405 4902 873 4976 anteloyiﬁsqﬂat
907 4904 963 4959 in
995 4902 1181 4959 eodem
1212 4902 1388 4976 Bi'got.

478 4974 592 5050 (18)
628 4972 933 5050 Reddas-1..
976 4972 1362 5050 Aaacwruqd}._
1386 4975 1480 5050 Sic
1518 4979 1817 5034 vocabatur
1837 4980 1979 5050 apud

408 5043 850 5120 Lacedaemonios
871 5045 1206 5120 horrendum
1234 5047 1724 5120 illudbarathrum,
1751 5053 1802 5103 in
1834 5043 1977 5120 quod

410 5115 780 5188 maximorum
804 5115 1104 5188 criminum
1122 5132 1254 5188 reos
1283 5116 1521 5188 dejicere
1547 5119 1813 5186 solebant,
1846 5115 1980 5176 teste

408 5184 702 5255 Pausania,
726 5185 820 5239 lib.
845 5201 918 5246 tv,
953 5201 1009 5255 p.
1038 5185 1164 5240 250.

478 5254 589 5335 (l9)
635 5254 995 5335 ένοσοποιόνε
1034 5255 1125 5335 _l_ta
1168 5257 1679 5335 tresvetustissimi
1714 5261 1930 5335 codices
1963 5278 1976 5314 :

409 5325 543 5396 editi
592 5324 932 5396 φθοροποιὸν.
962 5324 1140 5381 Julius
1194 5326 1383 5383 Pollux
1443 5337 1497 5384 et
1549 5328 1746 5385 Suidas
1785 5330 1982 5385 docent

410 5394 744 5473 tiharoniam
780 5403 1026 5449 vocatam
1062 5396 1232 5473 (uisse
1284 5398 1704 5473 Atbenisunam
1742 5401 1982 5456 carceris

406 5468 805 5542 januaniner
826 5481 990 5542 quam
1015 5468 1091 5520 rei
1122 5469 1202 5542 ad
1225 5477 1462 5542 mortem
1495 5469 1857 5542 ducebantur.

385 5531 416 5610 ς
486 5531 618 5610 (20)⁸
640 5531 763 5610 Td)!
791 5531 1092 5610 ᾳὺγήθων.
1122 5535 1261 5610 Med.
1286 5538 1392 5591 τῶν
1422 5539 1706 5610 συνοίκων,
1730 5549 1791 5594 ct-
1821 5540 1983 5610 paulo

390 5602 536 5679 ipost
584 5601 1125 5679 'di‘todoukdcwv-rat.
1184 5606 1482 5678 Utrumque
1531 5601 1847 5667 Harlmanus
1901 5613 1980 5667 sic

388 5676 396 5691 '
415 5673 626 5729 videtur
649 5671 924 5728 habuisse.

2152 4541 2265 4628 (2'5)
2287 4541 2414 4628 ’ΪΙρρ
2451 4541 2571 4628 ab}
2602 4541 2819 4628 ὄυρῷν.
2854 4551 2991 4628 Tres
3022 4549 3397 4628 antiquissimi
3418 4548 3642 4628 codices

2080 4619 2281 4685 habent
2320 4619 2427 4697 πρὸ
2461 4625 2568 4678 τῶν
2610 4619 2988 4697 πυλῷνηῳιοι]
3018 4619 3242 4697 cum’de
3279 4619 3643 4697 urbisportis

2082 4687 2652 4768 intelligatur._minus
2682 4694 2807 4768 huic
2831 4687 2950 4746 loco
2970 4691 3247 4768 convenit.
3282 4688 3336 4768 Id
3371 4687 3516 4768 enim
3539 4687 3646 4744 So—

2082 4760 2288 4822 lonem'
2304 4783 2402 4836 pro
2438 4765 2652 4820 foribus
2682 4763 2881 4836 domus
2909 4776 3023 4836 suae
3058 4761 3259 4815 fecisse
3282 4760 3553 4836 discimus
3572 4775 3645 4814 ex

2079 4827 2374 4893 Plutarcho
2392 4875 2407 4900 ,
2439 4836 2532 4905 qui
2564 4849 2676 4889 rem
2707 4833 2870 4905 paulo
2894 4832 3054 4886 aliter
3076 4835 3268 4905 narrat
3295 4827 3644 4905 acBasilius.

2004 4912 2017 4925 '
2079 4910 2136 4963 in
2171 4909 2331 4969 libro,
2378 4898 2599 4960 An'seni
2629 4898 2858 4975 gerendo
2895 4905 2965 4975 sit
2995 4900 3310 4969 respublica.
3330 4898 3434 4975 _Ait
3472 4900 3645 4959 enim,

2081 4980 2175 5034 ubi
2213 4969 2759 5048 deprehensum'fuit
2798 4970 3172 5048 Pisistratum,
3203 4969 3434 5048 gratiam
3470 4982 3648 5047 popu-

2081 5051 2248 5104 larem
2285 5038 2581 5116 captando,
2618 5041 2963 5116 tyrannidem
2994 5040 3174 5095 moliri
3203 5038 3225 5093 ί
3252 5039 3471 5116 nemine
3506 5038 3651 5092 resi-

2082 5126 2227 5175 stcre
2255 5109 2511 5180 audente,
2537 5109 2791 5168 Solonem
2817 5127 2917 5167 sua
2947 5125 3100 5164 arma
3125 5109 3411 5171 extulisse,
3433 5118 3491 5180 et
3514 5115 3647 5180 ante

2080 5190 2302 5243 domum
2335 5177 2707 5256 proposuisse,
2753 5181 2912 5245 αὐτὸς
2938 5179 3366 5256 ἐξενεγκάμενος
3390 5177 3647 5256 τάιὸπλα,

2081 5261 2173 5313 καὶ
2196 5258 2300 5330 πρὸ
2320 5248 2420 5327 τῆς
2440 5248 2617 5320 οἰκίας
2641 5254 2983 5330 θέμενος-ειη
3005 5248 3242 5330 cives
3270 5248 3648 5330 deicit-sionem

2081 5316 2515 5383 horta'tunt'esse
2541 5346 2553 5381 :
2579 5316 2815 5393 cumque
2846 5322 2914 5375 ad
2944 5334 3069 5393 eum
3108 5320 3353 5393 misisset
3389 5316 3649 5393 Pisistra-

2083 5412 2190 5464 tus,
2223 5398 2316 5469 qui
2345 5404 2603 5469 rogarent
2651 5389 2887 5465 quanam
2938 5407 2996 5469 r_e
3042 5390 3216 5445 fretus
3258 5389 3377 5443 haec
3420 5389 3649 5452 faceret,

2081 5461 2203 5525 eum
2228 5461 2609 5539 respondisse,
2643 5461 2924 5539 senectute
2953 5461 3153 5515 fretum
3184 5474 3244 5514 se
3266 5474 3411 5539 esse.

2152 5538 2265 5609 (24)
2298 5526 2604 5609 ’Ῠστερόιί
2631 5551 2752 5609 σοι,
2781 5532 2991 5609 _l_)ee_rat
3021 5544 3323 5609 p_r_on_omen
3367 5530 3423 5584 in
3456 5526 3645 5592 editis,

2085 5599 2330 5665 additum
2370 5625 2433 5663 cx
2469 5599 2748 5664 Iodicibus
2781 5602 2928 5657 Harl.
2963 5599 3193 5657 etMed.
