3868 6218
373 256 471 317 δι

1717 249 1775 304 S.
1815 246 2062 303 BASILII
2103 242 2318 300 MAGNI

3534 230 3641 284 ιδιι

371 392 481 449 que
509 375 802 446 plurimum
833 375 889 430 in
920 375 1089 430 rebus
1114 376 1363 445 potestis.
1392 373 1499 429 Sed
1525 374 1654 444 quia
1686 381 1744 427 et
1769 387 1963 442 corpo-

2089 370 2268 430 .οιποῖς
2312 366 2428 418 ὅσοι
2463 361 2555 414 ἐπὶ
2591 358 2855 429 μεγίστης
2887 353 3010 408 ἐστέ
3045 352 3327 449 δυνάμεως
3355 347 3464 449 τῶν
3495 363 3647 449 πραῖ

373 469 454 523 ris
483 465 697 522 infirma
724 464 997 527 valetudo,
1023 473 1078 520 et
1125 464 1497 521 Ecclesiarum
1533 479 1621 520 me
1661 479 1794 518 cura
1824 464 1964 517 deti-

383 566 499 620 net,
548 555 766 614 interim
825 574 920 628 per
963 559 1248 629 epistolam
1303 558 1590 612 lamentari
1629 557 1772 627 apud
1817 565 1963 610 tuam

375 650 806 721 magnitudinem
849 650 1138 716 festinavi;
1173 649 1464 704 declarans
1509 663 1614 703 uec
1655 647 1964 702 naviculam

378 743 439 796 in
472 742 612 795 mari
645 742 1060 796 vehementibus
1100 742 1278 795 ventis
1312 741 1626 794 immersam
1662 739 1738 792 ita
1766 738 1966 793 veloci-

379 842 468 890 ter
496 848 559 888 ex
594 833 771 887 oculis
809 847 1050 902 unquam
1084 834 1410 896 evanuisse,
1456 845 1632 900 neque
1662 830 1850 885 urbem
1885 830 1968 882 ul-

381 925 490 978 lam
527 932 687 978 terrae
720 925 958 979 motibus
985 938 1269 978 excussam
1301 930 1396 977 aut
1426 923 1582 992 aquis
1629 922 1968 976 submersam

384 1016 459 1068 ita
489 1016 669 1069 subito
693 1016 940 1084 periisse,
969 1026 1026 1070 ut
1051 1015 1245 1070 civitas
1270 1025 1459 1071 nostra
1494 1017 1595 1070 hac
1618 1031 1759 1069 nova
1787 1030 1968 1070 rerum

383 1107 860 1161 administratione
892 1108 1149 1176 absorpta
1191 1107 1247 1160 in
1285 1107 1513 1162 exitium
1554 1106 1801 1161 funditus
1836 1106 1972 1161 inci-

385 1197 484 1251 dit.
519 1197 699 1266 Atque
729 1197 863 1252 adeo
907 1205 1094 1250 nostra
1125 1198 1180 1250 in
1218 1197 1456 1252 fabulam
1497 1213 1736 1253 cessere.
1775 1198 1969 1251 Actum

387 1294 470 1342 est
498 1286 641 1340 enim
689 1286 757 1341 de
801 1288 1041 1342 civitatis
1080 1287 1314 1354 ordine;
1359 1289 1537 1343 omnis
1584 1297 1762 1343 autem
1795 1288 1972 1343 civilis

387 1386 566 1435 ccetus
595 1377 665 1431 ob
693 1393 777 1444 ea,
807 1395 928 1447 quae
957 1380 1370 1449 magistralibus
1404 1379 1722 1433 acciderunt
1745 1418 1759 1438 ,
1791 1378 1974 1431 animo

388 1473 706 1534 concidens,
736 1472 962 1525 urbanis
995 1471 1207 1526 aedibus
1252 1470 1510 1533 desertis,
1562 1485 1656 1538 per
1711 1483 1871 1538 agros
1919 1475 1973 1522 et

391 1577 520 1615 rura
551 1563 856 1633 divagatur.
905 1559 1022 1614 Jam
1067 1559 1265 1615 defecit
1307 1574 1488 1614 rerum
1538 1558 1973 1613 necessariarum

391 1654 688 1709 tractatio:
721 1670 784 1708 ac
818 1655 1044 1707 omnino
1086 1653 1460 1722 spectaqdum
1497 1649 1857 1704 fmdissimum
1894 1647 1975 1702 fa-

2065 458 2294 526 γμὰτων
2313 472 2328 484 ·
2361 451 2550 520 ἐπειδὴ
2573 449 2627 502 δέ
2661 449 2694 517 ἦ
2721 464 2782 499 τε
2805 444 2900 498 τοῦ
2934 443 3186 512 σώματος
3215 437 3520 511 ἀρρωστία,
3549 436 3650 490 καὶ

2067 551 2100 620 ἡ
2132 549 2241 600 τῶν
2274 542 2611 612 Ἐκκλησιῶν
2660 539 2944 610 ἐπιμέλεια
2973 535 3195 604 κατέχει
3229 550 3296 604 με
3323 572 3337 595 ,
3386 532 3525 595 τέως
3557 529 3650 584 διὰ

2067 639 2393 710 γράμματος
2423 630 2801 700 ἀποδύρασθαι
2838 628 2975 700 πρὸς
3009 625 3108 697 τὴν
3141 624 3238 695 σὴν
3291 623 3651 694 μεγαλόνοιαν

2067 729 2360 800 ἐπείχθηνο
2405 725 2715 798 γνωρίζων,
2763 723 2847 775 ὃτι
2903 719 3028 772 οὕτε
3072 719 3281 786 σκάφος
3333 717 3391 770 ἐν
3421 711 3650 782 πελάγει

2068 821 2342 891 πνεύμασι
2372 818 2566 889 βιαίοις
2586 811 3030 882 ,καταδαπτισθὲν
3058 808 3233 872 οὕτως
3263 805 3478 879 ἀθρόως
3504 809 3654 875 ἠφα-

2069 912 2226 982 νίσθη
2258 910 2410 976 ποτὲ,
2439 908 2500 962 οὐ
2529 909 2774 977 σεισμοῖς
2809 902 3124 974 ἐκτριϐεῖσα
3145 901 3320 963 πόλις,
3344 900 3442 970 οὐχ
3464 897 3655 952 ὕδασιν

2071 1002 2458 1056 ἐπικλυσθεῖσα
2502 1003 2584 1064 εἰς
2623 997 2816 1070 ἀθρόον
2848 995 2985 1067 (52)
3028 992 3335 1063 ἀφανισμὸν
3373 991 3656 1062 ἐχώρησεν

2070 1093 2264 1158 οὕτως,
2295 1093 2370 1157 ὼς
2399 1094 2432 1164 ἡ
2465 1090 2711 1163 ἡμετέρα
2749 1090 2814 1159 τῇ
2850 1089 3010 1158 καινῇ
3049 1085 3223 1157 ταύτῃ
3254 1083 3362 1136 τῶν
3389 1081 3652 1154 πραγμά-

2071 1203 2178 1238 των
2222 1183 2504 1254 οἰκονομίᾳ
2541 1178 2936 1234 καταποθεῖσα’
2965 1179 3047 1241 είς
3080 1176 3356 1230 ἀπώλειαν
3403 1174 3655 1246 ἐχώρησε

2073 1275 2330 1346 παντελῆ.
2358 1275 2468 1327 Καὶ
2504 1271 2670 1343 μῦθος
2705 1271 2896 1340 γέγονε
2931 1268 3000 1322 τὰ
3022 1268 3286 1339 ἡμέτερα.
3308 1268 3529 1336 Οἱ’χεται
3554 1265 3657 1335 μὲν

2026 1379 2034 1386 '
2073 1367 2183 1440 γάρ
2230 1367 2292 1419 τὸ
2350 1365 2672 1434 πολίτευμα·
2717 1362 2828 1432 (55)
2876 1363 2985 1415 πᾶν
3016 1361 3072 1414 δὲ
3121 1360 3182 1414 τὸ
3226 1357 3500 1412 πολιτικὸν
3541 1355 3656 1425 (54)

2077 1460 2385 1529 σύνταγμα,
2425 1460 2489 1528 τῇ
2535 1457 2663 1526 περὶ
2700 1456 2828 1518 τοὺς
2860 1451 3197 1523 κρατοῦντας
3242 1451 3453 1522 ἀθυμίᾳ
3487 1465 3660 1503 κατα-

2075 1553 2230 1607 λιπὺν
2258 1553 2355 1625 τὴν
2413 1553 2470 1604 ἐν
2521 1554 2588 1621 τῇ
2625 1549 2779 1602 πόλει
2822 1548 3056 1618 οἴκησιν,
3085 1546 3173 1600 διὰ
3224 1545 3324 1616 τῆς
3368 1544 3659 1615 ἀγροικίας

2077 1646 2364 1700 πλανᾶται.
2431 1643 2539 1713 (55)
2604 1641 2942 1695 Ἐπιλέλοιπε
2985 1638 3043 1692 δὲ
3092 1637 3276 1690 λοιπὸν
3315 1636 3412 1690 καὶ
3461 1639 3494 1707 ἡ
3547 1633 3660 1687 τῶν

389 1753 477 1799 cta
508 1753 610 1806 est.
638 1762 762 1815 qua:
794 1746 946 1814 prius
989 1721 1214 1798 tumide
1265 1734 1519 1797 lﬁteratis
1569 1741 1721 1805 viris,
1753 1751 1865 1794 tum
1905 1740 1974 1794 de

2089 1737 2389 1806 ἀναγκαίων
2427 1735 2685 1797 διάθεσις,
2715 1736 2811 1786 καὶ
2836 1733 2973 1796 ὅλως
3004 1731 3316 1802 ἀωρότατον
3346 1729 3527 1800 θέαμα
3559 1742 3659 1796 γε·

391 1837 618 1906 reliquis
673 1837 856 1897 bonis,
905 1835 1107 1904 quibus
1157 1834 1428 1903 opulentae
1456 1831 1620 1886 urbes
1669 1831 1971 1894 abundant,

389 1928 749 1999 gloriabatur.
798 1927 978 1983 Unum
1030 1933 1212 1980 autem
1272 1925 1552 1989 duximus,
1594 1933 1651 1978 ut
1694 1927 1749 1977 in
1799 1925 1977 1987 malis,

394 2018 672 2078 solatium.
706 2019 1047 2073 calamitates
1097 2024 1317 2072 nostras
1373 2015 1514 2086 apud
1549 2023 1697 2070 tuam
1742 2017 1981 2069 clemen-

392 2111 525 2164 tiam
559 2109 779 2176 deﬂere,
811 2125 875 2164 ac
917 2111 1236 2172 obsecrare,
1292 2109 1337 2164 si
1373 2108 1504 2178 quid
1539 2117 1712 2178 potes,
1753 2116 1810 2162 ut
1843 2108 1980 2161 civi-

393 2201 492 2256 tati
525 2201 579 2256 in
608 2216 782 2272 genua
823 2202 1124 2272 provoluta:
1163 2202 1413 2269 porrigas
1465 2215 1704 2253 manum.
1765 2199 1978 2254 Modum

393 2307 526 2347 vero
555 2309 664 2363 quo
693 2294 858 2348 rebus
898 2302 1203 2362 opportune
1230 2292 1548 2354 subvenias,
1581 2291 1832 2361 equidem
1866 2292 1982 2360 ipse

394 2383 641 2439 indicare
666 2401 774 2439 non
814 2399 1062 2454 possum.
1099 2381 1206 2438 Sed
1246 2382 1343 2436 tibi
1379 2383 1604 2435 omnino
1644 2389 1696 2436 et
1739 2383 1982 2438 invenire

395 2477 468 2531 ob
493 2478 834 2546 prudentiam
868 2476 1064 2538 facile,
1091 2482 1146 2530 et
1185 2475 1265 2529 uti
1296 2475 1531 2530 inventis
1570 2475 1641 2528 ob
1670 2474 1852 2528 datam
1885 2475 1981 2528 tibi

397 2582 429 2621 ι
459 2567 570 2625 Deo
597 2577 924 2638 potestatem
957 2583 1070 2622 non
1101 2567 1338 2624 difﬁcile.

751 2895 908 2964 172
943 2892 1286 2948 EPISTOLA
1323 2891 1601 2947 LXXVII'.

2079 1829 2302 1899 γένηται
2345 1828 2378 1897 ἡ
2429 1825 2696 1896 πρότερον
2732 1821 2958 1894 ἀνδράσι
3006 1839 3063 1875 τε
3102 1820 3306 1890 λογίοις
3355 1817 3662 1887 ἐπαγαλλο-

2085 1919 2218 1990 μένη
2255 1918 2348 1971 καὶ
2381 1921 2492 1980 τοῖς
2533 1916 2759 1981 λοιποῖς,
2797 1909 2877 1978 οἷς
2905 1905 3269 1984 εὐθηνοῦνται
3290 1910 3473 1974 πόλεις
3500 1912 3660 1964 ἀνεν-

2081 2009 2214 2073 δεῶς
2255 2009 2561 2076 διάγουσαι.
2599 2009 2744 2060 Μίαν
2773 2007 2829 2058 δὲ
2880 2005 3210 2076 ἐνομίσαμεν
3252 2003 3328 2067 ὡς
3378 2005 3437 2056 έν
3468 2001 3662 2065 δεινοῖς

2082 2082 2436 2172 παραμυθίαν
2464 2096 2624 2163 εἶναι,
2653 2098 2714 2150 τὸ
2736 2096 3085 2162 ἐπιστενάξαι
3113 2098 3227 2159 τοῖς
3254 2093 3662 2166 πάθεσιν

2082 2190 2219 2262 πρὸς
2250 2190 2347 2260 τὴν
2397 2188 2495 2259 σὴν
2527 2188 2865 2260 ἡμερότητα,
2909 2187 3004 2240 καὶ
3055 2185 3454 2258 παρακαλέσαι,
3489 2185 3541 2238 εἰ
3577 2198 3665 2246 τις

2081 2283 2333 2353 δύναμις,
2364 2284 2522 2352 χεῖρα
2551 2280 2736 2352 ὀρέξαι
2763 2283 2828 2351 τῇ
2877 2279 3029 2332 πόλει
3059 2278 3214 2350 ἡμῶν
3257 2279 3337 2342 είς
3373 2277 3502 2346 γόνυ
3543 2275 3665 2329 κλι-

2083 2374 2258 2444 θείσῃ.
2297 2373 2398 2425 Τὸν
2427 2372 2484 2425 δὲ
2510 2371 2710 2442 τρόπον
2737 2371 2804 2424 δι’
2831 2363 2892 2424 οὗ
2929 2370 2996 2425 ἂν
3039 2371 3216 2439 γένοιο
3249 2372 3306 2422 ἐν
3336 2367 3513 2439 καιρῷ
3548 2367 3664 2438 (³56)

2082 2467 2196 2527 τοῖς
2246 2466 2593 2534 πράγμασιν,
2644 2463 2806 2526 αὐτὸς
2839 2463 2937 2534 μὲν
2978 2461 3316 2533 εἰσηγεῖσθαι
3369 2462 3470 2514 οὐκ
3518 2460 3663 2531 ἔχω’

2085 2557 2168 2608 σοὶ
2193 2556 2250 2608 δὲ
2274 2557 2492 2618 πάντως
2521 2555 2612 2609 καὶ
2645 2555 2828 2627 εὑρεῖν
2849 2554 2938 2608 διὰ
2965 2555 3065 2626 τὴν
3100 2554 3315 2608 σύνεσιν
3341 2553 3542 2626 ῥᾴδιον,
3573 2553 3668 2607 καὶ

2084 2647 2396 2719 χρήσασθαι
2427 2647 2539 2718 (57)
2586 2649 2701 2710 τοῖς
2735 2647 3026 2718 εὑρεθεῖσι,
3070 2647 3160 2700 διὰ
3190 2647 3290 2717 τὴν
3341 2644 3494 2717 παρὰ
3529 2645 3665 2698 Θεοῦ

2087 2757 2168 2792 σοι
2197 2738 2487 2810 δεδομένην
2514 2737 2766 2810 δύναμιν,
2791 2739 2850 2792 οὐ
2881 2739 3136 2809 χαλεπόν.

2623 2894 2970 2948 ΕΠΙΣΤΟΛΗ
3009 2895 3126 2948 ΟΖ’.

403 3004 612 3058 Videtur
642 3003 765 3054 hanc
783 3001 1037 3067 epistolam
1063 3001 1278 3067 Basilius
1298 3002 1361 3050 ad
1391 3001 1637 3067 Elpidium
1661 2999 1892 3067 primitiis
1919 3000 2157 3067 Therasii
2169 3016 2458 3067 assessorem
2489 3001 2763 3065 scripsisse.
2791 3003 3096 3067 Hortatur_ut
3119 3014 3150 3050 a
3169 3000 3381 3065 praside
3395 3014 3490 3051 non
3509 3001 3671 3055 disce-

893 3065 994 3122 dat,
1016 3065 1100 3114 sed
1121 3071 1272 3114 tantus
1299 3063 1461 3124 curas,
1485 3077 1594 3128 qua:
1613 3063 1676 3114 ea:
1697 3063 1933 3115 divisione
1958 3063 2280 3130 Cappadocia:
2299 3063 2687 3127 supervenerant,
2711 3077 2817 3112 cum
2837 3076 2894 3114 eo
2914 3063 3172 3128 partiatur.

739 3171 866 3226 Sine
899 3172 1244 3239 inscriptione
1271 3171 1334 3226 de
1373 3171 1648 3227 Ther-asia.

468 3284 607 3339 Illud
647 3285 810 3342 etiam
858 3301 927 3340 ex
984 3286 1124 3338 bona
1160 3285 1486 3354 praefectura
1532 3286 1714 3356 magni
1745 3287 1988 3356 percepi-

401 3395 526 3436 mus
558 3378 830 3443 Tberasii,
862 3378 1009 3448 quod
1056 3378 1310 3432 facundia
1353 3388 1444 3433 tua
1491 3380 1683 3434 crebro
1715 3380 1856 3448 apud
1887 3394 1987 3433 nos

401 3473 624 3527 venerit.
657 3467 858 3525 Verum
906 3469 1012 3525 hoc
1058 3470 1239 3540 ipsum
1291 3471 1576 3524 amisimus
1615 3471 1842 3540 praeside
1875 3471 1986 3540 pri-

399 3563 533 3618 vati.
587 3561 693 3616 Sed
745 3562 871 3632 quia
915 3576 1036 3631 quae
1084 3561 1246 3615 nobis
1283 3560 1449 3617 semel
1495 3576 1525 3614 a
1578 3559 1686 3615 Deo
1723 3576 1986 3616 concessa

399 3661 550 3718 sunt,
585 3655 738 3706 firma
769 3660 1015 3714 manent,
1049 3661 1212 3721 atque
1255 3651 1308 3704 in
1351 3652 1556 3705 nostris
1591 3652 1821 3706 invicem
1863 3653 1987 3706 ani-

398 3741 508 3797 mis
543 3757 639 3812 per
673 3741 991 3796 memoriam
1039 3741 1298 3806 insident,
1349 3741 1566 3794 etiamsi
1615 3756 1844 3811 corpore
1872 3741 1988 3796 dis-

395 3831 724 3904 iungamur,
767 3831 962 3886 saltem
1015 3829 1327 3900 frequenter
1378 3830 1706 3894 scribamus,
1751 3837 1805 3885 et
1848 3831 1990 3885 inter

399 3936 505 3979 nos
527 3922 596 3978 de
629 3922 958 3978 necessariis
986 3921 1154 3977 rebus
1189 3922 1513 3990 loquamur:
1547 3924 1780 3976 maxime
1805 3931 1987 3976 autem

401 4014 658 4086 presenti
705 4021 968 4082 tempore,
999 4026 1110 4082 quo
1154 4011 1331 4068 hiems
1368 4013 1533 4068 hasce
1581 4013 1832 4068 inducias
1864 4013 1982 4067 bre-

404 4104 659 4160 vissimas
691 4102 976 4157 nobiscum
1032 4100 1182 4156 fecit.
1220 4099 1392 4170 Spero
1439 4109 1618 4177 autem
1658 4110 1710 4156 te
1742 4119 1849 4156 non
1875 4103 1989 4158 dis-

401 4209 688 4250 cessurum
718 4209 747 4246 a
780 4194 898 4245 viro
929 4191 982 4244 in
1015 4190 1209 4260 primis
1237 4191 1556 4246 admirando
1578 4180 1865 4256 Therasio,
1891 4191 1990 4247 de-

403 4302 527 4341 cere
547 4284 950 4340 existimantem
980 4297 1103 4338 cum
1137 4296 1203 4336 eo
1235 4291 1417 4337 tantas
1452 4297 1616 4337 curas
1646 4284 1860 4353 partiri,
1893 4299 1988 4339 ne-

478 4447 498 4466 °
534 4444 689 4497 Alias
720 4439 999 4496 CCXXV].
1036 4438 1252 4510 Scripta
1285 4456 1428 4493 anno
1459 4441 1584 4494 57L

2417 3172 2842 3240 Ἀνεπίγραφος
2865 3169 2998 3237 περὶ
3027 3169 3351 3237 Θηράσιου.

2166 3286 2261 3338 Ἓν
2291 3285 2386 3338 καὶ
2416 3283 2574 3337 τοῦτο
2598 3284 2711 3353 (58)
2733 3284 2832 3354 τῆς
2860 3278 3073 3352 ἀγαθῆς
3097 3283 3275 3354 ἀρχῆς
3302 3279 3399 3335 τοῦ
3426 3280 3669 3352 μεγάλου

2089 3377 2484 3448 ἀπηλαύσαμεν
2515 3374 2929 3446 Θηρασίου,τῆς
2961 3377 3058 3444 σῆς
3090 3373 3404 3442 λογιότητος
3429 3373 3529 3443 τὴν
3550 3374 3657 3426 ἐπιι

2088 3468 2290 3539 δημίαν
2334 3467 2573 3537 συνεχῶς
2615 3469 2746 3538 ἡμῖν
2783 3467 3095 3536 γινομένην.
3133 3466 3206 3519 Τὸ
3252 3465 3383 3518 αὐτὸ
3415 3465 3473 3518 δέ
3511 3463 3671 3519 τοῦτο

2088 3559 2184 3629 ἐζη
2195 3557 2368 3629 μιώθη
2379 3576 2478 3629 μεν
2508 3556 2862 3628 στερηθέντες
2884 3556 2978 3610 τοῦ
3006 3558 3285 3627 ἄρχοντος.
3309 3554 3452 3608 Ἀλλ’
3477 3554 3670 3609 ἐπειδδ

2087 3651 2156 3703 τὰ
2183 3650 2329 3716 ἅπαξ
2361 3652 2492 3720 ἡμῖν
2524 3648 2674 3720 παρά
2715 3648 2810 3701 τοῦ
2845 3647 2982 3701 Θεοῦ
3009 3646 3338 3719 χαρισθέντα
3389 3647 3542 3718 μένει
3579 3645 3670 3716 βέσ

2089 3741 2238 3804 6αια,
2273 3743 2366 3795 καὶ
2393 3745 2513 3806 ταῖς
2545 3741 2740 3812 ψυχαῖς
2772 3740 3018 3812 ἀλλήλων
3058 3740 3413 3810 ἐνοικούμενα
3451 3738 3540 3792 διὰ
3571 3741 3670 3809 τῆς

2092 3835 2331 3904 μνήμης,
2380 3836 2428 3886 εἰ
2477 3835 2570 3886 καὶ
2615 3837 2729 3898 τοῖς
2778 3831 2994 3903 σώμασι
3040 3831 3396 3902 διωρίσμεθα,
3443 3832 3671 3902 γράφω-

2092 3938 2189 3992 μεν
2221 3923 2332 3991 (59)
2369 3923 2499 3991 γοῦν
2536 3923 2796 3993 συνεχῶς,
2829 3924 2923 3975 καὶ
2954 3921 3322 3992 φθεγγώμεθα
3347 3921 3485 3992 πρὸς
3509 3919 3672 3990 ἀλλή-

2088 4012 2212 4076 λους
2241 4011 2308 4064 τά
2360 4013 2664 4080 ἀναγκαῖα·
2699 4014 2792 4065 καὶ
2833 4011 3069 4082 μάλιστα
3100 4010 3216 4077 νῦν,
3253 4010 3343 4064 ὅτε
3389 4011 3418 4063 ό
3460 4007 3672 4080 χειμὼν

2088 4105 2186 4176 τὴν
2216 4105 2576 4175 ὀλιγοχρόνιον
2607 4104 2812 4176 ταύτην
2846 4105 3155 4175 ἐκεχειρίαν
3193 4102 3508 4157 ἐσπείσατο.
3552 4100 3672 4154 Ἐλ-

2090 4196 2320 4266 πίζομεν
2350 4197 2405 4250 δὲ
2440 4198 2514 4267 μὴ
2548 4197 2940 4266 ἀπολείψεσθαί
2978 4214 3035 4250 σε
3070 4196 3166 4252 τοῦ
3211 4195 3671 4268 θαυμασιωτάτου

2089 4290 2282 4362 ἀνδρὸς
2322 4290 2633 4362 Θηρασίου,
2671 4290 2882 4361 πρέπον
2927 4286 3066 4342 εἶναι
3101 4289 3362 4360 κρίναντα
3391 4290 3672 4342 κοινωνεῖν

2162 4435 2274 4509 (55)
2306 4443 2444 4500 Vide
2471 4443 2759 4499 Addenda.

481 4514 730 4590 (δῆξις
753 4511 1007 4590 ἀθρόον,
1043 4522 1150 4590 etc:
1173 4509 1335 4563 'Editi
1381 4511 1461 4564 sic
1487 4512 1698 4590 habent
1727 4511 1872 4590 hunc
1906 4512 1979 4590 lo_-

2161 4515 2295 4590 (56)_
2326 4516 2428 4568 Ἐν
2467 4513 2685 4590 Δκαιρῷ.
2739 4512 2966 4590 Frustra
3023 4512 3151 4567 editi
3203 4512 3429 4590 add_unt_
3460 4515 3668 4590 σωτήρ,

403 4579 532 4642 cuin
568 4579 588 4638 ε’
613 4584 706 4648 Εἰς
741 4581 1018 4654 ἀπώλειαν
1052 4579 1613 4654 ἐχίτξρησε-παντελῷς
1645 4581 1812 4654 ciem;
1843 4582 1918 4644 ὡς
1950 4585 1979 4654 ἡ

2089 4586 2228 4653 quod
2255 4579 2420 4638 'decst
2467 4587 2518 4638 iu
2559 4579 2791 4654 utroque
2825 4583 3256 4654 Reg.,iutroque
3283 4583 3479 4643 Coisl.,
3515 4579 3660 4638 mea.

405 4647 722 4729 fuisse”...
757 4655 836 4729 sic;
877 4647 1268 4729 ἀθρόρνῆλθεν
1305 4651 1632 4729 ἀφανισμόν.
1667 4647 1986 4729 Τγρεχριιιέ

407 4720 638 4782 ἐιῖεδὶιὶιί
669 4723 894 4777 codices
925 4729 985 4773 ut
1010 4721 1062 4772 iu
1096 4720 1247 4774 textu
1271 4737 1282 4772 :
1310 4735 1451 4789 quos
1476 4720 1692 4788 quidem
1721 4736 1785 4776 eo
1810 4722 1985 4776 liben-

407 4799 520 4852 tius
545 4803 772 4849 secutus
803 4807 946 4851 sum,
976 4791 1121 4859 quod
1154 4794 1265 4843 haec
1297 4790 1552 4859 loquendi
1587 4792 1750 4853 ratio,
1787 4809 1984 4845 παντε-

408 4865 520 4930 λῶς
550 4862 744 4926 οὕτως,
779 4861 874 4924 ὼς,
917 4864 1100 4913 minus
1135 4860 1250 4930 visa
1301 4870 1385 4916 est
1433 4859 1620 4916 Basilii
1668 4862 1810 4930 stylo
1845 4878 1981 4916 cou-

407 4950 626 5005 gruere.
657 4931 881 5005 Legitur
921 4931 1003 4994 είς
1044 4929 1322 4982 ἀπώλειαν
1367 4930 1614 5002 ἐχώρησε
1653 4929 1893 5004 παντελῆ
1925 4934 1980 4988 in

407 5002 533 5061 aliis
555 5019 648 5058 sex
681 5002 966 5056 codicibus
998 5016 1131 5056 mss.

485 5075 597 5143 (55)
637 5071 714 5126 Τὸ
761 5071 1112 5143 πολίτευμα.
1167 5069 1247 5125 De
1289 5069 1760 5143 civitatisordine,
1792 5072 1844 5126 id
1872 5081 1986 5143 est

409 5140 684 5204 decuria,
720 5157 841 5210 quae
885 5140 1021 5193 ordo
1067 5143 1251 5195 vocari
1292 5143 1450 5196 solet.
1498 5140 1650 5194 Unde
1691 5143 1823 5196 illttd
1854 5141 1984 5196 Am-

407 5215 578 5269 ntiani
613 5213 682 5266 de
706 5211 863 5266 Gallo
890 5211 1128 5276 Cwsare,
1183 5211 1280 5264 lib.
1309 5227 1384 5274 tv,
1424 5228 1472 5265 c.
1507 5211 1536 5263 7
1567 5231 1578 5264 :
1614 5213 1984 5268 Antiochensis

407 5285 614 5340 ordinis
664 5283 1021 5352 verticesjub
1065 5298 1178 5352 uno
1210 5282 1380 5352 elogio
1416 5283 1582 5351 jussit
1628 5283 1817 5336 occidi.
1850 5281 1984 5339 Vide

407 5354 542 5409 Cod.
578 5351 770 5406 Tlteod.
806 5349 956 5416 t.IV,
991 5367 1048 5420 ρἶ
1079 5349 1204 5406 556.

481 5423 594 5492 (55)
627 5421 964 5476 Πολιτικόν.
994 5419 1128 5478 ίνειι,
1173 5421 1428 5492 πολιτῶν.
1449 5419 1644 5492 APaulo
1687 5431 1810 5492 post
1850 5420 1982 5476 editi

408 5490 728 5562 καταλιπόν.
762 5492 1201 5562 Co_is|.primus,
1237 5491 1412 5554 Harl.,
1446 5490 1580 5562 Reg.
1620 5490 1896 5547 secundus
1929 5501 1983 5547 et

407 5561 653 5686 Οιειξρῐῖι..
693 5560 1112 5628 καταλιπόντες,
1162 5576 1286 5632 quae
1331 5560 1607 5632 scriptura
1642 5577 1752 5618 non
1787 5578 1981 5633 parum

410 5646 520 5686 arri
559 5647 590 5686 e

410 5646 590 5686 amne

1789 5741 1816 5748 ..ρ

2093 4663 2148 4708 et
2205 4663 2438 4726 utroque
2487 4653 2710 4726 Bigot.,’
2742 4668 2845 4726 nec
2891 4655 2959 4726 in
2992 4653 3142 4706 Harl.
3181 4653 3380 4726 _legitu_r
3407 4655 3514 4726 nisi
3559 4654 3668 4726 alia

2091 4740 2279 4778 manu.
2316 4725 2514 4778 Eadem
2558 4723 2817 4793 loquendi
2863 4725 3074 4777 ratione
3116 4724 3296 4793 utitur,
3331 4723 3571 4778 Basilius
3610 4724 3668 4778 in

2088 4796 2320 4861 epistola
2347 4794 2453 4865 216
2485 4813 2496 4848 :
2525 4792 2826 4865 Γένοιτοδέ
2848 4795 3025 4865 πάντα
3046 4795 3104 4846 ἐν
3132 4792 3309 4864 καιρῷ
3341 4795 3470 4865 περὶ
3489 4795 3665 4865 τὴν...

2102 4864 2422 4934 Ἐκκλησίαν
2451 4865 2550 4934 τὴν
2598 4863 2841 4917 Ἰκονίου.
2891 4863 3085 4931 Omnia
3124 4863 3371 4932 prospere
3407 4863 3666 4918 cedant...

2091 4933 2342 4988 Ecclesia!
2375 4933 2658 4988 Iconiensi.

2161 5005 2274 5075 (57)
2301 5007 2672 5071 Χρήσασθαι.
2703 5004 2780 5058 Ita
2805 5002 2979 5075 Harl.,
2997 5010 3232 5073 uterque
3256 5002 3425 5059 Cois].
3450 5013 3504 5058 et
3525 5001 3664 5075 Reg.

2090 5073 2370 5146 secundus
2395 5083 2448 5146 et
2480 5075 2652 5146 liigot.
2691 5075 2852 5146 alter.
2889 5073 3028 5128 Editi
3058 5075 3316 5146 χρῆσθαι.

2161 5143 2272 5211 (58)
2309 5145 2419 5196 Καὶ
2459 5145 2656 5197 τοῦτο.
2699 5144 3028 5212 Conjttnctio
3062 5143 3250 5198 addita
3296 5161 3360 5200 ex
3399 5159 3492 5199 sex
3523 5159 3664 5200 mss.

2087 5211 2292 5268 Ibidem
2324 5215 2494 5285 Coisl.
2532 5211 2826 5285 secundus
2849 5223 2901 5268 et
2936 5214 3066 5284 Reg.
3103 5216 3382 5270 secundus
3424 5216 3666 5285 μεγάλου

2089 5283 2449 5357 ἀπωνάμεθα,
2497 5283 2698 5357 Ibidem
2741 5285 2981 5357 Clarum.
3012 5283 3112 5355 τῆς
3157 5287 3256 5357 σῆς
3300 5283 3665 5352 τελειότητος,

2089 5365 2144 5409 et
2178 5355 2244 5406 ad
2281 5356 2580 5424 marginem
2613 5355 2831 5423 vulgata
2853 5355 3046 5424 lectio.

2163 5425 2275 5491 (59)
2312 5425 2660 5493 Γράφωμεν.
2697 5428 2814 5492 (ipe
2849 5423 2981 5493 Reg.
3020 5425 3244 5481 secundi
3284 5432 3339 5479 et
3367 5423 3534 5478 Coisl.
3574 5437 3665 5478 se-

2091 5495 2257 5566 cnndi
2311 5495 2414 5548 hoc
2461 5499 2782 5566 verbum_et
2828 5510 3064 5563 sequens
3104 5493 3470 5566 φθεγγώμεθα
3483 5508 3665 5566 χορο-

2093 5564 2327 5632 suimus,
2361 5579 2484 5618 cum
2521 5575 2676 5618 antea
2704 5561 3009 5632 legerentur
3038 5567 3090 5618 in
3117 5561 3442 5620 indicativo.
3483 5561 3665 5618 Editio

2092 5631 2420 5690 Parisiensis
2447 5634 2686 5688 secunda
2717 5631 2879 5689 habet
2904 5634 3248 5706 φθεγξόμεθα
