3868 6218
181 232 296 290 453
1112 236 1603 295 EPISTOLARUM
1637 239 1930 298 CLASSIS
1972 241 2036 299 ll.
2081 242 2298 300 EPIST.
2338 244 2596 307 LXXIX..~
3369 253 3481 312 ιδι

183 351 270 422 τῷ
307 351 464 423 ἀνδρὶ
497 351 756 405 τοιούτων
811 352 1140 424 φροντίδων,
1184 355 1490 427 ἡγούμενον
1528 357 1640 429 (40)
1689 357 1779 412 καὶ

1888 376 1994 432 que
2039 362 2204 417 etiam
2255 362 2464 418 {rustra
2520 363 2866 421 occasionem
2918 368 3360 438 amplectentem,
3413 387 3482 427 ex

191 445 376 516 μάτην
420 443 696 514 πρόφασιν
739 445 1105 515 άσμενίζοντα
1152 448 1502 518 παρέχουσάν
1555 467 1638 503 σοι
1667 449 1779 521 (41)

1888 463 1994 517 qua
2025 449 2123 504 tibi
2155 459 2210 504 et
2239 451 2446 506 amicos
2477 453 2661 508 videre
2701 461 2758 509 et
2809 455 2878 509 ab
2912 455 3048 525 ipsis
3091 459 3263 514 videri
3298 459 3480 516 liceat.

190 536 325 590 ιδεῐν
351 554 410 590 τε
441 537 568 600 τοὺς
595 536 803 604 φίλους,
824 539 920 590 καὶ
944 541 1075 609 παρ’
1101 539 1282 593 αὐτῶν
1307 540 1586 612 θεαθῆναι.
1605 540 1779 594 Πολλὰ

1888 539 2056 594 Multa
2091 549 2270 597 autem
2295 557 2420 596 cum
2458 543 2688 599 habeam
2722 545 2955 602 dicenda
2993 557 3048 604 et
3084 550 3150 604 de
3191 552 3400 618 multis,
3424 551 3484 608 in

189 626 250 678 δὲ
287 626 429 696 ἔχων
454 628 629 680 εἰπεῖν
659 628 754 680 καὶ
803 628 933 698 περὶ
977 628 1208 693 πολλῶν,
1237 631 1316 694 είς
1344 631 1442 702 τὴν
1493 631 1779 701 συντυχίαν

1888 647 2248 703 congressum
2304 634 2540 700 distuli,
2602 653 2712 693 non
2761 647 2942 694 tutum
2989 656 3113 698 esse
3162 643 3484 704 existimans

194 721 572 793 ὑπερεθέμην,
605 722 706 775 οὐκ
743 722 984 791 ἀσφαλὲς
1031 718 1171 776 εἶναι
1217 724 1521 796 ἡγούμενος
1565 726 1779 779 ἐπιστο-

1889 726 2138 796 epistolis
2168 741 2258 782 res
2284 727 2558 799 ejusmodi
2583 731 2950 788 committere.

192 811 315 874 λαῖς
340 811 412 866 τά
440 811 668 865 τοιαῦτα
699 812 1145 869 καταπιστεύειν.

731 967 1081 1020 ΕΠΙΣΤΟΛΗ
1123 963 1251 1021 OH'.

2321 964 2662 1024 EPISTOLA
2703 968 3011 1026 LXXVllI'.

189 1084 349 1149 Rogat
389 1070 604 1134 Basilius
643 1088 694 1132 ut
736 1081 961 1146 Elpidius
1023 1081 1102 1134 vir
1123 1082 1337 1135 maxime
1371 1083 1574 1136 idoneus
1608 1083 1694 1149 qui
1702 1081 2041 1212 Εἷρεέρῗιρσὶω
2061 1075 2251 1149 afﬂictis
2292 1081 2437 1134 rebus
2459 1089 2731 1146 succurrat,
2756 1098 3010 1136 remanere
3041 1084 3093 1136 in
3118 1083 3211 1138 hac
3232 1086 3482 1151 provincia

1939 1179 1964 1206 οι

1939 1179 1964 1206 ’.Ι

497 1241 935 1317 Ἆνεπίτραφος
965 1249 1120 1316 ὑπὲρ
1159 1249 1487 1304 Ἐλπιδίου.

2241 1245 2366 1302 Sine
2395 1248 2738 1318 inscriptione
2762 1265 2857 1320 pro
2893 1247 3129 1320 Elpidio.

265 1361 384 1413 Οὐκ
417 1359 609 1414 ἔλαθεν
654 1360 800 1429 ἡμᾶς
830 1361 864 1430 ή
907 1359 1090 1430 ἀγαθή
1128 1377 1222 1414 σου
1261 1361 1467 1436 σπουδὴ
1516 1362 1646 1434 περὶ
1697 1362 1779 1416 τὸν

1960 1359 2081 1415 Non
2107 1375 2195 1416 me
2222 1361 2352 1416 latet
2383 1361 2588 1416 bonum
2632 1362 2766 1417 illud
2796 1363 3061 1427 studium,
3088 1379 3197 1434 quo
3235 1380 3363 1435 erga
3389 1382 3486 1421 co-

194 1453 632 1524 αἰδεσιμιῦτατον
691 1454 907 1524 ἑταῖρον
959 1452 1116 1525 ἡμῶν
1171 1453 1473 1509 Ἐλπίδιον·
1523 1456 1672 1518 ὅπως
1719 1457 1779 1527 τῇ

1889 1453 2268 1508 lendissimum
2316 1454 2561 1509 sodalem
2612 1463 2864 1510 nostrum
2904 1454 3176 1526 Elpidium
3214 1456 3479 1524 aﬂiceris;

197 1545 420 1617 συνήθει
463 1543 695 1599 σεαυτοῦ
731 1546 944 1599 συνέσει
999 1545 1209 1610 ἔδωκας
1242 1547 1436 1618 καιρὸν
1483 1546 1779 1619 φιλανθρω-

1888 1545 2164 1615 quomodo
2203 1561 2302 1616 pro
2351 1557 2444 1600 tua
2487 1556 2751 1600 consueta
2781 1545 3072 1614 prudentia
3122 1547 3481 1603 humanitatis

195 1639 333 1701 πίας
366 1637 444 1708 τῷ
477 1639 721 1710 ἄρχοντι.
749 1637 964 1708 Ταύτην
991 1634 1084 1692 οὖν
1107 1638 1206 1709 τὴν
1247 1638 1409 1710 χάριν
1452 1637 1548 1692 νῦν
1590 1655 1649 1691 σε
1697 1656 1779 1692 τε-

1888 1637 2237 1693 ostendendae
2269 1639 2614 1694 occasionem
2656 1638 2912 1708 praefecto
2946 1639 3477 1696 subministraveris.

193 1730 421 1784 λειῶσαι
459 1730 886 1803 παρακαλοῦμεν
916 1731 1027 1804 (42)
1061 1731 1148 1785 διὰ
1174 1731 1269 1785 τοῦ
1305 1733 1656 1803 γράμματος,
1689 1733 1779 1787 καὶ

1888 1728 2044 1784 Nunc
2074 1729 2236 1800 igitur
2267 1737 2327 1783 ut
2356 1729 2460 1784 hoc
2488 1728 2815 1784 beneﬁcium
2844 1729 3120 1795 absolvas,
3151 1747 3246 1800 per
3275 1731 3484 1802 episto-

196 1823 516 1893 ὑπομνῆσαι
543 1823 634 1877 τὸν
658 1824 896 1895 ἄρχοντα
925 1825 1110 1896 οἰκείῳ
1139 1825 1527 1895 προστάγματι
1566 1826 1660 1878 ἐπὶ
1682 1827 1784 1896 τῆς

195 1912 462 1983 πατρίδος
489 1912 645 1984 ήμῶν
679 1913 1016 1984 καταστῆναι
1049 1913 1142 1966 τὸν
1179 1912 1347 1984 ἄνδρα
1379 1915 1559 1968 πᾶσαν
1597 1912 1783 1983 σχεδὸν

195 2003 296 2073 τὴν
358 2005 620 2076 φροντίδα
673 2004 782 2057 τῶν
843 2003 1117 2075 δημοσίων
1179 2003 1568 2076 ἐξηρτημένον.
1621 2005 1783 2058 Ὥστε

200 2097 404 2161 πολλὰς
426 2097 568 2164 ἕξεις
591 2097 686 2150 καὶ
710 2096 1100 2167 εὐπροσώπους
1123 2098 1447 2151 ὑποϐάλλειν
1482 2098 1786 2170 προφάσεις

199 2183 278 2254 τῷ
317 2185 576 2255 ἄρχοντι,
622 2184 681 2252 ἐξ
713 2179 787 2238 ὧν
821 2186 1138 2254 ἀναγκαίως
1184 2187 1465 2258 ἐπιμένειν
1509 2187 1669 2240 αὑτὸν
1714 2189 1780 2258 τῇ

201 2275 423 2346 πατρίδι
472 2274 631 2345 ἡμῶν
675 2274 989 2346 προστάξει.
1022 2270 1125 2329 Οἷα
1182 2277 1240 2329 δὲ
1270 2277 1337 2330 τά
1390 2272 1645 2342 ἐνταῦθα,
1689 2277 1784 2330 καὶ

198 2369 328 2421 ὅσου
361 2367 511 2432 ἄξιος
559 2369 670 2430 τοῖς
723 2368 1043 2439 πράγμασιν
1091 2371 1119 2422 ὁ
1153 2369 1326 2441 ἀνὴρ,
1371 2371 1589 2435 πάντως
1629 2369 1782 2423 οὐδὲν

197 2459 368 2531 δεήσῃ
399 2463 528 2531 παρ’
575 2459 734 2532 ἡμῶν
762 2461 1102 2532 διδαχθῆναι,
1134 2463 1298 2526 αὐτὸς
1329 2465 1395 2534 τῇ
1434 2462 1630 2518 ἑαυτοῦ
1660 2480 1782 2516 συν-

199 2551 315 2605 έσει
349 2551 595 2624 ἀκριϐῶς
625 2553 1008 2624 ἐπιστάμενος.

767 2798 1116 2854 ΕΠΙΣΤΟΛΗ
1155 2802 1277 2856 ΟΘ’.

1891 1821 1999 1874 lam
2056 1828 2110 1875 te
2155 1837 2306 1891 rogo,
2347 1835 2410 1874 ac
2459 1820 2776 1891 prmiectum
2815 1837 3059 1886 moneas,
3108 1829 3166 1875 ut
3219 1823 3482 1892 peculiari

1890 1913 2147 1967 mandato
2192 1914 2382 1982 patri-ie
2431 1921 2636 1967 nostra:
2676 1915 2855 1968 virum
2903 1914 3048 1968 hunc
3083 1913 3380 1984 praeﬁciat,
3410 1927 3482 1972 ex

1889 2021 2001 2075 quo
2033 2013 2146 2058 tota
2187 2021 2326 2075 pene
2359 2005 2700 2076 publicorum
2732 2006 3076 2078 negotiorum
3104 2021 3239 2061 cura
3277 2005 3482 2076 depen-

1887 2097 1996 2154 det.
2025 2098 2393 2163 Quamobrem
2428 2098 2630 2152 multas
2667 2099 2874 2168 poteris
2917 2113 2980 2152 ac
3029 2099 3309 2167 speciosas
3346 2113 3478 2168 sugo

1889 2202 2078 2258 gerere
2113 2201 2312 2241 causas
2344 2185 2619 2256 praefecto.
2651 2188 2852 2256 quibus
2888 2187 3202 2242 necessario
3236 2185 3478 2241 adduce-

1889 2283 2000 2336 tur,
2054 2284 2113 2330 ut
2164 2275 2316 2328 illum
2366 2275 2656 2329 in.-nostra
2702 2275 2879 2344 patria
2931 2289 3216 2329 remanere
3265 2273 3477 2344 jubeat.

1886 2366 2155 2424 Caeterum
2184 2384 2296 2439 quo
2340 2368 2394 2422 in
2420 2377 2565 2424 statu
2601 2384 2690 2424 res
2721 2377 2925 2422 nostra:
2953 2367 3084 2432 sint,
3125 2375 3178 2423 et
3205 2383 3370 2438 quam
3394 2369 3480 2423 vir

1886 2462 1957 2516 sit
1988 2462 2152 2516 rebus
2187 2461 2442 2533 gerendis
2478 2461 2728 2522 idoneus,
2757 2460 3005 2531 profecto
3045 2460 3182 2514 nihil
3213 2476 3354 2530 opus
3391 2467 3480 2516 est

1887 2563 1940 2608 te
1980 2570 2010 2608 a
2035 2555 2196 2609 nobis
2233 2553 2451 2609 edoceri
2479 2573 2492 2608 :
2521 2569 2645 2610 cum
2680 2553 2785 2608 hoc
2821 2552 2938 2622 ipse
2970 2567 3071 2624 pro
3109 2559 3202 2607 tua
3236 2551 3478 2624 pruden-

1889 2651 1962 2700 tia
1999 2650 2158 2716 plane
2189 2647 2481 2718 intelligas.

2354 2787 2695 2857 EPISTOLA
2731 2800 3014 2857 LXXIX“.

197 2915 394 2969 Gratias
413 2914 513 2980 agit
534 2915 780 2966 Eustatltio
803 2914 1193 2986 Basiliits,_quod
1218 2918 1284 2968 ad
1304 2932 1356 2970 se
1378 2920 1632 2986 certamini
1655 2911 1928 2986 expositum
1945 2919 2218 2986 scripserit,
2236 2926 2281 2972 et
2303 2917 2603 2971 Eleusiniam
2621 2916 2855 2983 optimum
2877 2915 3250 2968 commilitonem
3268 2912 3471 2966 miserit.

1016 2981 1208 3030 Narrat
1229 2994 1282 3031 se
1304 2995 1415 3032 cum
1437 2983 1664 3046 praefecto
1685 2981 1730 3034 ei
1749 2982 1955 3034 cubiculi
1976 2981 2238 3046 praeposito
2258 2986 2368 3047 jam
2391 2994 2647 3046 pugnasse.

370 3091 684 3154 εὐσταθίφ
714 3091 847 3159 (45),
886 3092 1198 3160 ἐπισκόπῳ
1229 3096 1612 3162 Σεϐαστείας.

271 3181 385 3234 Καὶ
418 3182 524 3252 πρὸ
555 3182 648 3237 τοῦ
677 3183 926 3254 δέχεσθαι
990 3185 1060 3238 τά
1110 3187 1439 3258 γράμματα,
1498 3190 1644 3262 ⁴ᾗδειν
1690 3195 1782 3248 τὸν

198 3277 365 3330 πόνον
397 3277 458 3331 ὃν
496 3279 639 3347 ἔχεις
693 3277 834 3350 ὑπὲρ
891 3278 1074 3350 πάσης
1117 3279 1333 3352 ψυχῆς,
1383 3282 1677 3355 ἐξαιρέτως
1724 3285 1782 3338 δὲ

201 3372 350 3442 ὑπὲρ
377 3371 476 3442 τῆς
509 3371 786 3442 ἡμετέρας
816 3372 1217 3437 ταπεινώσεως,
1255 3373 1343 3428 διὰ
1383 3376 1444 3429 τὸ
1476 3375 1782 3447 προϐεϐλῆ-

201 3462 330 3516 σθαι
361 3463 420 3514 ὲν
441 3461 522 3533 τῷ
546 3462 720 3530 άγῶνι
760 3461 935 3533 τούτῳ
954 3481 967 3494 ·
1013 3466 1108 3518 κα)¹
1151 3463 1444 3536 δεξάμενος
1472 3467 1584 3538 (44)
1632 3467 1784 3539 παρὰ

198 3554 296 3609 τοῦ
336 3555 766 3626 αίδεσιμωτάτου
830 3557 1159 3611 Ἐλευσινίου
1198 3558 1270 3612 τά
1323 3559 1650 3630 γράμματα,
1690 3562 1785 3614 καὶ

200 3648 377 3718 αὐτὴν
401 3646 568 3700 αὐτοῦ
600 3648 700 3718 τὴν
726 3650 1028 3721 παρουσίαν
1052 3649 1406 3721 θεασάμενος,
1431 3651 1659 3716 ἐδόξασα
1692 3651 1782 3704 τὸν

199 3737 358 3801 Θεὸν,
410 3738 503 3791 τὸν
549 3739 790 3793 τοιοῦτον
835 3739 1192 3811 παραστάτην
1249 3741 1344 3794 καὶ
1390 3740 1781 3812 συνασπιστὴν,

199 3831 290 3886 διά
314 3831 415 3902 τῆς
437 3832 814 3902 πνευματικῆς
841 3831 1089 3902 βοηθείας
1118 3833 1178 3884 ὲν
1197 3835 1308 3895 τοῖς
1340 3831 1480 3902 ὑπὲρ
1504 3832 1784 3896 εὐσεϐείας

199 3923 381 3992 ἀγῶσι
415 3922 783 3994 χαρισάμενον
819 3925 972 3994 ἡμῖν.
1023 3923 1346 3976 Γινωσκέτω
1383 3924 1440 3977 δὲ
1476 3925 1510 3996 ὴ
1547 3924 1786 3996 ἀνυπέρ-

199 4015 401 4086 ϐλητός
428 4031 524 4067 σου
547 4014 825 4068 θεοσέϐεια
854 4013 1015 4085 μέχρι
1042 4013 1138 4067 νῦν
1161 4013 1464 4085 προσϐολάς
1502 4015 1601 4084 μέν
1632 4032 1784 4079 τινας

200 4107 352 4178 παρὰ
380 4106 489 4159 τῶν
523 4106 773 4176 μεγάλων
799 4105 1075 4176 ἀρχόντων
1112 4107 1245 4177 ἡμῖν
1287 4105 1641 4176 γεγενῆσθαι,
1691 4107 1786 4158 καὶ

199 4199 407 4262 ταύτας
438 4197 694 4268 σφοδράς,
729 4195 824 4250 τοῦ
858 4215 920 4250 τε
959 4197 1202 4269 ἐπάρχου
1232 4197 1344 4267 (45)
1372 4199 1467 4250 καὶ
1517 4196 1611 4250 τοῦ
1658 4197 1786 4268 περὶ

198 4289 294 4342 τὸν
316 4285 552 4342 κοιτῶνα
599 4286 985 4356 διαλεχθέντων
1027 4286 1316 4350 ἰδιοπαθῶς
1348 4286 1490 4358 ὑπὲρ
1525 4286 1634 4340 τῶν
1673 4287 1785 4357 (46)

203 4378 467 4431 ἐναντίων
492 4391 505 4403 ·
529 4377 667 4438 τέως
694 4377 751 4429 δὲ
774 4376 1058 4447 ἀτρέπτως
1091 4377 1241 4447 ἡμᾶς
1269 4377 1450 4430 πᾶσαν
1479 4375 1784 4446 προσϐολὴν

1809 3098 1856 3159 C

2234 3093 2540 3158 Eustathio,
2568 3092 2808 3160 episcopo
2841 3088 3120 3145 Sebastiar.

1959 3191 2024 3245 Et
2046 3197 2341 3260 antequam
2370 3187 2579 3241 litteras
2607 3194 2731 3240 tuas
2773 3183 3102 3251 acciperem,
3138 3175 3282 3232 haud
3316 3175 3472 3246 igno-

1885 3282 2075 3338 rabam
2099 3286 2367 3352 quantum
2401 3292 2502 3348 pro
2532 3275 2726 3347 quavis
2759 3272 2941 3328 anima
2967 3270 3204 3335 labores,
3236 3265 3475 3321 maxime

1884 3389 2016 3429 vero
2064 3388 2164 3444 pro
2212 3378 2402 3425 nostra
2451 3368 2782 3429 humilitate,
2819 3379 2887 3419 eo
2931 3363 3077 3434 quod
3130 3360 3258 3414 huic
3301 3365 3477 3412 certa-

1887 3465 2023 3518 mini
2068 3462 2354 3534 expositus
2399 3460 2504 3516 sim
2558 3477 2570 3512 :
2613 3466 2668 3512 et
2727 3462 3016 3526 postquam
3046 3447 3472 3521 173reddidit

1883 3556 2102 3612 litteras
2155 3567 2420 3624 perquam
2473 3549 2742 3606 colendus
2795 3546 3134 3608 Eleusinius,
3180 3544 3472 3613 ipsumque

1885 3652 2212 3717 przeseutem
2253 3640 2580 3711 conspexip
2612 3638 2782 3693 Deum
2836 3635 3090 3698 laudavi,
3151 3633 3246 3703 qui
3310 3633 3470 3687 nobis

1885 3741 2192 3808 adjutorem
2237 3738 2404 3790 talem
2451 3749 2517 3788 ac
2562 3730 2993 3786 commilitonem
3041 3743 3139 3798 per
3185 3725 3469 3796 spirituale

1886 3832 2154 3887 auxilium
2210 3831 2264 3883 in
2319 3825 2715 3883 certaminibus
2765 3837 2866 3894 pro
2919 3822 3124 3892 pietate
3165 3817 3471 3874 subeundis

1884 3924 2183 3980 concessit.
2229 3919 2436 3975 Noscat
2479 3931 2646 3988 porro
2692 3928 2906 3970 summa
2941 3920 3035 3966 tua
3083 3911 3259 3980 pietas
3304 3909 3469 3963 nobis

1880 4017 1996 4087 jam
2021 4029 2232 4085 pugnas
2255 4012 2470 4082 aliquas
2491 4025 2616 4065 cum
2639 4007 2854 4078 magnis
2881 4003 3246 4076 potestatibus
3269 4001 3466 4067 fuisse,

1884 4123 2091 4179 easque
2119 4107 2510 4169 vehementes;
2544 4118 2668 4156 cum
2702 4109 2756 4156 et
2785 4097 3080 4169 prarl'ectus
3113 4103 3168 4150 et
3221 4093 3466 4150 cubiculi

1884 4199 2217 4272 praepositus
2245 4213 2311 4252 ex
2347 4193 2570 4266 propria
2611 4193 2780 4246 animi
2815 4189 3105 4244 atl‘ectione
3142 4200 3240 4256 pro
3271 4185 3469 4248 adver-

1887 4294 2050 4349 sariis
2072 4290 2280 4345 nostris
2313 4288 2694 4356 disputarem;
2723 4283 2816 4339 sed
2852 4297 2952 4336 nos
2985 4280 3252 4334 hactenus
3281 4275 3466 4330 animo

1885 4387 2218 4440 inconcusso
2268 4379 2536 4435 assultum
2587 4363 2804 4430 omnem
2862 4371 3193 4428 sustinuisse
3235 4369 3466 4424 misera-

201 4471 498 4542 ὑπομεῖναι
528 4468 606 4540 τῷ
640 4468 778 4521 ἐλέει
823 4467 918 4521 τοῦ
959 4466 1117 4531 Θεοῦ,
1165 4467 1245 4539 τῷ
1282 4469 1625 4540 χαριζομένῳ
1667 4467 1777 4539 (47)

1888 4479 2034 4530 tione
2064 4473 2180 4536 Dei,
2222 4487 2344 4542 qum
2378 4470 2538 4524 nobis
2580 4465 2952 4538 suppeditavit
2993 4478 3150 4532 opem
3201 4459 3463 4531 Spiritus,

198 4563 334 4632 ἡμῖν
371 4560 472 4631 τὴν
518 4559 806 4628 συνεργίαν
835 4559 932 4612 τοῦ
961 4559 1276 4630 Πνεύματος
1327 4559 1424 4612 καὶ
1475 4558 1782 4628 ὲνδυναμώ-

202 4668 359 4707 σαντι
383 4651 541 4724 ἡμῶν
577 4653 643 4706 δι’
664 4650 828 4706 αὐτοῦ
859 4651 957 4722 τὴν
980 4650 1263 4704 ἀσθένειαν

274 4765 389 4839 (40)
435 4766 809 4839 Ἠγούμεζνον.
833 4765 972 4839 Cum
1006 4765 1096 4819 hic
1137 4765 1291 4839 locus
1323 4763 1779 4839 corruptissimus

202 4834 297 4900 sit,
334 4851 436 4891 nec
479 4834 726 4891 sanando
753 4837 971 4890 vulneri
1017 4835 1323 4890 conducant
1368 4834 1504 4891 mss.
1533 4834 1775 4898 codices,

199 4909 295 4978 qui
335 4922 465 4978 cum
509 4907 669 4978 editis
695 4907 1099 4978 consentiunt,
1154 4906 1438 4978 legendum
1487 4913 1621 4975 puto
1665 4920 1776 4957 non

198 4976 550 5047 iinprobabili
583 4976 922 5047 conjectura,
953 4977 1014 5029 οὐ
1050 4977 1146 5047 μὲν
1175 4976 1268 5032 οὖν
1299 4979 1394 5030 καὶ
1441 4979 1639 5047 μάτην,
1675 4990 1778 5044 pro

197 5046 336 5119 ἡγοιό
342 5063 506 5119 μενον
537 5046 631 5119 κα).
667 5048 863 5119 μάτην.
1014 5046 1060 5119 -ί
1129 5115 1177 5119 Μ
1411 5046 1450 5119 *ί
1744 5109 1746 5111 γ

247 5114 388 5186 Ᾰμὶ)
423 5114 820 5184 Παρέχουσάν
855 5131 974 5169 σοι.
1014 5114 1090 5169 Ita
1117 5115 1386 5179 Clarom.,
1411 5115 1545 5185 Reg.
1574 5128 1775 5169 secun-

194 5187 304 5242 dus
348 5195 405 5239 et
445 5186 614 5239 Coisl.
657 5187 955 5250 secundus,
991 5188 1186 5241 melius
1227 5202 1391 5256 quam
1429 5187 1563 5243 editi
1595 5194 1649 5239 et
1683 5188 1776 5240 alii

194 5257 424 5312 codices
452 5256 689 5326 παρέχου
698 5258 795 5308 σάν
827 5273 908 5309 σε.

253 5325 387 5395 ,(42)
423 5324 912 5396 Παρακαλοῦμεγ.
952 5325 1043 5378 Sic
1082 5324 1222 5380 Med.
1258 5334 1311 5396 et
1341 5333 1572 5396 uterque
1599 5325 1770 5383 Coisl.

193 5411 324 5467 cum
359 5397 482 5450 aliis
511 5397 804 5449 nonnullis.
837 5395 979 5467 Editi
1012 5395 1316 5466 παρακαλῶ
1354 5397 1474 5467 μέν.

272 5466 383 5535 (45)
424 5467 754 5536 Εὐσταθίῳ,
782 5474 890 5536 etc.
925 5465 1363 5536 Hunc’titulum‘
1394 5467 1771 5536 excerpsimus

195 5552 266 5592 ex
293 5537 578 5589 codicibus
610 5535 748 5590 Med.
767 5545 821 5592 et
838 5535 1009 5590 Coisi.
1033 5535 1232 5605 primo.
1259 5535 1578 5593 Harlteanus
1606 5539 1771 5593 habet

196 5617 414 5677 tantum
448 5606 752 5677 Εῷσταθίῳ.

273 5675 384 5749 (4-3)
417 5674 768 5747 Δεξάμενὸς.
799 5676 955 5750 _Post
1006 5678 1145 5732 hanc
1177 5691 1359 5733 vocem
1403 5679 1531 5735 editi
1566 5680 1772 5735 addunt

1888 4582 1951 4621 ac
1983 4582 2078 4637 per
2110 4565 2291 4635 ipsum
2326 4561 2758 4618 imbecillitatem
2788 4565 3036 4616 nostram
3063 4550 3459 4610 corroboravit.

1879 4763 1954 4824 δέ,
1992 4779 2113 4833 qua:
2144 4762 2340 4818 vocula
2371 4761 2576 4816 rectius
2608 4759 2762 4815 deest
2783 4758 2848 4812 in
2882 4754 3098 4810 duobus
3139 4749 3457 4806 mssdlarl.

1879 4835 2444 4975 εέιἘ’πιίρχου.
2493 4899 2807 4975 Legendum
2860 4887 3462 4975 bndpxou.nLoqttittrr

1878 4958 2022 5028 enim
2045 4958 2118 5028 de
2151 4958 2408 5043 praefecto
2440 4958 2704 5042 praetorii,
2742 4975 2800 5021 ut
2845 4975 2929 5022 est
2964 4958 3109 5034 apud
3133 4958 3460 5030 GregOrium

1878 5053 2020 5098 orat.
2055 5042 2160 5103 20,
2181 5061 2300 5112 pag.
2333 5042 2459 5098 520,
3063 5101 3088 5114 η

1953 5115 2062 5185 (46)
2105 5115 2282 5182 Ὑπὲρ
2316 5113 2454 5166 τῶν.
2505 5109 2672 5185 Editi
2701 5108 2797 5185 καὶ
2840 5105 2982 5176 ὑπὲρ
3007 5117 3150 5185 των.
3185 5099 3291 5154 Sed
3317 5097 3460 5185 Whgt:

1876 5169 2192 5253 conjunctio
2241 5169 2394 5242 deest
2437 5185 2491 5236 in
2526 5180 2719 5254 Aliarl.,
2765 5169 2974 5254 in‘quo
3004 5183 3185 5254 tamen
3215 5169 3459 5225 secunda

1875 5248 2040 5308 manu
2071 5255 2254 5306 addita
2285 5254 2408 5313 fuit,
2447 5251 2541 5306 sed
2579 5263 2806 5319 prorsus
2836 5248 3133 5319 immerito.
3176 5307 3210 5319 Α
3254 5307 3265 5319 ο

1947 5306 2057 5394 (d7)
2092 5323 2180 5390 Τῷ
2207 5306 2737 5394 χαριζρμέιήῳίιῖρε.
2776 5315 3052 5394 secundus
3084 5322 3136 5394 et
3153 5306 3343 5394 .Cpisl.
3371 5320 3460 5394 se-

1875 5379 2090 5448 cundus
2128 5379 2639 5464 χαριζομένου,
2670 5379 2932 5464 ἕιραιιις)
2984 5389 3107 5464 post
3149 5379 3460 5464 ἐνδυναμω-

1876 5447 2086 5527 σαντες.
2117 5463 2222 5518 Sed
2256 5447 2637 5541 vetustissimi
2658 5447 2878 5512 codices
2909 5447 3014 5509 hoc
3043 5454 3166 5506 loco
3201 5463 3311 5505 non
3340 5447 3458 5505 dis-

1877 5543 2102 5604 crepant
2135 5537 2202 5589 ab
2225 5537 2407 5588 editis.

1952 5610 1967 5628 '
2007 5607 2159 5658 Alias
2193 5601 2395 5659 CCXV.
2433 5600 2650 5670 Scripta
2687 5611 2830 5652 anno
2863 5593 2987 5670 371ἐ

1951 5681 1993 5700 "
2027 5677 2176 5730 Alias
2210 5671 2479 5730 CCCVI".
2521 5661 2738 5742 Scripta
2779 5681 2920 5723 anno
2959 5661 3086 5720 57L
