3868 6218
407 261 523 321 ἐιδὸ

906 392 1246 448 EPISTULA
1283 389 1513 446 LXXX‘.

1743 256 1802 311 S.
1846 252 2090 310 BASlLll
2131 252 2346 308 MAGNI

3561 253 3669 311 «156

2675 389 3018 442 ΕΠΙΣΤΟΛΗ
3055 389 3137 441 Il'.

411 515 591 578 Sperat
616 512 826 564 Basilius
849 512 1087 578 Ecclesiae
1111 508 1362 578 Athanasii
1393 505 1616 578 precious
1639 507 1928 578 eti-consiliis
1965 522 2029 578 ea:
2050 514 2325 578 tempestate
2363 506 2608 556 horrenda
2631 505 2820 578 servari
2835 517 2997 578 posse.
3021 505 3068 578 {1
3072 509 3259 553 artatur
3283 508 3334 573 ut
3362 514 3451 578 nec
3463 499 3671 578 precari

475 581 641 633 cesset,
667 589 752 626 nec
768 573 990 624 scribere.
1018 567 1408 633 Proem-missam
1431 571 1490 620 ab
1510 584 1567 621 eo
1587 569 1830 621 scribendi
1853 567 2155 621 occasionem
2173 569 2301 620 dolet
2321 582 2338 619 :
2360 580 2587 633 magnum
2611 567 2703 616 sibi
2723 567 2944 616 solatium
2966 579 2997 614 a
3021 567 3118 616 Deo
3141 567 3380 630 accepisse
3405 567 3668 622 videretur,

473 639 517 688 si
535 632 850 688 Athanasium
873 635 1039 686 videre
1068 632 1371 698 contingeret.

696 744 1011 808 Athanasio,
1065 739 1406 795 Alexandriae
1441 739 1704 808 episcopo.

487 858 608 926 Quo
633 856 807 926 magis
836 855 1204 909 Ecclesiarum
1252 852 1428 906 morbi
1475 852 1881 920 ingravescunt,
1923 866 1990 905 eo

413 951 590 1020 magis
627 962 816 1002 omnes
865 946 932 999 ad
972 954 1122 998 tuam
1168 943 1541 999 convertimur
1595 944 1988 1012 praestantiam,

415 1056 582 1095 unum
617 1039 776 1094 nobis
809 1039 1077 1092 malorum
1127 1036 1382 1089 solatium
1427 1049 1717 1104 superesse
1763 1033 1986 1088 creden-

413 1138 514 1190 tes,
552 1127 776 1181 tutelam
833 1133 1015 1190 luam;
1050 1123 1143 1193 qui
1186 1132 1240 1177 et
1283 1123 1486 1177 virtute
1519 1139 1765 1192 precum,
1805 1130 1860 1177 et
1905 1138 1991 1177 re-

414 1234 536 1271 rum
572 1218 901 1287 optimarum
939 1216 994 1270 in
1028 1215 1266 1284 negotiis
1307 1214 1774 1286 suggerendarum
1810 1215 1989 1270 scien-

413 1310 510 1375 tia,
548 1325 768 1364 servare
798 1324 901 1364 nos
925 1323 1086 1378 posse
1114 1324 1181 1364 ex
1219 1308 1324 1362 hac
1354 1307 1628 1363 horrenda
1663 1317 1990 1378 tempestate

414 1403 555 1472 apud
593 1417 780 1457 omnes
814 1403 1040 1472 pariter,
1088 1403 1182 1472 qui
1229 1404 1314 1456 vel
1347 1402 1620 1455 tantillum
1655 1409 1749 1456 aut
1797 1402 1989 1456 auditu

413 1500 508 1545 aut
545 1492 880 1562 experientia
920 1493 1290 1562 prmstanliam
1342 1500 1492 1546 tuam
1542 1499 1834 1556 noverunt,
1878 1492 1991 1546 exi-

413 1585 676 1640 stimaris.
711 1583 890 1649 Quare
921 1599 991 1638 ne
1024 1599 1209 1639 cesses
1247 1593 1301 1639 et
1327 1585 1539 1654 precari
1571 1601 1668 1654 pro
1699 1585 1988 1639 animabus

412 1674 642 1738 nostris,
675 1681 729 1728 et
779 1689 881 1728 nos
916 1689 1012 1744 per
1058 1674 1270 1728 litteras
1326 1675 1616 1729 excitare:
1652 1691 1887 1744 quarum
1940 1675 1986 1729 si

413 1766 586 1822 scires
620 1772 821 1834 quanta
861 1765 934 1820 sit
973 1765 1206 1830 utilitas,
1246 1781 1528 1836 nunquam
1560 1782 1701 1821 sane
1743 1767 1984 1821 oblatam

411 1856 512 1909 tibi
543 1853 609 1907 ad
643 1870 744 1908 nos
789 1854 1067 1909 scribendi
1112 1856 1462 1910 occasionem
1512 1858 1982 1926 prastermisisses.

411 1947 567 2014 Quod
605 1947 652 2002 si
700 1962 924 2017 precum
966 1955 1184 2000 tuarum
1227 1961 1329 2017 ope
1361 1947 1590 2002 baberer
1633 1948 1852 2018 dignus,
1891 1949 1986 2019 qui

410 2039 653 2094 viderem
687 2046 756 2102 te,
789 2055 852 2093 ac
876 2039 943 2093 iis
975 2054 1096 2108 qua
1131 2039 1187 2092 in
1224 2047 1277 2093 te
1301 2046 1428 2093 sunt
1456 2039 1615 2094 bonis
1646 2039 1979 2110 perfruerer,

2015 749 2062 805 A

2289 734 2627 798 Αθανασίῳ,
2669 732 2982 798 ἐπισκόπῳ
3023 729 3491 798 Ἀλεξανδρείας.

2162 850 2326 902 Ὅσον
2369 847 2476 902 τῶν
2537 844 2872 914 Ἐκκλησιῶν
2914 843 2984 898 τὰ
3023 843 3431 914 ἀρρωστήματα
3478 841 3570 894 ἐπὶ
3610 842 3672 894 τὸ

2093 940 2276 1014 μεῖζον
2311 941 2542 1012 πρόεισι,
2589 937 2842 990 τοσοῦτον
2885 937 3087 999 πάντες
3143 936 3236 988 ἐπὶ
3261 935 3357 1006 τὴν
3400 935 3496 1004 σὴν
3545 935 3669 987 ἐπι-

2091 1030 2436 1102 στρεφόμεθα
2481 1028 2814 1098 τελειότητα,
2853 1028 2982 1097 μίαν
3019 1028 3231 1090 ἑαυτοῖς
3280 1024 3669 1082 ὑπολείπεσθαι

2087 1121 2194 1174 τῶν
2227 1120 2412 1174 δεινῶν
2447 1118 2802 1190 παραμυθίαν
2841 1119 2940 1188 τὴν
2985 1118 3084 1188 σὴν
3122 1116 3457 1188 προστασίαν
3501 1108 3667 1170 πεπι-

2090 1213 2376 1275 στευκότες
2399 1227 2412 1240 ·
2455 1212 2512 1274 ὃς
2547 1212 2640 1264 καὶ
2671 1209 2779 1278 (48)
2811 1213 2876 1280 τῇ
2925 1209 3150 1280 δυνάμει
3185 1208 3292 1260 τῶν
3329 1208 3668 1279 προσευχῶν,

2088 1305 2182 1358 καὶ
2202 1303 2278 1374 τῷ
2305 1303 2501 1356 εἰδέναι
2528 1305 2596 1356 τὰ
2631 1301 2881 1371 βέλτιστα
2936 1304 3047 1364 τοῖς
3107 1300 3429 1371 πράγμασιν
3482 1299 3672 1352 ὑποτί-

2088 1395 2299 1459 θεσθαι,
2339 1393 2710 1448 διασώσασθαι
2752 1395 2900 1463 ἡμᾶς
2949 1393 3012 1445 ἐκ
3064 1392 3156 1445 τοῦ
3205 1391 3436 1462 φοϐεροῦ
3475 1392 3671 1446 τούτου

2087 1487 2354 1558 χειμῶνος
2389 1486 2539 1556 παρά
2564 1485 2782 1538 πάντων
2819 1483 3020 1554 ὁμοίως
3048 1483 3155 1536 τῶν
3180 1483 3274 1536 καὶ
3307 1481 3450 1535 κατά
3474 1482 3670 1552 μικρὸν

2086 1578 2120 1649 ἢ
2159 1581 2293 1649 ἀκοῇ
2334 1578 2366 1650 ἣ
2415 1578 2580 1649 πείρᾳ
2627 1575 3002 1648 γνωριζόντων
3057 1574 3157 1645 τὴν
3209 1573 3523 1646 τελειότητὰ
3575 1591 3670 1626 σου

2088 1671 2338 1744 πιστεύῃ.
2373 1671 2463 1725 Διὸ
2489 1671 2565 1742 μὴ
2591 1673 2722 1741 ἀνῇς
2756 1671 2864 1742 (49)
2912 1651 3008 1724 παὶ
3053 1669 3488 1741 προσευχόμενος
3531 1670 3671 1741 ὑπὲρ

2087 1765 2193 1818 τῶν
2217 1764 2402 1835 ψυχῶν
2425 1767 2464 1835 η
2475 1764 2612 1835 μῶν,
2641 1765 2736 1818 καὶ
2764 1763 3044 1835 διεγείρων
3081 1765 3229 1834 ἡμᾶς
3269 1766 3382 1826 τοῖς
3407 1761 3674 1833 γράμμα-

2088 1872 2204 1908 σιν·
2239 1849 2314 1908 ὧν
2339 1857 2385 1908 εί
2419 1856 2566 1926 ᾔδεις
2608 1856 2803 1908 ὁπόσον
2851 1855 2969 1907 ἐστὶ
3012 1853 3074 1906 τὸ
3112 1853 3407 1923 ὠφέλιμον,
3459 1853 3559 1905 οὐκ
3606 1851 3674 1904 ἄν

2086 1963 2217 1999 ποτε
2249 1947 2674 2018 παραπεσοῦσαν
2724 1963 2806 1998 σοι
2857 1946 3199 2017 γραμμάτων
3231 1944 3484 2015 ἀφορμὴν
3534 1944 3675 2015 πρὸς

2088 2038 2236 2108 ἡμᾶς
2268 2039 2561 2110 ὑπερέϐης.
2600 2040 2663 2091 Εἰ
2693 2039 2750 2091 δὲ
2777 2037 3245 2108 καταξιωθείημεν
3292 2039 3356 2108 τῇ
3415 2035 3676 2107 συνεργίᾳ

411 2139 576 2202 atque
605 2131 673 2185 ad
708 2147 840 2184 mete
867 2131 992 2184 vitae
1021 2131 1303 2184 historiam
1343 2145 1702 2201 congressum
1738 2148 1862 2186 cum
1894 2143 1986 2188 tuo

2099 2128 2196 2182 τῶν
2225 2130 2542 2201 προσευχῶν
2579 2145 2673 2182 σου
2707 2130 2831 2182 ἰδεῖν
2871 2147 2930 2182 σε
2977 2129 3072 2183 καὶ
3117 2127 3426 2182 ἀπολαῦσαι
3467 2128 3574 2179 τῶν
3613 2129 3673 2178 ἐν

409 2239 539 2279 vere
583 2237 780 2293 magno
822 2231 875 2278 et
905 2223 1208 2293 apostolico
1250 2222 1436 2276 animo
1483 2223 1814 2292 adjicerem;
1864 2241 1988 2295 pro-

413 2313 558 2369 fecto
605 2313 738 2366 mihi
791 2311 1008 2367 viderer
1038 2313 1322 2377 aerumnis,
1371 2327 1511 2383 quas
1569 2315 1625 2368 in
1674 2315 1825 2369 omni
1863 2331 1985 2372 mea

410 2407 523 2460 vita
554 2419 846 2476 perpessus
881 2419 1026 2468 sum,
1060 2418 1247 2474 parem
1279 2418 1312 2457 a
1341 2402 1438 2460 Dei
1471 2405 1815 2476 benignitate
1847 2423 1983 2463 con-

411 2499 739 2554 solationem
773 2495 1074 2566 accepisse.

874 2772 1212 2828 EPISTOLA
1247 2772 1465 2828 LXXXI

2093 2218 2174 2273 σοὶ
2233 2220 2474 2287 ἀγαθῶν,
2523 2220 2617 2273 καὶ
2655 2219 2970 2290 προσθεῖναι
3014 2220 3080 2289 τῇ
3144 2217 3354 2288 ἱστορίᾳ
3400 2214 3494 2268 τοῦ
3538 2216 3677 2284 ἠμε-

2090 2310 2248 2382 τέρου
2286 2310 2401 2380 βίου
2451 2309 2548 2382 τὴν
2590 2309 2878 2380 συντυχίαν
2919 2308 3020 2378 τῆς
3070 2306 3313 2378 μεγάλης
3363 2321 3458 2358 σου
3504 2304 3677 2365 ὅντως

2091 2399 2185 2453 καὶ
2233 2399 2597 2469 ἀποστολικῆς
2651 2397 2864 2468 ψυχῆς·
2933 2397 3150 2459 πάντως
3203 2395 3270 2448 ἂν
3318 2395 3530 2456 ἑαυτοῖς
3559 2392 3675 2461 (50)

2091 2491 2475 2562 ἐλογισάμεθα,
2515 2485 2591 2544 ὧν
2619 2491 2912 2561 ὲθλίόημεν
2949 2491 3007 2542 ὲν
3045 2490 3195 2561 πάσῃ
3234 2490 3302 2558 τῇ
3336 2486 3449 2556 ζωῇ
3494 2484 3672 2554 ἡμῶν,

2090 2584 2415 2655 ἀντίρροπον
2446 2583 2596 2650 παρὰ
2628 2583 2725 2653 τῆς
2755 2582 2846 2634 τοῦ
2883 2579 3021 2634 Θεοῦ
3065 2577 3480 2651 φιλανθρωπίας
3511 2578 3676 2646 ἐσχη-

2089 2676 2242 2726 κέναι
2272 2674 2644 2745 παραμυθίαν.

2637 2786 2985 2841 ΕΠΙΣΤΟΛΗ
3013 2785 3140 2839 ΠΑ’.

417 2898 624 2970 Rogatus
641 2891 1002 2970 ab’lnnocentio‘
1020 2891 1326 2970 ut,
1350 2908 1411 2970 eg
1430 2901 1638 2970 mortuo,
1664 2895 1821 2970 ipsius
1843 2901 2076 2970 Eccwsne
2097 2917 2265 2970 curam
2287 2905 2535 2970 suscipiat,
2564 2913 2746 2956 tantum
2775 2919 2894 2954 onus
2914 2919 2946 2954 a
2974 2918 3025 2955 se
3049 2905 3358 2968 deprecatur.
3397 2904 3498 2956 Sed
3531 2904 3677 2970 altera

474 2947 610 3030 iuius
628 2954 840 3030 petitioni
862 2947 1471 3030 libentenaitttuens,'ollert
1490 2956 1534 3007 ei
1559 2947 3506 3030 meimei-anbiiﬁiviﬁitiiiiﬁiéh'éié'biiiiiiii,'iiﬂzBJEakEBEbFéﬁi"si.in

481 3023 603 3083 gnet.
628 3017 795 3068 'Alium
815 3017 1013 3080 petierat
1041 3017 1726 3079 Innocetuius,'ltonum'iuum'
1739 3021 1953 3085 quidem,
1974 3028 2059 3076 sed
2080 3029 2314 3092 prcedicto
2331 3017 2440 3081 uiro
2454 3017 2591 3096 longe
2608 3017 2909 3094 inferiorem.

889 3120 1198 3177 Innocentio
1239 3125 1506 3194 episcopo.

489 3237 766 3306 Quantum
809 3238 1031 3308 gavisus
1079 3254 1202 3293 sum
1251 3240 1495 3310 acceptis
1536 3240 1850 3298 dilectionis
1889 3251 1994 3300 tuae

2441 3135 2800 3200 Ἰννοκεντίῳ
2828 3132 3137 3200 ὲπισκόπῳ
3165 3131 3300 3204 (51).

2173 3253 2333 3304 Ὅσον
2374 3249 2660 3321 εὐθύμησα
2697 3248 2988 3320 δεξάμενος
3038 3249 3343 3320 γράμματα
3395 3247 3490 3318 τῆς
3539 3245 3679 3316 ἁγά-

417 3329 641 3393 litteris,
671 3335 880 3382 tantum
916 3328 1064 3383 dolui
1090 3330 1236 3400 quod
1271 3331 1406 3383 mihi
1434 3332 1846 3398 sollicitudinis,
1871 3351 1990 3405 qua:

2099 3358 2202 3412 πης
2245 3357 2361 3406 σου,
2408 3340 2663 3393 τοσοῦτον
2702 3340 3000 3410 ἐλυπήθην,
3048 3339 3131 3393 ὅτι
3181 3339 3346 3410 βάρος
3403 3337 3678 3409 ἐπέθηκας

418 3435 570 3476 meas
614 3421 761 3476 vires
818 3429 1066 3490 superat,
1121 3437 1262 3478 onus
1314 3422 1664 3492 imposueris.
1708 3425 1993 3492 Quomodo

418 3515 567 3568 extim
614 3512 823 3582 possim
867 3528 934 3568 ex
991 3523 1145 3568 tanto
1195 3514 1486 3569 intervallo
1538 3525 1751 3571 tantum
1794 3535 1993 3576 munus

419 3603 730 3659 sustinere?
757 3602 1010 3670 Quandiu
1053 3605 1199 3660 enim
1230 3622 1330 3661 vos
1363 3607 1583 3676 quidem
1614 3609 1858 3678 possidet
1889 3609 1992 3665 Ec-

419 3696 611 3762 clesia,
661 3703 924 3766 tanquam
979 3697 1035 3750 in
1087 3697 1327 3767 propriis
1378 3697 1572 3753 fulcris
1623 3700 1860 3768 quiescit
1900 3721 1913 3757 :
1947 3704 1993 3757 si

418 3804 551 3844 vero
594 3788 662 3842 de
689 3797 874 3843 vestra
917 3789 1027 3842 vita
1075 3787 1340 3844 Dominus
1389 3789 1669 3859 quidpiam
1719 3793 1992 3858 statuerit,

416 3895 693 3954 quosnam
731 3881 861 3934 hinc
896 3881 1054 3936 vobis
1081 3896 1243 3951 pares
1281 3879 1442 3952 174
1472 3881 1538 3935 ad
1571 3881 1773 3936 fratres
1802 3897 1995 3936 curan-

420 3976 522 4032 dos
561 3975 776 4029 mittere
817 3973 1066 4028 valeam?
1095 3972 1252 4038 Quod
1309 3981 1518 4041 spectat
1567 3971 1635 4025 ad
1671 3973 1991 4042 petitionem

421 4075 593 4130 tuam,
624 4081 788 4134 quam
822 4081 918 4136 per
945 4065 1157 4120 litteras
1202 4063 1527 4134 signiﬁcasti
1567 4063 1736 4134 (recte
1770 4065 1992 4134 quidem

421 4167 477 4214 et
511 4159 804 4230 prudenter
847 4158 1077 4222 faciens,
1135 4165 1195 4212 ut
1239 4157 1396 4210 vivus
1443 4156 1630 4212 videre
1681 4157 1813 4212 velis
1847 4173 1993 4220 eum,

421 4251 517 4322 qui
550 4251 786 4306 electum
821 4248 1039 4304 Domini
1084 4265 1302 4320 gregem
1334 4255 1456 4319 post
1505 4257 1556 4303 te
1589 4249 1994 4319 gubernaturus

422 4348 530 4408 est,
567 4341 621 4395 id
659 4341 805 4410 quod
852 4348 905 4395 et
950 4341 1144 4394 beatus
1192 4337 1374 4393 Moses
1408 4345 1463 4392 et
1495 4339 1774 4408 exoptavit
1815 4345 1870 4393 et
1908 4339 1994 4393 vi-

421 4434 525 4505 dit)
556 4451 570 4501 ;
607 4444 732 4487 cum
763 4433 930 4503 igitur
963 4439 1016 4486 et
1048 4431 1203 4486 locus
1231 4431 1444 4500 amplus
1490 4430 1583 4494 sit,
1627 4438 1682 4486 et
1719 4431 1992 4499 celebris;

423 4532 689 4594 tuumque
729 4539 868 4595 opus
916 4525 1059 4593 apud
1111 4522 1316 4576 multos
1359 4523 1591 4588 clarum,
1647 4537 1712 4576 ac
1747 4530 1994 4592 tempora

423 4614 685 4683 difﬁcilia,
721 4630 919 4685 rnagno
954 4613 1256 4684 indigentia
1300 4613 1663 4681 gubernatore
1709 4614 1780 4668 ob
1809 4614 1993 4668 couti-

2095 3434 2225 3504 ἡμῖν
2273 3431 2550 3502 φροντίδος
2594 3435 2692 3502 τῆς
2745 3431 3179 3503 ὑπερϐαινούσης
3211 3431 3378 3502 ἡμᾶς.
3415 3429 3540 3493 Πῶς
3567 3430 3678 3500 γὰρ

2092 3521 2413 3593 δυνηθῶμεν
2467 3521 2576 3574 ἀπὸ
2622 3521 2877 3574 τοσούτου
2935 3521 3342 3593 διαστήματος,
3410 3521 3679 3590 τοσαύτης

2093 3615 2255 3684 ἡμεῖς
2320 3612 2631 3684 οἰκονομίας
2695 3613 3114 3684 περιγενέσθαις
3190 3612 3337 3674 Ἕως
3403 3611 3502 3681 μὲν
3565 3611 3678 3682 γὰρ

2095 3705 2238 3774 ὑμᾶς
2258 3704 2368 3776 ἔχει
2404 3705 2456 3774 ἡ,
2479 3703 2803 3774 Ἐκκλησία,
2858 3703 2934 3766 ὡς
2978 3705 3129 3767 ἰδίοις
3172 3701 3536 3774 στηρίγμασιν
3585 3705 3680 3756 ἑπ-

2094 3795 2452 3850 αναπαύεται·
2477 3794 2572 3848 ἐὰν
2605 3794 2661 3847 δέ
2684 3812 2735 3847 τι
2761 3811 2827 3846 πε
2839 3795 2889 3865 pi.
2922 3794 3020 3865 τῆς
3050 3795 3317 3866 ὑμετέρας
3344 3795 3488 3865 ζωῆς
3509 3796 3536 3848 ὁ
3562 3793 3680 3846 Κύ-

2099 3905 2211 3960 ριος
2237 3887 2589 3960 οἰκονομήσῃ,
2636 3886 2789 3948 τίνας
2828 3885 3062 3956 δύναμαι
3104 3884 3214 3956 (52)
3262 3885 3556 3956 ὁμοτίμους
3591 3886 3681 3938 ὲνο

2093 3979 2283 4032 τεῦθεν
2317 3979 2446 4049 ὑμῖν
2474 3979 2554 4041 εἰς
2586 3977 2686 4047 τὴν
2721 3976 3036 4046 ἐπιμέλειαν
3062 3976 3169 4029 τῶν
3192 3975 3437 4045 ἀδελφῶν
3470 3976 3682 4046 ἐκπέμα

2096 4087 2252 4137 πειν;
2287 4071 2459 4142 Ὅπερ
2495 4070 2557 4122 σὺ
2593 4068 2704 4139 (55)
2748 4068 3092 4139 ὲπεζήτησας
3137 4066 3226 4119 διά
3269 4065 3375 4118 τῶν
3419 4067 3680 4138 γραμμάο

2094 4179 2224 4224 των,
2270 4161 2449 4223 καλῶς
2493 4160 2662 4213 ποιῶν
2704 4160 2798 4213 καὶ
2835 4160 3143 4230 ἐμφρόνως,
3194 4158 3516 4230 βουλόμενος
3567 4159 3680 4223 ζῶν

2099 4253 2226 4306 ἰδεῖν
2259 4253 2348 4306 τὸν
2381 4251 2518 4323 μετά
2567 4252 2628 4304 σὲ
2676 4251 2937 4322 μέλλοντα
2985 4252 3256 4323 κυϐερνᾷν
3307 4251 3369 4304 τὸ
3421 4252 3680 4306 ἐκλεκτὸν

2097 4343 2343 4413 ποίμνιον
2368 4342 2460 4396 τοῦ
2489 4342 2696 4415 Κυρίου
2715 4360 2729 4373 ο
2769 4343 2798 4396 ὃ
2821 4344 2914 4396 καὶ
2943 4344 2970 4394 ὁ
3007 4343 3276 4414 μακάριος
3311 4342 3552 4413 Μωῦσῆς
3580 4345 3680 4396 καὶ

2095 4432 2409 4504 ἐπεθύμησε
2430 4434 2525 4488 καὶ
2552 4431 2692 4487 εἶδεν
2713 4449 2728 4464 ο
2761 4434 2883 4486 ἐπεὶ
2904 4429 2996 4486 οὖν
3025 4434 3118 4487 καὶ
3143 4435 3171 4485 ὁ
3189 4433 3354 4497 τόπος
3384 4434 3556 4504 μέγας
3582 4436 3680 4488 καὶ

2096 4524 2438 4596 περιϐόητος,
2472 4525 2567 4578 καὶ
2602 4525 2664 4577 τὸ
2690 4525 2781 4577 σὺν
2831 4523 2989 4596 ἔργον
3030 4526 3182 4596 παρά
3226 4524 3440 4589 πολλοῖς
3478 4527 3681 4597 ὀνομα-

2099 4616 2242 4682 στὸν,
2272 4617 2367 4670 καὶ
2401 4619 2450 4670 οἱ
2477 4617 2660 4688 καιροὶ
2692 4617 2958 4687 χαλεποὶ,
2998 4615 3232 4686 μεγάλου
3256 4617 3446 4688 χρείαν
3467 4616 3684 4688 ἔχοντες

483 4746 689 4824 ;‘_'_Al_i_a_s
715 4745 1145 4824 X§l¥L_$_c_ripta
1168 4761 1310 4824 anno
1339 4745 1464 4808 571,
1484 4753 1584 4824 apt
1613 4746 1718 4801 572
1748 4748 1990 4803 ineunte.

2099 4751 2266 4808 Paulo
2297 4763 2422 4824 post
2451 4754 2585 4809 editi
2626 4753 2735 4807 τῶν
2762 4752 2926 4807 αὐτοῦ
2967 4753 3228 4824 ἀδελφῶν.
3261 4753 3369 4809 Sed
3395 4754 3552 4811 deest
3581 4757 3683 4810 αὒ-

479 4803 542 4843 ἠ
578 4818 728 4871 Alias
757 4817 1032 4873 cccxnx.
1057 4803 1280 4885 'Scripta
1316 4803 1462 4869 anno
1484 4815 1607 4870 572.

495 4887 608 4958 (48)
647 4889 751 4952 Ὃς
784 4889 948 4958 καὶ...
981 4888 1259 4954 πιστεύῃ.
1287 4886 1456 4942 Coisl.
1507 4886 1720 4956 primus
1752 4892 1808 4942 et
1850 4886 1991 4944 Med.

423 4956 684 5022 ὡςκαὶ...
721 4956 1018 5010 πιστεύειν.

506 5028 611 5098 (ιο)
639 5026 735 5096 Μὴ
763 5027 937 5098 ἀνῇς.
978 5025 1069 5098 Sic
1107 5041 1307 5098 magno
1333 5040 1608 5098 consensu
1637 5041 1770 5098 mss.
1795 5034 1851 5081 et
1878 5026 1996 5081 edi-

426 5095 744 5166 tio'Hagan.
777 5097 843 5150 At
889 5096 1219 5151 Parisiensis
1253 5095 1327 5166 μὴ
1365 5097 1628 5166 ἁποκνῇς.
1666 5095 1836 5151 Paulo
1871 5109 1996 5166 post

422 5169 640 5240 editii'et
661 5168 836 5240 citing.
867 5167 1035 5240 Qoisl.
1072 5167 1283 5240 primus
1307 5173 1360 5219 et
1381 5173 1495 5240 tres
1520 5167 1618 5240 alii
1648 5175 1708 5240 ut
1739 5168 1794 5220 in
1819 5177 1992 5240 testu.

496 5234 948 5310 (50)]Ειίίλτοῖς.
981 5234 1245 5310 ιιαῇίιοιιι
1285 5251 1420 5290 mss.
1456 5234 1601 5289 Editi
1642 5238 1853 5310 αὐτοῖς.
1889 5236 1998 5291 lbi-

424 5305 548 5363 dem
578 5305 1041 5378 ὀᾱίιὶγὲολίόομεν.
1077 5305 1209 5362 Mss.
1256 5314 1464 5374 septem
1494 5313 1548 5361 et
1596 5307 1765 5362 editio
1813 5306 1996 5378 llaga-

424 5379 650 5434 noensis
676 5377 861 5448 ὲθλίὸη
871 5395 988 5447 μεν.

520 5448 608 5518 51)
650 5445 1016 5515 Ἰννοκὲντίῳ
1056 5447 1400 5518 ἐπισκόπῳ.
1427 5445 1720 5518 Postrema
1742 5462 1845 5500 vox
1898 5447 1995 5500 ad-

424 5517 536 5572 dita
579 5515 640 5573 ex
689 5518 931 5588 quinque
965 5532 1097 5574 mss.
1143 5517 1306 5570 Addit
1343 5517 1583 5570 Glarom.
1628 5515 1867 5588 Ῥώμης,
1897 5519 1991 5571 sed

425 5602 652 5660 prorsus
686 5587 940 5660 absurde.

496 5657 606 5728 (52)
639 5659 917 5727 Δύναμαι.
967 5656 1044 5711 Ita
1096 5672 1226 5714 mss.
1279 5671 1488 5714 omnes.
1539 5654 1683 5711 Editi
1743 5655 1984 5710 δύναται.

2098 4823 2193 4876 τοῦ
2223 4825 2279 4878 in
2300 4823 2574 4879 omnibus
2611 4839 2744 4877 mss.

2175 4894 2286 4964 (55)
2325 4895 2510 4962 Ὅπερ
2549 4895 2652 4948 σύ.
2682 4893 2924 4948 Diliicilis
2945 4901 3004 4964 et
3033 4893 3376 4948 subobscura
3406 4895 3523 4949 haec
3549 4911 3679 4950 ver-

2101 4963 2298 5018 borum
2328 4964 2657 5034 complexio,
2693 4971 2806 5016 tum
2836 4963 3208 5034 quia_longior
3232 4972 3366 5034 est,
3400 4974 3516 5018 tum
3547 4968 3678 5034 quia

2100 5029 2704 5104 superﬂuum—videtur
2751 5029 2882 5087 illud
2937 5029 3050 5096 οὖν,
3094 5029 3253 5104 quod,
3297 5034 3498 5103 legitur
3553 5029 3681 5104 post

2101 5103 2243 5157 ὲπὲίι
2278 5104 2476 5159 Lucem
2519 5103 2713 5158 aﬁ‘erre
2757 5110 2988 5174 conatus
3032 5118 3151 5174 sum
3191 5103 3434 5158 adhibita
3479 5103 3681 5174 paren-

2105 5176 2250 5231 thesi
2291 5175 2346 5228 in
2378 5175 2846 5243 interpretatione.
2877 5172 3138 5238 Quamvis
3171 5183 3350 5228 autem
3385 5172 3494 5229 hoc
3517 5177 3684 5230 Inno-

2102 5245 2269 5298 centii
2300 5245 2588 5298 consilium
2629 5259 2754 5298 cum
2783 5244 3088 5297 canouibus
3115 5243 3296 5298 minus
3341 5247 3679 5308 consentiat,

2103 5314 2237 5384 illud
2285 5323 2467 5384 tamen
2503 5315 2736 5368 Basilius
2779 5314 3353 5384 etiamiatquegetiam
3398 5318 3596 5384 probat
3625 5325 3682 5371 et

2102 5383 2308 5437 laudat.
2339 5383 2528 5453 Neque
2565 5386 2617 5439 id
2651 5385 2856 5455 mirum
2883 5383 3054 5455 videri
3089 5382 3270 5455 debet.
3297 5382 3431 5438 Nam
3461 5394 3680 5455 tempo-

2101 5468 2223 5507 rum
2255 5456 2517 5510 molestiae
2549 5463 2606 5508 et
2643 5454 3014 5524 impendentia
3057 5453 3123 5505 ab
3165 5454 3384 5510 Arianis
3434 5453 3682 5524 pericula

2099 5525 2480 5646 necessiltatem
2523 5524 2817 5580 aﬂ‘crebant
2853 5523 2920 5579 de
2951 5536 3220 5598 canonum
3264 5523 3556 5582 severitate
3590 5540 3682 5582 re-

2099 5603 2290 5646 mttten
2338 5612 2371 5646 ι.

2099 5596 2371 5648 mittendi.
2968 5596 2972 5598 “
