3868 6218
442 242 551 298 459

1750 246 1806 302 5.
1850 244 2097 302 BASILII
2137 246 2354 305 MAGNI

3580 255 3691 312 ιω

444 362 571 416 dam
604 362 763 432 quasi
812 363 1034 417 vinculo
1086 363 1346 435 impedita
1386 364 1685 434 detinetur,
1728 374 1845 421 tum
1883 380 1995 420 νει-ι

2114 368 2363 440 ἐνέργεια
2395 364 2505 424 οἷον
2546 371 2651 424 ὑπό
2673 389 2816 437 τινος
2872 373 3070 445 δεσμοῦ
3118 372 3516 446 ὲμποδιζομένη
3551 389 3690 427 κατ-

442 454 502 510 in
552 469 825 510 summam
877 454 945 510 de
995 455 1153 511 nobis
1198 457 1335 528 ipsis
1374 457 1813 530 desperationem
1854 456 2008 512 veni-

444 560 597 612 mus;
623 545 718 601 sed
758 562 883 600 cum
918 562 1113 601 rursus
1149 546 1202 601 in
1243 556 1390 602 tuam
1426 549 1748 619 gravitatem
1784 547 2010 618 conjici—

443 652 567 693 mus
594 638 804 702 oculos,
833 639 1246 709 cogitamusque
1280 647 1333 695 te
1365 641 1634 695 medicum
1670 640 2005 706 morborum,

440 727 642 797 quibus
675 727 933 782 Ecclesiae
966 728 1234 791 laborant,
1269 743 1299 782 a
1337 726 1568 783 Domino
1599 737 1793 783 nostro
1827 742 2009 783 reser-

440 826 660 884 vatum;
695 820 906 874 animos
947 819 1296 885 resumimus,
1330 826 1386 874 et
1415 836 1483 874 ex
1515 819 1920 890 desperatione,
1951 818 2007 872 in

440 926 604 979 quam
636 910 772 979 lapsi
803 910 1104 975 fueramus,
1136 911 1202 965 ad
1227 926 1377 981 spem
1411 912 1671 981 erigimur
1696 911 2003 966 meliorum.

440 998 713 1054 Dissoluta
736 1006 819 1054 est
847 998 1092 1055 Ecclesia
1118 1000 1317 1063 omnis,
1344 1001 1801 1070 quemadmodum
1830 1016 2008 1070 neque

438 1091 728 1162 prudentia
765 1098 856 1145 tua
894 1091 1126 1161 ignorat.
1154 1093 1233 1146 Ac
1267 1092 1420 1147 vides
1450 1107 1677 1162 prorsus
1708 1109 1773 1147 ex
1802 1092 2005 1146 mentis

436 1182 916 1251 contemplatione,
942 1183 1087 1237 velut
1109 1197 1175 1236 ex
1204 1182 1314 1235 alta
1346 1181 1581 1250 quadam
1614 1182 1859 1251 specula,
1884 1196 2006 1250 quae

435 1273 636 1342 ubique
665 1281 924 1342 gerantur
958 1291 971 1327 :
1003 1272 1274 1343 quomodo
1304 1273 1452 1327 velut
1483 1272 1540 1325 in
1571 1273 1782 1343 pelago,
1815 1273 2005 1327 multis

434 1365 599 1421 simul
630 1365 1033 1434 navigantibus,
1071 1364 1271 1419 ﬂuetus
1298 1363 1559 1418 violentia
1603 1378 1795 1417 omnes
1838 1362 2004 1418 simul

433 1457 578 1511 inter
607 1472 666 1511 se
693 1455 1055 1522 collidantur;
1081 1456 1282 1525 ﬁatque
1310 1455 1679 1524 naufragium,
1705 1454 1908 1522 partim
1931 1453 2002 1508 ob

430 1557 707 1604 externam
746 1562 968 1602 causam
1006 1561 1157 1602 mare
1184 1547 1449 1602 violenter
1474 1546 1858 1615 exagitantem,
1883 1560 2005 1615 par-

2111 458 2313 530 έχεται,
2359 462 2439 523 εἰς
2486 462 2797 531 ἀπόγνωσιν
2835 463 3045 517 ἑαυτῶν
3091 464 3363 535 ἐρχόμεθα
3412 460 3684 530 παντελῆ·

2108 549 2237 603 ὅταν
2277 549 2333 603 δὲ
2383 551 2544 605 πάλιν
2596 553 2732 623 πρὸς
2779 552 2875 625 τὴν
2911 553 3007 625 σὴν
3056 554 3336 625 ἀπίδωμεν
3383 550 3689 623 σεμνοπρέ-

2110 656 2290 703 πειαν,
2327 640 2421 693 καὶ
2459 640 2821 713 λογισώμεθα,
2870 644 2952 696 ὅτι
2982 644 3042 696 σὲ
3077 643 3257 713 ἰατρὸν
3306 643 3415 697 τῶν
3465 644 3524 696 ὲν
3562 643 3689 704 ταῖς

2120 724 2463 795 Ἐκκλησίαις
2491 728 2937 800 ἀρρωστημάτων
2963 733 2991 783 ό
3022 731 3221 803 Κύριος
3246 731 3399 803 ἡμῶν
3433 729 3689 801 ἐταμιεύ-

2109 831 2269 869 σατο*
2302 817 2754 890 ἀναλαμϐάνομεν
2795 821 3004 875 ἑαυτῶν
3057 823 3184 886 τοὺς
3230 821 3542 891 λογισμοὺς,
3590 821 3690 874 καὶ

2107 908 2172 959 ἐκ
2198 906 2291 960 τοῦ
2324 908 2461 961 κατὰ
2492 910 2592 981 τὴν
2625 910 2939 978 ἀπόγνωσιν
2958 910 3250 981 πτώματος
3288 912 3423 983 πρὸς
3466 911 3563 981 τὴν
3592 909 3688 962 ὲλ-

2108 998 2236 1052 πίδα
2273 998 2382 1071 (6-4)
2415 998 2524 1052 τῶν
2567 1002 2945 1071 χρηστοτέρων
2984 1002 3393 1072 διανιστάμεθα.
3452 1000 3689 1055 Λέλυται

2108 1093 2257 1145 πᾶσα
2304 1091 2618 1161 Ἐκκλησία,
2651 1091 2727 1156 ὡς
2752 1092 2870 1144 οὐδὲ
2903 1095 2935 1164 ἡ
2970 1093 3036 1164 σὴ
3061 1094 3321 1165 φρόνησις
3347 1095 3548 1160 ἀγνοεῖ.
3572 1092 3690 1145 Καὶ

2106 1185 2238 1254 ὁρᾷς
2263 1184 2480 1247 πάντως
2506 1184 2573 1237 τά
2602 1183 2927 1254 ἑκασταχοῦ,
2973 1179 3084 1237 οἷον
3142 1185 3237 1253 ἀφ’
3281 1183 3491 1254 ὑψηλῆς
3540 1198 3687 1245 τινος

2107 1277 2338 1338 σκοπιᾶς
2372 1276 2471 1345 τῆς
2512 1276 2605 1329 τοῦ
2663 1274 2755 1328 νοῦ
2803 1275 3063 1347 θεωρίας·
3112 1276 3285 1339 ὅπως,
3339 1274 3588 1343 καθάπερ
3622 1260 3684 1326 ὲν

2104 1363 2352 1433 πελάγει,
2392 1365 2600 1418 πολλῶν
2630 1365 2766 1436 ὁμοῦ
2826 1365 3229 1435 συμπλεόντων,
3274 1364 3379 1418 ὑπὸ
3417 1365 3516 1435 τῆς
3557 1363 3682 1433 βίας

2100 1452 2195 1507 τοῦ
2254 1453 2520 1518 κλύδωνος
2572 1455 2772 1517 πάντες
2817 1453 2951 1523 ὁμοῦ
3001 1453 3113 1525 (65)
3154 1451 3403 1523 ἀλλήλοις
3442 1453 3681 1523 προσρῆ-

2102 1563 2343 1615 γνυνται·
2379 1547 2473 1601 καὶ
2496 1547 2703 1616 γίνεται
2727 1546 2789 1600 τὸ
2810 1546 3085 1615 ναυάγιον,
3111 1545 3189 1616 πῆ
3217 1546 3315 1616 μὲν
3343 1548 3408 1598 ὲκ
3428 1545 3527 1614 τῆς
3550 1543 3686 1607 ἕξω-

431 1641 526 1694 tim
556 1640 627 1695 ob
669 1640 1044 1709 navigantium
1081 1638 1188 1694 sibi
1238 1646 1429 1692 mutuo
1461 1638 1799 1693 obstantium
1848 1653 1913 1693 ac
1943 1654 1995 1693 se

2105 1639 2195 1693 θεν
2219 1639 2396 1703 αἰτίας
2431 1639 2621 1710 βιαίως
2659 1638 2911 1709 κινούσης
2949 1637 3048 1710 τὴν
3080 1637 3372 1700 θάλατταν,
3412 1638 3487 1706 πῆ
3525 1635 3581 1687 δὲ
3613 1637 3683 1689 ἐκ

428 1731 823 1800 impellentium
867 1730 1351 1800 perturbationem.
1392 1727 1542 1785 Satis
1574 1737 1660 1784 est
1691 1729 1747 1783 in
1793 1730 1895 1783 hac
1925 1729 2002 1785 si-

428 1821 734 1877 militudine
756 1837 1059 1877 sermonem
1082 1821 1429 1884 concludere,
1456 1834 1582 1874 cum
1606 1835 1707 1874 nec
1736 1820 2001 1890 sapientia

425 1923 517 1967 tua
545 1913 844 1982 quidquam
880 1914 1114 1981 amplius
1157 1913 1423 1983 requirat,
1454 1926 1556 1965 nec
1592 1926 1779 1967 rerum
1823 1919 2000 1969 status

422 2005 517 2060 det
547 2004 710 2059 nobis
755 2003 972 2058 dicendi
1004 2003 1335 2058 libertatem.
1375 2002 1458 2057 Ad
1494 2004 1609 2057 haec
1648 2010 1832 2058 autem
1875 2002 1999 2073 quis

422 2097 654 2154 idoneus
702 2096 1075 2166 gubernator?
1119 2096 1241 2165 quis
1278 2094 1383 2149 ﬁde
1412 2094 1634 2165 dignus,
1678 2095 1773 2165 qui
1820 2094 2000 2148 Domi-

422 2205 569 2273 num.
601 2189 826 2251 excitet,
877 2195 937 2241 ut
984 2188 1231 2256 increpet
1285 2194 1477 2240 ventos
1528 2193 1583 2241 et
1630 2186 1816 2241 mare?
1863 2185 1997 2252 Quis

422 2283 564 2338 alius
588 2296 748 2351 quam
775 2280 867 2349 qui
894 2293 923 2331 a
951 2293 1117 2347 puero
1148 2292 1246 2347 pro
1271 2277 1478 2347 pietate
1504 2278 1560 2331 in
1595 2278 1997 2333 certaminibus

421 2372 737 2428 dimicavit?
789 2370 1057 2437 Quoniam
1114 2369 1284 2439 igitur
1323 2384 1450 2424 vere
1499 2384 1644 2423 nunc
1694 2369 1997 2440 propendet

420 2464 687 2536 quidquid
717 2465 860 2517 inter
904 2476 1005 2516 nos
1051 2459 1200 2514 circa
1229 2460 1390 2514 ﬁdem
1425 2475 1622 2515 sanum
1667 2468 1772 2524 est,
1805 2460 1874 2514 ad
1903 2475 1998 2515 eo-

422 2574 567 2623 rum,
598 2556 690 2628 qui
719 2556 861 2610 idem
897 2552 1164 2618 sentiunt,
1205 2553 1649 2609 communionem
1674 2561 1838 2623 atque
1874 2553 1997 2607 uni-

420 2657 586 2706 tatem
611 2691 625 2715 ,
653 2648 880 2702 ﬁdenter
917 2645 1236 2715 patientiam
1269 2654 1416 2699 tuam
1446 2653 1696 2716 rogatum
1720 2647 1992 2709 venimus,

423 2752 481 2797 ut
528 2742 689 2795 nobis
726 2739 984 2792 omnibus
1040 2737 1253 2791 scribas
1301 2737 1590 2806 epistolam
1647 2752 1834 2802 unam,
1875 2752 1996 2808 quae

419 2831 551 2902 quid
586 2830 856 2901 agendum
892 2828 968 2882 sit
998 2826 1312 2881 admoneat.
1350 2825 1441 2881 Sic
1481 2826 1626 2882 enim
1658 2828 1849 2881 volunt
1877 2843 1906 2880 a
1942 2836 1994 2883 te

420 2923 635 2977 initium
675 2919 778 2975 sibi
820 2917 935 2971 ﬁeri
983 2916 1382 2986 colloquiorum
1434 2914 1502 2970 ad
1546 2918 1992 2972 communionem

420 3014 830 3084 pertinentium.
882 3008 988 3065 Sed
1035 3011 1165 3082 quia
1195 3009 1429 3065 I‘ortasse
1462 3011 1709 3079 suspecti
1741 3010 1994 3064 videntur

418 3106 517 3161 tibi
565 3107 635 3160 ob
672 3103 992 3158 memoriam
1045 3103 1473 3172 praeteritorum,
1525 3101 1632 3155 hoc
1682 3101 1871 3166 velim,
1913 3101 1995 3155 fa-

419 3204 562 3269 cias,
597 3201 760 3256 Pater
798 3200 1240 3272 religiosissime,
1289 3195 1555 3267 epistolas
1588 3193 1656 3248 ad
1704 3193 1993 3263 episcopos

419 3295 551 3350 mibi
596 3296 769 3356 mitte,
810 3301 905 3347 aut
949 3307 1046 3361 per
1087 3291 1329 3359 aliquem
1380 3302 1571 3343 eorum
1624 3285 1826 3356 quibus
1867 3283 1993 3337 istic

418 3387 581 3444 {idem
627 3387 822 3447 habes.
870 3394 966 3439 aut
1016 3383 1186 3438 etiam
1241 3396 1340 3452 per
1381 3379 1608 3434 fratrem
1653 3375 1991 3430 Dorotbeum

416 3481 817 3538 condiaconum
867 3484 1140 3540 nostrum,
1201 3488 1341 3545 quas
1399 3487 1525 3526 cum
1576 3482 1838 3537 accepero
1882 3482 1992 3520 non

416 3573 571 3645 prius
613 3571 774 3636 dabo,
809 3584 973 3638 quam
1025 3566 1094 3620 ab
1133 3565 1215 3620 eis
1257 3577 1525 3632 responsa
1566 3572 1859 3628 accepero;
1904 3558 1990 3610 sin

416 3665 634 3727 minus,
695 3660 951 3716 Peccator
1003 3674 1091 3712 ero
1157 3657 1214 3709 in
1267 3664 1322 3708 te
1372 3654 1611 3707 omnibus
1640 3650 1821 3703 diebus
1874 3649 1991 3702 vitm

305 3817 313 3825 ,
416 3772 546 3810 mea
566 3754 609 3808 ⁸.
641 3751 757 3807 Hoc
789 3749 1037 3822 profecto
1065 3733 1330 3815 majorem
1362 3752 1569 3798 metum
1596 3742 1845 3795 incutere
1882 3754 1991 3793 non

415 3848 606 3904 debuit
652 3845 724 3908 ei,
779 3843 873 3912 qui
922 3840 975 3896 id
1018 3840 1231 3910 primus
1256 3837 1397 3891 dixit
1428 3835 1493 3890 ad
1539 3841 1774 3904 patrem,
1825 3845 1990 3901 quam

415 3952 564 3995 nunc
592 3937 723 3991 mihi
758 3935 826 3990 ad
857 3945 907 3989 te
945 3941 1156 4003 patrem
1194 3927 1536 3999 spiritualem
1570 3924 1799 3979 dicenti.
1833 3921 1992 3988 Quod

415 4035 464 4089 si
494 4034 598 4087 hoc
619 4030 843 4085 omnino
872 4027 1016 4098 apud
1046 4034 1100 4080 te
1132 4026 1484 4093 deSperatum
1515 4028 1628 4085 est;
1662 4019 1857 4073 saltem
1888 4032 1990 4071 nos

414 4129 470 4179 in
503 4126 605 4178 hoc
633 4120 939 4175 ministerio
984 4116 1217 4172 crimine
1247 4115 1442 4174 libera,
1471 4112 1563 4182 qui
1607 4111 1727 4166 sine
1774 4108 1902 4162 dolo
1937 4115 1992 4162 et

415 4215 668 4277 artificio,
698 4213 849 4283 pacis
894 4210 1078 4266 studio
1111 4216 1166 4263 et
1196 4214 1399 4260 mutuae
1442 4205 1585 4258 inter
1632 4218 1756 4265 nos,
1788 4202 1881 4272 qui
1923 4203 1992 4257 de

418 4305 580 4375 173
606 4301 839 4356 Domino
880 4301 1020 4354 idem
1076 4297 1375 4358 sentimus,
1427 4293 1870 4361 conjunctionis,
1914 4293 1987 4347 ad

413 4397 519 4451 hoc
548 4392 708 4464 legati
738 4401 792 4448 et
818 4386 1135 4458 interpretis
1161 4400 1361 4438 munus
1394 4382 1756 4437 accessimus.

2104 1733 2201 1802 τῆς
2220 1731 2328 1785 τῶν
2359 1731 2706 1801 ἐμπλεόντων
2740 1727 2850 1799 (66)
2878 1729 3125 1800 ταραχῆς
3151 1725 3566 1781 ἀντιϐαινόντων
3591 1724 3684 1778 ἁλ-

2100 1823 2281 1895 λήλοις
2341 1824 2437 1877 καὶ
2495 1822 2888 1892 διωθουμένων.
2952 1822 3139 1894 Ἀρκεῖ
3183 1819 3276 1873 ἐπὶ
3325 1819 3425 1890 τῆς
3472 1817 3684 1881 εἰκόνος

2099 1915 2259 1967 ὲᾶσαι
2287 1912 2376 1967 τὸν
2413 1912 2600 1981 λόγον,
2631 1912 2754 1966 οὔτε
2793 1912 2896 1981 τῆς
2930 1911 3031 1982 σῆς
3070 1910 3261 1981 σοφίας
3315 1908 3680 1980 ἐπιζητούσης

2097 2024 2151 2059 τι
2220 2006 2407 2072 πλέον,
2480 2005 2603 2058 οὔτε
2669 2005 2768 2076 τῆς
2830 2004 3233 2067 καταστάσεως.
3280 1999 3682 2075 ἐπιτρεπούσης

2098 2100 2226 2168 ἡμῖν
2271 2097 2369 2169 τὴν
2415 2096 2748 2168 παρρησίαν.
2795 2095 2905 2149 Καὶ
2957 2096 3092 2163 πρὸς
3132 2094 3310 2147 ταῦτα
3352 2092 3436 2157 τίς
3491 2091 3681 2154 ἱκανὸς

2096 2191 2468 2262 κυϐερνήτηςς
2500 2189 2584 2253 τίς
2621 2187 2934 2254 ἀξιόπιστος
2957 2188 3315 2257 διαναστῆσαι
3343 2186 3433 2240 τὸν
3470 2184 3680 2256 Κύριον

2097 2284 2418 2355 ἐπιτιμῆσαι
2451 2281 2528 2353 τῷ
2560 2281 2747 2354 ἀνέμῳ
2780 2282 2873 2336 καί
2900 2285 2967 2354 τῇ
2996 2281 3276 2354 θαλάσσης
3308 2280 3404 2345 Τίς
3435 2277 3621 2350 ἕτερος
3642 2277 3678 2348 ἦ

2097 2379 2125 2430 ὁ
2164 2378 2231 2429 ὲκ
2285 2375 2473 2438 παιδὸς
2529 2376 2641 2437 τοῖς
2702 2373 2844 2444 ὑπὲρ
2880 2374 2981 2444 τῆς
3029 2372 3311 2436 εὐσεϐείας
3374 2371 3682 2441 ὲναθλήσας

2096 2469 2337 2538 ἀγῶσιν;
2399 2468 2552 2521 Ἐπεὶ
2583 2462 2678 2521 οὖν
2713 2466 2969 2539 ὥρμηται
3020 2465 3116 2519 νῦν
3167 2464 3410 2535 γνησίως
3453 2464 3562 2516 πᾶν
3614 2461 3683 2515 τὸ

2098 2562 2225 2633 περὶ
2253 2562 2400 2631 ἡμᾶς
2434 2561 2677 2628 ὑγιαῖνον
2728 2559 2870 2613 κατά
2904 2558 3002 2630 τὴν
3050 2558 3231 2611 πίστιν
3278 2559 3360 2619 εἰς
3399 2555 3496 2626 τὴν
3536 2554 3682 2625 πρὸς

2095 2654 2219 2716 τοὺς
2273 2650 2562 2722 ὁμοδόξους
2613 2651 2897 2705 κοινωνίαν
2960 2649 3059 2704 καὶ
3116 2648 3345 2711 ἕνωσιν,
3409 2643 3683 2716 θαρρούνο

2093 2762 2202 2809 τως
2233 2744 2343 2814 (67)
2368 2744 2598 2815 ἤλθομεν
2620 2744 2699 2807 εἰς
2732 2742 2829 2813 τὴν
2862 2740 3207 2814 παράκλησίν
3236 2757 3329 2793 σου
3365 2738 3467 2809 τῆς
3497 2734 3683 2801 ἀνεξι-

2096 2835 2330 2898 κακίας,
2386 2832 2683 2886 ἐπιστεῖλαι
2744 2832 2910 2884 πᾶσιν
2986 2832 3116 2901 ἡμῖν
3176 2827 3463 2899 ἐπιστολὴν
3519 2825 3680 2897 μίαν,

2097 2928 2414 2999 παραίνεσιν
2452 2925 2678 2996 ἔχουσαν
2712 2924 2820 2978 τῶν
2848 2922 3158 2995 πρακτέων.
3195 2919 3350 2975 Οὕτω
3401 2919 3508 2991 γὰρ
3543 2917 3678 2988 βούο

2022 3032 2067 3093 C
2099 3018 2281 3071 λονται
2311 3017 2462 3089 παρὰ
2495 3016 2587 3069 σού
2610 3016 2708 3084 τὴν
2737 3015 2912 3086 ἀρχὴν
2942 3013 3182 3085 ὑπάρξαι
3210 3013 3394 3074 αὐτοῖς
3422 3010 3531 3064 τῶν
3559 3026 3686 3063 κοι-

2095 3108 2336 3164 νωνικῶν
2365 3107 2674 3174 διαλέξεων.
2724 3106 2940 3177 Ἐπειδὴ
2972 3105 3029 3158 δὲ
3069 3104 3197 3167 ἴσως
3231 3102 3461 3155 ὕποπτοι
3497 3117 3681 3154 κατα-

2096 3201 2373 3273 φαίνονταί
2421 3201 2534 3271 (68)
2592 3217 2673 3253 σοι
2726 3195 2790 3269 τῇ
2854 3199 3043 3270 μνήμῃ
3101 3196 3210 3250 τῶν
3261 3192 3683 3264 παρελθόντων,

2094 3296 2267 3347 έκεῖνο
2306 3292 2553 3364 ποίησον,
2580 3290 2957 3360 θεοφιλέστατε
2985 3289 3165 3356 Πάτερ
3188 3301 3203 3315 ·
3238 3286 3363 3357 ἐμοὶ
3394 3284 3494 3348 τὰς
3534 3280 3686 3353 πρὸς

2091 3389 2218 3447 τοὺς
2250 3385 2581 3448 ἐπισκόπους
2615 3382 2903 3445 ἐπιστολὰς
2948 3378 3252 3450 διάπεμψαι
3303 3377 3337 3448 ἢ
3392 3375 3483 3429 διά
3525 3392 3684 3440 τινος

2092 3479 2202 3534 τῶν
2230 3478 2451 3532 αὐτόθεν
2487 3476 2714 3540 πιστῶν,
2749 3476 2782 3547 ἢ
2818 3476 2912 3529 καὶ
2945 3473 3032 3527 διὰ
3065 3473 3157 3526 τοῦ
3214 3468 3443 3538 ἀδελφοῦ
3494 3472 3683 3540 Δωρο-

2092 3570 2215 3623 θέου
2258 3567 2350 3621 τοῦ
2396 3566 2741 3620 συνδιακόνου
2800 3564 2977 3635 ἡμῶν,
3024 3563 3091 3626 ἃς
3150 3561 3546 3631 ὑποδεξάμενος
3609 3556 3682 3613 οὔ

2091 3663 2357 3734 πρότερον
2407 3658 2583 3722 δώσω,
2646 3659 2720 3729 μὴ
2771 3657 2951 3710 λαϐὼν
2997 3655 3107 3729 (69)
3153 3655 3252 3719 τάς
3300 3654 3430 3725 παρ’
3490 3647 3684 3706 αὐτῶν

2093 3753 2442 3824 ἀποκρίσεις⁶
2488 3750 2584 3805 ὲάν
2625 3750 2683 3803 δὲ
2731 3749 2807 3820 μὴ
2859 3748 2993 3819 (70),
3053 3744 3424 3816 Ἠμαρτηκὼς
3456 3744 3684 3812 ἔσομαι

2091 3847 2176 3909 εἰς
2203 3841 2280 3896 σὲ
2312 3841 2517 3905 πάσας
2549 3839 2656 3906 τὰς
2682 3838 2907 3909 ἡμέρας
2943 3836 3052 3905 τῆς
3084 3835 3232 3904 ζωῆς
3260 3853 3401 3906 μου.
3446 3834 3681 3898 Πάντως

2090 3934 2147 3987 δὲ
2178 3933 2236 3986 οὐ
2271 3932 2512 3994 πλείονος
2543 3931 2625 3995 (7|
2636 3931 2655 3999 )
2690 3929 2838 3994 ἀξιον
2868 3928 3034 3999 φόϐου
3077 3927 3235 3980 τοῦτο
3275 3925 3355 3996 τῷ
3399 3922 3459 3987 ἐξ
3495 3922 3683 3994 ἀρχῆς

2091 4023 2298 4076 εἰπόντι
2332 4022 2468 4092 πρὸς
2512 4020 2604 4072 τὸν
2657 4019 2867 4089 πατέρα
2912 4018 2944 4090 ἢ
2988 4017 3110 4088 ἐμοὶ
3152 4016 3246 4071 νῦν
3290 4014 3427 4085 πρὸς
3483 4012 3541 4064 σὲ
3576 4012 3682 4066 τὸν

2092 4108 2458 4178 πνευματικὸν
2493 4105 2705 4176 πατέρα
2730 4106 2962 4174 λέγοντι.
2997 4107 3059 4158 Εἰ
3080 4105 3138 4157 δὲ
3170 4103 3328 4156 τοῦτο
3350 4100 3512 4154 παντὶ
3545 4100 3683 4171 τρό-

2092 4216 2179 4269 πῳ
2212 4199 2584 4270 ἀπηγόρευται
2641 4198 2787 4269 παρά
2837 4198 2939 4258 σοὶ.
2991 4197 3105 4250 ἀλλ’
3150 4197 3299 4267 ἡμᾶς
3339 4210 3403 4262 γε
3435 4192 3536 4262 τῆς
3577 4192 3683 4246 ἐπὶ

2090 4294 2154 4362 τῇ
2184 4292 2434 4362 διακονίᾳ.
2466 4291 2645 4354 αἰτίας
2688 4292 2843 4359 ἄφες,
2894 4290 3098 4354 ἀδόλως
3131 4290 3226 4344 καὶ
3257 4282 3683 4349 ἀκατασκεύως,

2014 4379 2350 4455 Βὲπιθυμίᾳ
2400 4383 2502 4453 τῆς
2559 4384 2781 4453 εἰρήνης
2852 4381 2949 4435 καὶ
3015 4381 3115 4451 τῆς
3198 4380 3334 4452 πρὸς
3405 4374 3687 4445 ἀλλήλους

412 4492 572 4565 ἡμῶν
612 4486 906 4557 συναφείας
938 4482 1046 4537 τῶν
1087 4479 1451 4550 ὁμονοούντων
1489 4479 1568 4542 εἰς
1600 4477 1670 4530 τά
1706 4478 1843 4551 πρὸς
1884 4478 1976 4533 τὸν
2014 4480 2253 4552 Κύριον,
2326 4479 2418 4532 ἐπὶ
2462 4478 2561 4549 τὴν
2634 4476 2929 4549 πρεσϐείαν
2975 4475 3179 4545 ταύτην
3243 4474 3337 4527 καὶ
3393 4467 3687 4542 μεσιτείαν

409 4582 793 4658 ἀφικομένους.

533 4763 729 4819 Genes.
764 4776 914 4827 mn,
950 4760 1037 4814 10.

364 4949 371 4954 -
483 4920 592 4990 (64)
620 4917 776 4988 Πρὸς
801 4916 916 4990 τὴν
948 4905 1717 4990 ἐλπίδα.,γαιὶιοξι-ηιιεἎΒθς.
1749 4914 1985 4990 uterque

407 4998 465 5047 et
487 4976 967 5045 ‘Coi'sL'secun'dus
996 4987 1061 5053 τῇ
1090 4982 1281 5053 ἐλπίδι.
1309 4981 1509 5053 Ibidem
1535 4976 1685 5047 Begf
1703 4980 1982 5053 secundus

408 5069 464 5116 et
494 5060 660 5116 Coisl.
703 5058 977 5113 secundus
1022 5048 1086 5107 ἐκ
1125 5052 1218 5105 τοῦ
1257 5048 1618 5119 ἀπογνώσεως
1654 5048 1977 5119 πτώματος.

484 5130 595 5202 (65)
625 5127 854 5192 Πάντες
892 5124 1058 5202 ὁμοῦ.
1094 5122 1251 5202 Deest
1290 5118 1618 5202 ultimanvox.
1650 5118 1703 5171 in
1734 5120 1981 5202 quinque

411 5185 707 5263 ms‘s.,'non
739 5185 937 5249 tanien
960 5198 1011 5247 in
1044 5191 1455 5263 vetustissimis.
1488 5188 1658 5243 Paulo
1692 5185 1813 5263 post
1844 5185 1981 5263 editi

411 5258 642 5338 βεϐαίως
688 5266 961 5336 κινούσης.
997 5264 1101 5338 Sex
1136 5278 1269 5338 mss.
1320 5270 1376 5314 ut
1415 5262 1471 5313 in
1511 5268 1685 5312 textu.
1721 5258 1980 5338 instituta

408 5329 499 5393 ilic
522 5329 855 5407 comparatio
883 5329 1104 5407 uberius
1136 5334 1308 5386 multo
1336 5329 1981 5401 pertractatarjilpenite

412 5411 605 5463 ultimo
634 5404 753 5461 libri
792 5406 870 5459 De
909 5404 1113 5471 Spiritu
1140 5415 1345 5457 sancto.

483 5479 594 5549 (66}
625 5477 746 5531 Τῶν
767 5463 1164 5545 ἐμπλεόντων.
1191 5474 1355 5545 C9jsl.
1381 5470 1592 5543 primus
1622 5475 1675 5525 et
1703 5472 1850 5521 Harl.
1874 5463 1981 5517 τῶν

412 5548 703 5603 πλεόντων.

468 5619 597 5693 ,(67)
624 5617 1044 5701 ῖθαρῤούγτως.
1080 5612 1156 5668 lta
1184 5612 1351 5671 Coisl.
1379 5612 1592 5683 primus
1622 5618 1675 5667 et
1705 5609 1836 5680 lteg.
1872 5605 1984 5677 pri-

2094 4915 2234 4966 mus,
2259 4913 2385 4955 cum
2416 4894 2558 4952 Med.
2589 4901 2645 4949 et
2680 4892 2837 4948 Harl.
2877 4891 3023 4966 Editi
3053 4889 3406 4966 θαρροῦντες,
3440 4897 3687 4960 excepta

2090 4961 2328 5027 editione
2362 4966 2731 5037 llagauoensi,
2757 4964 3066 5037 qua_-._liab_et
3091 4961 3455 5037 eappogmg.
3560 4966 3571 4976 '

2160 5041 2272 5111 (68)
2310 5029 2811 5111 Κατᾷραίνονταὶ.
2845 5032 2939 5111 Sic
2977 5032 3127 5086 llarl.
3257 5029 3374 5111 γει.
3412 5044 3538 5111 cum
3572 5030 3685 5111 tri:

2087 5100 2188 5166 bus
2235 5100 2379 5164 aliis.
2435 5100 2575 5161 Editi
2609 5106 3108 5174 καταφανὴσονται.
3150 5100 3321 5155 Paulo
3371 5107 3498 5174 post
3527 5101 3687 5174 editi

2085 5180 2317 5250 ᾁδελφοῦ
2348 5179 2527 5250 ἡμῶν,
2560 5177 2655 5250 sed
2680 5169 3173 5250 deest_prono_inen
3218 5173 3277 5237 in
3300 5169 3436 5240 mss.
3465 5169 3688 5245 mihi!!!

2086 5242 2239 5305 l'larl.‘
2269 5261 2319 5305 et
2349 5242 2518 5302 Coisl.
2556 5247 2765 5313 primus
2794 5244 2903 5297 τῶν
2930 5242 3138 5295 αὐτόθι.

2159 5297 2926 5388 _lta;mss.
2965 5322 3198 5388 septem.
3234 5309 3377 5388 Editi
3399 5309 3433 5378 ἢ
3464 5297 3684 5388 λίθων.

2160 5377 2270 5461 (70)
2325 5377 2467 5442 Ἐὰν
2495 5386 2563 5440 δὲ
2597 5384 2701 5455 μή.
2740 5383 2899 5440 Deest
2930 5377 3124 5437 ultiina
3150 5381 3340 5438 vocula
3380 5377 3434 5439 tu
3454 5377 3683 5433 duobus

2089 5478 2275 5601 mss“)
2310 5531 2392 5586 οὐ
2421 5528 2725 5593 πλείονος.
2766 5523 2843 5580 lta
2878 5539 2977 5583 sex
3009 5538 3145 5581 mss.
3173 5517 3459 5579 Εάἰῑιόὺδὲ
3490 5516 3683 5575 πλείο-

2091 5619 2200 5667 νος.
