3868 6218
457 263 565 339 163

1801 274 1858 331 S.
1889 273 2134 331 BASILII
2172 273 2387 331 MAGNI

3606 273 3717 331 «164

462 395 771 453 adeundus‘
799 402 885 451 est
926 393 1173 452 medicus
1223 408 1291 450 ac
1323 392 1611 466 plebeius;
1667 407 1844 463 neque
1873 394 2036 449 etiam

2149 394 2286 465 ίόντι
2304 409 2319 424 ·
2346 392 2470 447 οὔτε
2501 393 2723 464 ἀρχοντι
2759 391 3002 464 δηλονότι
3045 391 3141 446 καὶ
3177 389 3360 463 ἰδιώτῃ
3379 406 3394 422 °
3435 390 3572 447 ἀλλά
3597 409 3718 446 πει-

459 505 665 562 praeses
707 487 900 545 eodem
933 487 1095 544 modo
1136 502 1202 543 ac
1246 488 1497 559 privatus
1544 505 1558 542 :
1599 486 1697 542 sed
1744 485 1921 541 danda
1950 494 2034 542 est

368 585 380 598 '
458 596 649 652 Opera,
687 586 747 634 ut
797 578 960 649 hujus
1006 586 1143 646 arte,
1185 579 1333 635 illius
1362 581 1687 634 auctoritate
1716 577 1784 632 ad
1813 584 2034 632 nostros

463 687 595 728 usus
629 669 992 740 perfruamur.
1030 668 1501 736 Quemadmodum
1547 669 1694 724 enim
1749 667 1816 722 ad
1865 668 2035 741 solem

465 762 849 827 ambulantes,
892 762 1062 817 velint
1100 762 1304 829 nolint,
1347 761 1538 817 umbra
1579 759 1803 815 omnino
1853 759 2036 830 sequi-

465 865 599 907 tur:
632 851 707 906 ita
752 860 806 907 et
840 864 964 906 cum
1018 851 1433 921 magistratibus
1478 849 1749 920 colloquia
1794 859 2034 919 quaestus

467 940 688 1011 quidam
732 940 1054 1004 comitatur,
1107 940 1357 995 levamen
1405 937 1751 996 aﬂlictorum.
1795 938 2033 993 Primam

467 1033 627 1104 .gitur
666 1033 912 1103 epistolae
943 1046 1166 1087 causam
1208 1030 1503 1101 adimpleat
1526 1031 1643 1101 ipsa
1678 1029 2037 1101 magnanimi-

468 1126 592 1180 tatis
631 1131 741 1181 tuae
784 1124 1086 1189 salutatio;
1139 1123 1283 1194 quod
1328 1122 1532 1193 ipsum.
1565 1123 1780 1179 etiamsi
1827 1123 2036 1176 nullum

468 1215 610 1271 aliud
654 1215 930 1272 scribendi
979 1222 1363 1284 argumentum
1417 1221 1757 1285 suppeteret,
1808 1228 2035 1269 causam

469 1320 673 1378 equam
698 1322 822 1363 esse
842 1307 1143 1377 putandum
1173 1312 1278 1361 est.
1314 1305 1582 1360 Saluteris
1610 1305 1776 1375 igitur
1804 1319 1834 1358 a
1854 1304 2036 1370 nobis,

470 1399 551 1455 vir
563 1399 786 1469 optime,
800 1412 864 1452 ac
876 1397 1025 1452 omni
1038 1397 1318 1451 hominum
1333 1395 1515 1467 generi
1532 1395 1884 1459 custodiaris,
1900 1410 2040 1465 prae-

469 1489 704 1545 fecturas
736 1504 804 1544 ex
836 1488 1177 1559 praefecturis
1213 1503 1428 1560 gerens,
1461 1494 1517 1543 et
1541 1487 1677 1542 alios
1707 1493 1870 1558 atque
1901 1487 2039 1542 alios

468 1597 557 1638 tua
583 1582 1057 1637 administratione
1078 1581 1364 1651 adjuvans.
1385 1579 1441 1635 Id
1461 1580 1607 1635 enim
1637 1587 1692 1635 et
1710 1580 1838 1634 mihi
1860 1577 2042 1635 facere

2136 486 2328 559 ρατέον
2364 485 2459 539 τοῦ
2492 486 2592 556 μὲν
2617 487 2682 539 ἐκ
2713 486 2812 558 τῆς
2832 486 3050 556 τέχνης,
3083 484 3178 540 τοῦ
3210 484 3269 539 δὲ
3306 484 3415 539 ἀπὸ
3444 486 3543 556 τῆς
3565 484 3719 550 ἐξου-

2137 578 2258 642 σίας
2281 575 2575 631 ἀπολαύειν
2621 578 2701 641 είς
2745 575 2815 632 τὰ
2859 575 3126 649 ἡμέτερα.
3161 576 3374 648 Ὥσπερ
3407 572 3633 640 οὖντοῖς
3658 578 3718 630 ἐν

2135 667 2269 739 ἡλίῳ
2300 666 2605 739 βαδίζουσιν
2634 666 2829 720 ἕπεται
2876 668 3093 731 πάντως
3138 667 3172 738 ἡ
3221 666 3379 731 σκιὰ,
3410 666 3513 721 κάν
3560 666 3719 720 αὐτο)⁵

2139 759 2214 831 μὴ
2240 759 2580 831 προέλωνται
2614 776 2629 791 ·
2673 759 2815 813 οὕτω
2859 759 2953 813 καὶ
2980 761 3097 822 ταῖς
3137 758 3273 831 πρὸς
3304 758 3429 822 τοὺς
3449 757 3720 831 ἄρχοντας

2135 849 2376 920 ὁμιλίαις
2419 848 2704 905 ἀκολουθεῖ
2754 867 2807 903 τι
2864 848 2960 905 καὶ
3011 849 3489 922 παρεμπόρευμα,
3530 849 3565 920 ἡ
3608 847 3724 902 τῶν

2136 943 2454 1014 καμνόντων
2473 942 2717 1014 βοήθεια.
2755 942 2869 1014 Τὴν
2914 943 3010 1014 μὲν
3032 939 3124 995 οὖν
3166 939 3387 1013 πρώτην
3415 933 3589 994 αἰτίαν
3617 940 3723 1008 τῆς

2135 1031 2429 1105 ἐπιστολῆς
2477 1033 2767 1106 πληρούτω
2821 1033 2954 1087 αὐτὸ
3001 1033 3062 1087 τὸ
3101 1033 3421 1104 προσειπεῖν
3472 1048 3565 1086 σου
3618 1032 3723 1103 τὴν

2140 1124 2493 1196 μεγαλόνοιαν
2527 1140 2541 1156 ο
2600 1124 2659 1191 ὃ,
2710 1124 2813 1178 κᾶν
2863 1123 3101 1195 μηδεμία
3144 1123 3414 1195 πρόφασις
3450 1121 3529 1194 τῷ
3577 1122 3722 1193 γρά-

2138 1233 2257 1286 φειν
2288 1215 2400 1289 (75)
2433 1219 2645 1288 προσῇ,
2683 1216 2888 1286 ἀγαθὸν
2934 1215 3227 1284 κεφάλαιον
3273 1214 3403 1269 αὐτὸ
3429 1214 3536 1288 χρὴ
3575 1213 3733 1285 νομί-

2139 1307 2350 1374 ζεσθαι.
2384 1309 2726 1381 Προσείρησο
2759 1308 2869 1381 (76)
2903 1308 3083 1361 τοίνυν
3109 1309 3262 1379 ἡμῖν,
3291 1301 3336 1361 ὧ
3365 1306 3586 1379 ἄριστε,
3626 1309 3731 1362 καὶ

2141 1396 2429 1466 φυλάττοιο
2453 1395 2532 1468 τῷ
2563 1395 2663 1467 βίῳ
2687 1397 2887 1459 παντὶ,
2918 1396 3094 1467 ἀρχάς
3125 1395 3185 1461 ἐξ
3227 1395 3412 1468 ἀρχῶν
3451 1396 3725 1468 ἀμείϐων,

2140 1486 2236 1540 καὶ
2263 1485 2451 1541 ἄλλοτε
2477 1486 2666 1551 ἀλλους
2681 1489 2801 1552 ταῖς
2824 1487 3168 1551 ἐπιστασίαις
3195 1485 3522 1559 εὐεργετῶν.
3547 1486 3728 1541 Τοῦτο

2139 1577 2249 1651 γὰρ
2295 1578 2419 1650 ἐμοί
2466 1596 2526 1631 τε
2566 1581 2738 1632 ποιεῖν
2793 1578 3058 1650 σύνηθες,
3103 1580 3201 1634 κα).
3250 1581 3332 1632 σοὶ
3376 1578 3733 1650 ὀφειλόμενον

468 1687 584 1728 mos
596 1678 697 1735 est,
721 1678 775 1727 et
795 1670 890 1725 tibi
908 1670 1135 1726 debetur
1156 1671 1226 1726 ab
1245 1672 1333 1738 iis,
1355 1670 1448 1741 qui
1474 1671 1556 1726 vel
1584 1670 1859 1725 tantillum
1890 1678 2039 1725 tuam

2149 1670 2298 1743 παρά
2326 1669 2437 1725 τῶν
2459 1670 2557 1724 καὶ
2587 1671 2730 1725 κατά
2762 1671 2960 1743 μικρὸν
2994 1671 3414 1748 πεπειραμένων
3454 1670 3554 1741 τῆς
3594 1673 3730 1743 περὶ

468 1777 523 1817 In
564 1761 995 1817 administranda
1034 1762 1317 1833 provincia
1358 1763 1612 1817 virtutem
1641 1762 1851 1831 experti
1891 1769 2038 1819 sunt.

2149 1761 2206 1815 τὸ
2230 1762 2418 1833 ἀρχειν
2449 1780 2543 1817 σου
2571 1763 2793 1836 ἀρετῆς.

531 1853 587 1909 2.
628 1853 761 1909 Post
799 1863 985 1909 votum
1023 1855 1180 1919 illud,
1234 1870 1411 1910 meam
1436 1868 1658 1925 quoque
1693 1868 1795 1923 pro
1837 1854 2041 1910 misero

467 1962 597 2004 sene
632 1948 1005 2018 precationem
1042 1948 1266 2018 excipe,
1319 1963 1482 2019 quem
1533 1947 1775 2018 diploma
1824 1947 2040 2017 regium

466 2040 786 2095 muneribus
815 2039 1051 2110 publicis
1089 2041 1333 2108 exemit;
1362 2039 1446 2095 vel
1488 2040 1673 2110 potius
1716 2038 1807 2094 cui
1837 2046 1893 2093 et
1921 2040 2041 2109 ipsa

467 2137 595 2187 ante
646 2146 832 2203 regem
892 2140 1145 2187 senectus
1206 2131 1610 2186 immunitatem
1667 2129 2040 2187 necessariam

466 2223 709 2280 dederat.
728 2221 1081 2278 Conﬁrmasti
1109 2229 1163 2278 et
1202 2222 1322 2294 ipse
1370 2223 1699 2279 beneﬁcium
1732 2223 1900 2294 regis,
1936 2235 2040 2276 na-

467 2330 644 2374 turam
688 2317 980 2381 reveritus,
1025 2323 1081 2373 et
1125 2317 1360 2387 publicis
1404 2317 1570 2371 rebus
1619 2314 1940 2386 providens,
1979 2320 2042 2369 ut

466 2409 604 2464 mihi
632 2408 872 2474 videtur,
902 2424 973 2463 ne
1000 2408 1149 2479 quod
1190 2408 1496 2478 periculum
1519 2447 1535 2473 ,
1570 2407 1791 2463 homine
1820 2412 2044 2478 propter

466 2507 684 2555 aetatem
734 2499 1058 2569 desipiente,
1093 2500 1149 2553 in
1187 2514 1303 2553 rem
1352 2499 1630 2569 publicam
1672 2499 2040 2554 inveberetur.

467 2587 754 2656 Quomodo
784 2598 963 2645 autem
1001 2590 1179 2653 illum,
1207 2590 1292 2645 vir
1333 2590 1674 2654 admirande,
1703 2592 1810 2644 alia
1846 2604 2043 2646 rursus

467 2681 559 2737 via
597 2679 919 2750 imprudens
949 2681 1005 2735 in
1029 2681 1208 2737 media
1238 2683 1461 2753 negotia
1486 2682 1850 2752 protraxisti?
1885 2681 2043 2749 Quod

468 2770 614 2826 enim
648 2771 798 2827 illius
828 2782 1080 2842 nepotem
1114 2773 1357 2827 nonduin
1384 2788 1558 2829 annos
1585 2782 1822 2844 quatuor
1852 2784 2043 2829 natum

468 2861 637 2917 curia:
674 2860 951 2928 addixisti,
991 2861 1121 2933 quid
1164 2864 1312 2919 aliud
1365 2871 1452 2919 est
1513 2880 1675 2934 quam
1745 2880 1931 2921 senem
1988 2864 2044 2918 in

470 2959 669 3023 nepote
704 2967 899 3009 rursus
924 2953 992 3008 dc
1034 2953 1244 3026 integro
1287 2955 1355 3009 ad
1399 2955 1620 3027 publica
1664 2972 1893 3012 munera
1923 2972 2045 3027 per-

2212 1853 2266 1908 2.
2301 1854 2458 1909 Μετὰ
2486 1852 2543 1908 δὲ
2591 1856 2689 1928 τὴν
2746 1854 2945 1927 εὐχὴν,
2991 1854 3139 1921 δέξαι
3168 1855 3266 1909 καὶ
3315 1853 3418 1927 τὴν
3458 1853 3600 1925 ὑπὲρ
3625 1851 3731 1908 τοῦ

2141 1946 2327 2002 ἀθλίου
2359 1946 2613 2020 γέροντος
2645 1947 2888 2012 ἱκεσίαν,
2917 1948 2976 2001 ὃν
3020 1947 3200 2019 ἀφῆκε
3248 1945 3348 2018 μὲν
3396 1944 3505 1998 τῶν
3555 1945 3733 2017 δημο-

2144 2039 2274 2093 σίων
2315 2040 2552 2112 γράμμα
2605 2038 2885 2112 βασιλικόν
2923 2057 2938 2072 ·
2981 2040 3180 2112 μᾶλλον
3228 2039 3285 2094 δὲ
3324 2039 3419 2093 καὶ
3468 2038 3574 2110 πρὸ
3625 2034 3735 2092 τοῦ

2144 2130 2409 2202 βασιλέως
2462 2130 2593 2185 αὐτὸ
2643 2133 2704 2185 τὸ
2756 2132 2934 2204 γῆρας
2992 2131 3192 2186 ἔδωκεν
3248 2130 3397 2202 αὐτῷ
3425 2130 3525 2201 τὴν
3558 2130 3733 2199 ἀναγ-

2142 2223 2304 2277 καίαν
2330 2223 2598 2278 ἀτέλειαν.
2638 2223 3005 2288 Ἐϐεϐαίωσας
3048 2222 3104 2277 δὲ
3142 2224 3237 2277 κα)⁵
3271 2222 3433 2286 αὐτὸς
3455 2222 3555 2293 τὴν
3587 2222 3741 2277 ἀνω-

2142 2314 2233 2369 θεν
2262 2314 2421 2388 χάριν
2454 2315 2594 2371 αίδοῖ
2626 2316 2728 2386 τῆς
2751 2315 2999 2386 φύσεως,
3031 2317 3125 2371 καὶ
3159 2314 3468 2387 προμηθείᾳ
3493 2313 3602 2373 τῶν
3630 2314 3736 2385 δη-

2147 2404 2371 2476 μοσίων,
2404 2405 2526 2477 ἐμοὶ
2551 2405 2751 2464 δοκεῖν,
2775 2404 2851 2468 ώς
2882 2403 2947 2458 ἂν
2969 2405 3045 2476 μὴ
3068 2404 3163 2458 ἀνθ
3173 2403 3339 2477 ρώπῳ
3365 2403 3735 2477 παρανοοῦντι

2143 2494 2231 2549 διὰ
2271 2496 2363 2550 τὸν
2407 2496 2596 2568 χρόνον
2652 2495 2954 2550 κινδυνεύοι
3004 2492 3118 2565 (77)
3150 2513 3203 2549 τι
3236 2494 3346 2548 τῶν
3390 2493 3608 2550 κοινῶν.
3646 2495 3735 2547 Δι’

2144 2584 2336 2659 ἐτέρας
2353 2586 2408 2639 δὲ
2431 2585 2550 2640 ὁδοῦ
2584 2585 2746 2640 πάλιν
2782 2585 2899 2649 πῶς
2926 2585 3088 2639 αὑτὸν
3116 2584 3325 2649 ἔλαθες,
3357 2578 3402 2638 ὦ
3428 2583 3741 2656 θαυμάσιε,

2145 2679 2483 2749 παραγαγὼν
2513 2679 2592 2742 είς
2622 2677 2684 2732 τὸ
2732 2678 2925 2751 μέσον;
2976 2678 3080 2732 Τὸν
3112 2677 3223 2751 γὰρ
3258 2676 3438 2732 ύῖδοῦν
3483 2677 3596 2749 (78)
3630 2679 3737 2732 αύ-

2143 2769 2238 2824 τοῦ
2260 2812 2275 2836 ,
2308 2768 2460 2823 οὔπω
2487 2770 2746 2843 τέταρτον
2771 2770 2889 2835 ἔτος
2925 2770 3034 2824 ἀπὸ
3056 2769 3326 2840 γενέσεως
3358 2769 3562 2840 ἄγοντα
3582 2812 3596 2837 ,
3635 2787 3738 2823 κε-

2144 2860 2340 2926 λεύσας
2378 2861 2473 2915 τοῦ
2514 2861 2894 2933 βουλευτηρίου
2944 2862 3211 2933 μετέχειν,
3242 2862 3295 2915 τί
3328 2861 3455 2915 ἄλλο
3487 2862 3579 2915 καὶ
3606 2861 3745 2932 οὐχὶ

2142 2951 2236 3008 τὸν
2262 2951 2577 3025 πρεσϐύτην
2607 2953 2696 3007 διά
2720 2951 2815 3006 τοῦ
2842 2952 3066 3021 ἐκγόνου
3091 2952 3254 3006 πάλιν
3284 2952 3345 3018 ἐξ
3378 2954 3554 3026 ἀρχῆς
3580 2971 3737 3025 παρ-

468 3041 726 3097 trahere?
758 3040 914 3096 Nunc
953 3050 1132 3097 autem
1165 3058 1297 3114 rogo
1333 3045 1510 3101 aetatis
1553 3045 1845 3117 utriusque
1882 3048 2043 3102 mise-

2149 3043 2301 3113 άγεις
2343 3046 2425 3108 είς
2469 3043 2540 3098 τά
2568 3042 2838 3115 δημόσια;
2874 3043 3038 3098 Ἀλλά
3074 3043 3169 3099 νῦν
3203 3044 3514 3117 ἱκετεύομεν
3550 3046 3745 3118 ἀμφο-

469 3134 668 3200 rearis,
702 3142 758 3190 et
784 3144 1078 3206 utrumque
1110 3134 1310 3192 liberes
1339 3138 1410 3192 ob
1443 3152 1509 3193 ea
1539 3152 1661 3209 quae
1685 3140 1875 3196 insunt
1904 3140 2043 3194 utri-

2149 3135 2319 3209 τέρων
2370 3150 2429 3189 σε
2477 3135 2662 3190 λαϐεῖν
2708 3136 2817 3190 τῶν
2846 3135 3071 3208 ἡλικιῶν
3103 3133 3310 3201 οἶκτον,
3344 3137 3439 3190 καὶ
3489 3136 3740 3209 ἀμφοτὲ-

464 3241 580 3296 que
642 3226 999 3281 miseratione
1053 3225 1239 3297 digna.
1294 3227 1449 3282 Alter
1508 3229 1729 3299 quidem
1787 3238 2043 3301 parentes

2149 3243 2275 3299 ρους
2297 3227 2504 3281 ἀνεῖναι
2531 3226 2620 3281 διὰ
2663 3227 2735 3281 τά
2784 3229 3053 3300 προσόντα
3097 3229 3345 3302 ἐκατέρῳ
3387 3228 3611 3283 ἐλεεινά.
3670 3230 3745 3284 '0

468 3333 581 3375 non
594 3319 747 3383 vidit,
761 3333 864 3374 nec
883 3320 1159 3389 cognovit,
1175 3319 1268 3374 sed
1285 3336 1381 3391 per
1401 3321 1611 3375 alienas
1624 3335 1818 3376 manus
1832 3321 1886 3375 in
1904 3322 2043 3376 hanc

2151 3319 2250 3388 μὲν
2281 3318 2390 3390 γὰρ
2418 3320 2520 3373 οὐκ
2562 3314 2668 3373 εἶδε
2700 3318 2812 3392 (79)
2845 3320 3041 3390 γονέας
3062 3359 3078 3383 ,
3111 3320 3219 3374 οὐδ’
3255 3321 3555 3393 ἐγνώρισε,
3591 3319 3745 3375 ἀλλὰ

471 3410 638 3464 vitam
679 3410 959 3481 ingressus
1005 3419 1109 3477 est,
1168 3415 1353 3468 statim
1392 3428 1422 3467 a
1476 3413 1767 3469 cunabulis
1818 3420 2043 3484 parente

2149 3407 2212 3460 δι’
2247 3407 2539 3479 ἀλλοτρίων
2577 3409 2777 3481 χειρῶν
2818 3410 2899 3474 είς
2937 3411 3030 3466 τὸν
3066 3411 3179 3481 βίον
3220 3410 3408 3466 τοῦτον
3444 3410 3737 3483 εἰσῆλθεν,

472 3509 707 3571 utroque
746 3501 970 3557 orbatus
1006 3518 1022 3569 ;
1055 3502 1194 3556 alter
1242 3518 1372 3557 vero
1415 3503 1605 3557 tandiu
1637 3503 1694 3557 in
1720 3502 1830 3557 vita
1868 3518 2043 3559 reser-

2149 3500 2307 3566 εύθὺς
2345 3503 2410 3555 ἐκ
2452 3503 2782 3575 σπαργάνων
2827 3502 3153 3575 ἀμφοτέρων
3186 3501 3537 3575 όρφανισθείς
3562 3519 3577 3534 ·
3610 3504 3640 3556 ὁ
3672 3503 3746 3557 δὲ

469 3600 632 3649 vatus
664 3601 768 3657 est,
802 3602 866 3648 ut
909 3592 1118 3647 nullum
1163 3594 1495 3650 calamitatis
1546 3610 1720 3665 genus
1762 3593 2043 3663 elfugeret.

2149 3592 2400 3647 τοσοῦτον
2448 3593 2749 3665 ἐταμκύθη
2795 3593 2874 3664 τῷ
2913 3593 3049 3665 βίῳ,
3074 3595 3151 3659 ὡς
3200 3596 3366 3667 μηδὲν
3392 3595 3554 3649 αὐτὸν
3590 3589 3742 3659 εἶδος

470 3680 621 3740 Vidit
672 3685 820 3742 enim
892 3685 994 3739 ﬁlii
1050 3693 1282 3741 mortem
1333 3685 1734 3753 immaturam;
1798 3687 1937 3742 vidit
1993 3694 2043 3742 et

2150 3685 2434 3756 συμφορᾶς
2468 3683 2779 3756 παρελθεῖν.
2817 3685 3029 3739 Ἐπεῖδε
3059 3686 3160 3758 μὲν
3181 3686 3291 3759 γὰρ
3317 3686 3437 3741 υίοῦ
3470 3686 3747 3758 τελευτὴν

469 3775 694 3830 domum
742 3776 1157 3832 successoribus
1203 3776 1522 3832 destitutam
1572 3795 1586 3833 :
1634 3777 1838 3833 videbit
1865 3784 2043 3833 autem

2149 3774 2345 3848 ἄωρον·
2393 3771 2501 3829 εἶδε
2546 3775 2603 3830 δὲ
2646 3773 2793 3831 οἷκον
2847 3775 3056 3849 ἔρημον
3102 3777 3391 3850 διαδόχων’
3427 3777 3618 3848 ὄψεται
3670 3779 3748 3832 δὲ

470 3882 641 3932 nunc,
687 3869 794 3923 nisi
839 3867 971 3938 quid
1011 3874 1107 3922 tua
1146 3868 1487 3924 humanitate
1532 3867 1764 3940 dignum
1815 3872 2043 3941 cogites,

2149 3867 2265 3933 νῦν,
2298 3866 2393 3920 ἐὰν
2430 3868 2504 3938 μή
2534 3884 2588 3920 τι
2621 3867 2786 3932 αὐτὸς
2822 3867 2970 3932 ἀξιον
3020 3868 3120 3939 τῆς
3155 3869 3385 3923 σεαυτοῦ
3419 3868 3743 3942 φιλανθρω-

471 3959 719 4015 solamen
773 3959 1023 4015 orbitatis
1076 3960 1133 4015 in
1182 3962 1525 4015 occasionem
1579 3961 1685 4017 sibi
1734 3962 2043 4017 innumera-

2149 3957 2277 4021 πίας
2310 3956 2597 4029 διανοηθῇς
2617 3997 2632 4022 ,
2658 3958 2757 4029 τὴν
2790 3958 3143 4030 παραμυθίαν
3164 3959 3261 4031 τῆς
3286 3961 3543 4024 ἀπαιδίας
3561 4001 3575 4025 ,
3605 3963 3758 4016 ταύ-

471 4048 666 4104 bilium
699 4050 969 4104 malorum
1004 4049 1272 4104 converti.
1317 4048 1439 4105 Non
1489 4051 1635 4107 enim
1682 4053 1947 4122 puerulus
1991 4053 2043 4108 in

2149 4063 2249 4120 την
2278 4048 2530 4121 ἀφορμὴν
2563 4047 2714 4120 αὐτῷ
2749 4049 2958 4120 μυρίων
2992 4051 3366 4122 γενησομένην
3405 4050 3613 4107 κακῶν.
3654 4056 3747 4107 Οὐ

469 4141 742 4195 curalium
794 4140 977 4194 album
1038 4141 1367 4207 ascribetur,
1415 4152 1510 4197 aut
1551 4144 1756 4199 tributa
1806 4146 2043 4217 colliget,

2150 4141 2259 4212 γὰρ
2297 4140 2467 4212 δήπου
2520 4140 2580 4194 τὸ
2614 4140 2827 4195 παιδίον
2867 4143 2949 4207 είς
2997 4142 3288 4214 βουλευτὰς
3321 4145 3630 4200 συντελέσει
3655 4186 3672 4210 ,
3705 4148 3753 4221 ἦ

470 4239 570 4286 aut
604 4230 875 4285 militibus
908 4245 1195 4285 annonam»
1242 4234 1612 4303 suppeditabit
1649 4253 1662 4288 :
1707 4235 1803 4290 sed
1855 4251 2043 4292 rursus

2152 4229 2358 4296 ἐκλέξει
2386 4228 2494 4293 τὰς
2523 4229 2781 4301 εἰσφορὰς
2803 4270 2817 4295 ,
2853 4229 2886 4302 ἢ
2923 4230 3287 4303 στρατιώταις
3334 4234 3637 4303 χορηγήσει
3675 4234 3761 4287 τὸ

473 4337 701 4379 necesse
726 4322 910 4377 miseri
943 4323 1091 4377 senis
1119 4323 1379 4378 canitiem
1413 4324 1757 4381 dedecorari.
1797 4325 2043 4383 Concede

2155 4321 2492 4394 σιτηρέσιον·
2543 4321 2657 4376 ἀλλ’
2700 4321 2914 4393 ἀνάγκη
2964 4322 3127 4376 πάλιν
3173 4322 3268 4376 τοῦ
3317 4322 3502 4376 ἀθλίου
3543 4324 3718 4396 γέρον
3738 4357 3753 4367 ο

473 4414 642 4486 igitur
684 4417 916 4485 gratiam
970 4423 1025 4468 et
1075 4415 1288 4485 legibus
1337 4429 1788 4482 consentaneam,
1853 4429 1909 4474 et
1955 4433 2043 4473 na-

2155 4429 2247 4477 τος
2264 4392 2375 4484 τὴν
2413 4411 2605 4465 πολιὰν
2644 4392 3129 4484 καταισχύνεσθαι.
3165 4412 3264 4477 Δδς
3306 4408 3401 4466 οὖν
3432 4392 3765 4484 χάριν-καὶ

473 4517 613 4564 tum
668 4514 1062 4579 congruentem
1118 4526 1132 4562 :
1170 4507 1376 4578 jubens
1407 4517 1467 4563 ut
1497 4509 1657 4564 alteri
1698 4509 1918 4581 quidem
1952 4528 2043 4568 us-

2154 4507 2269 4568 τοῖς
2296 4504 2482 4573 νόμοις
2509 4503 2827 4571 ἀκόλουθον,
2860 4506 2954 4559 καὶ
2981 4507 3047 4577 τῇ
3085 4504 3244 4575 φύσει
3295 4504 3711 4578 συμϐαίνουσαν
3730 4526 3753 4540 ο

472 4616 582 4675 que
626 4599 697 4655 ad
730 4598 944 4655 virilem
977 4606 1192 4654 aetatem
1220 4599 1579 4664 concedatur,
1611 4600 1747 4655 alter
1782 4609 1962 4658 autem
1995 4603 2043 4659 in

2153 4594 2232 4667 τῷ
2283 4595 2382 4667 μὲν
2429 4592 2741 4664 προστάξας
2790 4596 2955 4668 μέχρι
2989 4596 3088 4667 τῆς
3115 4595 3225 4649 τῶν
3260 4594 3471 4667 ἀνδρῶν
3518 4595 3761 4667 ἡλικίας

473 4693 617 4751 lecto
641 4699 872 4747 mortem
903 4697 1206 4761 exspectet.
1246 4692 1520 4746 Continua
1547 4701 1730 4748 autem
1764 4694 1978 4765 negotia
2001 4702 2056 4751 et

472 4785 884 4843 ineluctabilem
930 4784 1314 4841 necessitatem
1368 4785 1481 4853 alii,
1528 4797 1814 4843 excusent.
1867 4786 2056 4859 Neque

471 4880 619 4937 enim
670 4878 751 4934 tui
796 4876 967 4933 moris
993 4883 1079 4932 est
1122 4885 1219 4931 aut
1257 4877 1606 4935 calamitosos
1645 4896 1925 4951 spernere,
1962 4888 2057 4937 aut

474 4972 622 5042 leges
661 4969 817 5042 parvi
869 4967 1073 5035 facere,
1107 4978 1203 5024 aut
1248 4969 1440 5026 amicis
1470 4987 1583 5027 non
1628 4972 1822 5029 cedere
1848 4974 2058 5044 suppli-

473 5063 750 5130 cantibus,
779 5062 998 5119 etiamsi
1040 5069 1095 5117 te
1132 5062 1202 5118 ab
1230 5062 1545 5122 hominibus
1590 5065 2057 5123 circumsteterint

474 5156 710 5227 negotia.
1523 5164 1543 5182 °

548 5337 662 5414 (ξιξ)
693 5337 778 5414 7Ῐῷ
803 5338 1072 5414 τράφειν.
1098 5337 1250 5414 H_arl.
1277 5346 1332 5395 et
1355 5338 1498 5396 Med.
1527 5340 1620 5396 τοῦ
1652 5342 1914 5414 γράφειν.

548 5409 663 5480 (76)
692 5410 1089 5480 Προσείρησο.
1133 5409 1213 5465 Ita
1241 5424 1439 5467 novem
1477 5427 1616 5469 mss.
1654 5409 1803 5469 Editi
1837 5413 2061 5487 προσεί-

479 5494 624 5535 ποιο.

2158 4687 2611 4760 συγχωρηθῆναι,
2661 4686 2751 4741 τὸν
2808 4686 2866 4739 δέ
2916 4686 3010 4739 ἐπὶ
3054 4688 3154 4758 τῆς
3213 4685 3402 4757 κλίνης
3447 4686 3767 4757 ἀναμένειν

2155 4779 2247 4833 τὸν
2277 4779 2525 4833 θάνατον.
2563 4778 2916 4851 Πραγμάτων
2967 4777 3025 4830 δὲ
3076 4778 3354 4849 συνέχειαν
3401 4779 3498 4832 καὶ
3530 4779 3594 4832 τὸ
3639 4780 3766 4852 τῆς

2156 4870 2405 4942 ἀνάγκης
2456 4871 2834 4942 ἀπαραίτητον
2894 4870 3046 4926 ἄλλοι
3099 4869 3614 4942 προϐαλλέσθωσαν.
3668 4875 3769 4927 Οὐ

2158 4958 2270 5032 γὰρ
2296 4960 2361 5032 δὴ
2393 4960 2488 5014 τοῦ
2523 4961 2617 5014 σοῦ
2663 4961 2872 5033 τρόπου
2921 4960 2954 5033 ἢ
2985 4961 3172 5026 κακῶς
3214 4961 3558 5034 πράττοντας
3596 4980 3741 5035 περι

2162 5050 2310 5115 ιδεῐν,
2343 5051 2376 5124 ἢ
2414 5052 2595 5123 νόμων
2641 5052 2973 5125 ὀλιγωρῆσαι
2994 5053 3065 5126 ,ἢ
3118 5051 3294 5124 φίλοις
3326 5054 3403 5126 μὴ
3428 5049 3569 5118 εἶξαι
3601 5060 3719 5110 καθ
3740 5090 3767 5100 -

2160 5143 2483 5212 ικετεύουσι,
2518 5144 2620 5199 κᾶν
2646 5144 2716 5199 τὰ
2738 5143 2799 5212 ἐξ
2822 5146 3126 5219 ἀνθρώπων
3157 5163 3217 5200 σε
3246 5146 3599 5218 περιεστήκει
3633 5148 3775 5219 (δυ)

2159 5237 2479 5309 πράγματα.

2159 5349 2403 5417 ἐγγόνου.

2231 5406 2518 5489 (79)01‘m_
2550 5406 2691 5478 εἶδε.
2739 5422 2875 5480 Mss.
2928 5422 3286 5479 consentiunt
3337 5424 3394 5479 in
3442 5423 3548 5479 bac
3585 5439 3773 5483 voce-

2159 5485 2302 5566 Εᾲίιὶ
2327 5485 2438 5566 ὀὐ-κ
2472 5485 2605 5566 οἶδε.
2633 5492 2810 5566 Paulo
2840 5503 2966 5566 post
2995 5495 3165 5566 Coisl.
3203 5495 3419 5564 primus
3447 5495 3536 5548 ἐπ’
3567 5494 3776 5566 ἀμφο-

551 5549 666 5622 (77)
693 5551 1169 5635 Παρρςσρῦντι...
1188 5551 1546 5632 κιζδυνεύοι.
1569 5552 1661 5635 §ic
1681 5568 1819 5635 mss.
1847 5570 2043 5611 summc

2159 5560 2354 5635 τέρῳν.
2392 5560 2542 5615 Harl.
2573 5571 2627 5617 et
2654 5549 2799 5635 Med.
2836 5549 2930 5618 in?
2957 5549 3304 5635 ἀμφοτέρων.

478 5620 789 5697 consensu.
804 5620 949 5697 [idin
975 5621 1791 5697 παρανομοῦντι...-κινδυνεύῃ.

553 5692 667 5762 (78)
713 5690 964 5764 Ὺζδοῦν.
985 5690 1076 5747 Sic
1094 5690 1236 5746 mss.
1264 5700 1411 5764 oc_to.
1443 5691 1584 5748 Editi
1609 5695 1723 5748 υἱὸν
1742 5690 1893 5764 γοῦν.
1918 5694 2058 5751 Pau-

485 5761 714 5831 lo’post
755 5762 923 5818 Coisl.
977 5765 1187 5830 primus
1216 5769 1271 5817 et
1318 5761 1452 5832 Κίος.
1500 5761 1778 5821 secundus
1828 5767 1915 5820 διὰ
1965 5768 2055 5822 τοῦ

2233 5628 2343 5701 (80)
2376 5633 2777 5699 Περιεστήκει.
2824 5635 2917 5689 Sic
2942 5628 3075 5693 mss.
3109 5628 3333 5692 cultiora
3367 5648 3587 5692 summo
3612 5649 3777 5694 con-

2164 5704 2352 5758 sensu.
2392 5701 2532 5757 Editi
2568 5705 2918 5776 περιέστηκε.
