3868 6218
103 401 215 466 465

644 548 986 604 ΕΠΙΣΤΟΔΗ
1024 551 1150 608 ΠΕ’.

1012 407 1512 466 ΕΡιετοιΑιιυιι
1545 404 1830 463 CLASSIS
1869 407 1935 463 ll.
1975 408 2192 464 EPIST.
2234 404 2511 462 LXXXVI.

3250 396 3355 454 «186

2131 550 2293 622 178
2319 546 2655 604 EPISTOLA
2691 540 2967 600 LXXXV'.

115 683 409 749 Cuodyepe
423 689 469 737 et
493 682 543 735 in
562 683 865 738 comentibus
884 692 930 739 et
948 684 1000 738 in
1018 685 1223 752 privatis
1247 686 1501 757 roilgquiis
1522 695 1777 757 rogaverat
1803 688 2036 757 Basitius,
2059 694 2120 757 ut)
2147 693 2318 737 rustici
2358 693 2416 736 oo
2449 680 2702 747 vectigalia
2712 692 2889 747 Jurare
2926 691 3020 731 non
3058 680 3356 742 cogerentur,

1305 750 1435 802 idem
1455 750 1687 803 nunc’ver
1720 751 1903 805 litteras
1927 752 2196 802 obtestatur.

435 878 579 947 Περὶ
605 877 712 933 τοῦ
727 876 813 947 μὴ
841 876 970 933 δεῖν
996 878 1220 949 ὁρκοῦν
1247 878 1381 948 (81).

188 991 267 1044 οὐ
305 990 594 1059 παυόμεθα
624 990 764 1044 κατά
802 993 981 1046 πᾶσαν
1011 988 1228 1046 σύνοδον
1258 991 1697 1064 διαμαρτυρόμε-

121 1098 234 1144 νοι.
277 1082 374 1135 καὶ
427 1082 535 1153 ἰδίᾳ
583 1084 642 1136 ἐν
673 1086 792 1147 ταῖς
850 1082 1160 1155 συντυχίαις
1194 1086 1322 1155 περὶ
1365 1085 1473 1137 τῶν
1519 1085 1698 1139 αὐτῶν

117 1174 499 1245 διαλεγόμενοι
522 1215 538 1238 ,
570 1175 710 1228 ὥστε
752 1176 879 1239 τοὺς
911 1176 1107 1247 ὅρκους
1151 1176 1244 1228 ἐπὶ
1272 1178 1385 1240 τοῖς
1421 1176 1700 1247 δημοσίοις

119 1264 421 1335 τελέσμασι
460 1265 534 1337 μὴ
574 1265 874 1335 ἐπάγεσθαι
898 1266 1050 1337 παρά
1080 1266 1187 1321 τῶν
1228 1267 1545 1338 άπαιτητῶν
1589 1270 1701 1332 τοῖς

123 1356 431 1426 ἀγροίκοις.
453 1356 788 1427 Δειπόμενον
808 1354 874 1430 ἦν
894 1358 1002 1427 (8‘2)
1028 1359 1124 1411 καὶ
1143 1357 1231 1412 διὰ
1257 1356 1351 1411 τοῦ
1376 1357 1702 1429 γράμματος

125 1447 259 1517 mp}.
276 1447 386 1499 τῶν
407 1446 588 1500 αὐτῶν
616 1447 843 1502 ἐνώπιον
868 1449 1002 1503 Θεοῦ
1029 1451 1122 1503 καὶ
1150 1448 1451 1521 ἀνθρώπων
1474 1450 1705 1522 διαμαρο

122 1537 431 1607 τύρασθαι,
465 1541 549 1593 ὅτι
579 1542 843 1610 προσήκει
880 1541 1191 1595 παύσασθαι
1233 1542 1378 1613 ὑμᾶς
1408 1542 1500 1595 τὸν
1542 1542 1703 1595 θάνα-

126 1648 217 1684 τον
247 1634 370 1695 ταῖς
396 1630 598 1702 ψυχαῖς
640 1632 747 1686 τῶν
774 1633 1074 1705 ἀνθρώπων
1112 1634 1415 1703 ἐπάγοντας
1437 1673 1452 1697 ,
1485 1634 1578 1688 καὶ
1606 1633 1702 1687 άλ-

126 1721 252 1787 λους
280 1725 565 1794 ἐπινοῆσαι
602 1743 752 1799 τινας
789 1726 1024 1798 τρόπους
1059 1724 1167 1779 τῶν
1199 1727 1577 1798 ἀπαιτήσεων,
1607 1725 1705 1789 τάς

128 1813 184 1866 δὲ
249 1814 435 1884 ψυχὰς
489 1817 841 1888 συγχωρῆσαι
896 1819 1011 1880 τοῖς
1062 1817 1370 1888 ἀνθρώποις
1432 1816 1704 1888 ἀτρώτους

130 1905 300 1975 ἔχειν.
336 1906 524 1961 Ταῦτα
554 1909 691 1979 πρὸς
714 1909 774 1962 σὲ
810 1908 1115 1980 γράφομεν,
1150 1908 1249 1980 οὐχ
1283 1908 1358 1972 ὡς
1391 1907 1486 1961 σοῦ
1520 1907 1708 1979 δεομέ-

132 2014 224 2051 νου
265 1999 368 2069 τῆς
411 2001 477 2053 ἐκ
509 1999 618 2053 τῶν
672 1999 845 2068 λόγων
885 2000 1285 2072 παρακλήσεως
1323 1999 1573 2071 (οἴκοθεν
1599 1998 1708 2071 γάρ

134 2088 276 2160 ἔχεις
312 2090 412 2155 τάς
455 2092 583 2162 περὶ
603 2092 666 2145 τὸ
708 2091 992 2162 φοϐεῖσθαι
1030 2093 1122 2146 τὸν
1162 2092 1366 2164 Κύριον
1396 2092 1509 2164 (83)
1548 2094 1710 2164 ἀφορ-

139 2181 279 2253 μάς)
301 2222 317 2245 ,
352 2182 469 2235 ἀλλ’
509 2182 598 2237 ἵνα
644 2184 733 2238 διά
784 2183 878 2237 σοῦ
909 2185 1112 2248 πάντες
1152 2186 1202 2238 οἱ
1254 2185 1572 2255 ἀνεχόμενοι
1614 2201 1707 2238 σου

1719 890 1767 948 Α

2217 881 2295 937 De
2323 879 2547 936 carendo
2565 874 2935 948 jurejurando.

1871 993 1994 1050 Non
2037 993 2344 1050 desinimus
2385 994 2441 1047 in
2470 993 2619 1048 omni
2662 996 2929 1045 conventu
2960 981 3277 1048 contestari.
3307 988 3363 1039 et

1800 1090 2033 1161 privatis
2064 1089 2119 1143 in
2162 1086 2453 1158 colloquiis
2485 1085 2626 1141 idem
2666 1084 2962 1147 inculcare,
2990 1087 3048 1134 ut
3068 1078 3261 1134 rustici
3291 1075 3363 1132 ob

1800 1182 2019 1251 publica
2067 1180 2353 1251 vectigalia
2402 1178 2468 1234 ad
2506 1175 2890 1247 jusjurandum
2920 1172 2987 1228 ab
3017 1169 3365 1227 exactoribus

1801 1289 1910 1328 non
1937 1274 2244 1344 adigantur.
2271 1271 2561 1340 Reliquum
2591 1276 2725 1333 erat,
2757 1277 2817 1321 ut
2841 1267 3003 1322 etiam
3033 1279 3128 1335 per
3157 1263 3366 1317 litteras

1802 1364 1871 1419 de
1920 1362 2114 1418 iisdem
2138 1378 2320 1419 coram
2345 1361 2453 1416 Deo
2485 1368 2539 1415 et
2569 1357 2884 1413 hominibus
2911 1361 3366 1416 contestaremur,

1802 1462 2230 1509 consentaneum
2278 1468 2420 1518 esse,
2468 1458 2527 1507 ut
2577 1458 2806 1505 mortem
2839 1448 3119 1502 hominum
3162 1443 3370 1499 anima-

1803 1546 1908 1602 bus
1938 1546 2141 1601 inferre
2170 1545 2460 1609 desinatis,
2487 1551 2542 1599 et
2574 1544 2788 1613 aliquos
2814 1541 2950 1595 alios
2976 1535 3224 1609 exigendi
3256 1550 3371 1590 mo-

1804 1639 1905 1695 dos
1934 1638 2278 1710 excogitetis,
2309 1651 2373 1691 ac
2401 1652 2498 1708 per
2522 1651 2618 1691 vos
2647 1634 2957 1689 hominibus
2982 1632 3140 1686 liceat
3160 1628 3371 1683 animas

1805 1747 1837 1786 a
1869 1731 2090 1786 vulnere
2142 1731 2382 1801 integras
2420 1728 2644 1784 habere.
2687 1725 2769 1780 Ad
2816 1733 2872 1781 te
2919 1725 3034 1779 haec
3079 1720 3372 1779 scribimus

1805 1835 1915 1875 non
1952 1819 2096 1890 quod
2144 1818 2387 1889 indigeas
2408 1857 2422 1882 .
2448 1824 2509 1872 ut
2540 1827 2591 1873 te
2624 1816 2809 1872 verbis
2856 1815 3139 1870 hortemur
3181 1810 3372 1880 (habes

1807 1911 1954 1967 enim
2002 1910 2301 1966 domestica
2365 1907 2580 1964 Domini
2637 1904 2915 1963 metuendi
2976 1902 3370 1970 incitamenta),

1808 2001 1902 2058 sed
1948 2008 2008 2055 ut
2056 2016 2155 2071 per
2196 2008 2252 2057 te
2291 1998 2506 2054 discant
2544 2012 2756 2062 omnes,
2787 1997 2881 2068 qui
2914 2011 2977 2052 ex
3017 2003 3071 2050 te
3114 1993 3371 2064 pendent,

1813 2096 2075 2150 Sanctum
2111 2093 2178 2148 ad
2231 2092 2568 2148 iracundiam
2623 2107 2732 2146 non
2790 2102 3108 2161 provocare,
3155 2094 3210 2141 et
3260 2099 3375 2140 rem

1812 2187 2035 2243 vetitam
2086 2185 2227 2239 mala
2269 2183 2665 2241 consuetudine
2707 2180 3100 2236 indill‘erentem
3140 2192 3251 2233 non
3293 2176 3377 2230 fa-

134 2272 423 2343 διδαχθιῖωι
457 2272 534 2344 μὴ
581 2274 932 2347 παροργίζειν
971 2274 1063 2327 τὸν
1086 2275 1294 2344 Ἂγιον,
1344 2274 1478 2345 μηδὲ
1512 2274 1711 2344 ἀπηγο-

1821 2294 1955 2334 cere.
2006 2276 2192 2348 Neque
2242 2276 2387 2332 enim
2436 2276 2517 2331 eis
2574 2275 2687 2329 ullo
2742 2283 2903 2344 pacto
2946 2272 3013 2327 ad
3063 2270 3377 2326 exactiones

136 2363 397 2434 ρευμένον
434 2366 664 2436 πρᾶγμα
708 2368 775 2436 τῇ
820 2367 1032 2438 πονηρᾷ
1073 2365 1331 2438 συνηθείᾳ
1367 2368 1447 2429 εἰς
1489 2364 1708 2434 ἀδιαφο-

139 2456 253 2527 ρίαν
284 2457 567 2526 κατάγειν.
604 2458 714 2510 Καὶ
743 2458 852 2530 γάρ
884 2458 1009 2512 οὔτε
1038 2442 1230 2528 ὄφελός
1254 2476 1308 2512 τι
1347 2460 1532 2522 αὐτοῖς
1571 2457 1707 2530 πρὸς

133 2547 226 2610 τὰς
252 2550 583 2620 ἀπαιτήσεις
614 2551 680 2603 ἐκ
706 2550 813 2603 τῶν
844 2551 1023 2624 ὅρκων
1045 2552 1190 2617 ἐστὶ,
1217 2551 1311 2605 καὶ
1337 2549 1707 2623 ὁμολογούμε-

134 2654 219 2691 νον
246 2640 423 2692 κακὸν
458 2643 524 2711 τῇ
566 2640 711 2714 ψυχῇ
755 2642 1281 2715 προσλαμϐάνουσιν.
1313 2643 1563 2697 Ἐπειδὰν
1600 2642 1709 2715 γάρ

136 2731 618 2802 καταμελετήσωσι
665 2734 775 2804 (84)
824 2734 925 2799 τάς
969 2736 1256 2807 ἐπιορκίας
1300 2737 1350 2790 οἱ
1392 2736 1666 2807 ἄνθρωποι
1691 2774 1707 2799 ,

134 2821 317 2875 οὐκέτι
365 2824 594 2887 ἑαυτοὺς
636 2826 919 2895 ἐπείγουσι
958 2827 1094 2899 πρὸς
1137 2828 1237 2899 τὴν
1282 2827 1515 2885 ἔκτισιν.
1574 2826 1709 2881 ἀλλά

137 2914 348 2985 ἀπάτης
366 2914 531 2967 ὅπλον
563 2917 658 2970 καὶ
683 2917 951 2990 ἀναϐολῆς
979 2918 1234 2991 ἀφορμὴν
1256 2916 1582 2991 ἐξευρῆσθαι
1612 2919 1709 2971 αὐ-

135 3007 243 3068 τοῖς
284 3005 379 3059 τὸν
407 3007 570 3076 ὅρκον
616 3011 839 3065 οἴονται.
886 3011 1011 3064 Είτε
1038 3006 1131 3065 οὖν
1158 3010 1336 3076 ὀξεῖαν
1368 3011 1561 3079 ἐπάγει
1610 3009 1709 3082 τὴν

137 3099 492 3154 ἀνταπόδοσιν
521 3106 634 3167 τοῖς
664 3104 1066 3176 ἐπιωρκηκόσιν
1088 3107 1117 3159 ὁ
1147 3104 1352 3175 Κύριος
1372 3143 1388 3167 ,
1411 3104 1509 3174 οὐχ
1529 3101 1710 3167 ἕξουσι

136 3193 259 3255 τοὺς
292 3192 670 3259 ὑπακούοντας
690 3236 705 3260 ,
739 3197 848 3250 τῶν
897 3196 1214 3250 ὑπευθύνων
1248 3194 1354 3249 ὑπὸ
1396 3194 1493 3266 τῆς
1536 3212 1709 3266 τιμω-

141 3282 256 3351 ρίας
290 3283 680 3339 ἀναλωθέντων
700 3304 714 3317 ·
747 3286 857 3340 εἴτε
881 3286 966 3340 διά
998 3286 1375 3358 μακροθυμίας
1404 3286 1655 3357 ἀνέχεται
1682 3287 1711 3341 ό

137 3372 449 3444 Δεσπότης,
481 3373 513 3427 δ
554 3376 842 3446 προλαϐὼν
892 3372 1064 3441 εἷπον,
1099 3377 1181 3429 ὅτι
1224 3377 1275 3429 οἱ
1317 3375 1709 3447 πεπειραμένοι

137 3460 234 3530 τῆς
279 3463 488 3533 ἀνοχῆς
523 3466 619 3518 τοῦ
669 3466 873 3537 Κυρίου
930 3465 1361 3539 καταφρονοῦσιν
1416 3464 1580 3519 αὐτοῦ
1612 3466 1711 3537 τῆς

1812 2377 2045 2442 prosunt
2094 2369 2406 2439 juramenta
2458 2386 2472 2422 :
2536 2374 2591 2422 et
2643 2365 2848 2420 malum
2901 2362 3270 2418 certissimum
3318 2359 3375 2413 in

1813 2459 1999 2514 animo
2035 2457 2365 2528 suscipiunt.
2413 2454 2516 2511 Ubi
2566 2455 2715 2511 enim
2747 2452 2997 2509 homines
3036 2451 3089 2505 in
3121 2449 3378 2522 perjuriis

1813 2550 2096 2607 exercitati
2137 2548 2362 2614 fuerint,
2393 2563 2501 2603 non
2530 2547 2767 2617 amplius
2804 2545 3016 2601 solvere
3059 2548 3378 2615 properant,

1816 2643 1912 2699 sed
1947 2642 2157 2699 fraudis
2188 2645 2609 2699 instrumentum
2638 2654 2703 2695 ac
2743 2638 3023 2695 dilationis
3053 2650 3243 2691 ansam
3275 2633 3382 2691 sibi

1815 2735 2099 2789 inventum
2130 2749 2252 2789 esse
2282 2732 2670 2803 jusjurandum
2697 2730 3031 2786 existimant.
3065 2726 3191 2783 Sive
3219 2727 3384 2795 igitur

1814 2824 2081 2881 Dominus
2124 2826 2331 2881 celeres
2373 2838 2567 2896 pmnas
2600 2822 2799 2878 inferat
2826 2822 3063 2894 perjuris
3091 2836 3107 2888 ;
3142 2836 3250 2874 non
3282 2818 3382 2873 ba-

1814 2917 2023 2973 bebunt
2060 2919 2152 2989 qui
2192 2919 2246 2973 in
2284 2919 2378 2988 jus
2412 2918 2590 2973 vocati
2631 2916 3003 2988 respondeant
3044 2912 3385 2982 consumptis

1815 3010 2084 3080 supplicio
2134 3009 2471 3067 debitoribus
2536 3028 2550 3065 :
2624 3010 2739 3066 sive
2782 3006 3005 3080 patienti
3055 3005 3237 3059 animo
3290 3018 3385 3059 eos

1815 3102 2012 3155 toleret
2056 3100 2342 3166 Dominus,
2378 3100 2660 3172 quoniam,
2698 3106 2757 3154 ut
2797 3098 2950 3170 prius
2981 3096 3118 3159 dixi,
3163 3094 3255 3166 qui
3290 3107 3388 3164 pa-

1818 3192 2068 3247 tientiam
2110 3192 2324 3248 Domini
2368 3192 2580 3264 experti
2618 3200 2766 3259 sunt,
2814 3190 2985 3261 ipsius
3031 3193 3388 3243 contemnunt

1815 3282 2155 3350 bonitatem;
2208 3298 2277 3339 ne
2333 3282 2537 3338 frustra
2590 3283 2761 3353 legem
2824 3280 3048 3344 violent,
3101 3293 3278 3349 neque
3329 3276 3388 3331 in

1817 3374 2028 3444 seipsos
2061 3374 2152 3428 Dei
2178 3375 2311 3429 iram
2348 3374 2669 3431 accendant.
2712 3372 2832 3428 Dixi
2860 3387 2981 3444 quae
3024 3370 3209 3430 debui.
3237 3368 3389 3426 vide-

1819 3467 1955 3521 bunt
1978 3467 2330 3539 imtnorigeri.

141 3559 539 3630 χρηστότητος·
578 3560 653 3632 μὴ
688 3562 1056 3632 ἀνομείτωσαν
1085 3562 1368 3635 διακενῆς,
1407 3561 1541 3634 μηδὲ
1585 3561 2037 3634 παροξυνέτωσαν
2070 3564 2156 3635 ἐφ’
2191 3564 2415 3629 ἑαυτοὺς
2444 3565 2535 3621 τὸν
2564 3564 2718 3618 Θεόν.
2750 3564 2980 3637 Εἴρηται
3008 3563 3142 3633 ἡμῖν
3167 3558 3235 3613 τά
3254 3560 3388 3630 ἡμῖν

138 3649 500 3713 ἐπιϐάλλοντα
519 3671 535 3685 ·
563 3655 781 3725 ϐψονται
803 3657 854 3710 ot
882 3654 1251 3720 ἀπειθοῦντες.

668 3793 1016 3851 nmmum
1053 3797 1195 3865 [ις’.

2252 3793 2595 3851 EPISTOLA
2631 3794 2959 3852 LXXXVI“.

505 3913 637 3967 Petit
662 3915 878 3969 Basitius
897 3924 949 3968 ut
973 3932 1061 3983 per
1095 3930 1218 3983 quos
1247 3916 1496 3983 direptum
1522 3916 1750 3971 Dorothei
1770 3917 2037 3986 presbyteri
2061 3916 2367 3981 frumentum,
2390 3930 2480 3983 per
2509 3916 2702 3970 eosdem
2724 3916 3020 3970 restituatur.

667 4021 753 4089 Τῷ
780 4023 1027 4093 ἡγεμόνι
1053 4022 1188 4094 (85)-

209 4146 345 4206 Οἶδα
374 4150 641 4223 μεγίστην
666 4154 759 4207 καὶ
800 4172 1022 4227 πρωτην
1054 4156 1289 4228 σπουδὴν
1327 4151 1493 4212 οὖσαν
1523 4160 1589 4230 τῇ
1628 4175 1715 4212 τι-

148 4244 355 4315 μιότητί
376 4260 472 4297 σου
498 4245 675 4297 πάντα
701 4246 901 4316 τρόπον
925 4247 1035 4318 (86)
1060 4249 1388 4321 χαρίζεσθαι
1408 4249 1486 4321 τῷ
1500 4250 1714 4323 δικαίῳ⁶

145 4334 398 4406 δευτέραν
434 4336 491 4389 δὲ
538 4336 600 4390 τὸ
636 4338 730 4391 καὶ
766 4337 894 4401 τοὺς
942 4339 1127 4408 φίλους
1171 4342 1430 4405 εὐποιείν,
1473 4343 1567 4396 καὶ
1609 4342 1719 4397 τῶν

146 4428 594 4497 προσφευγόντων
627 4431 693 4500 τῇ
734 4431 1038 4502 προστασίᾳ
1075 4432 1179 4502 τῆς
1219 4433 1319 4503 σῆς
1369 4433 1720 4504 μεγαλονοίας

145 4517 554 4575 ἀντιποιεῖσθαι.
594 4520 781 4574 Πάντα
804 4520 984 4575 τοίνυν
1027 4524 1108 4585 εἰς
1146 4524 1339 4578 ταυτὸν
1388 4525 1722 4597 συνέδραμεν

147 4609 231 4665 ἐπὶ
253 4613 355 4682 τῆς
380 4610 666 4683 παρούσης
702 4612 1031 4679 ὑποθέσεως.
1066 4616 1177 4669 Καὶ
1220 4615 1328 4688 γάρ
1358 4616 1565 4671 δίκαιόν
1603 4617 1721 4671 ἐστι

146 4702 202 4754 τδ
229 4706 487 4777 πρᾶγμα,
513 4703 655 4776 ὑπὲρ
696 4699 757 4759 οὗ
787 4706 886 4777 τὴν
936 4706 1231 4778 πρεσϐείαν
1275 4707 1593 4779 ποιούμεθα,
1626 4710 1722 4763 καὶ

148 4794 269 4866 ἡμῖν
298 4796 720 4867 κεχαρισμένον,
745 4796 838 4863 οὓς
867 4799 926 4851 ἐν
951 4801 1065 4864 τοῖς
1108 4798 1280 4868 φίλοις
1320 4800 1573 4873 ἀριθμεῖν
1607 4804 1746 4866 τοίς”

211 4954 323 5025 (81)
353 4954 496 5022 Περὶ
522 4955 631 5010 τοῦ
657 4955 744 5025 μὴ
776 4956 923 5012 δεῖν.
951 4955 1193 5013 Verbum
1224 4959 1479 5014 ultimum
1501 4960 1717 5015 addidi—

149 5036 262 5098 ἕως
276 5041 344 5079 ex
367 5025 539 5098 Coisl.
566 5028 742 5096 primo
762 5039 817 5082 et
840 5028 979 5083 Med.
1006 5027 1143 5083 Tres
1162 5030 1256 5083 alii
1278 5031 1517 5097 codices,
1541 5031 1719 5098 Harl.,

151 5090 275 5165 μοι.
296 5090 582 5150 secundus
600 5106 655 5150 et
677 5098 848 5152 Coisl.
877 5099 1177 5161 secundus,
1200 5100 1283 5154 sic
1307 5090 1566 5155 exhibent
1589 5090 1721 5154 titul

152 5162 249 5217 Iun}
282 5183 296 5219 :
336 5165 504 5240 Ὥστε
546 5165 859 5222 παύσασθαι
887 5168 1151 5240 τουςγτῶν
1178 5170 1454 5240 δημοσίων
1483 5172 1723 5240 πράκτο-

273 5236 405 5298 τοὺς
434 5237 633 5313 ὅρκους
664 5241 776 5301 τοῖς
806 5238 1132 5313 ὑποτελέσιν-
1152 5236 1481 5313 ἐπάγοντας·
1526 5236 1593 5313 ι
1623 5257 1722 5310 pu-

151 5302 402 5382 blicarunt
428 5302 774 5382 pecuniarum
804 5320 1075 5364 exactores
1099 5302 1342 5365 desinant
1368 5312 1421 5366 in
1439 5302 1722 5382 jusjurans

150 5372 521 5447 ἀπορραίσει-ε
549 5378 842 5447 vectigales.

2448 4022 2766 4092 Pra’post'to.

1894 4159 2019 4217 Scio
2058 4160 2356 4215 maximum
2397 4165 2452 4215 et
2485 4159 2723 4230 primum
2767 4158 3099 4231 praestantiae
3129 4165 3237 4214 tute
3272 4166 3395 4217 stu-

1824 4251 1975 4307 dium
2015 4264 2138 4306 esse
2161 4288 2177 4315 ,
2214 4256 2274 4303 ut
2304 4248 2453 4304 omni
2502 4249 2717 4304 ratione
2743 4248 2855 4320 juri
2883 4246 3087 4303 faveas.
3119 4240 3438 4315 Alterum”,

1828 4350 1886 4396 ut
1918 4352 1975 4396 et
2007 4341 2200 4396 amicis
2223 4340 2569 4403 benefacias,
2598 4349 2652 4395 et
2675 4354 2773 4395 eos
2803 4338 2897 4410 qui
2935 4338 3001 4394 ad
3032 4347 3139 4395 tute
3168 4355 3395 4411 magna-

1828 4433 2097 4490 nimitatis
2125 4432 2494 4504 patrocinium
2528 4431 2877 4501 confugiunt,
2908 4438 3115 4487 tueare.
3148 4427 3399 4487 Concur-

1828 4533 1957 4580 runt
1980 4524 2164 4596 itaque
2192 4526 2378 4581 omnia
2408 4524 2464 4579 in
2496 4538 2660 4578 causa
2686 4526 2964 4595 praesenti.
2994 4524 3131 4579 Nam
3165 4533 3221 4581 et
3244 4526 3398 4595 justa

1826 4631 1918 4671 res
1950 4624 2036 4672 est
2059 4655 2075 4680 ,
2108 4630 2209 4686 pro
2255 4630 2363 4686 qua
2392 4614 2789 4684 deprecamur;
2824 4625 2879 4670 et
2920 4614 3081 4671 nobis
3118 4620 3397 4685 pergrata,

1827 4723 1967 4778 quos
2009 4709 2154 4763 inter
2189 4718 2316 4765 tuos
2362 4708 2568 4763 amicos
2596 4721 2888 4762 numerare
2928 4706 3185 4777 dignatus
3218 4720 3312 4771 es;
3344 4711 3400 4760 et

1825 4802 1906 4857 eis
1933 4799 2113 4856 debita
2141 4839 2167 4869 ,g
2189 4799 2286 4871 qui
2324 4799 2649 4855 constantiae
2678 4805 2790 4854 tuae
2832 4798 3095 4853 auxilium
3137 4796 3207 4852 ad
3255 4795 3401 4867 inju-

1895 4960 2010 5029 (85)
2055 4958 2140 5025 Τῷ
2173 4960 2441 5030 ἡγεμόνι.
2474 4957 2589 5030 δίο
2627 4957 2961 5030 cumAeditis
2982 4956 3398 5030 tresuantiquis-

1822 5026 1950 5085 simi
1986 5026 2420 5094 codices'Harlq
2466 5029 2609 5085 Med.
2648 5036 2702 5083 et
2740 5027 2913 5083 Coisl.
2946 5026 3002 5081 In
3037 5027 3163 5081 aliis
3193 5028 3397 5091 tribus,

1823 5116 2019 5170 nempe
2048 5099 2182 5170 Reg,
2214 5099 2456 5155 secundo
2489 5111 2543 5170 et
2574 5099 2791 5170 Bigot.,g
2815 5098 2931 5170 haec
2962 5096 3399 5170 adduntur._rca-

1826 5167 2095 5250 ραθετικὴ·
2110 5167 2248 5250 ὑπὲρ
2273 5169 2657 5250 πρεσϐυτέρων
2680 5167 3204 5250 περικαθαρπαγῆς-
3226 5167 3396 5250 σίτου,

1822 5236 2257 5294 ὲοιιιιιιεηᾶαιίιὶα
2299 5236 2394 5308 pro
2423 5236 2841 5309 presbyteris'ob
2867 5236 3119 5309 frumenti
3148 5236 3398 5309 direptio-

1828 5328 1963 5366 nem.
2016 5309 2171 5364 Patet
2220 5325 2285 5364 ex
2337 5308 2593 5379 epistola
2622 5309 2871 5376 sequenti
2935 5308 3077 5379 hanc
3132 5308 3396 5379 scriptam

1756 5374 1799 5429 D
1831 5381 2005 5436 fuisse
2044 5382 2109 5435 ad
2142 5374 2491 5448 praepositum
2531 5379 2676 5449 pagi,
2700 5374 2764 5433 in
2785 5394 2895 5449 quo
2915 5376 3183 5433 educatus
3219 5374 3395 5432 fuerat

357 5443 734 5538 Λειπόιιενὸγ
760 5445 858 5520 ἦν.
894 5446 1027 5521 Reg.
1073 5451 1351 5508 secundus
1374 5452 1722 5524 ,Λειπόμενον

1824 5451 2102 5538 Basilius;
2112 5443 2396 5538 queri-ique.
2414 5443 2893 5538 idcirc'cfjpatria‘m
2915 5449 3182 5538 appellat;

152 5528 211 5580 ην
230 5528 342 5569 ουν.

217 5584 489 5665 (gift)!
516 5587 769 5665 ⁵Κύριον.
807 5588 884 5643 Ita
916 5589 1116 5646 vetusti
1158 5591 1391 5650 codices.
1427 5594 1718 5665 quinque:

154 5651 273 5705 editi
306 5655 400 5710 τὸν
425 5655 585 5711 Θεόν.

219 5722 334 5809 (84)
354 5725 918 5809 Ιςαζαιιελετήσωσι.
946 5728 1086 5788 Editi
1108 5732 1547 5809 καταμελήσωσι,
1573 5735 1719 5809 quod

156 5796 398 5851 emendat
432 5795 757 5858 Harlaiauus
791 5799 957 5857 codex
990 5818 1115 5861 cum
1150 5795 1328 5862 trib'us
1363 5795 1504 5862 aliis.

1896 5523 2007 5593 (86)
2046 5516 2253 5593 Ιζᾶντα
2290 5516 2532 5593 τρόπον.
2579 5518 2759 5593 Editio
2805 5516 3172 5593 ῼστὶεζξκατά
3222 5516 3393 5572 πάντα

1821 5589 2042 5717 τρόἮσῖ.
2076 5590 2535 5716 ἓξάΊντωροεὶιίι)
2563 5590 2765 5646 melius
2800 5589 2956 5646 deest
2981 5590 3039 5645 in
3068 5604 3164 5647 sex
3187 5603 3322 5646 mss.
3344 5594 3413 5647 et-

1822 5681 1878 5717 tu
1908 5680 1937 5717 θ
1983 5681 1995 5715 I
2027 5701 2041 5715 .
2155 5677 2201 5715 8|
2230 5698 2243 5708 ο

1822 5681 1878 5719 Ill
1908 5677 2041 5717 ειμι.
2077 5677 2243 5716 I588“.

1895 5738 1916 5761 “
1946 5734 2097 5789 Alias
2123 5731 2323 5788 οσον.
2355 5729 2570 5789 Scripta
2601 5744 2750 5787 anno
2774 5728 2899 5787 572.
2981 5753 2984 5755 λ

1898 5805 1939 5832 ⁸⁵
1966 5802 2117 5864 Alias
2149 5800 2428 5863 CLXXIX.
2462 5800 2678 5861 Scripta
2706 5816 2851 5859 anno
2880 5800 3023 5861 37.2..
