3868 6218
410 283 509 338 Hi

1752 285 1811 342 S.
1854 282 2100 342 BASILII
2143 283 2360 341 MAG-Nl

3559 283 3669 339 472

409 412 648 463 seopos.
688 406 743 453 et
784 399 1057 476 quosdam
1107 401 1278 468 alios,
1317 405 1411 474 qui
1435 403 1710 476 ’privatim
1762 403 1833 459 ad
1881 418 1983 460 nos

2103 403 2336 469 Ξαϐίνου,
2368 400 2463 456 τοῦ
2474 401 2624 474 ζπαρ’
2646 400 2827 455 αὐτῶν
2849 399 3241 464 ἀποσταλέντος
3263 399 3535 467 οιακόνου,
3560 401 3663 454 ἐπ-

408 491 621 545 litteras
662 472 946 546 dederant.
983 472 1431 550 Consentaneum
1458 472 1688 558 autem,
1748 501 1808 549 ut
1861 501 1985 550 tan-

407 596 644 650 quam-a
674 585 948 637 communi
990 585 1186 655 synodi
1230 587 1482 642 mittatur
1512 588 1743 658 aliquis,
1773 587 1867 658 qui
1895 587 1986 642 lit-

407 678 557 727 teras
587 673 860 729 secundas
882 674 1111 743 deferat,
1146 693 1284 748 quas
1316 679 1433 750 ipse
1455 679 1647 749 iubeto
1675 680 1913 735 exarari.

2089 496 2407 568 εστείλαμεν
2430 497 2506 566 (5)
2534 494 2671 567 πρός
2688 512 2748 548 τε
2778 495 2906 559 τοὺς
2942 492 3235 564 Ἰλλυριοὺς
3261 492 3510 564 καὶπρὸς
3540 494 3670 559 τοὺς

2090 589 2233 644 κατά
2264 592 2363 659 τὴν
2400 588 2625 643 Ἰταλίαν
2656 589 2750 643 καὶ
2796 586 3028 641 Γαλλίαν
3062 586 3137 657 (4)
3179 584 3531 650 ἐπισκόπους,
3572 586 3671 641 καί

2091 699 2243 745 τινας
2271 681 2379 735 τῶν
2414 682 2556 746 ίδίως
2596 682 2731 753 πρὸς
2771 682 2920 752 ἡμᾶς
2965 677 3403 733 ἐπιστειλάντων.
3433 676 3672 746 Εῠλογον

410 766 472 819 δὲ’
497 767 575 831 ὡς
605 769 713 822 ἀπὸ
751 769 931 823 κοινοῦ
961 770 1035 843 (5)
1073 772 1173 844 τῆς
1212 774 1427 829 συνόδου
1458 775 1830 846 ἀποσταλῆναί
1862 792 1985 831 τινα
2017 776 2107 831 τὸν
2136 775 2430 849 κομίζοντα
2457 777 2684 849 δεύτερα
2710 776 3034 848 γράμματα,
3074 773 3217 845 ἅπερ
3260 772 3420 836 αὐτὸς
3483 770 3671 826 κέλευ-

414 872 505 910 σον
531 859 866 933 τυπωθῆναι.

480 954 534 1011 2.
580 954 735 1020 Quod
794 957 907 1025 jam
960 959 1026 1014 ad
1089 963 1608 1020 reverendissimum
1661 965 1980 1036 episcopum

412 1044 773 1102 Athanasium
802 1050 1017 1114 attinet,
1061 1055 1229 1122 probe
1257 1056 1521 1111 scientem
1544 1057 1801 1111 eximiam
1835 1068 1982 1112 tuam

411 1136 760 1205 prudentiam
802 1143 1068 1205 monebo,
1099 1144 1214 1200 ﬁeri
1253 1161 1361 1201 non
1393 1162 1591 1217 posse,
1630 1156 1691 1201 ut
1714 1148 1851 1203 meis
1891 1147 1987 1200 lit-

412 1229 547 1283 teris
579 1229 784 1300 aliquid
832 1243 1257 1301 promoventur,
1308 1246 1403 1292 aut
1449 1237 1747 1309 quidquam
1792 1253 1985 1294 eorum

412 1336 535 1390 quae
565 1330 780 1391 oportet
810 1323 1126 1392 perﬁciatur
1147 1368 1164 1392 ,
1196 1328 1306 1383 nisi
1350 1338 1404 1385 et
1437 1345 1465 1383 a
1496 1331 1675 1392 vobis,
1715 1331 1808 1401 qui
1853 1340 1987 1385 tunc

412 1408 589 1478 ipsius
635 1414 1079 1471 communionem
1130 1419 1552 1487 procrastinatis
1580 1459 1596 1482 ,
1636 1421 1777 1474 hanc
1812 1421 1984 1490 ipsam

415 1501 602 1570 aliquo
644 1510 805 1585 pacto
851 1506 1108 1576 accipiat.
1152 1509 1322 1562 Aiunt
1367 1510 1512 1564 enim
1554 1511 1732 1579 ipsum
1762 1510 1988 1565 omnino

415 1593 757 1662 pr0pendere
810 1602 870 1650 ut
918 1599 1205 1653 nobiscum
1260 1601 1415 1671 18],
1471 1602 1877 1672 conjungatur,
1932 1608 1987 1657 et

414 1684 677 1753 quidquid
703 1688 925 1755 poterit,
956 1690 1318 1756 collaturum;
1349 1692 1446 1747 sed
1490 1691 1675 1747 dolere
1696 1732 1711 1755 ,
1743 1691 1892 1762 quod
1933 1701 1989 1746 et

2157 965 2210 1020 2.
2244 964 2356 1019 Καὶ
2383 961 2513 1035 περὶ
2543 961 2636 1016 τοῦ
2666 961 3093 1033 αἰδεσιμωτάτου
3116 960 3413 1014 ἐπισκόπου
3442 960 3671 1015 Ἀθανα-

2091 1055 2206 1108 aio.)
2238 1054 2480 1127 ἀκριϐῶς
2510 1054 2882 1123 γινώσκουσαν
2914 1054 3012 1125 τὴν
3049 1052 3259 1106 τελείαν
3289 1069 3381 1106 σου
3409 1052 3669 1123 φρόνησιν

2091 1147 2598 1217 ὑπομιμνήσκομεν,
2624 1147 2705 1200 ὅτι
2731 1146 3009 1216 ἀμήχανον
3028 1147 3139 1208 τοῖς
3163 1146 3292 1214 παρ’
3321 1143 3455 1212 ἐμοῦ
3486 1145 3670 1216 γράμ-

2096 1252 2258 1308 μασιν
2299 1235 2634 1307 ἐπιδοῦναιῆ
2679 1234 2899 1305 ποιῆσαί
2925 1233 3002 1305 (6)
3045 1251 3097 1286 τι
3139 1232 3249 1286 τῶν
3283 1232 3670 1304 ὀφειλομένων,

2091 1328 2187 1382 ἐὰν
2225 1328 2297 1399 μὴ
2331 1327 2428 1382 καὶ
2465 1328 2595 1398 παρ’
2631 1326 2806 1396 ὑμῶν,
2839 1324 2949 1378 τῶν
2974 1325 3094 1378 τότε
3126 1326 3224 1393 τὴν
3257 1325 3540 1378 κοινωνίαν
3569 1325 3671 1379 αὐ-

2091 1418 2184 1472 τοῦ
2211 1416 2683 1488 ἀναϐαλλομένων,
2709 1416 2928 1488 δέξηται
2956 1433 3075 1469 τινα
3110 1416 3332 1488 τρόπον.
3360 1417 3531 1480 Αὐτὸς
3554 1415 3671 1488 γὰρ

2092 1510 2306 1578 λέγεται
2351 1509 2491 1563 πάνυ
2540 1508 2828 1580 ὡρμῆσθαι
2878 1508 3013 1580 πρὸς
3049 1508 3109 1561 τὸ
3144 1507 3481 1579 συναφθῆναι
3510 1510 3667 1579 ἡμῖν,

2092 1601 2186 1653 κα)⁵
2213 1597 2281 1652 τὰ
2309 1597 2451 1653 κατὰ
2484 1597 2714 1668 δύναμιν
2740 1597 3127 1669 συμϐαλέσθαι,
3155 1598 3441 1651 λυπεῖσθαι
3473 1598 3549 1663 δὲ,
3584 1599 3670 1652 ὅτι

2091 1692 2185 1744 κα)¹
2202 1691 2321 1744 τότε
2343 1689 2710 1761 παρεπέμφθη
2736 1690 3115 1757 ἀκοινώνητος,
3135 1688 3227 1743 καὶ
3248 1689 3327 1742 ἔτι
3345 1690 3438 1743 νῦν
3459 1690 3672 1755 ἀτελεῖς

414 1780 548 1829 tunc
576 1776 840 1834 dimissus
870 1779 942 1834 sit
971 1780 1090 1836 sine
1126 1784 1512 1838 communione
1537 1823 1552 1846 ,
1585 1790 1639 1838 et
1680 1784 1981 1838 etiamnum

2103 1783 2252 1850 μένου
2261 1799 2342 1836 σιν
2364 1783 2420 1834 αἱ
2444 1781 2783 1851 ὑποσχέσεις.
2799 1781 2879 1834 Τὰ
2889 1781 2947 1834 δὲ
2957 1780 3097 1834 κατὰ
3109 1782 3206 1852 τὴν
3221 1780 3505 1850 Ἀνατολὴν
3518 1781 3673 1844 ὅπως

416 1866 686 1932 promissa
726 1878 985 1925 maneant
1031 1872 1206 1926 irrita.
1245 1872 1354 1930 Res
1403 1885 1583 1931 autem
1628 1874 1986 1931 Orientalium

417 1960 696 2025 quomodo
756 1977 815 2017 se
867 1963 1105 2019 habeant
1172 1983 1521 2038 nequaquam
1568 1967 1816 2039 profecto
1859 1969 1992 2022 latet

417 2061 581 2104 aures
645 2051 868 2121 pictatis
916 2063 1065 2111 tuae:
1126 2071 1192 2112 ac
1243 2074 1340 2128 per
1387 2074 1446 2115 se
1492 2059 1609 2129 ipse
1675 2058 1990 2133 accuratius

418 2140 603 2192 omnia
660 2143 957 2209 praedictus
1001 2145 1171 2203 frater
1213 2150 1513 2204 enarrabit.
1553 2148 1726 2214 Quem
1769 2149 1990 2218 quidem

417 2225 646 2296 dignare
693 2234 878 2287 statim
929 2244 1052 2305 post
1113 2238 1322 2293 Pascha
1370 2238 1684 2305 dimittere,
1720 2241 1850 2310 quia
1904 2254 1992 2295 rc-

417 2331 622 2386 sponsa
673 2320 974 2383 Samosatis
1025 2338 1337 2398 exspectat:
1395 2332 1624 2402 ejusque
1661 2341 1716 2387 et
1756 2346 1991 2402 pr0pen-

418 2422 539 2462 sam
592 2412 927 2470 voluntatem
972 2421 1212 2489 approba
1242 2459 1258 2486 ,
1308 2431 1363 2476 et
1410 2423 1663 2491 precibus
1709 2424 1818 2477 tuis
1868 2437 1992 2477 cor-

419 2500 741 2561 roboratum
795 2509 863 2562 ad
901 2524 992 2565 res
1024 2513 1336 2582 pr0positas
1361 2514 1602 2583 agendas
1634 2515 1868 2570 dimitte.

951 2619 1295 2675 EPISTOLA
1322 2619 1456 2677 XC‘.

2089 1873 2354 1927 διάκειται
2374 1872 2474 1925 οὐκ
2500 1872 2657 1925 ἔλαθε
2682 1873 2897 1935 πάντως
2921 1871 3018 1935 τὰς
3043 1871 3211 1934 ἀκοὰς
3233 1871 3333 1940 τῆς
3361 1868 3675 1933 θεοσεϐείας

2094 1983 2187 2019 σου
2207 1982 2221 1995 ’
2251 1965 2346 2019 καὶ
2384 1965 2451 2018 δι’
2481 1964 2675 2018 ἐαυτοῦ
2709 1965 2768 2018 δέ
2804 1964 3193 2036 ἀκριϐέστερον
3235 1963 3412 2016 πάντα
3440 1963 3469 2015 ό
3491 1979 3678 2032 προει.

2094 2056 2328 2127 ρημένος
2365 2054 2591 2124 ἀδελφὸς
2634 2055 2973 2126 διηγήσεται.
3011 2057 3108 2109 Ὃν
3141 2053 3475 2120 καταξίωσον
3507 2051 3677 2116 εὐθὺς

2092 2146 2373 2217 ἐκπέμψαι
2411 2146 2548 2217 μετὰ
2578 2147 2637 2199 τὸ
2665 2147 2876 2217 Πάσχα,
2901 2145 2989 2199 διὰ
3018 2146 3079 2200 τὸ
3110 2145 3400 2216 ἀναμένειν
3429 2145 3529 2208 τὰς
3560 2143 3675 2197 ἀπὸ

2096 2240 2429 2311 Σαμοσάτων
2462 2239 2782 2310 ἀποκρίσεις
2801 2255 2815 2270 ’
2844 2233 2904 2293 οὗ
2943 2239 3038 2293 καὶ
3076 2239 3172 2310 τὴν
3203 2234 3508 2307 προθυμίαν
3535 2233 3676 2289 ἀπό-

2094 2332 2262 2396 δεξαι,
2287 2333 2380 2384 καὶ
2402 2332 2586 2403 εὐχαῖς
2614 2331 2776 2385 αὑτὸν
2809 2330 3116 2402 ἐνισχύσας,
3144 2330 3466 2401 πρόπεμψον
3494 2330 3573 2392 εἰς
3598 2325 3674 2381 τὰ

2096 2423 2449 2495 προκείμενα.
2472 2478 2477 2488 _

2662 2621 3009 2673 ΕΠΙΣΤΟΛΠ
3047 2625 3114 2688 μ’.

420 2729 659 2806 .Declarat
673 2730 890 2806 Basilius
901 2740 1131 2806 quantum
1152 2734 1332 2806 (milite
1359 2735 1642 2799 perceperit,
1663 2749 1726 2788 ea:
1749 2735 1920 2806 litteris
1945 2732 2343 2806 Qccidentaliunt.
2363 2738 2408 2783 et
2431 2746 2494 2806 ea:
2516 2731 2911 2806 adcentuSgbiyj
2926 2747 2943 2793 ;
2956 2746 2997 2806 ,α
3017 2745 3110 2806 quo
3129 2731 3318 2806 e406“)?
3334 2730 3677 2806 ,ρεεξάεηιειεε

481 2790 551 2861 (έρο
562 2792 704 2841 rebus
725 2790 935 2861 Orientis
959 2797 1151 2861 tandem
1175 2790 1368 2861 auxilia
1398 2790 1618 2849 venturos
1631 2790 1818 2861 sperat.
1851 2798 1985 2857 Quod
2010 2796 2204 2861 quidem
2225 2802 2273 2845 ut
2307 2793 2545 2858 impetret,
2573 2792 2832 2845 Orientalis
2855 2790 3083 2845 Ecclesia:
3108 2790 3403 2844 calamitates
3425 2791 3675 2844 describit.

480 2853 575 2901 His
598 2864 706 2917 qua:
724 2854 950 2906 canonice
969 2855 1018 2905 in
1038 2855 1292 2909 Occidente
1313 2867 1443 2921 gesta
1454 2867 1560 2909 sunt
1582 2853 1811 2911 assentiri
1829 2853 1881 2910 δὲ
1902 2853 2171 2924 proﬁtetur.
2375 2853 2386 2858 ⁷
2531 2853 2538 2855 ⁷
2836 2894 2841 2897 ‹

448 2955 815 3015 Sanctissimis
845 2962 1103 3031 fratribus
1137 2981 1201 3019 ac
1233 2966 1485 3035 episcopis
1521 2966 1969 3023 Occidentalibus.

495 3116 546 3170 l.
580 3117 760 3173 Bonus
791 3118 958 3185 Deus,
998 3122 1093 3193 qui
1122 3139 1339 3194 semper
1372 3124 1760 3181 aillictionibus
1793 3140 1994 3181 conso-

423 3207 661 3264 lationes
711 3211 999 3279 admiscet,
1049 3214 1207 3269 nobis
1243 3215 1410 3269 etiam
1453 3231 1597 3270 nunc
1648 3217 1876 3287 largitus
1911 3223 1995 3272 est

425 3300 573 3355 inter
603 3303 805 3357 multos
832 3304 1072 3370 dolores,
1106 3313 1164 3359 ut
1191 3307 1463 3361 modicum
1494 3308 1714 3377 aliquod
1740 3307 1994 3363 solatium

423 3392 869 3448 nancisceremur
888 3411 955 3450 ex
979 3396 1198 3460 litteris,
1236 3414 1376 3468 quas
1399 3414 1428 3452 a
1461 3408 1643 3454 vestra
1677 3400 1991 3470 integritate

423 3483 918 3542 revereudissimus
947 3487 1108 3542 Pater
1139 3497 1325 3544 noster
1362 3489 1697 3546 Athanasius
1734 3501 1991 3560 acceptas

422 3570 493 3625 ad
525 3588 625 3628 nos
669 3577 996 3641 transmisit,
1037 3578 1161 3633 ﬁdei
1207 3588 1369 3634 rectae
1409 3580 1784 3635 testimonium
1826 3589 1880 3635 et
1910 3582 1996 3635 in-

422 3664 698 3721 violabilis
760 3678 953 3723 vestrae
998 3670 1307 3726 concordiae
1357 3678 1519 3741 atque
1569 3672 1994 3741 conspirationis

426 3769 802 3827 argumentum
851 3761 1130 3827 habentes,
1176 3764 1249 3817 ita
1295 3770 1354 3816 ut
1394 3771 1449 3819 et
1485 3773 1732 3834 pastores
1770 3763 1992 3819 Patrum

421 3849 653 3919 vestigia
678 3861 990 3921 sequentes,
1015 3861 1068 3908 et
1095 3853 1305 3909 Domini
1334 3856 1592 3925 populum
1616 3871 1739 3909 cum
1764 3856 1997 3912 scientia

423 3949 713 4009 pascentes
744 3944 1057 4000 exhibeant.
1100 3945 1226 4001 Haec
1267 3947 1448 4001 omnia
1481 3947 1617 4002 adeo
1653 3963 1756 4002 nos
1785 3948 1999 4003 exhila-

424 4046 484 4084 ra
497 4043 643 4099 runt,
668 4043 727 4088 ut
747 4050 1038 4092 maerorem
1062 4045 1311 4093 nostrum
1337 4038 1632 4103 solverent,
1660 4048 1714 4093 et
1739 4039 1994 4109 exiguum

424 4124 716 4193 quemdam
743 4127 913 4181 risum
937 4128 1136 4183 animis
1158 4129 1364 4184 nostris
1380 4129 1743 4193 concitarent,
1766 4145 1832 4183 ex
1854 4128 1998 4184 tristi

425 4215 534 4268 hoc
555 4230 736 4269 rerum
769 4225 936 4282 statu,
969 4220 1023 4272 in
1059 4235 1167 4291 quo
1195 4235 1341 4274 nunc
1371 4236 1672 4275 versamur.
1703 4222 1870 4275 Auxit
1903 4235 2000 4275 au-

424 4312 535 4358 tem
567 4306 728 4362 nobis
776 4308 1018 4363 solamen
1072 4310 1337 4365 Dominus
1379 4326 1480 4381 per
1519 4311 1996 4381 religiosissimum

426 4395 598 4450 ﬁlium
646 4404 701 4452 et
742 4399 1141 4455 condiaconum
1186 4399 1488 4468 Sabinum,
1536 4403 1628 4473 qui
1666 4410 1720 4459 et
1764 4418 1826 4458 ea
1877 4418 2000 4472 quae

426 4487 573 4556 apud
610 4503 709 4544 vos
748 4492 1008 4560 praeclare
1039 4499 1342 4563 geruntur,
1398 4508 1667 4548 enarrans
1706 4500 1998 4560 accurate,

425 4582 565 4636 aluit
591 4583 804 4640 animas
833 4597 1090 4653 nostras;
1120 4593 1174 4641 et
1196 4586 1265 4641 de
1292 4586 1458 4643 rebus
1486 4588 1693 4643 nostris
1713 4588 2000 4659 experien-

499 4716 707 4789 fﬁAliias
742 4715 878 4775 LXI.
917 4717 1131 4789 Scripta
1161 4734 1306 4776 anno
1329 4721 1453 4776 572,

495 4786 572 4855 (5)
620 4786 1106 4859 Ἐπεστείλαμεὶθ,
1139 4790 1219 4845 Ita
1254 4807 1388 4846 mss.
1424 4800 1534 4846 tres
1570 4810 1582 4845 :
1615 4792 1759 4846 male
1794 4791 1850 4847 in
1878 4791 1999 4849 edi-

423 4856 499 4978 :is
525 4858 950 4981 ἵπεῧτείῗιαμεν,
973 4856 1260 4928 ἠιὶεἰηιιιδ,
1296 4860 1445 4933 quod
1480 4870 1685 4934 pugnat
1713 4878 1838 4917 cum
1873 4879 1994 4919 sen-

451 4941 517 4981 en
549 4942 599 4979 ia
677 4944 754 4981 εει
784 4945 839 4981 ιι.

451 4941 599 4981 entia
633 4941 839 4983 15381111.

499 4998 578 5064 (4)
617 4997 729 5073 _Kal
759 5000 1054 5073 [asta/ar.
1114 4999 1241 5073 Haac
1285 5000 1483 5058 desunt
1506 5001 1559 5073 in
1583 5001 1732 5066 Ἶρι..
1769 5009 1824 5058 et
1859 5001 1995 5073 Reg.

425 5067 679 5145 secundo
703 5076 756 5123 et
784 5068 955 5145 Coisl.
982 5072 1247 5133 secundo,
1277 5087 1385 5127 non
1419 5073 1477 5126 in
1509 5072 1678 5129 Coisl.
1714 5075 1914 5145 primo,
1943 5067 2000 5128 Et

424 5134 571 5221 Reg.
597 5139 776 5221 primo
804 5148 858 5194 et
889 5136 1293 5221 Bigotz‘altero.

499 5207 578 5285 (5)
625 5208 758 5261 Ἀπὸ
786 5207 1154 5285 ἔοινοῦηδίο
1199 5224 1428 5285 uterque
1457 5212 1619 5285 Begu,
1669 5220 1724 5267 et
1765 5220 1999 5285 uterque

426 5276 598 5332 Cois].
628 5293 753 5353 cum
786 5277 963 5353 Bigot.
1004 5282 1194 5336 altero.
1230 5276 1370 5336 Ediii
1411 5285 1518 5338 ἀπὸ
1543 5276 1761 5353 ’κοινῆς.
1791 5276 2001 5337 Dicitur

428 5355 611 5402 autem
650 5349 752 5402 hoc
800 5352 922 5404 loco
952 5363 1222 5424 commune
1249 5353 1456 5423 synodi,
1491 5354 1639 5409 velut
1670 5349 1815 5424 apud
1841 5354 2000 5408 Cice-

425 5431 617 5471 ronem
653 5436 926 5473 commune
948 5420 1109 5476 Asina.

504 5488 581 5565 (6)
624 5489 991 5565 Ἦμπριῆσίέι.
1036 5491 1242 5565 lta_scx
1285 5510 1420 5550 mss.
1462 5492 1604 5548 Editi
1634 5495 1727 5547 καὶ
1752 5495 1995 5565 ποιῆσαι.

428 5554 724 5633 Ιηίςιι-καξ
762 5554 858 5612 ἐτι
889 5560 985 5633 νιῖν
1026 5563 1255 5627 ἀτελεῖς.
1299 5565 1466 5619 Coisl.
1520 5565 1727 5633 primus
1775 5554 1879 5617 καῖ
1918 5564 1998 5616 ἔτι

429 5628 823 5702 ἀτελεῖςᾷἢεε.
854 5631 1066 5700 primus
1087 5640 1141 5686 et
1160 5633 1326 5689 Coisl.
1355 5628 1628 5691 secundus
1659 5643 1718 5687 ut
1741 5635 1794 5686 in
1820 5644 1991 5688 textu.

428 5694 599 5768 Negat
641 5694 1022 5756 Tille'montius
1051 5703 1430 5764 Athanasium.
1470 5706 1537 5760 de
1571 5720 1679 5763 uno
1718 5704 1806 5758 hic
1837 5704 1992 5760 Basi-

2105 2963 2241 3031 Τοῖς
2272 2962 2614 3035 ἁγιωτάτοις
2645 2960 2931 3097 ἀδείςῖἓῗς
2952 2961 3049 3014 καί
3072 2960 3424 3026 ἐπισκόποις
3452 2958 3578 3026 τοῖς
3601 2957 3681 3014 ἐν

2728 3049 2800 3097 τῃ
2885 3048 3037 3097 vast.

2728 3049 2800 3100 τῃ
2829 3048 3037 3102 tuncet.

2168 3128 2220 3182 Ι.
2274 3127 2332 3181 '0
2365 3124 2569 3195 ἀγαθὸς
2598 3123 2752 3187 Θεὸς,
2784 3124 2813 3174 ὁ
2848 3122 2937 3175 ἀεὶ
2964 3124 3084 3185 ταῖς
3114 3120 3326 3192 θλίψεσι
3362 3120 3460 3185 τὰς
3491 3137 3679 3190 παρα-

2095 3222 2319 3292 κλήσεις
2370 3212 2784 3290 παραζευγνὺς,
2838 3214 3038 3268 ἔδωκεν
3082 3215 3211 3285 ἡμῖν
3271 3213 3367 3267 καὶ
3425 3212 3518 3265 νῦν
3580 3212 3680 3266 ἐπὶ

2094 3313 2173 3384 τῷ
2218 3313 2294 3383 (7)
2345 3311 2540 3381 πλήθει
2589 3308 2696 3362 τῶν
2748 3307 2946 3360 ὀδυνῶν
2992 3306 3248 3378 εὑρέσθαι
3280 3305 3403 3359 τινὰ
3445 3305 3679 3375 μετρίαν

2096 3404 2440 3476 παράκλησιν
2466 3386 2530 3454 ἐκ
2553 3400 2663 3453 τῶν
2693 3398 3054 3470 γραμμάτων,
3087 3395 3123 3450 ἆ
3152 3394 3303 3467 παρά
3346 3394 3447 3465 τῆς
3480 3392 3681 3464 ὑμετέ-

2098 3513 2199 3568 ρας
2249 3493 2537 3565 όρθότητος
2585 3494 2614 3545 ὁ
2657 3489 2986 3560 τιμιώτατος
3018 3488 3212 3559 Πατὴρ
3243 3485 3403 3557 ἡμῶν
3441 3483 3678 3538 Ἀθανά-

2099 3602 2213 3648 σιος
2262 3584 2337 3655 (8)
2386 3585 2415 3636 ό
2460 3581 2758 3643 ἐπίσκοπος
2802 3578 3094 3650 δεξάμενος
3132 3574 3467 3646 διεπέμψατο
3515 3574 3676 3644 ἡμῖν,

2098 3674 2284 3745 ὑγιοῦς
2335 3674 2568 3738 πίστεως
2618 3673 2944 3745 μαρτυρίαν,
2987 3670 3081 3723 καὶ
3122 3669 3219 3739 τῆς
3264 3665 3678 3737 ἀνεπηρεάστου

2098 3768 2251 3839 ὑμῶν
2308 3766 2562 3837 ὁμονοίας
2628 3765 2723 3818 καὶ
2779 3761 3080 3833 συμπνοίας
3134 3756 3406 3821 ἀπόδειξιν
3458 3755 3675 3825 ἔχοντα,

2097 3859 2238 3912 ὥστε
2270 3856 2363 3911 καὶ
2396 3855 2662 3925 ποιμένας
2689 3850 3067 3907 ἀναδεικνύναι
3100 3849 3175 3919 (9)
3214 3850 3325 3910 τοῖς
3367 3846 3537 3917 ἴχνεσι
3563 3845 3678 3898 τῶν

2098 3948 2356 4020 Πατέρων
2403 3945 2847 4009 ἀκολουθοῦντας,
2899 3944 2993 3997 καὶ
3043 3942 3135 3995 τὸν
3179 3939 3306 3992 λαὸν
3338 3937 3433 3992 τοῦ
3462 3936 3675 4008 Κυρίου

2102 4040 2218 4110 μετ’
2247 4040 2554 4109 ἐπιστήμης
2583 4036 2987 4106 ποιμαίνοντας.
3032 4032 3218 4085 Ταῦτα
3252 4031 3426 4084 πάντα
3460 4026 3680 4110 ηὔφρα-

2100 4147 2189 4183 νεν
2217 4131 2365 4201 ἡμᾶς
2386 4128 2658 4195 τοσοῦτον,
2682 4126 2822 4180 ὥστε
2849 4124 3010 4178 λῦσαι
3035 4123 3192 4195 ἡμῶν
3218 4123 3316 4192 τὴν
3347 4123 3676 4191 κατήφειαν,

2100 4221 2193 4273 καὶ
2226 4220 2490 4292 μειδίαμά
2521 4237 2573 4273 τι
2602 4219 2774 4289 βραχὺ
2805 4220 2924 4280 ταῖς
2956 4216 3156 4286 ψυχαῖς
3185 4214 3343 4286 ἡμῶν
3372 4211 3677 4284 ἐμποιῆσαι

2100 4312 2208 4365 ἀπὸ
2254 4312 2355 4383 τῆς
2388 4310 2718 4382 σκυθρωπῆς
2748 4307 2953 4378 ταύτης
2987 4306 3097 4359 τῶν
3136 4304 3477 4375 πραγμάτων
3505 4319 3680 4356 κατα-

2028 4382 2345 4466 1)στάσεως
2393 4402 2526 4473 (l0),
2577 4403 2634 4455 ἐν
2761 4399 2855 4453 νῦν
2906 4397 3340 4469 καθεστήκαμεν.
3399 4393 3679 4447 Ἐπέτεινε

2100 4494 2157 4548 δέ
2187 4496 2320 4566 ἡμῖν
2345 4495 2445 4566 τὴν
2477 4492 2821 4565 παράκλησιν
2846 4492 2874 4544 ὁ
2899 4489 3102 4561 Κύριος
3133 4489 3219 4542 διά
3247 4485 3343 4540 τοῦ
3372 4485 3490 4539 υἱοῦ
3516 4484 3679 4556 ἡμῶν

2100 4585 2194 4638 τοῦ
2234 4585 2629 4639 εὐλαϐεστάτου
2677 4581 3023 4637 συνδιακόνου
3055 4578 3305 4645 Σαϐίνου,
3337 4577 3417 4642 ὃς,
3465 4578 3561 4630 καὶ
3606 4577 3679 4630 τὰ

2098 4720 2233 4785 lius,
2269 4736 2529 4790 magnum
2561 4719 2714 4790 illum
2737 4733 2861 4790 esse
2880 4719 3196 4790 episcopum
3217 4712 3674 4790 Alexandrinum.

2101 4790 2234 4847 item
2266 4785 2640 4860 expéndemus
2677 4789 2735 4842 in
2758 4787 2891 4860 rVita
2917 4785 3157 4860 Basilii;
3187 4800 3362 4855 neque
3393 4785 3539 4839 enim
3572 4799 3676 4838 no-

2100 4857 2892 4937 tarumangustiisﬁcontineri
2928 4857 3124 4937 possit.
3147 4923 3174 4937 ~

2171 4932 2246 5002 (7)
2289 4928 2421 5002 Ἕπῖ
2451 4928 2550 5002 τῷ.
2586 4929 2753 5002 Coisl.
2781 4929 2991 4998 primus
3019 4929 3077 4979 ἐν
3106 4928 3203 5002 τῷἴ

2170 4993 2260 5070 (8)
2284 4993 2653 5065 Ἀθανάσιος.
2690 4993 2850 5053 Deest
2878 5012 3078 5052 nomen
3111 4993 3402 5050 Athanasii
3432 4994 3487 5049 in
3517 5004 3675 5050 utro-

2099 5088 2213 5143 quem
2232 5069 2426 5143 Regio.

2171 5141 2249 5213 (9)
2293 5133 2760 5213 ’Krademmirat.
2790 5137 2929 5213 Beg.
2962 5137 3247 5213 secundus
3282 5142 3336 5192 et
3362 5133 3534 5213 (Eois).
3578 5150 3667 5190 se-

2099 5207 2315 5283 cundus
2346 5210 2755 5283 ἀποδειχθῆναι.
2790 5208 2989 5262 Ibidem
3014 5209 3143 5283 editi
3172 5209 3297 5271 τοὺς
3320 5207 3672 5283 τοῖς-ξχνεσι.

2102 5280 2206 5337 Sed
2255 5276 2823 5350 articuluni'p'rimum
2863 5278 3213 5350 sustulimus,
3242 5277 3333 5346 qui
3365 5277 3562 5350 melius
3593 5276 3673 5350 vi-

2099 5354 2261 5407 detur
2285 5352 2477 5407 deesse
2506 5351 2561 5405 in
2588 5346 2764 5405 tribus
2797 5363 2929 5403 mss.
2969 5347 3093 5401 licet
3118 5364 3224 5401 non
3249 5346 3671 5401 vetustissimis.

2098 5421 2261 5477 Deest
2282 5424 2445 5476 etiam
2484 5422 2540 5476 in
2574 5419 2910 5476 editionibus
2941 5414 3147 5486 Hagan.
3173 5425 3227 5471 et
3254 5417 3420 5471 Basil.

2169 5492 2280 5561 (10)
2306 5489 3039 5563 Καταστάσεωςζριιιιιιιοι·
3067 5503 3345 5563 mss._n0n
3375 5494 3560 5563 tamen
3583 5499 3673 5563 ve:

2096 5554 2392 5618 tttstissinii
2440 5554 2729 5632 κινήσεωςζ
2764 5558 2934 5632 Paulo
2971 5558 3274 5632 p_ost_edit_i
3319 5557 3413 5610 καὶ
3449 5554 3670 5632 διάχτος]

2097 5632 2492 5685 εὐλαϐεστάτου
2523 5622 2641 5687 υίοῦ
2679 5622 2792 5696 καί,
2827 5636 2934 5685 etc.
2971 5622 3151 5685 'Coisl.
3183 5629 3395 5700 primus
3420 5633 3478 5682 et
3514 5622 3667 5679 Harl:

2097 5710 2157 5758 ut
2192 5703 2244 5757 in
2277 5711 2446 5757 textu.
