3868 6218
185 305 291 367 ιπ

1148 300 1642 358 Εριετοιλιιωι
1679 299 2053 356 CLASSISII.
2095 299 2317 356 EPIST.
2359 299 2471 357 XC.

3332 296 3448 360 474

191 429 320 498 παρ’
375 426 508 498 ὑμῖν
562 424 705 481 καλὰ
752 422 1153 495 διηγησάμενος
1210 420 1489 494 ἀκριϐῶς,
1544 418 1768 491 ἔθρεψεν

1876 418 1948 473 tia
1976 416 2229 482 edoctus,
2260 417 2552 487 perspicue
2570 413 2728 470 vobis
2755 415 3096 484 enuntiabit;
3129 425 3189 471 ut
3210 417 3446 487 primum

193 517 348 591 ἡμῶν
380 517 485 582 τὰς
510 517 687 588 ψυχάς
709 532 724 547 ·
759 518 856 571 καὶ
886 515 957 570 τὰ
986 514 1231 586 ἡμέτερα
1260 513 1339 576 δὲ,
1367 515 1433 584 τῇ
1469 511 1635 582 πείρᾳ
1669 528 1773 580 μα-

196 607 324 672 θὼν,
374 605 623 678 ἐναργῶς
672 606 802 677 ὑμῖν
847 603 1156 674 ἀναγγελεῖ,
1209 602 1297 656 ἵνα
1350 600 1773 674 προηγουμένως

200 701 296 769 μὲν
345 699 435 752 διὰ
476 698 577 768 τῆς
621 695 876 760 ὲκτενοῦς
926 696 1021 749 κα)⁸
1051 694 1339 764 φιλοπόνου
1390 694 1628 764 δεήσεως
1673 691 1774 761 τῆς

198 792 332 863 πρὸς
356 790 448 843 τὸν
477 789 682 861 Κύριον
715 787 1151 860 συναγωνίζησθε
1177 788 1330 857 ἡμῖν,
1361 784 1552 838 ἔπειτα
1592 783 1649 837 δὲ
1678 783 1773 837 καὶ

196 881 291 953 τὴν
340 881 699 953 ἐνδεχομένην
731 881 859 951 ὑμῖν
890 880 1000 951 (Η)
1039 877 1395 950 παραμυθίαν
1446 879 1562 941 ταῖς
1607 891 1767 930 καταο

198 972 558 1043 πονουμέναις
588 974 934 1045 Ἐκκλησίαις
961 969 1370 1039 εἰσενέγκασθαι
1396 968 1471 1040 μὴ
1504 967 1774 1039 παραιτή-

199 1064 385 1135 σησθε.
418 1065 682 1136 Κέκμηκε
713 1064 826 1135 γὰρ
863 1062 932 1116 τὰ
958 1062 1211 1127 ἐνταῦθα,
1262 1061 1479 1129 ἀδελφοὶ
1511 1057 1774 1130 τιμιώτα-

194 1174 298 1220 τοι,
330 1156 428 1211 καὶ
455 1156 727 1227 ἀπείρηκε
771 1153 908 1227 πρὸς
930 1153 1030 1217 τὰς
1063 1154 1305 1223 συνεχεῖς
1334 1148 1638 1219 προσϐολὰς
1662 1147 1774 1201 τῶν

195 1250 454 1303 ἐναντίων
486 1250 520 1319 ἡ
560 1247 878 1318 Ἐκκλησία,
925 1246 1114 1318 ὥσπερ
1146 1263 1198 1299 τι
1239 1244 1420 1297 πλοῖον
1449 1244 1507 1295 ὲν
1547 1241 1773 1307 πελάγει

198 1341 352 1410 μέσῳ
397 1342 521 1403 ταῖς
549 1337 872 1410 ἐπαλλήλοις
901 1337 1137 1409 πληγαῖς
1170 1334 1278 1390 τῶν
1315 1334 1572 1407 κυμάτων
1607 1331 1775 1403 βασα-

194 1426 495 1502 νὶζόμενον,
542 1434 593 1486 εί
647 1432 722 1503 μή
773 1448 859 1495 τις
895 1430 1104 1499 γένοιτο
1133 1430 1324 1499 ταχεῖα
1356 1424 1629 1496 ὲπισκοπὴ
1674 1423 1774 1496 τῆς

195 1522 530 1593 ἀγαθότητος
554 1521 649 1575 τοῦ
675 1522 900 1592 Κυρίου.
936 1522 1146 1591 Ὥσπερ
1177 1517 1270 1573 οὖν
1301 1520 1461 1589 ἡμεῖς
1491 1517 1620 1569 ἴδιον
1649 1515 1776 1567 ἐαυ-

192 1610 302 1664 τῶν
333 1610 539 1679 ἀγαθὸν
567 1610 868 1680 ποιούμεθα
900 1609 997 1680 τὴν
1028 1609 1300 1680 ὑμετέραν
1348 1606 1485 1679 πρὸς
1512 1604 1774 1675 ἀλλήλους

193 1703 502 1774 σύμπνοιάν
538 1718 598 1755 τε
624 1702 721 1756 καὶ
751 1702 997 1772 ἑνότητα,
1028 1700 1169 1754 οὕτω
1197 1701 1291 1754 καὶ
1333 1700 1477 1769 ὑμᾶς
1520 1713 1774 1768 παρακαυ

1872 510 2100 581 quidem
2135 509 2413 564 constanti
2441 515 2496 563 et
2527 506 2837 562 vehementi
2868 505 2936 561 ad
2967 506 3255 562 Dominum
3286 523 3449 578 prece

1873 604 2164 659 nobiscum
2194 602 2529 668 decertetis;
2558 599 2754 655 deinde
2783 616 2911 654 vero
2939 607 3000 654 ut
3026 607 3082 656 et
3109 615 3207 671 pro
3235 601 3448 658 viribus

1874 697 2129 750 solatium
2179 695 2442 750 Ecelesiis
2487 694 2756 748 aﬂlictatis
2806 693 3001 748 aﬂ‘erre
3049 709 3118 749 ne
3161 695 3446 751 recusetis.

1872 787 2007 843 Nam
2032 788 2121 842 hic
2147 789 2329 843 omnia
2354 786 2637 847 fatiscunt,
2669 786 2866 840 fratres
2883 785 3325 839 reverendissimi
3348 801 3364 850 ;
3392 790 3449 839 et

1874 881 2058 937 deficit
2089 881 2156 935 ad
2189 881 2484 937 continuos
2518 880 2957 935 adversariorum
2983 879 3226 933 assultus
3260 876 3447 933 Eccle-

1875 973 1994 1040 sia,
2047 989 2157 1028 non
2208 989 2369 1028 secus
2414 988 2479 1027 ac
2530 970 2804 1041 navigium
2847 969 3118 1040 quoddam
3171 970 3226 1023 in
3267 970 3447 1025 medio

1874 1064 2012 1118 mari
2050 1062 2312 1118 ﬂuctuum
2363 1063 2690 1133 impulsibus
2730 1062 2834 1116 sibi
2870 1061 3103 1115 invicem
3146 1060 3448 1115 succeden-

1874 1154 2024 1209 tibus
2070 1156 2372 1224 agitatum;
2405 1154 2512 1207 nisi
2551 1152 2644 1208 Dei
2692 1166 2793 1206 nos
2844 1151 3065 1206 bonitas
3095 1150 3207 1205 cito
3239 1150 3442 1208 visitet.

1874 1245 2344 1313 Quemadmodum
2398 1246 2566 1316 igitur
2613 1246 2892 1316 proprium
2948 1245 3190 1314 ipsorum
3238 1243 3443 1298 bonum

1875 1338 2160 1402 ducimus,
2196 1346 2434 1395 vestram
2469 1340 2612 1392 inter
2657 1352 2756 1391 vos
2797 1336 3147 1390 concordiam
3178 1342 3231 1389 et
3266 1335 3447 1389 unita-

1873 1434 2016 1494 tem;
2057 1428 2130 1481 ita
2159 1434 2213 1481 et
2244 1442 2500 1497 rogamus
2526 1465 2541 1490 ,
2572 1434 2631 1480 ut
2663 1434 2974 1481 nostrarum
3016 1440 3110 1480 vos
3142 1424 3447 1479 dissensio-

1874 1534 2007 1573 num
2034 1519 2329 1585 misereat;
2359 1534 2462 1573 nec
2484 1558 2499 1582 ,
2546 1519 2676 1588 quia
2726 1518 2969 1573 locorum
3002 1518 3109 1572 situ
3147 1517 3325 1571 dissiti
3355 1532 3450 1572 su.

1875 1625 2022 1675 mus,
2074 1625 2176 1666 nos
2219 1626 2250 1664 a
2300 1611 2459 1665 vobis
2506 1610 2844 1679 sejungatis,
2897 1608 2990 1664 sed
3041 1609 3168 1676 quia
3209 1607 3450 1678 Spiritus

1876 1702 2265 1756 communione
2314 1700 2733 1770 coniungimur,
2767 1715 2870 1755 nos
2910 1699 2967 1754 in
2999 1701 3163 1755 unius
3200 1699 3452 1770 corporis

190 1793 394 1864 λοῦμεν
431 1793 785 1865 ωμπαθῆσαι
816 1792 971 1864 ἡμῶν
1007 1795 1127 1857 ταῖς
1159 1791 1490 1863 διαιρέσεσι·
1539 1789 1635 1843 καὶ
1679 1788 1768 1860 μὴ1

1878 1800 2204 1846 concentum
2237 1792 2564 1846 admittatis.

189 1888 272 1942 ὅτι
323 1888 390 1958 τῇ
458 1886 607 1939 θέσει
664 1885 772 1938 τῶν
827 1884 1011 1940 τόπων
1067 1884 1469 1955 διεστήκαμεν,
1518 1883 1773 1954 χωρίζειν
1839 1884 1990 1954 ἡμᾶς
2041 1884 2132 1951 ἀφ’
2200 1883 2429 1949 ἑαυτῶν,
2471 1883 2613 1953 ἀλλ’,
2634 1884 2715 1937 ὅτι
2772 1882 3039 1955 ένούμεθα
3082 1885 3151 1954 τῇ
3194 1881 3336 1938 κατά
3388 1880 3451 1938 τδ

191 1980 417 2051 Πνεῦμα
447 1979 719 2051 κοινωνίᾳ,
750 1980 830 2042 είς
872 1980 973 2049 τὴν
1018 1979 1137 2043 ἑνὸς
1166 1978 1417 2050 σώματος
1446 1979 1593 2049 ἡμᾶς
1634 1976 1953 2047 συμφωνίαν
1985 1978 2409 2049 ἀναλαμϐάνειν.

255 2070 313 2123 2.
354 2068 615 2141 Γιώριμα
656 2070 715 2122 δὲ
759 2069 824 2122 τὰ
860 2068 1111 2123 θλίϐοντα
1152 2070 1322 2140 ἡμᾶς,
1356 2067 1457 2122 κᾶν
1488 2070 1649 2138 ἡμεῖς
1697 2066 1772 2137 μὴ

189 2160 468 2232 λέγωμεν·
506 2162 587 2224 είς
618 2162 798 2214 πᾶσαν
824 2159 932 2232 γὰρ
966 2160 1065 2233 τὴν
1091 2160 1419 2231 οἰκουμένην
1450 2158 1634 2211 λοιπὸν
1660 2158 1772 2229 (12)

189 2253 468 2326 ὲξήῃται.
523 2253 1020 2326 Καταπεφρόνηται
1087 2253 1156 2307 τὰ
1210 2253 1320 2306 τῶν
1374 2252 1634 2323 Πατέρων
1683 2251 1771 2304 δο-

188 2362 410 2415 γματα·
442 2345 800 2398 ἀποστολικαὶ
832 2344 1160 2416 παραδόσεις
1195 2343 1576 2409 ἐξουδένωνται
1621 2343 1732 2414 (15)
1752 2360 1767 2374 ·

191 2437 598 2509 νεωτεροποιιῖω
635 2436 941 2509 ἀνθρώπων
984 2436 1333 2508 ὲφευρέματα
1372 2439 1491 2500 ταῖς
1542 2436 1772 2506 Ἐκκλη-

191 2532 334 2592 σίαις
358 2530 774 2600 ἐμπολιτεύεται
798 2547 811 2560 ·
845 2528 1221 2599 τεχνολογοῦσι
1252 2528 1460 2591 λοιπὸν,
1492 2528 1553 2581 οὐ
1594 2527 1772 2581 θεολο-

188 2621 375 2690 γοῦσιν
404 2622 455 2673 οἱ
485 2621 758 2691 ἄνθρωποι
776 2638 790 2651 ·
821 2622 856 2692 ἠ
883 2621 976 2673 τοῦ
1009 2621 1213 2691 κόσμου
1249 2620 1411 2689 σοφία
1435 2619 1505 2673 τὰ
1528 2621 1771 2691 πρωτεῖα

189 2715 436 2788 φέρεται,
462 2714 833 2785 παρωσαμένη
865 2712 925 2766 τὸ
948 2712 1211 2783 καύχημα
1236 2711 1329 2765 τοῦ
1360 2711 1615 2782 σταυροῦ.
1646 2713 1773 2765 Ποι-

191 2801 349 2869 μένες
378 2800 796 2863 ἀπελαύνονται,
826 2800 1235 2868 ἀντεισάγονται
1268 2799 1324 2852 δὲ
1367 2799 1521 2854 λύκοι
1563 2798 1767 2871 βαρεῖς,

186 2891 524 2954 διασπῶντες
561 2891 623 2944 τὺ
671 2892 917 2962 ποίμνιον
942 2890 1037 2943 τοῦ
1068 2889 1304 2962 Χριστοῦ
1360 2891 1468 2963 (14)
1498 2887 1650 2945 Οἶκοι
1681 2891 1771 2945 εύ-

188 2984 438 3054 κτήριοι,
473 2982 668 3053 ἔρημοι
724 2982 833 3035 τῶν
884 2982 1386 3052 ἐκκλησιαζόντων·
1431 2983 1488 3035 αί
1543 2981 1770 3053 ὲρημίαι

1948 2067 2003 2120 2.
2048 2068 2200 2124 Notae
2248 2080 2430 2127 autem
2480 2069 2824 2126 calamitates
2877 2078 3110 2134 nostrae,
3158 2070 3243 2124 vel
3287 2069 3450 2127 nobis

1874 2161 2223 2216 tacentibus:
2261 2162 2529 2231 siquidem
2586 2176 2683 2231 per
2729 2170 2900 2216 totum
2944 2170 3220 2218 terrenum
3260 2162 3450 2217 orbem

1882 2250 2041 2322 182
2091 2251 2206 2320 jam
2256 2262 2681 2321 persmiueruut.
2731 2253 3173 2309 Contemnumur
3225 2252 3449 2307 Patrum

1875 2343 2161 2414 dogmata;
2190 2346 2344 2399 nullo
2375 2361 2608 2400 numero
2644 2347 2914 2401 habentur
2945 2345 3261 2416 apostolica:
3282 2346 3453 2399 tradi-

1874 2435 2093 2501 tiones;
2140 2447 2464 2492 novatorum
2506 2439 2724 2494 inventa
2776 2448 3007 2510 regnant
3053 2440 3107 2493 in
3152 2438 3449 2496 Ecclesiis:

1875 2527 1945 2583 de
1970 2537 2167 2583 caetero
2202 2529 2450 2584 homines
2499 2532 2793 2585 verborum
2845 2530 3086 2585 artiﬁces
3126 2536 3289 2594 sunt,
3338 2544 3450 2584 non

1876 2621 2149 2690 theologi;
2193 2625 2399 2693 primas
2438 2632 2587 2677 tenet
2638 2622 2825 2676 mundi
2866 2624 3172 2690 sapientia,
3222 2622 3451 2691 expulsa

1874 2715 2058 2771 crucis
2073 2716 2420 2785 gloriatione.
2445 2716 2670 2771 Abactis
2694 2717 3006 2786 pastoribus
3022 2716 3452 2770 introducuntur

1876 2804 1988 2875 lupi
2016 2822 2230 2874 graves,
2265 2808 2356 2875 qui
2384 2808 2589 2861 Christi
2616 2822 2832 2877 gregem
2864 2807 3206 2877 discerpunt.
3242 2806 3446 2863 Domus

1874 2898 2143 2952 orationis
2207 2898 2484 2953 destituta:
2542 2899 3061 2964 concionatoribus,
3124 2900 3452 2955 solitudines

1874 2988 2299 3044 lamentantibus
2327 2989 2561 3044 refertze.
2594 2988 2849 3045 Seniores
2886 2990 3114 3058 lugent,
3148 2990 3277 3044 dum
3307 2989 3453 3043 anti-

189 3072 420 3144 πλήρεις
448 3073 556 3126 τῶν
580 3072 940 3146 ὀδυρομένων.
977 3074 1041 3127 Οἱ
1075 3073 1437 3146 πρεσϐύτεροι
1468 3073 1767 3145 ὀδύρονται,

1876 3095 1981 3150 qua
2010 3090 2334 3151 comparant
2358 3095 2482 3134 cum
2512 3081 2909 3150 praesentibus;
2936 3081 3188 3147 juniores
3222 3081 3452 3137 misera-

184 3163 252 3216 τὰ
276 3163 486 3217 παλαιά
516 3162 897 3231 συγκρίνοντες
919 3166 1028 3227 τοῖς
1059 3162 1323 3236 παροῦσιν
1342 3180 1356 3193 ·
1387 3165 1436 3216 οἱ
1470 3163 1579 3217 νέοι
1605 3164 1770 3217 ἐλεει-

187 3255 415 3325 νότεροι,
461 3254 536 3325 μὴ
571 3253 771 3317 εἰδότες
812 3253 939 3306 οἴων
984 3255 1324 3326 ἐστέρηνται.
1378 3254 1562 3308 Ταῦτα
1609 3255 1772 3309 ίκανά

190 3347 286 3414 μὲν
314 3345 539 3412 κινῆσαι
569 3344 703 3415 πρὸς
730 3343 1074 3415 συμπάθειαν
1116 3346 1225 3417 (15)
1256 3347 1381 3410 τοὺς
1405 3346 1504 3418 τὴν
1530 3345 1768 3417 Χριστοῦ

185 3439 409 3509 ἀγάπην
444 3436 937 3507 πεπαιδευμένους·
974 3439 1398 3510 συγκρινόμενος
1436 3439 1493 3492 δὲ
1534 3442 1599 3510 τῇ
1632 3439 1768 3510 ἀλη-

186 3530 308 3602 θείᾳ
328 3528 441 3582 τῶν
484 3530 824 3600 πραγμάτων
872 3531 901 3584 ὁ
941 3528 1099 3597 λόγος
1146 3531 1298 3602 παρὰ
1345 3529 1478 3584 πολὺ
1528 3530 1640 3601 (16)
1671 3531 1768 3601 τῆς

184 3622 339 3687 ἀξίας
362 3618 544 3673 αὐτῶν
578 3619 955 3676 ἀπολείπεται.
983 3621 1050 3675 Εἴ
1068 3639 1123 3675 τι
1149 3619 1241 3675 οὖν
1265 3621 1608 3695 παραμύθιον
1634 3622 1770 3691 ἀγά-

187 3732 314 3786 πης,
345 3714 404 3768 εἴ
438 3732 523 3780 τις
570 3715 826 3769 κοινωνία
857 3716 1196 3788 Πνεύματος,
1249 3718 1303 3771 εί
1338 3735 1458 3771 τινα
1486 3717 1767 3786 σπλάγχνα

185 3805 511 3878 οἰκτιρμῶν,
549 3806 804 3877 κινήθητε
832 3806 970 3878 πρὸς
999 3807 1098 3878 τὴν
1128 3807 1410 3879 ἀντίληψιν
1451 3807 1628 3880 ἡμῶν.
1660 3807 1769 3861 Λά-

185 3895 307 3949 ϐετε
351 3896 515 3966 ζῆλον
558 3896 858 3962 εὐσεϐείας,
905 3896 1153 3962 έξέλεσθε
1192 3900 1339 3970 ἡμᾶς
1370 3898 1463 3952 τοῦ
1501 3897 1767 3970 χειμῶνος

182 3985 398 4039 τούτου.
430 3985 714 4039 Λαλείσθω
742 3987 837 4040 καὶ
864 3988 996 4057 παρ’
1023 3988 1157 4059 ἡμῖν
1187 3988 1326 4059 μετά
1364 3988 1676 4061 παρρησίας
1704 3986 1767 4041 τὸ

184 4076 390 4144 ἀγαθὸν
425 4077 600 4130 έκεῖνο
630 4076 893 4147 κήρυγμα
922 4076 1031 4131 τῶν
1063 4077 1342 4151 Πατέρων,
1371 4079 1433 4133 τὸ
1461 4078 1765 4149 καταστρέ-

184 4182 281 4235 φον
317 4168 419 4237 μὲν
446 4167 544 4238 τὴν
571 4166 889 4238 δυσώνυμον
925 4168 1135 4239 αἵρεσιν
1159 4168 1255 4241 τὴν
1300 4170 1534 4242 Ἀρείου,
1560 4168 1765 4223 οἰκοδο-

186 4257 321 4326 μοῦν
367 4256 482 4329 (17)
515 4258 571 4311 δὲ
604 4257 702 4323 τὰς
747 4259 1071 4331 Ἐκκλησίας
1103 4261 1160 4313 ἐν
1206 4263 1272 4333 τῇ
1323 4261 1639 4333 ὑγιαινούσῃ
1682 4261 1772 4332 διτ

181 4349 449 4421 δασκαλίᾳ
505 4349 563 4403 ὲν
698 4349 727 4402 ό
777 4349 904 4413 Υἱὸς
956 4350 1239 4421 ὀμοούσιος
1291 4353 1630 4424 ὁμολογεῖται
1685 4355 1763 4427 τῷ

1875 3170 2102 3226 biiiores
2147 3180 2313 3235 sunt,
2368 3172 2625 3242 qualibus
2673 3172 2873 3242 privati
2922 3173 3068 3237 sint,
3114 3174 3449 3243 ignorantes.

1871 3263 2048 3332 Atque
2069 3264 2182 3318 haec
2211 3263 2430 3333 quidem
2455 3274 2583 3334 apta
2607 3264 2677 3319 ad
2697 3281 2884 3320 eorum
2917 3266 3450 3321 commiserationem

1871 3356 2345 3422 commovendam,
2368 3358 2460 3427 qui
2479 3356 2685 3412 Christi
2707 3357 3055 3413 dilectionem
3078 3357 3259 3411 edocti
3283 3365 3448 3426 sunt;

1869 3446 1964 3502 sed
2005 3456 2355 3517 comparatus
2387 3463 2510 3502 cum
2554 3464 2737 3504 rerum
2774 3448 3002 3505 veritate
3058 3463 3240 3503 sermo
3288 3449 3451 3519 longe

1871 3538 1939 3591 ab
1970 3537 2210 3608 ipsarum
2242 3539 2617 3609 magnitudine
2650 3539 2830 3594 abest.
2863 3538 2920 3593 Si
2941 3540 3084 3609 quod
3112 3540 3278 3609 igitur
3303 3541 3451 3594 sola-

1869 3629 2008 3683 tium
2039 3629 2376 3692 dilectionis,
2416 3629 2463 3685 si
2496 3645 2605 3700 qua
2644 3632 3075 3686 communicatio
3106 3631 3365 3701 Spiritus,
3399 3634 3446 3687 si

1867 3736 1977 3791 qua
2024 3705 2527 3777 commiserationis
2577 3723 2815 3787 viscera,
2866 3723 2934 3778 ad
2988 3723 3241 3777 ferendas
3288 3724 3449 3780 nobis

1868 3813 2150 3882 suppetias
2202 3813 2575 3870 coneitemini.
2628 3815 2870 3885 Arripite
2916 3815 3158 3869 studium
3193 3815 3449 3885 pietatis:

1868 3918 1970 3958 nos
1999 3919 2065 3959 ex
2113 3904 2214 3959 hac
2243 3913 2568 3975 tempestate
2600 3908 2819 3975 eripite.
2853 3905 3171 3961 Proferatur
3212 3915 3267 3962 et
3300 3907 3449 3982 apud

1866 4008 1970 4049 nos
1999 3993 2167 4048 libere
2203 3993 2347 4048 bona
2389 3994 2479 4046 illa
2513 3992 2735 4049 Patrum
2771 3995 3157 4065 promulgatio,
3187 3994 3447 4048 infamem

1866 4087 1982 4144 Arii
2008 4087 2256 4144 haeresim
2281 4095 2571 4154 evertens,
2601 4088 2881 4143 Ecclesias
2910 4102 3042 4142 vero
3089 4088 3143 4141 in
3176 4102 3308 4141 sana
3343 4085 3446 4141 do-

1866 4183 2047 4234 ctrina
2077 4178 2376 4243 aedilicans,
2400 4180 2454 4233 in
2483 4195 2588 4250 qua
2609 4178 2807 4233 Filium
2826 4178 2973 4233 Patri
3000 4179 3448 4234 consubstantia-

1863 4272 1969 4331 lem
1993 4272 2338 4340 conﬁtemur,
2366 4282 2531 4344 atque
2558 4273 2795 4345 Spiritus
2833 4285 3055 4329 sanctus
3096 4272 3212 4343 pari
3238 4272 3450 4326 honore

1866 4366 2029 4420 simul
2061 4374 2117 4422 et
2155 4375 2503 4430 numeratur,
2543 4374 2598 4420 et
2638 4366 2932 4431 aduratur;
2977 4372 3035 4419 ut
3080 4378 3241 4435 quam
3289 4362 3449 4418 vobis

181 4438 381 4511 Πατρὶ,
420 4440 516 4493 καὶ
555 4439 618 4494 τὸ
658 4441 883 4514 Πνεῦμα
910 4441 972 4496 τὸ
1014 4442 1168 4512 ἅγιον
1228 4444 1509 4516 ὁμοτίμως
1555 4463 1767 4519 συναρι-

1876 4454 2136 4512 Dominus
2165 4456 2316 4511 dedit
2351 4472 2451 4527 pro
2476 4456 2706 4512 veritate
2726 4458 3053 4522 libertatem,
3090 4464 3143 4511 et
3171 4456 3225 4510 in
3249 4454 3449 4509 divinae

181 4530 400 4602 θμεῖταί
434 4548 496 4585 τε
521 4533 616 4586 καὶ
651 4533 1071 4607 συλλατρεύεται
1090 4550 1104 4564 ·
1129 4534 1220 4589 ἵνα
1248 4536 1314 4607 ἢν
1344 4536 1472 4607 ὑμῖν
1504 4536 1703 4593 ἔδωκεν
1734 4541 1764 4594 ὁ

180 4621 386 4694 Κύριος
434 4622 575 4693 ὑπὲρ
617 4624 716 4690 τῆς
754 4623 1015 4696 ἀληθείας
1058 4625 1392 4697 παρρησίαν,
1430 4627 1527 4681 καὶ
1563 4629 1624 4682 τὸ
1670 4630 1765 4684 ἐπὶ

176 4716 244 4783 τῇ
286 4714 552 4786 ὁμολογία
591 4715 693 4786 τῆς
738 4715 890 4780 θείας
934 4716 1046 4787 (18)
1096 4717 1192 4771 καὶ
1223 4719 1489 4792 σωτηρίου
1534 4721 1764 4794 Τριάδος

179 4805 465 4877 καύχημα,
493 4805 655 4860 τοῦτο
697 4808 793 4861 καὶ
843 4810 976 4879 ἡμῖν
1013 4809 1101 4863 διὰ
1141 4809 1252 4863 τῶν
1280 4812 1557 4884 ὑμετέρων
1586 4814 1762 4885 εὐχῶν

179 4898 403 4969 καὶτῆς
436 4898 726 4970 συνεργίας
770 4900 923 4972 ὑμῶν
969 4900 1282 4974 χαρίσηται.
1320 4903 1394 4956 Τὸ
1428 4905 1486 4959 δὲ
1526 4905 1763 4962 καθέκα-

246 5031 293 5104 (1
311 5032 363 5095 l)
399 5031 592 5110 °_ry?r.
621 5032 757 5089 'l‘res
780 5034 1140 5110 vetustissimi
1166 5036 1389 5110 codices
1422 5040 1571 5110 ἡμῖν.
1596 5039 1762 5110 Deest

174 5115 237 5182 ea
266 5117 377 5156 vox
413 5103 467 5182 in
496 5112 739 5182 quatuor
766 5106 892 5182 aliis
930 5120 1065 5182 mss.
1103 5105 1291 5182 Paulo
1306 5117 1427 5182 post
1442 5103 1622 5164 'editio
1656 5109 1762 5165 Pa-

174 5176 278 5243 ris.
301 5182 359 5243 et
380 5176 741 5230 vetustissimi
764 5176 986 5231 codices
1011 5177 1080 5230 τὰ
1108 5176 1358 5243 ἐνταῦθα,
1386 5180 1540 5235 deest
1564 5182 1758 5235 vocula

174 5241 230 5295 in
250 5241 394 5320 aliis
419 5253 662 5320 quatuor
674 5261 825 5320 _mss.
848 5253 903 5301 et
923 5246 1263 5303 editionibus
1281 5241 1484 5320 Hagan.
1505 5258 1559 5304 et
1587 5249 1756 5305 Basil.

242 5312 363 5383 (12)
393 5315 639 5388 Λοιπᾴν.
672 5315 927 5388 Deeslgea
956 5333 1058 5371 vox
1098 5320 1152 5371 in
1197 5312 1439 5388 quatuor
1481 5336 1613 5376 mss.
1651 5337 1758 5377 non

170 5387 358 5436 tamen
390 5385 801 5451 vetustissimis,
841 5386 899 5441 in
931 5388 1133 5458 quibus
1176 5385 1343 5443 etiam
1374 5390 1572 5462 legitur
1602 5391 1761 5445 ἐκκέ-

169 5468 355 5520 χυται.

243 5522 377 5597 (15)Δ
396 5523 874 5597 Ἐξορδένωνται.
908 5523 1047 5582 Tres
1073 5525 1229 5597 Regii
1259 5528 1483 5586 codices
1507 5538 1563 5586 et
1586 5531 1751 5588 Coisl.

170 5594 453 5670 secundus
483 5594 888 5670 ἐξουθένηνται,
921 5594 1202 5670 νεωτέρων
1230 5598 1553 5670 ἀνθρώπων.
1585 5600 1756 5659 Paulo

170 5671 298 5737 post
316 5661 490 5737 _Med._
510 5679 574 5737 et_
596 5661 875 5737 Harllaati.
902 5667 1023 5737 οὐχὶ
1056 5661 1398 5736 θεολογοῦσιν

242 5732 359 5803 (Hi
392 5730 514 5787 Vid.
548 5734 829 5791 Addenda.

1863 4548 2238 4619 salutarisque
2288 4547 2578 4603 Trinitatis
2617 4547 2969 4603 confessione
3015 4547 3438 4617 gloriationem,

1864 4638 2009 4694 hanc
2045 4647 2099 4695 et
2126 4640 2289 4694 nobis
2318 4655 2417 4709 per
2443 4649 2656 4695 vestras
2686 4653 2877 4708 preces
2905 4652 3173 4708 opemque
3201 4642 3443 4691 vestram

1865 4729 2154 4801 largiatur.
2206 4729 2476 4785 Caeterum
2523 4731 2613 4785 ille
2644 4731 2782 4800 ipse,
2810 4745 2971 4800 quem
3012 4728 3122 4797 jam
3155 4727 3287 4791 dixi,
3322 4726 3443 4779 dia-

1861 4836 2037 4877 conus
2063 4823 2278 4891 singula
2309 4822 2589 4878 dilectioni
2618 4831 2813 4878 vestrae
2842 4819 3139 4875 nuntiabit.
3170 4816 3442 4874 Omnibus

1860 4921 2041 4968 autem
2072 4929 2194 4985 quae
2225 4914 2491 4970 canonice
2520 4930 2552 4968 a
2583 4921 2767 4970 vestra
2792 4912 3107 4984 praestantia
3134 4918 3255 4966 acta
3280 4919 3431 4976 sunt,

1929 5048 2043 5122 (l5)
2082 5051 2240 5121 Πρὸς
2283 5051 2681 5122 συμπάθειαν.
2716 5048 2796 5106 Ita
2844 5060 2957 5105 tres
3005 5063 3141 5104 mss.
3174 5046 3440 5104 vetustis-

1860 5118 2033 5193 simi}
2064 5118 2195 5177 editi
2227 5123 2306 5186 εἰς
2333 5118 2695 5193 συμπάθειαν.

1931 5187 2472 5263 (16)Παρὰίπολύ.
2524 5187 3156 5263 Deest_praepositio_in
3201 5195 3440 5263 utroque

1857 5257 2043 5331 Regio"
2083 5269 2137 5316 et
2167 5257 2345 5317 Coisl.
2394 5261 2681 5331 secundo:
2709 5257 2912 5316 Ibidem
2955 5258 3086 5331 editi
3135 5257 3433 5321 ἀπολείπη-

1857 5328 1975 5408 ταιξ
2008 5331 2134 5408 Mss.
2172 5340 2231 5386 ut
2260 5334 2623 5408 in_conte_xtu.
2656 5329 2825 5408 Paulo
2866 5341 3001 5408 post.
3025 5328 3159 5397 Reg.
3203 5338 3435 5408 uterque

1857 5410 1912 5456 et
1936 5401 2107 5455 Coisl.
2140 5402 2415 5457 secundus
2453 5402 2508 5456 εἴ
2541 5421 2592 5455 τι
2622 5400 2928 5471 σπλάγχνον
2956 5400 3262 5471 οἰκτιρμοῦ.

1930 5471 2043 5540 (17)
2077 5472 2462 5542 Οικοδομοῑον.
2494 5474 2570 5527 Ita
2611 5469 2786 5542 Coisl.
2805 5469 3024 5540 primus
3049 5469 3111 5526 et
3136 5469 3276 5524 Med.
3301 5482 3429 5542 c_um

1855 5536 2035 5615 tribus
2066 5542 2209 5598 aliis.
2239 5536 2384 5615 [illiti
2419 5542 2694 5615 στερεοῦν.
2729 5536 2882 5595 Harl.
2920 5556 3048 5595 cum
3082 5555 3193 5594 uno
3221 5556 3288 5596 ex
3320 5536 3430 5594 Re-

1854 5613 1971 5683 giis
1986 5611 2321 5683 οἰκονομοῦν.

1928 5679 2181 5753 (18),Τῆῤ
2196 5683 2377 5750 θείας.
2402 5681 2480 5739 lia
2500 5693 2707 5757 septem
2732 5700 2864 5741 mss.
2881 5680 3024 5739 Editi
3037 5680 3134 5752 τῆς
3150 5679 3426 5752 ἀληθείας.
