3868 6218
384 245 498 306 675

1670 252 1728 309 s.
1770 253 2018 310 nasum
2056 252 2275 309 mem
2310 214 2316 223 ’

3547 249 3658 306 476

387 346 606 426 assensi
638 383 835 424 sumus
859 408 875 434 ,
908 370 1278 440 apostolicum
1304 376 1548 426 vestrum
1578 377 1741 425 rectm
1774 370 1974 427 doctri-

2086 387 2205 424 στον
2240 366 2352 441 (19)
2383 386 2546 433 αυτος
2579 385 2609 422 θ
2635 382 3033 441 προειρημενος
3061 366 3403 429 συνδιάκονος
3425 362 3662 434 ἀναγγε-

389 475 475 514 ιιω
503 458 747 514 studium
785 458 1098 514 laudantes.

2075 462 2161 515 λετ
2208 460 2364 533 ὑμῶν
2412 464 2479 533 τῇ
2526 461 2737 533 ἀγάπῃ.
2789 461 2900 514 Καὶ
2931 462 3068 514 πᾶσι
3108 459 3166 513 δὲ
3197 462 3310 522 τοῖς
3346 455 3661 528 γενομένοις

389 550 689 614 κανονικῶς
736 549 887 621 παρά
934 550 1034 620 τῆς
1096 550 1371 622 ὑμετέρας
1416 552 1731 624 τιμιότητος
1782 552 2116 625 συνεθέμεθα
2139 595 2153 621 ,
2199 554 2288 611 τὸν
2327 553 2684 610 ἀποστολικὸν
2725 552 2879 625 ὑμῶν
2936 551 3094 624 ζῆλον
3161 551 3299 624 ὑπὲρ
3364 550 3465 621 τῆς
3504 546 3661 620 ὀρθο-

386 639 569 707 ὃοξίας
605 641 1017 713 ἀποδεξάμενοι.
1070 654 1077 660 ·

906 792 1247 850 EPISTOLA
1286 793 1438 850 XCI“.

2643 793 2995 847 ΕΠΙΣΤΟΛΗ
3033 795 3146 855 ιᾼη

396 928 650 983 Valeriani
670 930 843 983 litteris
865 931 1136 995 respondet,
1160 944 1362 998 euntque
1381 945 1468 994 per
1507 929 1739 998 Sabinum
1763 929 1957 998 salutat,
1981 934 2027 981 et
2063 927 2342 998 obtestatur;
2359 935 2409 998 ut
2430 932 2545 998 oret
2578 940 2671 987 pro
2692 923 2895 998 [miseris
2915 926 3145 978 Ecclesiae
3170 896 3445 979 'Orientalts
3483 922 3656 989 rebus;

1185 990 1356 1057 quibus
1380 990 1616 1044 sanandis
1639 991 1967 1044 necessarium
1998 1004 2101 1051 esse
2121 992 2277 1054 docet]
2289 990 2562 1041 Occidentis
2584 990 2843 1038 auxilium.

680 1118 992 1186 Valeriano,
1032 1117 1379 1190 Illyricorum
1416 1122 1676 1191 episcopo.

461 1207 658 1265 Grates
692 1209 921 1264 Domino
948 1211 1198 1281 largienti
1230 1213 1411 1278 nobis,
1442 1224 1499 1268 ut
1528 1214 1841 1270 dilectionis
1878 1231 1970 1271 ve-

391 1299 526 1353 teris
556 1298 791 1353 fructum
823 1300 879 1353 in
903 1307 994 1354 tua
1021 1300 1258 1369 puritate
1283 1305 1563 1360 videamus
1588 1323 1602 1359 :
1635 1306 1728 1375 qui
1760 1307 1969 1361 scilicet

391 1389 531 1444 adeo
569 1405 801 1459 corpore
844 1393 1165 1462 sejunctus,
1214 1394 1375 1450 uobis
1430 1404 1485 1450 te
1538 1412 1635 1467 per
1679 1398 1966 1468 epistolam

389 1481 755 1551 conjunxisti,
788 1498 997 1554 nosque
1030 1485 1303 1553 spirituali
1333 1494 1428 1540 tuo
1454 1497 1508 1541 et
1537 1495 1729 1542 sancto
1756 1489 1973 1544 deside-

290 1626 301 1637 _
389 1572 474 1627 rio
502 1574 844 1643 complexus,
873 1590 984 1629 non
1020 1576 1382 1631 enarrabilem
1415 1578 1701 1647 quemdam
1730 1595 1969 1634 amorem

390 1664 592 1719 animis
623 1666 830 1722 nostris
860 1666 1129 1723 indidisti.
1158 1666 1294 1721 Nam
1325 1669 1503 1738 reipsa
1531 1669 1638 1724 vim
1667 1669 1968 1726 didicimus

389 1755 669 1811 Proverbii
706 1757 887 1813 illius:
925 1756 995 1812 Ut
1020 1759 1215 1812 anima:
1245 1759 1448 1814 sitienti
1475 1776 1613 1830 aqua
1644 1759 1866 1831 frigida.
1891 1762 1970 1814 ita

389 1847 609 1900 nuntius
636 1845 801 1902 bonus
832 1849 896 1902 de
923 1857 1067 1903 terra
1098 1850 1471 1918 longinqua".
1496 1849 1688 1920 Magna
1716 1851 1861 1907 enim
1888 1860 1971 1908 est

388 1936 534 2006 apud
556 1952 659 1993 nos
679 1937 850 1994 fames
868 1939 1171 2003 charitatis,
1193 1940 1362 1995 frater
1378 1941 1781 1997 colendissime.
1799 1943 1977 1998 Causa

396 2036 579 2083 autem
612 2028 920 2096 manifesta,
957 2030 1216 2085 nimirum
1247 2044 1314 2086 eo
1341 2030 1487 2101 quod
1509 2031 1867 2100 multiplicata
1904 2033 1978 2087 sit

388 2117 679 2187 iniquitas,
697 2119 989 2173 multorum
1006 2119 1220 2173 refrixit
1237 2120 1500 2177 cbaritas.
1519 2120 1649 2175 Eam
1666 2121 1736 2176 ob
1752 2136 1975 2178 causam

390 2215 449 2264 et
472 2209 685 2265 litteras
710 2219 834 2264 tuas
854 2211 1074 2280 plurimi
1097 2210 1351 2279 fecimus,
1376 2219 1432 2268 et
1450 2214 1600 2270 vices
1623 2216 1976 2285 rependimus

388 2299 491 2354 tibi
516 2314 613 2369 per
647 2300 897 2355 eumdem
927 2303 1103 2356 virum
1152 2304 1629 2373 religiosissimum
1681 2307 1977 2362 condiaco-

390 2408 522 2449 num
549 2405 795 2451 nostrum
827 2397 984 2468 183
1010 2404 1064 2453 et
1094 2396 1318 2454 fratrem
1352 2398 1653 2454 Sabinum:
1684 2417 1784 2472 per
1812 2417 1973 2472 quem

389 2492 445 2541 et
475 2486 572 2541 tibi
606 2495 824 2543 nosmet
856 2497 1017 2545 notus
1048 2487 1303 2553 facimus,
1334 2498 1388 2545 et
1418 2498 1472 2546 te
1497 2493 1875 2557 obsecramus,
1916 2499 1977 2548 ut

388 2578 448 2633 in
478 2579 731 2648 precibus
760 2595 861 2649 pro
882 2581 1042 2636 nobis
1066 2582 1347 2653 invigiles,
1380 2592 1441 2638 ut
1474 2585 1691 2639 tandem
1727 2586 1977 2655 aliquan-

388 2668 461 2724 do
494 2670 658 2725 rebus
705 2673 912 2727 nostris
955 2670 1100 2729 Deus
1149 2682 1374 2729 sanctus
1423 2676 1875 2744 tranquillitatem
1912 2692 1976 2733 ac

389 2760 630 2831 quietem
665 2761 961 2832 impertiat,
993 2770 1049 2819 et
1077 2773 1308 2819 ventum
1341 2766 1489 2821 hunc
1520 2781 1585 2822 ac
1614 2783 1766 2823 mare
1794 2769 1976 2824 incre-

392 2857 520 2920 pet;
556 2852 631 2905 ita
661 2859 720 2906 ut
747 2853 1044 2908 liberemur
1070 2870 1138 2910 ex
1163 2856 1259 2910 illo
1291 2864 1428 2910 aastu
1465 2865 1520 2911 et
1554 2859 1975 2928 perturbatione

387 2942 447 2998 in
479 2957 588 3013 qua
640 2958 788 2997 nunc
840 2946 1129 3000 constituti
1178 2962 1408 3014 sumus,
1460 2963 1733 3003 summam
1763 2964 1976 3020 semper

392 3034 833 3090 submersionem
856 3044 1260 3107 exspectantes.
1284 3037 1391 3093 Sed
1423 3040 1476 3093 id
1504 3039 1666 3094 nobis
1690 3041 1976 3110 magniﬁce

392 3126 540 3182 Deus
576 3127 633 3181 in
667 3128 924 3197 praesenti
955 3130 1206 3194 indulsit,
1244 3136 1304 3184 ut
1337 3146 1437 3188 vos
1470 3132 1789 3188 audiremus
1822 3148 1973 3189 sum-

391 3234 483 3275 mo
504 3234 777 3276 consensu
812 3228 867 3275 et
899 3220 1110 3277 unitate
1142 3221 1287 3277 inter
1326 3238 1427 3278 vos
1462 3238 1586 3278 esse
1617 3223 1964 3293 coniunctos,

392 3322 459 3362 ac
485 3308 735 3364 veritatis
765 3308 1073 3364 doctrinam
1112 3311 1234 3368 sine
1271 3312 1667 3381 impedimento
1699 3313 1841 3383 apud
1872 3330 1972 3370 vos

393 3399 754 3453 annuntiari:
787 3399 1059 3470 siquidem
1090 3400 1389 3472 aliquando
1422 3402 1490 3472 (si
1533 3402 1696 3457 modo
1726 3419 1834 3458 non
1857 3405 1970 3475 jam

393 3488 713 3544 conclusum
734 3495 820 3544 est
851 3488 1017 3559 hujus
1044 3491 1231 3546 mundi
1258 3500 1494 3563 tempus,
1520 3492 1617 3549 sed
1645 3493 1823 3549 adhuc
1847 3496 1974 3551 vitae

395 3576 650 3633 humanae
681 3578 802 3634 dies
834 3581 1171 3650 supersunt)
1202 3596 1430 3638 necesse
1462 3591 1566 3649 est,
1604 3593 1666 3638 ut
1696 3583 1855 3640 ﬁdem
1887 3599 1974 3640 re-

394 3670 613 3725 novetis
643 3667 888 3736 Orienti,
913 3678 966 3724 et
991 3670 1267 3726 bonorum
1300 3688 1420 3743 quae
1450 3672 1521 3728 ab
1546 3688 1613 3729 eo
1643 3676 1969 3745 accepistis,

394 3761 899 3815 remunerationem
922 3761 1098 3817 eidem
1121 3763 1177 3816 in
1201 3770 1444 3833 tempore
1462 3766 1809 3835 persolvalis.
1838 3766 1973 3822 Nam

395 3863 532 3905 sana
579 3849 724 3920 apud
758 3866 862 3908 nos
910 3867 1061 3923 pars,
1112 3869 1345 3924 quaeque
1395 3856 1666 3926 majorum
1715 3861 1973 3927 pietatem

394 3945 586 3993 tuetur
607 3978 623 4003 ,
656 3955 766 3995 non
799 3957 994 4011 parum
1031 3942 1278 4012 fatiscit;
1320 3946 1539 4011 diabolo
1573 3950 1759 4005 multis
1788 3966 1852 4006 ac
1876 3967 1975 4007 va-

395 4030 499 4086 riis
532 4031 894 4088 artificiorum
940 4037 1242 4093 assultibus
1281 4054 1381 4108 pro
1426 4055 1525 4096 sua
1557 4043 1728 4113 ipsius
1774 4043 1976 4097 astutia

396 4136 517 4177 eam
560 4126 933 4181 concutiente.
977 4126 1194 4183 Utinam
1233 4140 1416 4186 autem
1445 4133 1646 4189 vestris
1688 4135 1971 4204 precibusf,

397 4216 493 4286 qui
517 4214 808 4272 Dominum
852 4218 1115 4290 diligitis,
1170 4222 1556 4292 exstinguatur
1584 4240 1751 4294 prava
1792 4227 1884 4281 illa
1921 4235 1975 4282 et

398 4306 723 4376 populorum
753 4308 1032 4379 deceptrix
1066 4314 1275 4369 erroris
1306 4314 1495 4368 Ariani
1527 4315 1788 4383 haeresis;
1828 4320 1975 4373 relu-

398 4405 523 4450 ceat
547 4404 727 4452 autem
760 4398 903 4453 bona
948 4398 1174 4455 Patrum
1216 4411 1533 4458 nostrorum
1575 4406 1845 4473 doctrina,
1879 4411 1974 4479 qui

398 4483 638 4541 Nicaaam
660 4496 1057 4554 convenerunt,
1083 4490 1221 4545 adeo
1255 4501 1313 4545 ut
1341 4501 1716 4550 consentanea
1747 4498 1973 4552 salutari

400 4578 714 4649 baptismati
745 4581 1069 4650 gloriﬁcatio
1102 4583 1465 4654 adimpleatur
1492 4587 1665 4643 beatae
1692 4587 1970 4644 Triuitati.

2237 1118 2636 1187 Οὐαλεριανῷ,
2672 1119 2983 1183 ἐπισκόπει)
3026 1117 3336 1186 Ἰλλυριῶν
3364 1120 3496 1189 (20).

2146 1211 2322 1281 Χάρις
2346 1209 2424 1280 τῷ
2455 1210 2644 1281 Κυρίῳ
2676 1208 2811 1281 (21),
2838 1209 2916 1280 τῷ
2940 1210 3082 1263 δόντι
3112 1212 3242 1280 ἡμῖν
3270 1210 3504 1281 ἀρχαίας
3527 1210 3660 1280 ἀγά-

2076 1319 2183 1372 πης
2229 1302 2440 1374 καρπὸν
2479 1302 2605 1355 ἰδεῖν
2635 1303 2692 1354 έν
2721 1304 2787 1372 τῇ
2839 1303 2904 1372 σῇ
2955 1301 3316 1372 καθαρότητι·
3349 1302 3408 1365 ὃς
3455 1318 3519 1370 γε
3565 1318 3658 1355 το-

2075 1393 2262 1446 σοῦτον
2302 1392 2524 1459 διεστὼς
2570 1393 2648 1465 τῷ
2678 1395 2911 1464 σώματι,
2960 1392 3203 1463 συνῆψας
3252 1394 3383 1463 ἡμῖν
3433 1392 3658 1447 σεαυτὸν

2071 1484 2161 1538 διά
2192 1485 2541 1557 γράμματος,
2587 1486 2683 1539 καὶ
2728 1485 2805 1555 τῷ
2856 1477 3211 1555 πνευματικῷ
3257 1501 3350 1536 σου
3377 1484 3472 1538 καὶ
3516 1484 3658 1556 ἁγίῳ

2073 1577 2223 1647 πόθῳ
2254 1575 2724 1649 περιπτυξάμενος
2770 1576 2938 1646 ἡμᾶς,
2981 1573 3259 1646 ἀμύθητόν
3303 1591 3355 1626 τι
3392 1574 3501 1645 (2‘2)
3538 1574 3659 1643 φίλ-

2072 1683 2200 1738 τρον
2226 1670 2346 1730 ταῖς
2373 1667 2573 1737 ψυχαῖς
2600 1665 2756 1737 ἡμῶν
2783 1666 3129 1736 ἐνεποίησας.
3160 1667 3345 1736 Ἔργῳ
3381 1666 3489 1737 γὰρ
3521 1667 3660 1737 ἐμά-

2074 1755 2239 1826 θομεν
2266 1757 2368 1827 τῆς
2394 1755 2692 1828 παροιμίας
2718 1755 2818 1828 τὴν
2851 1755 3100 1823 δύναμιν,
3121 1755 3203 1809 ὅτι
3222 1756 3453 1824 ’Ὠσπερ
3480 1754 3658 1828 ψυχῇ

2004 1850 2044 1905 Β
2072 1847 2307 1917 διψώσῃ
2344 1847 2587 1918 ψυχρὸν
2615 1847 2794 1923 ὕδωρ,
2838 1847 3026 1913 οὕτως
3059 1847 3306 1917 ἀγγελία
3346 1847 3536 1918 ἀγαθὴ
3585 1849 3658 1902 ἐκ

2075 1938 2187 2006 τῆς
2218 1938 2330 2009 (25)
2341 1938 2663 2007 μακρόθεν.
2686 1935 2867 2000 Δεινὺς
2888 1937 2997 2008 γάρ
3022 1938 3138 1990 ἐστι
3168 1937 3296 2007 παρ’
3329 1939 3462 2007 ἡμῖν
3499 1936 3659 2007 λιμὸς

2075 2029 2317 2100 ἀγάπης,
2366 2029 2562 2098 ἀδελφὲ
2610 2027 2934 2099 τιμιώτατε.
2966 2028 3076 2082 Καὶ
3109 2027 3321 2107 ήὶαίτία
3368 2027 3655 2100 πρόδηλος,

2076 2121 2269 2175 ὅτιδιά
2295 2121 2358 2175 τὸ
2396 2120 2765 2192 πληθυνθῆναι
2790 2120 2889 2190 τὴν
2926 2119 3154 2191 ἀνομίαν
3194 2119 3373 2190 ὲψύγη
3410 2118 3520 2191 (24)
3546 2118 3657 2174 τῶν

2079 2212 2292 2266 πολλῶν
2335 2215 2369 2284 ἡ
2404 2213 2614 2283 ἀγάπη.
2656 2210 2755 2265 Διά
2781 2211 2939 2264 τοῦτο
2982 2210 3078 2265 καὶ
3118 2209 3313 2263 πολλοῦ
3341 2209 3488 2274 ἄξιον
3525 2210 3659 2280 ἡμῖν

2077 2303 2250 2374 ἐφάνη
2284 2302 2345 2356 τὸ
2375 2303 2629 2373 γράμμα,
2662 2302 2759 2355 καὶ
2787 2300 3128 2373 ἀμειϐόμεθά
3157 2318 3215 2353 σε
3248 2300 3335 2354 διὰ
3364 2298 3458 2353 τοῦ
3489 2298 3657 2354 αὑτοῦ

2076 2394 2266 2466 ἀνδρὸς
2324 2394 2418 2449 τοῦ
2480 2393 2874 2446 εὐλαϐεστάτου
2942 2393 3287 2446 συνδιακόνου
3345 2392 3501 2463 ἡμῶν
3560 2390 3659 2444 καὶ

2076 2483 2303 2554 ἀδελφοῦ
2353 2483 2615 2536 Σαϐίνου·
2671 2483 2737 2536 δι’
2776 2478 2835 2537 οὗ
2870 2484 2965 2536 καὶ
3014 2481 3355 2553 γνωρίζομέν
3407 2498 3489 2534 σοι
3536 2482 3661 2533 ἑαυ-

2075 2577 2222 2640 τοὺς,
2255 2576 2349 2629 καὶ
2380 2575 2804 2646 παρακαλοῦμέν
2853 2591 2912 2626 σε
2952 2575 3326 2644 ἐπαγρυπνεῖν
3366 2575 3483 2635 ταῖς
3515 2571 3658 2643 ὑπὲρ

2076 2667 2231 2739 ἡμῶν
2272 2670 2602 2738 προσευχαῖς
2625 2684 2639 2697 ο
2679 2668 2766 2720 ἵνα
2811 2666 2885 2736 δῷ
2934 2682 3063 2718 ποτε
3109 2666 3141 2717 ὁ
3182 2665 3334 2733 ἀγιος
3380 2664 3511 2727 Θεὸς
3560 2664 3657 2718 καὶ

2074 2762 2186 2823 τοῖς
2242 2758 2477 2811 ἐνταῦθα
2522 2759 2809 2831 πράγμασι
2852 2757 3090 2829 γαλήνην
3124 2757 3217 2810 καὶ
3260 2756 3508 2827 ἡσυχίαν,
3560 2757 3655 2809 καὶ

2074 2852 2370 2924 ἐπιτιμήσῃ
2403 2850 2480 2922 τῷ
2512 2851 2697 2921 ἀνέμῳ
2729 2850 2915 2920 τούτῳι
2943 2849 3041 2903 καὶ
3074 2851 3139 2919 τῇ
3187 2848 3429 2920 θαλάσσῃ
3449 2865 3462 2878 ·
3512 2847 3654 2900 ὥστε

2076 2940 2388 2994 παύσασθαι
2440 2942 2588 3012 ἡμᾶς
2622 2940 2715 2993 τοῦ
2750 2940 2913 2993 σάλου
2948 2939 3043 2993 καὶ⁴
3084 2942 3183 3010 τῆς
3219 2938 3551 3009 ἀνατροπῆς,
3595 2939 3663 2994 ὲν.

2075 3026 2109 3105 ᾖ
2154 3031 2248 3085 νῦν
2291 3031 2727 3104 καθεστήκαμεν,
2776 3032 2862 3085 ἀεὶ
2910 3029 3506 3100 καταποντισθήσεσθαι
3541 3028 3653 3098 (25)

2074 3123 2350 3188 παντελῶς
2381 3125 2760 3194 ἀναμένοντες.
2807 3109 2968 3174 Ἀλλά
2995 3121 3154 3174 τοῦτο
3190 3121 3439 3201 μεγάλως
3464 3122 3521 3173 ὲν
3545 3122 3669 3183 τοῖς

2077 3218 2344 3291 παροῦσιν
2373 3219 2401 3270 ό
2434 3216 2639 3288 Κύριος
2666 3216 2795 3285 ἡμῖν
2828 3213 3140 3284 ἐχαρίσατο,
3175 3213 3234 3265 τὸ
3265 3214 3408 3281 ὑμᾶς
3436 3210 3658 3264 ἀκούειν

2079 3315 2136 3367 ὲν
2165 3312 2382 3384 ἀκριϐεῖ
2414 3310 2703 3381 συμφωνία
2751 3310 2844 3362 καὶ
2887 3309 3098 3379 ὲνότητι
3129 3304 3268 3361 εἶναι
3310 3307 3449 3378 πρὸς
3487 3305 3656 3377 ἀλλήσ-

2076 3403 2223 3467 λους,
2257 3402 2352 3456 καὶ
2383 3399 2680 3462 ἀκωλύτως
2724 3401 2851 3471 παρ’
2881 3399 3011 3470 ὑμῖν
3043 3398 3103 3451 τὺ
3145 3399 3405 3469 κήρυγμα
3436 3398 3539 3467 τῆς
3568 3398 3658 3452 si»

2080 3493 2292 3557 σεϐείας
2334 3490 2852 3565 περιαγγέλλεσθαι’
2894 3490 3181 3561 ὁτεδήποτε
3220 3487 3331 3566 γὰρ
3363 3489 3545 3559 (εἴπερ
3579 3489 3671 3567 μὴ,

2081 3584 2497 3653 συγκέκλεισται
2541 3580 2727 3634 λοιπὸν
2771 3582 2800 3632 ὁ
2848 3578 3037 3651 χρόνος
3068 3576 3162 3631 τοῦ
3204 3577 3409 3648 κόσμου
3439 3575 3651 3639 τούτου,

2078 3676 2194 3730 ἀλλ’
2221 3676 2301 3729 ἔτι
2331 3675 2533 3745 ἡμέραι
2564 3674 2662 3744 τῆς
2693 3670 3041 3742 ἀνθρωπίνης
3076 3669 3220 3741 ζωῆς
3248 3669 3657 3734 ὑπολείπονται)

2080 3768 2291 3837 ἀνάγκη
2347 3768 2476 3837 παρ’
2540 3763 2694 3835 ὑμῶν
2745 3760 3119 3831 ἀνανεωθῆναι
3181 3760 3279 3830 τὴν
3340 3759 3524 3814 πίστιν
3585 3763 3655 3831 τῇ

2094 3857 2368 3927 Ἀνατολῇ·
2400 3856 2494 3911 καὶ
2520 3848 2594 3910 ὧν
2619 3853 2841 3907 ἐλάϐετε
2876 3852 3004 3923 παρ’
3038 3852 3205 3922 αὐτῆς
3249 3850 3490 3919 ἀγαθῶν,
3530 3849 3658 3904 τού-

2079 3968 2187 4005 των
2220 3952 2277 4004 ὲν
2307 3948 2487 4021 καιρῷ
2521 3945 2900 4019 παρασχέσθαι
2930 3944 3065 4015 αὑτῇ
3100 3943 3197 4015 τὴν
3253 3943 3539 3997 ἀντίδοσιν.
3580 3942 3668 3996 Τὸ

2079 4042 2189 4115 γὰρ
2227 4043 2465 4110 ὑγιαῖνον
2509 4038 2740 4092 ἐνταῦθα
2777 4036 2961 4108 μέρος,
2996 4038 3087 4090 καὶ
3127 4037 3226 4108 τὴν
3256 4036 3363 4088 τῶν
3400 4034 3654 4106 πατέρων

2080 4132 2361 4185 εὐσέϐειαν
2408 4128 2680 4189 ὲκδικοῦν,
2733 4126 2931 4190 ἱκανῶς
2979 4126 3249 4196 κέκμηκε,
3296 4124 3519 4188 πολλαῖς
3561 4125 3656 4178 καὶ

2081 4223 2354 4285 ποικίλαις
2386 4218 2809 4292 μηχανημάτων
2858 4215 3184 4286 προσϐολαῖς
3238 4216 3295 4269 ἐν
3345 4218 3411 4287 τῇ
3460 4214 3655 4268 ἑαυτοῦ

2083 4314 2331 4386 μεθοδείᾳ
2380 4311 2473 4364 τοῦ
2528 4310 2774 4364 διαϐόλου
2819 4309 2950 4362 αὐτὸ
3000 4307 3441 4370 κατασείσαντος.
3516 4306 3658 4359 Ἀλλ’

2080 4407 2265 4476 εὐχαῖς
2330 4402 2619 4475 ὑμετέραις
2690 4400 2800 4455 τῶν
2870 4398 3211 4469 ἀγαπώντων
3281 4397 3371 4451 τὸν
3428 4396 3673 4468 Κύριον,

2081 4496 2330 4568 σϐεσθείη
2379 4495 2476 4566 μὲν
2508 4495 2541 4565 ἡ
2577 4493 2793 4564 πονηρά
2824 4492 2918 4546 καὶ
2950 4490 3251 4553 λαοπλάνος
3293 4490 3507 4560 αἵρεσις
3555 4489 3663 4560 τῆς

2088 4589 2297 4661 Ἀρείου
2355 4587 2706 4654 κακοδοξίας·
2757 4582 3098 4654 ἀναλάμψειε
3145 4581 3203 4636 δὲ
3253 4582 3286 4651 ή
3327 4579 3505 4652 ἀγαθὴ
3548 4580 3663 4633 τῶν

400 4669 661 4743 Πατέρων
706 4672 865 4743 ήμῶν
911 4673 1244 4741 διδασκαλία,
1301 4676 1410 4731 τῶν
1451 4679 1812 4734 συνελθόντων
1859 4680 2002 4735 κατὰ
2035 4682 2134 4751 τὴν
2176 4682 2432 4747 Νίκαιαν,
2492 4679 2632 4732 ὥστε
2686 4677 2972 4749 σύμφωνον
3046 4673 3125 4745 τῷ
3171 4672 3421 4744 σωτηρίῳ
3464 4671 3661 4742 βαπτί-

399 4780 565 4837 σματι
613 4767 711 4837 τὴν
757 4766 1061 4838 δοξολογίαν
1111 4771 1551 4845 ἀποπληροῦσθαι
1596 4779 1662 4848 τῇ
1711 4778 1955 4851 μακαρίᾳ
1990 4778 2196 4851 Τριάδι.

472 4898 516 4932 ⁸·
536 4897 700 4958 Prov.
733 4916 861 4964 xxv,
883 4902 973 4957 ‘25.

474 5017 679 5092 ‘_Ali_as
707 5017 1030 5074 CCCXXIV.
1069 5019 1281 5092 Scripta
1315 5035 1461 5076 anno
1495 5021 1619 5077 372.
1653 5022 1827 5089 Quam
1856 5024 1981 5079 dul-

405 5103 471 5171 ce
485 5087 688 5170 Basilio
703 5102 826 5144 cum
853 5092 1126 5162 episcopis
1148 5087 1307 5163 longe
1331 5094 1554 5150 remotis
1573 5087 1838 5151 charitate
1850 5111 1981 5150 con-

626 5228 695 5304 re
726 5227 796 5304 δὲ
826 5229 1221 5304 κᾳθέκαστον.
1256 5229 1381 5287 Haec
1423 5239 1474 5287 et
1507 5248 1629 5303 quae
1677 5210 1982 5304 sequuntur

408 5299 701 5391 ues‘untjn.
720 5300 969 5368 pluribus
996 5317 1176 5372 Lmss.,
1207 5317 1318 5358 non
1351 5299 1539 5358 tamen
1580 5305 1636 5358 in
1660 5299 1855 5375 _tribus
1885 5322 2011 5391 ve-.

412 5367 758 5424 tustissimis.

483 5436 618 5512 (20)_
635 5434 967 5512 ’Ῑλλιζριῶφκ
991 5440 1142 5512 Harl.
1171 5448 1225 5498 et
1255 5439 1389 5512 Reg.
1415 5441 1692 5498 secundus
1721 5459 1786 5499 ac
1812 5443 1980 5500 Coisl.

416 5506 690 5583 secundus
747 5507 1066 5583 Ἰλλυρικοῦ.
1121 5506 1477 5583 Perspicuum
1526 5521 1629 5583 est.
1678 5515 1982 5583 Aquileiam

417 5575 833 5651 liieAdesigpat-i,
865 5575 1035 5651 cujus
1054 5575 1345 5651 episcopus
1377 5589 1494 5636 erat
1526 5575 1877 5646 Valerianus.
1960 5586 1967 5593 ’

484 5643 599 5721 (21)
636 5643 719 5712 Τῷ
755 5643 966 5717 Κυρίῷ.
1001 5643 1229 5708 Codices
1244 5643 1508 5708 'uonnulli
1530 5651 1609 5722 τῷ
1631 5652 1769 5725 Θεῷ.

2154 5024 2267 5096 (22)
2312 5022 2650 5096 _’A}tt59ntdr
2671 5038 2745 5076 τι.
2795 5021 2963 5079 Coisl.
2994 5020 3208 5093 primus
3247 5029 3303 5078 et
3332 5021 3472 5079 Med.
3518 5022 3664 5094 ἀμύ-

2085 5094 2263 5173 θητον.
2278 5094 2606 5173 τᾲ-φίλτρον.

2159 5166 2272 5237 (25)
2320 5161 2415 5237 ζιικ
2449 5161 2579 5237 τῆς.
2622 5161 2762 5219 Med.
2802 5170 2859 5219 et
2889 5161 3043 5219 Harl.
3075 5178 3200 5220 cum
3248 5162 3373 5219 aliis
3420 5168 3663 5233 quatuor

2086 5234 2288 5290 habent
2317 5235 2382 5288 ὲκ
2407 5234 2531 5304 γῆς.

2155 5305 2267 5373 (24)
2314 5301 2565 5373 Ἐψὺλχντμ
2611 5301 2746 5362 Tres
2800 5304 3159 5363 vetustissimi
3207 5302 3430 5359 codices
3481 5302 3662 5373 ψυγή-

2087 5391 2258 5436 σεται,
2294 5375 2612 5444 refrigescet.

2157 5445 2271 5516 (25)
2295 5441 3036 5516 Καταποντισθήσεσθαι...
3064 5444 3361 5516 μεγάλως.
3383 5441 3479 5516 illa
3505 5452 3662 5499 vetu-

2087 5513 2317 5569 stissimi
2347 5524 2460 5569 tres
2478 5513 2709 5571 codices
2735 5513 2863 5574 eum
2889 5513 3109 5575 duobus
3144 5513 3289 5573 aliis.
3317 5513 3467 5572 Editi
3496 5530 3664 5572 καταο

2088 5583 2449 5650 ποντίζεσθαι.
2463 5623 2498 5639 ..
2540 5583 2749 5658 μέγας.Δ
