3868 6218
205 292 298 347 081
1127 287 1620 348 EPISTOLARUM
1664 287 1952 345 CLASSIS
1988 287 2052 342 ll.
2093 287 2308 342 EPIST.
2349 288 2512 347 XCII.

3333 294 3442 350 482

201 418 382 475 φημος
406 404 629 474 γλωσσα
648 423 663 439 ⁸
718 406 1033 479 ὲδεϐηλὼθη
1065 408 1134 464 τὰ
1167 409 1320 478 ἆγια,
1345 405 1607 477 φεύγουσι
1639 405 1762 470 τοὺς

1868 419 1997 458 num
2039 402 2094 458 in
2126 403 2282 459 caelis
2337 403 2733 461 inhabitantem
2783 421 2908 462 cum
2938 407 3229 478 gemitibus
3270 415 3324 464 et
3353 409 3438 464 la-

197 497 522 568 εὑκτηρίους
568 500 749 566 οἴκους
799 505 849 556 οἱ
896 502 1232 572 ὑγιαίνοντες
1279 501 1388 555 τῶν
1444 499 1628 563 λαῶν,
1689 497 1766 561 ὡς

196 590 454 657 ἀσεϐείας
494 593 873 649 διδασκαλεῖαο
913 595 1054 650 κατὰ
1085 594 1143 648 δὲ
1192 593 1291 657 τὰς
1346 593 1584 665 ἐρημίας
1629 590 1765 662 πρὸς

194 679 288 733 τὸν
316 681 375 733 ὲν
419 683 667 751 οὐρανοῖς
713 684 985 756 Δεσπότην
1019 684 1154 756 μετὰ
1190 681 1510 753 στεναγμῶν
1553 682 1647 734 καὶ
1673 681 1768 733 δα-

194 769 380 841 κρύων
414 772 512 836 τὰς
538 777 723 844 χεῖρας
756 776 1019 846 αἴρουσιν.
1052 773 1296 844 Ἔφθασε
1337 775 1446 843 γὰρ
1475 771 1586 843 (42)
1629 769 1767 823 πάν-

193 877 304 924 τως
330 864 428 916 καὶ
463 865 655 936 μέχρις
686 866 838 935 ὑμῶν
861 866 930 918 τά
958 865 1217 934 γινόμενα
1243 865 1300 916 ὲν
1337 865 1457 924 ταῖς
1488 860 1768 922 πλείσταις

191 952 302 1005 τῶν
330 955 537 1008 πόλεων
557 972 568 983 '
600 957 680 1008 ὃτι
708 958 755 1008 οἱ
783 957 902 1009 λαοὶ
926 958 1021 1009 σὺν
1041 955 1257 1024 γυναιξὶ
1278 955 1372 1008 καὶ
1399 952 1629 1014 παιδίοις
1653 950 1765 1021 (45)

1870 495 2074 566 crymis
2116 509 2310 550 manus
2359 497 2634 552 attollunt.
2681 500 3052 554 l'ervenerunt
3099 511 3277 556 autem
3310 517 3439 571 pro-

1867 585 2016 641 vfecto
2047 593 2103 641 et
2139 600 2312 655 usque
2340 585 2405 639 ad
2438 602 2537 643 vos
2569 603 2692 657 qua:
2721 589 2775 642 in
2815 588 3091 660 plerisque
3123 592 3438 646 civitatibus

1870 681 2152 746 geruntur.
2190 675 2455 730 Nimirum
2480 678 2661 748 populi
2695 692 2818 732 cum
2850 680 3110 734 uxoribus
3138 681 3439 750 liberisque

1869 775 1925 820 et
1956 766 2088 837 ipsis
2121 767 2345 824 senibus
2387 783 2485 837 pro
2515 769 2785 826 moenibus
2834 769 3011 836 eli‘usi,
3061 774 3166 827 sub
3195 773 3282 828 dio
3317 789 3440 842 pre-

1868 873 1969 912 ces
2015 857 2271 921 fundunt,
2318 859 2553 914 ferentes
2587 877 2778 917 omnes
2825 865 2966 919 aeris
2995 865 3224 933 injurias
3270 865 3438 917 n‘iulta

1873 965 1996 1003 cum
2026 951 2303 1019 patientia.
2334 959 2388 1004 et
2417 951 2678 1005 auxilium
2711 967 2740 1005 a
2772 951 3002 1008 Domino
3034 963 3434 1024 exspectantes.

191 1045 290 1100 καὶ
353 1047 536 1109 αὑτοῖς
591 1051 701 1110 τοῖς
741 1048 1092 1118 πρεσὸύταις,
1159 1048 1264 1119 πρὸ
1306 1046 1414 1099 τῶν
1463 1043 1658 1115 τειχῶν
1692 1041 2032 1112 ἐκχυθέντες,
2067 1044 2125 1094 ὲν
2170 1041 2246 1112 τῷ
2276 1043 2526 1114 ὑπαίθρῳ
2553 1043 2765 1097 τελοῦσι
2797 1045 2896 1108 τὰς
2939 1046 3268 1117 προσευχὰς,
3335 1045 3438 1116 φέ-

195 1157 378 1212 ροντες
427 1143 604 1206 πάσας
653 1145 750 1206 τὰς
783 1146 846 1196 ὲκ
889 1142 985 1196 τοῦ
1041 1143 1199 1214 ἀέρος
1231 1140 1604 1203 κακοπαθείας
1663 1139 1759 1192 σὺν
1811 1137 1979 1209 πολλῇ
2010 1140 2075 1208 τῇ
2116 1137 2498 1209 μακροθυμίᾳ,
2540 1139 2639 1210 τὴν
2679 1137 2830 1210 παρὰ
2877 1139 2970 1193 τοῦ
3014 1141 3218 1212 Κυρίου
3284 1139 3437 1194 ἀντί-

189 1232 354 1305 ληψιν
384 1238 486 1288 ἀνα
495 1237 762 1306 μένοντες.

260 1325 312 1379 5.
342 1325 438 1388 Τίς
466 1326 663 1396 θρῆνος
689 1326 796 1380 τῶν
828 1327 1120 1399 συμφορῶν
1157 1325 1362 1380 τούτων
1391 1325 1578 1392 ἇξιος;
1610 1324 1758 1376 ποῖαι

188 1417 370 1486 πηγαὶ
427 1417 678 1488 δακρύων
719 1421 907 1481 κακοῖς
938 1418 1211 1481 τοσούτοις
1256 1417 1577 1490 ἀρκέσουσιν
1603 1413 1756 1484 (44);

189 1507 338 1570 Ἕως
364 1504 458 1559 οῦν
497 1507 576 1560 ἐτι
609 1508 852 1561 δοκοῦσιν
894 1510 1113 1562 ἑστάναι
1151 1509 1313 1572 τινὲς,
1347 1509 1450 1571 ἕως
1493 1507 1573 1560 ἔτι
1615 1508 1760 1576 ίχνος

187 1597 288 1664 τῆς
319 1597 558 1660 παλαιάς
599 1601 986 1664 καταστάσεως
1028 1600 1368 1664 διασώζεται,
1404 1599 1533 1670 πρὶν
1579 1599 1760 1650 τέλεον

183 1692 306 1751 ταῖς
343 1690 692 1761 Ἐκκλησίαις
713 1691 915 1764 ἐπέλθῃ
949 1691 1058 1761 (45)
1081 1693 1142 1746 τὸ
1171 1693 1446 1761 ναυάγιον,
1473 1689 1760 1761 ὲπείχθητε

186 1780 327 1851 πρὸς
370 1783 539 1850 ἡμᾶς,
598 1783 886 1854 ἐπείχθητε
940 1784 1062 1854 ἤδη,
1095 1785 1184 1836 ναὶ
1233 1783 1489 1854 δεόμεθα,
1541 1781 1762 1851 ἀδελφοὶ

184 1870 590 1939 γνησιώτατοιο
646 1873 762 1924 δότε
826 1875 984 1942 χεῖρα
1041 1877 1153 1936 τοῖς
1199 1876 1278 1936 εἰς
1330 1872 1457 1940 γόνυ
1510 1871 1758 1924 κλιθεῖσι.

185 1958 583 2028 Συγκινηθήτω
615 1960 699 2028 ἐφ’
726 1962 855 2031 ἡμῖν
887 1963 954 2014 τὰ
977 1962 1237 2032 ἁδελφικὰ
1265 1961 1416 2032 ὑμῶν
1457 1961 1760 2031 σπλάγχνα,

187 2049 520 2122 προχυθήτω
577 2050 783 2122 δάκρυα
833 2052 1193 2122 συμπαθείας.
1236 2054 1328 2123 Μὴ
1374 2053 1651 2124 περιίδητε
1700 2051 1761 2104 τὸ

182 2142 360 2212 ἥμισυ
391 2141 494 2211 τῆς
544 2143 867 2214 οἰκουμένης
888 2145 992 2196 ὑπὸ
1035 2145 1133 2214 τῆς
1164 2144 1369 2214 πλάνης
1417 2145 1724 2198 καταποθέν
1743 2159 1758 2174 ·

191 2232 267 2302 μὴ
319 2233 631 2302 ἀνάσχησθε
679 2234 1082 2305 άποσὸεσθὴναι
1118 2235 1214 2306 τὴν
1259 2236 1460 2300 πίστιν,
1511 2238 1640 2305 παρ’
1684 2233 1766 2299 οἷς

189 2321 410 2390 πρῶτον
461 2323 751 2394 ἐξέλαμψε.
809 2325 872 2378 Τί
909 2321 1002 2379 οῦν
1044 2328 1365 2397 ποιήσαντες
1403 2326 1758 2398 ἀντιλήψεσθε

187 2410 301 2462 τῶν
336 2411 702 2482 πραγμάτων,
737 2413 828 2465 καὶ
863 2412 979 2476 πῶς
998 2413 1056 2465 τὸ
1089 2413 1224 2484 πρὸς
1253 2416 1378 2477 τοὺς
1417 2413 1765 2483 θλιϐομένους

192 2502 482 2571 συμπαθὲς
532 2503 864 2566 ὲπιδείξεσθε
917 2504 1050 2575 (46),
1082 2505 1142 2557 οὑ
1183 2508 1310 2576 παρ’
1340 2505 1497 2575 ἡμῶν
1546 2505 1765 2566 πάντως

184 2589 377 2659 δεήσει
425 2591 618 2661 μαθεῖν
647 2592 754 2660 (47)
802 2593 977 2662 ὑμᾶς·
1011 2591 1123 2646 ἀλλ’
1164 2595 1296 2645 αὑτὸ
1343 2593 1404 2646 τὸ
1452 2593 1674 2662 Πνεῦμα
1708 2591 1768 2645 τὸ

189 2682 347 2752 ἅγιον
384 2685 515 2753 ὑμῖν
561 2685 908 2755 ὑποθήσεται.
947 2685 1090 2756 Πλήν
1137 2703 1199 2754 γε
1245 2687 1327 2739 ὃτι
1377 2687 1573 2756 τάχους
1612 2684 1768 2755 χρεία

190 2777 328 2847 πρὸς
349 2779 413 2830 τὸ
442 2776 847 2849 περισώσασθαι
870 2779 994 2841 τοὺς
1021 2778 1483 2848 περιλειφθέντας,
1509 2779 1599 2830 καὶ
1629 2794 1768 2847 παρ-

188 2868 380 2931 ουσίας
407 2868 655 2937 ἀδελφῶν
688 2869 967 2935 πλειόνων,
1006 2869 1146 2922 ὥστε
1176 2869 1450 2941 πλήρωμα
1477 2867 1616 2922 εἶναι
1641 2887 1766 2922 συν-

188 2955 308 3010 όδου
341 2959 468 3020 τοὺς
502 2959 920 3030 ἐπιδημοῦντας,
971 2961 1055 3013 ἵνα
1113 2960 1187 3032 μὴ
1221 2961 1377 3030 μόνον
1418 2962 1482 3014 ὲκ
1529 2962 1629 3031 τῆς
1658 2960 1766 3013 τῶν

1937 1315 1992 1370 3.
2041 1313 2173 1381 Qua:
2227 1316 2544 1372 lamentatio
2609 1318 2693 1374 his
2759 1319 3163 1375 calamitatibus
3232 1319 3440 1390 digna?

1859 1409 2055 1479 quales
2084 1410 2445 1480 lacrymarum
2477 1410 2654 1467 fontes
2692 1413 2776 1468 liis
2825 1415 2984 1468 malis
3032 1429 3191 1482 pares
3241 1413 3438 1468 erunt?

1861 1499 2071 1571 Itaque,
2103 1502 2230 1555 dum
2282 1504 2458 1558 adhuc
2503 1505 2752 1558 nonnulli
2800 1506 3052 1560 videntur
3092 1516 3259 1570 stare,
3305 1506 3435 1560 dum

1866 1591 2042 1645 adhuc
2068 1593 2267 1647 veteris
2290 1603 2466 1649 status
2503 1594 2787 1664 vestigium
2819 1611 3085 1659 servatur,
3118 1600 3434 1667 priusquam

1867 1682 2203 1735 cuumlatum
2230 1682 2490 1738 Ecclesiis
2517 1686 2862 1754 superveniat
2887 1689 3248 1756 naufragium,
3284 1688 3437 1741 l'csti-

1865 1779 1990 1826 nate
2022 1773 2088 1826 ad
2133 1789 2254 1837 nos,
2285 1775 2396 1843 jam
2453 1775 2728 1841 festinate,
2766 1777 2839 1831 ita
2876 1793 3181 1847 precamur,
3233 1778 3431 1833 fratres

1862 1864 2264 1934 germanissimi
2295 1881 2308 1918 :
2343 1864 2396 1917 in
2429 1879 2600 1934 genua
2637 1865 2937 1934 provolutis
2989 1882 3208 1919 manum
3259 1868 3436 1936 porri-

1865 1956 1990 2024 gite.
2030 1954 2286 2009 Fraterna
2319 1965 2498 2012 vestra
2533 1958 2740 2013 viscera
2769 1968 3216 2012 commoveantur
3245 1969 3434 2014 nostra

1867 2061 2068 2111 causa,
2119 2047 2517 2115 prol'undantnr
2591 2049 2843 2118 lacryma:
2917 2051 3430 2107 commiserationis.

1867 2136 2093 2192 Mediam
2128 2138 2279 2192 orbis
2317 2147 2525 2208 partem
2561 2139 2628 2193 ab
2658 2155 2841 2194 errore
2870 2141 3147 2195 absorberi
3183 2157 3248 2196 ne
3285 2142 3434 2196 sina-

1865 2231 1983 2285 tis:
2017 2245 2117 2285 nec
2167 2229 2324 2283 ﬁdem
2377 2230 2520 2301 apud
2572 2246 2668 2286 eos
2725 2229 2914 2287 feratis
2959 2233 3252 2304 exstingui,
3292 2234 3433 2302 apud

1867 2337 2004 2392 quos
2034 2325 2266 2393 primum
2297 2323 2492 2376 illuxit.
2530 2321 2670 2389 Quid
2705 2323 2870 2393 igitur
2901 2323 3043 2378 facto
3083 2341 3222 2393 Opus
3251 2327 3342 2390 sit,
3376 2335 3434 2380 ut

1868 2414 2030 2466 rebus
2072 2422 2274 2466 nostris
2307 2413 2664 2474 subveniatis,
2705 2414 3050 2481 etquomodo
3081 2415 3434 2470 commisera-

1867 2506 2069 2559 tionem
2122 2504 2424 2558 ostendatis
2475 2520 2600 2574 erga
2645 2503 2948 2568 divexatos,
3000 2507 3147 2558 nullo
3190 2508 3351 2560 modo
3403 2521 3434 2559 a

1868 2595 2027 2650 nobis
2066 2610 2290 2649 necesse
2348 2595 2453 2647 crit
2476 2609 2574 2648 vos
2621 2595 2871 2648 discere:
2904 2595 2998 2649 sed
3047 2603 3273 2650 sanctus
3317 2597 3436 2665 ipse

1869 2685 2106 2756 Spiritus
2159 2687 2312 2741 vobis
2361 2695 2629 2756 suggeret.
2679 2691 2744 2740 At
2789 2696 2937 2742 certe
2977 2689 3255 2742 celeritate
3294 2704 3435 2759 Opus

1867 2789 1952 2833 est
1981 2780 2048 2833 ad
2087 2795 2200 2837 eos,
2228 2779 2320 2848 qui
2352 2786 2666 2847 supersunt,
2699 2782 3019 2836 servandos.
3051 2787 3104 2833 et
3136 2779 3437 2848 plurimum

1869 2870 2098 2924 fratrum
2147 2871 2454 2940 praesentia.
2493 2878 2546 2924 ut
2590 2869 2782 2940 synodi
2831 2886 3118 2925 numerum
3159 2875 3438 2942 expleant,

1868 2962 1960 3031 qui
1989 2964 2095 3014 huc
2128 2961 2437 3027 advenient,
2481 2968 2539 3014 ut
2565 2975 2670 3014 non
2701 2961 2875 3014 solum
2905 2977 2968 3016 ex
2995 2977 3182 3017 eorum
3211 2967 3305 3033 qui
3334 2965 3439 3017 Ini-

190 3049 634 3104 ἀποστειλάντων
669 3053 1013 3122 σεμνότητος,
1041 3054 1175 3107 ἀλλὰ
1205 3053 1298 3106 καὶ
1347 3055 1410 3106 ἐκ
1444 3052 1536 3106 τοῦ
1561 3054 1761 3106 οἰκείου

1870 3055 2041 3107 serint
2071 3053 2357 3122 gravitate,
2391 3050 2485 3106 sed
2513 3052 2676 3105 etiam
2703 3067 2768 3106 ex
2799 3068 2900 3106 suo
2928 3054 3168 3123 ipsorum
3212 3073 3438 3111 numero

190 3145 429 3215 ἀριθμοῦ
458 3145 518 3198 τὸ
550 3145 863 3211 ἀξιόπιστον
890 3147 1083 3216 ἔχωσιν
1111 3148 1190 3210 είς
1224 3147 1506 3218 διόρθωσιν
1529 3165 1544 3178 ·
1590 3147 1639 3198 οἳ
1671 3146 1764 3200 καὶ

186 3237 286 3308 τὴν
311 3240 371 3289 ἐν
411 3238 616 3308 Natat;
657 3243 955 3309 γραφεῖσαν
986 3240 1134 3310 παρὰ
1178 3240 1285 3291 τῶν
1315 3240 1574 3310 Πατέρων
1609 3239 1764 3308 ἡμῶν

187 3329 374 3382 πίστιν
425 3329 862 3396 ἀνανεὼσονται,
903 3333 998 3385 καὶ
1043 3332 1142 3402 τὴν
1182 3333 1392 3403 αἵρεσιν
1447 3332 1765 3402 ἐκκηρύξω-

189 3437 242 3474 σι
295 3421 431 3491 (48),
479 3425 573 3476 καὶ
624 3426 740 3486 ταῖς
778 3424 1124 3494 Ἑκκλησίαις
1175 3423 1243 3477 τὰ
1296 3423 1546 3494 εἰρηνικὰ
1589 3422 1765 3476 διαλέ-

188 3511 396 3577 ξονται,
420 3515 546 3576 τοὺς
570 3513 637 3566 τά
677 3514 816 3567 αὐτὰ
838 3514 1167 3587 φρονοῦντας
1204 3515 1521 3582 συνάγοντες
1549 3514 1660 3585 (49)
1687 3516 1766 3578 είς

187 3605 463 3674 ὁμόνοιαν.
491 3603 660 3657 Τοῦτο
687 3605 795 3675 γὰρ
834 3605 1000 3675 δήπου
1035 3606 1094 3658 τὸ
1121 3606 1336 3657 πάντων
1379 3603 1763 3666 ὲλεεινότατον,

189 3696 271 3749 ὅτι
303 3696 401 3749 καὶ
425 3696 486 3748 τὸ
523 3695 711 3748 δοκοῦν
733 3696 996 3763 ὑγιαίνειν
1022 3698 1106 3766 ἐφ’
1139 3695 1300 3748 ἑαυτὸ
1341 3694 1603 3766 ἐμερίσθη
1623 3711 1636 3724 ’
1670 3695 1764 3747 καὶ

190 3788 560 3859 περιέστηκεν
590 3790 755 3859 ἡμᾶς,
783 3789 858 3852 ὡς
889 3787 1052 3852 ἔοικε,
1080 3787 1436 3858 παραπλήσια
1472 3785 1617 3857 πάθη
1653 3788 1765 3849 τοῖς

187 3875 320 3927 ποτὲ
350 3877 497 3929 κατὰ
516 3877 616 3948 τὴν
651 3877 1058 3930 Οὐεσπασιανοῦ
1094 3876 1409 3947 πολιορκίαν
1434 3878 1502 3930 τά
1540 3877 1766 3948 Ἱεροσὸ-

185 3965 332 4036 λυμα
367 3968 739 4038 περισχοῦσιν.
769 3969 995 4022 Ἐκεῖνοι
1023 3985 1082 4020 τε
1110 3967 1218 4038 γάρ
1245 3967 1382 4037 ὁμοῦ
1414 3969 1509 4039 μὲν
1533 3968 1609 4036 τῷ
1635 3969 1766 4034 ἐξω-

188 4055 281 4112 θεν
323 4059 634 4129 συνείχοντο
679 4061 929 4131 πολέμῳ,
984 4060 1118 4131 ὁμοῦ
1174 4061 1230 4114 δὲ
1280 4061 1374 4114 καὶ
1426 4063 1496 4130 τῇ
1553 4059 1763 4113 ἔνδοθεν

187 4149 375 4201 στάσει
407 4149 517 4201 τῶν
547 4149 832 4220 ὁμοφύλων
855 4149 1332 4222 κατανηλίσκοντο.
1362 4149 1520 4221 Ἡμῖν
1548 4149 1604 4202 δὲ
1630 4151 1765 4222 πρὸς

186 4235 263 4304 τῷ
295 4236 516 4308 φανερῷ
548 4237 767 4308 πολέμῳ
793 4239 901 4292 τῶν
940 4237 1234 4309 αἱρετικῶν
1283 4237 1363 4291 ἔτι
1395 4238 1490 4291 καὶ
1538 4241 1566 4291 ὀ
1614 4238 1764 4309 παρὰ

185 4327 293 4380 τῶν
354 4327 656 4381 δοκούντων
705 4329 1006 4400 ὀρθοδοξεῖν
1049 4330 1162 4401 (50)
1225 4329 1538 4393 ἐπαναστὰς
1563 4368 1578 4392 ,
1625 4329 1765 4399 πρὸς

1868 3145 2080 3214 pondus
2115 3152 2276 3213 atque
2299 3145 2677 3197 auctoritatem
2711 3143 2778 3196 ad
2812 3160 2898 3200 res
2928 3146 3298 3202 emendandas
3337 3149 3437 3200 ha-

1866 3237 2028 3290 beant
2055 3256 2068 3291 :
2095 3237 2186 3304 qui
2224 3245 2278 3291 et
2322 3236 2476 3289 Iidem
2523 3235 2577 3289 in
2625 3233 2803 3288 Niczea
2853 3251 2882 3288 a
2939 3237 3143 3290 nostris
3188 3235 3436 3293 Patribus

1866 3331 2128 3398 scriptam
2183 3329 2515 3390 instaurent,
2570 3335 2624 3382 et
2675 3327 2922 3382 haeresim
2973 3330 3339 3396 proscribant,
3380 3338 3436 3384 et

1867 3421 2128 3475 Ecclesiis
2161 3422 2454 3488 loquantur
2487 3421 2733 3489 pacilica,
2762 3435 2854 3474 eos
2883 3421 2973 3489 qui
3007 3422 3146 3474 idem
3173 3423 3433 3486 sentiunt,

1865 3511 1932 3564 ad
1983 3511 2332 3564 concordiam
2387 3509 2745 3563 adducentes.
2813 3507 2929 3564 Hoc
2986 3512 3130 3564 enim
3190 3513 3438 3581 profecto

1865 3603 2110 3657 omnium
2146 3604 2380 3656 maxime
2405 3602 2631 3670 dignum
2667 3611 2752 3656 est
2788 3603 3162 3663 miseratione,
3193 3606 3336 3672 quod
3381 3615 3437 3660 et

1863 3710 1926 3749 ea
1962 3710 2086 3764 pars
2110 3710 2230 3764 qua:
2261 3693 2475 3747 videtur
2500 3707 2622 3748 esse
2644 3707 2798 3756 sana,
2831 3693 3006 3748 divisa
3056 3695 3219 3766 183
3263 3704 3346 3750 est
3380 3697 3433 3752 in

1866 3787 2218 3854 semetipsam
2265 3803 2279 3838 :
2326 3800 2390 3840 ac
2440 3800 2540 3839 nos
2576 3784 2972 3846 circumstant,
3029 3795 3088 3839 ut
3143 3788 3436 3843 verisimile

1864 3889 1970 3944 est,
2021 3880 2229 3936 similes
2282 3879 2623 3933 calamitates
2657 3879 2761 3943 his,
2793 3896 2914 3948 qua:
2955 3880 3082 3934 olim
3123 3879 3432 3952 Hierosoly-

1863 3974 1992 4035 mis,
2034 3969 2372 4041 Vespasiano
2417 3971 2724 4030 obsidente,
2776 3971 3112 4026 acciderunt.
3165 3972 3244 4026 Illi
3287 3975 3434 4028 enim

1866 4065 2027 4119 simul
2068 4073 2122 4117 et
2169 4072 2395 4117 externo
2425 4064 2812 4132 premebantur
2842 4064 3004 4130 bello,
3039 4071 3093 4118 et
3136 4064 3437 4119 domestica

1866 4156 2146 4210 tribulium
2191 4155 2460 4210 seditione
2509 4154 2958 4211 absumebantur.
3001 4155 3157 4224 Apud
3203 4173 3304 4212 nos
3335 4172 3430 4210 au-

1864 4255 2006 4314 tem,
2066 4256 2262 4317 praeter
2307 4255 2551 4316 apertum
2603 4245 2976 4301 hazreticorum
3025 4247 3256 4313 bellum,
3289 4247 3432 4303 aliud

1865 4350 2124 4407 praeterea
2153 4337 2222 4391 ab
2250 4337 2340 4400 iis,
2380 4337 2474 4407 qui
2502 4336 2754 4390 videntur
2783 4348 2928 4391 recte
2973 4340 3198 4400 sentire,
3225 4341 3435 4393 excita-

187 4419 416 4489 ἔσχατον
460 4421 744 4485 ἀσθενείας
781 4423 879 4486 τὰς
905 4422 1230 4494 Ἐκκλησίας
1269 4424 1598 4492 κατήγαγεν.
1645 4422 1760 4490 Ἐφ’

1868 4441 2000 4491 tum,
2036 4429 2102 4482 ad
2147 4437 2442 4483 extremam
2488 4427 2819 4482 debilitatem
2854 4427 3124 4484 Ecclesias
3163 4430 3433 4498 perduxit.

189 4510 332 4582 ειπερ
383 4513 481 4566 καί
529 4512 765 4582 μάλιστα
807 4513 908 4583 τῆς
957 4515 1088 4584 παρ’
1123 4513 1278 4584 ὑμῶν
1324 4513 1596 4585 χρῄζομεν
1631 4511 1760 4582 βοη-

183 4599 373 4670 θείας,
428 4603 570 4657 ῶστε
623 4605 750 4668 τοὺς
813 4605 912 4677 τὴν
961 4604 1323 4677 άποστολικὴν
1369 4604 1763 4676 ὁμολογοῦντας

256 4757 677 4830 (ιὲχἝφθασε
698 4759 828 4830 γάρ.
865 4759 942 4815 Ita
969 4767 1085 4815 tres
1113 4761 1468 4817 vetustissimi
1503 4761 1720 4816 codices
1744 4781 1758 4817 :

203 4827 315 4882 )diti
353 4827 598 4898 Ἔφθασε
623 4827 716 4884 es;
737 4830 938 4885 Ibidem
969 4832 1186 4893 πάντως
1224 4832 1466 4885 additum
1508 4847 1574 4886 ex
1601 4833 1764 4899 quin-

204 4912 291 4972 lue
320 4913 458 4953 mss.
493 4899 637 4954 Editi
679 4899 749 4953 τὰ
792 4901 1081 4972 γενόμενα.
1112 4899 1366 4972 Plerique
1395 4917 1530 4958 mss.
1578 4902 1646 4954 τὰ
1673 4917 1760 4970 για

198 4966 691 5110 Ῠῗὲῗᾟαιδιοις.
723 5037 801 5092 lta
831 5038 1011 5103 Ποῖ-1.,
1055 5037 1195 5110 Med.
1226 5047 1281 5094 et
1319 5041 1488 5098 Coisl.
1523 5001 1758 5110 primus.

192 5105 331 5186 Editi
364 5108 546 5186 arctat.
573 5109 780 5165 Ibidem
809 5112 940 5166 editi
973 5111 1080 5182 πρὸ
1102 5109 1441 5180 τῶνπυλῶν.
1479 5105 1586 5166 Séx
1621 5127 1756 5166 mss.

187 5183 910 5315 "‘(Tbr’gzizéaovamlta
929 5258 1042 5306 tres
1069 5251 1424 5306 vetustissimi
1455 5266 1588 5307 mss.
1614 5247 1762 5317 Qua.

184 5318 838 5392 tuqrjliiiéﬁctpxéaogp't.
869 5321 1430 5392 Εόίιζὲπαρκέσουσι.

181 5385 697 5510 ὲπὲξξξῖᾷεπέζιθῃ.
732 5388 973 5462 Uterque
1002 5385 1205 5462 Regius
1242 5399 1296 5446 et
1340 5391 1508 5448 Coisl.
1547 5391 1762 5462 primus

248 5527 841 5649 ί(ῥωθἘπιδείιιζεσθοεν.
883 5528 1050 5586 Coisl.
1093 5531 1303 5602 primus
1345 5538 1399 5586 et
1448 5529 1598 5586 Harl.
1640 5533 1762 5586 ἐπι-

268 5613 372 5649 cna
406 5613 453 5649 ε.

181 5595 646 5736 δείςιῗῆθῖάαθεῒν.
671 5668 750 5726 Ita
777 5679 885 5727 tres
915 5671 1272 5729 vetustissimi
1304 5687 1435 5728 mss.
1464 5670 1601 5727 Editi
1631 5691 1751 5744 μανι

1865 4519 1946 4576 Ob
1981 4537 2100 4590 qua:
2125 4529 2179 4576 et
2199 4522 2432 4575 maxime
2463 4520 2768 4590 indigemus
2798 4521 2998 4574 auxilio
3035 4535 3234 4584 vestro,
3254 4532 3311 4575 ut
3340 4522 3440 4591 qui

1866 4613 2219 4683 apostolicam
2249 4613 2576 4684 proﬁtentur
2605 4611 2788 4676 ﬁdem,
2812 4613 3116 4681 excogitata
3138 4627 3165 4666 a
3191 4628 3250 4666 se
3276 4613 3426 4668 schi-

1865 4767 2068 4824 θάνειν.
2107 4767 2275 4838 Paulo
2300 4772 2425 4836 post
2453 4765 2654 4837 Regius
2679 4775 2909 4838 uterque
2938 4773 2992 4821 et
3028 4765 3195 4821 Coisl.
3225 4767 3435 4836 primus

1867 4837 2307 4906 ὑπολειφθέντας.

1938 4908 2049 4978 (48)
2073 4904 2526 4978 “Ἐκκηρύξωσι.
2552 4907 2629 4978 Ita
2658 4914 2769 4960 tres
2793 4905 3144 4978 vetustissimi
3172 4904 3391 4978 codices
3419 4925 3431 4960 :

1864 4975 1978 5031 tre‘s
2008 4975 2097 5031 alii
2143 4975 2554 5046 Ἐκκηρύξουσι.
2591 4976 2731 5030 Editi
2777 4975 3156 5046 ὲκριζώσουσι,
3194 4975 3438 5029 erudita--

1867 5046 2013 5103 bunt.
2057 5046 2134 5099 Ex
2162 5047 2262 5100 hac
2291 5055 2470 5100 autem
2495 5045 2991 5101 vetustissimdrum
3023 5045 3271 5099 codicum
3306 5051 3439 5099 scri-

1865 5125 2023 5185 ptura
2061 5127 2205 5186 patet
2250 5117 2507 5186 similiter
2540 5116 2837 5186 legendum‘
2869 5130 2989 5170 esse
3023 5114 3436 5186 ἀνανεώσωνται

1864 5183 1920 5240 et
1946 5183 2314 5250 διαλέξωνται,
2352 5184 2499 5255 quod
2545 5183 2722 5240 lucem
2763 5183 2919 5239 aﬂ'ert
2959 5185 3248 5239 verborum
3284 5200 3435 5238 com-

1905 5257 2124 5310 lexioni.

1864 5271 2474 5397 Ριῖἱθῖηὲυνᾴγοντες.
2529 5323 2778 5397 Harl._et
2820 5322 2991 5397 Quisl.
3050 5324 3262 5393 primus
3311 5339 3436 5376 συνο

1865 5393 2178 5465 αγαγόντες.
2195 5393 2364 5451 Paulo
2385 5406 2505 5466 post
2522 5395 2650 5450 editi
2669 5393 3045 5465 ἐλεεινότερον.
3067 5397 3282 5464 Septem
3300 5409 3431 5448 mss.

1867 5475 1926 5521 ut
1954 5468 2005 5518 in
2033 5474 2205 5520 textu.

1865 5534 2482 5660 Mggggeg‘opaoaoeezr.
2537 5532 2711 5602 Harl.,
2753 5532 2875 5590 Vat.
2925 5543 2981 5593 et
3036 5532 3170 5608 Reg.
3223 5532 3434 5605 primus

1899 5624 2156 5678 μοοοςειν.
