3868 6218
398 204 485 292 iss
1720 229 1778 285 s.
1818 228 2066 286 nasum
2105 226 2322 284 MAGNI

3534 229 3647 286 ιδι

381 358 562 409 smata
600 348 1005 415 dissolventes,
1028 348 1292 418 deinceps
1335 346 1649 402 auctoritati
1698 344 1954 402 Ecclesiae

2061 344 2267 408 πίστιν,
2295 341 2332 397 ἃ
2364 341 2780 415 παρεπενόησαν
2806 340 2920 413 (5|)
2947 342 3227 414 σχίσματα
3261 341 3647 406 διαλύσαντας.

382 443 769 512 subjiciantur,
812 451 873 497 ut
912 440 1211 512 perfectum
1248 440 1340 494 tiat
1382 438 1592 493 Christi
1619 426 1821 507 corpus
1845 437 1957 508 jam

381 534 441 589 in
475 531 734 585 omnibus
762 530 1022 585 membris
1044 527 1346 597 integritati
1378 527 1731 591 restitutum;
1757 540 1821 580 ac
1848 541 1959 580 non

384 620 561 676 solum
594 619 823 674 aliorum
870 619 1010 673 bona
1037 616 1343 681 laudemus,
1374 615 1430 671 id
1468 615 1614 684 quod
1656 630 1804 669 nunc
1831 613 1959 668 faci-

384 728 529 778 mus,
558 712 655 767 sed
699 711 865 766 etiam
912 718 1130 765 nostras
1170 708 1413 778 ipsorum
1454 706 1728 761 Ecclesias
1767 706 1822 761 in
1848 706 1960 776 pri-

385 804 591 859 stinum
623 811 788 857 recta:
828 799 951 855 ﬁdei
982 801 1153 855 decus
1194 799 1479 854 restitutas
1510 799 1813 855 videamus.
1852 794 1953 852 Re-

384 911 514 951 vera
554 896 700 951 enim
740 895 901 949 laude
944 907 1157 949 summa
1203 891 1427 961 dignum
1462 901 1565 957 est,
1597 892 1742 961 quod
1785 906 1815 944 a
1851 891 1960 946 Do-

384 988 537 1042 mino
564 987 747 1057 pietati
777 994 967 1041 vestra:
992 986 1179 1040 datum
1213 995 1315 1049 est,
1341 983 1709 1039 adulterinum
1737 985 1954 1055 quidem

386 1096 418 1135 a
442 1082 612 1152 probo
635 1095 699 1134 ac
722 1094 860 1149 puro
889 1079 1224 1143 discernere,
1249 1076 1472 1132 Patrum
1501 1093 1630 1132 vero
1660 1077 1817 1131 fidem
1840 1079 1960 1133 sine

386 1171 498 1224 ulla
543 1168 984 1226 dissimulatione
1020 1167 1320 1238 praedicare
1362 1184 1375 1220 :
1422 1182 1585 1237 quam
1638 1166 1853 1236 quidem
1903 1176 1959 1222 et

384 1277 489 1317 nos
547 1261 915 1332 suscepimus,
966 1261 1401 1330 agnovimusque
1446 1258 1766 1326 apostolicis
1810 1258 1959 1314 notis

381 1354 658 1424 signatam
691 1368 706 1407 :
741 1354 901 1423 eique
935 1359 989 1407 et
1031 1351 1242 1407 caeteris
1287 1350 1565 1413 omnibus,
1611 1365 1734 1420 qua!
1769 1351 1824 1404 in
1869 1367 1961 1422 sy-

382 1445 581 1499 nodico
616 1445 824 1514 scripto
866 1443 1129 1499 canonice
1164 1449 1219 1498 et
1264 1441 1510 1513 legitime
1550 1447 1759 1496 statuta
1803 1451 1954 1507 sunt,

385 1538 744 1593 assentimur.

876 1819 1213 1876 EPISTOLA
1251 1818 1452 1876 XCIII'.

2064 431 2397 503 ὑποταγῆναι
2420 431 2513 485 τοῦ
2541 431 2731 485 λοιποῦ
2760 434 2827 503 τῇ
2855 430 3110 503 αὐθεντίᾳ
3142 434 3242 502 τῆς
3279 430 3644 502 Ἐκκληείας“

2064 523 2151 576 ῖνα
2188 522 2371 594 ἄρτιον
2407 522 2633 593 γένηται
2659 522 2721 575 τὸ
2751 522 2912 593 σῶμα
2940 522 3036 576 τοῦ
3074 521 3338 594 Χριστοῦ,
3362 523 3497 577 πᾶσι
3528 522 3645 584 τοῖς

2067 613 2283 685 μέλεσιν
2309 616 2388 678 είς
2425 613 2747 685 ὁλοκληρίαν
2779 612 3074 667 ὲπανελθόν
3098 631 3111 645 ·
3139 614 3237 667 καὶ
3271 614 3344 685 μὴ
3381 614 3541 685 μόνον
3571 612 3645 667 τὰ

2064 705 2194 777 παρ’
2224 706 2431 777 ἑτέροις
2471 703 2863 777 μακαρίξωμεν
2913 706 3117 775 ἀγαθὰ,
3155 707 3293 778 ὅπερ
3334 705 3427 760 νῦν
3460 705 3647 760 ποιοῦ-

2067 814 2187 867 μεν,
2206 797 2343 850 ἀλλὰ
2362 797 2458 850 καὶ
2487 796 2587 861 τὰς
2606 797 2882 869 ἡμετέρας
2906 798 3089 851 αὐτῶν
3115 797 3386 868 έπίδωμεν
3415 796 3649 869 Ἐκκλη-

2066 886 2186 948 σίας
2215 885 2276 938 τὸ
2304 886 2531 957 ἀρχαῖον
2564 885 2827 956 καύχημα
2857 888 2956 957 τῆς
2989 886 3298 958 ὀρθοδοξίας
3338 885 3648 940 ἀπολαϐοῦ-

2066 995 2184 1040 σας.
2204 976 2295 1048 Τῷ
2323 978 2435 1031 δντι
2458 979 2566 1050 γὰρ
2588 978 2681 1031 τοῦ
2716 978 2989 1032 ἁνωτάτου
3018 978 3369 1051 μακαρισμοῦ
3403 979 3550 1044 ἄξιον
3583 979 3648 1032 τὸ

2062 1072 2129 1140 τῇ
2171 1069 2417 1141 ὑμετέρᾳ
2460 1069 2743 1142 θεοσεϐείᾳ⁸
2778 1071 3038 1143 χαρισθὲν
3087 1071 3239 1141 παρὰ
3294 1068 3390 1124 τοῦ
3432 1069 3644 1142 Κυρίου

2063 1160 2122 1213 τὸ
2158 1161 2257 1232 μὲν
2294 1161 2546 1230 κίϐδηλον
2587 1162 2696 1216 ἀπὸ
2732 1162 2827 1216 τοῦ
2862 1163 3087 1233 δοκίμου
3120 1162 3216 1216 καὶ
3254 1161 3493 1234 καθαροῦ
3523 1163 3647 1216 δια-

2064 1253 2290 1326 κρίνειν,
2316 1253 2412 1326 τὴν
2434 1254 2490 1308 δὲ
2513 1255 2622 1308 τῶν
2650 1256 2910 1328 Πατέρων
2946 1256 3129 1310 πίστιν
3167 1255 3295 1309 ἄνευ
3338 1256 3482 1319 τινὸς
3508 1254 3647 1309 ὑπο-

2066 1347 2258 1418 στολῆς
2309 1348 2641 1419 κηρύσσειν·
2704 1351 2769 1421 ἢν
2805 1350 2900 1404 καὶ
2947 1351 3110 1421 ⁴ἡμεῖς
3159 1348 3492 1420 ἐδεξάμεθα,
3546 1346 3646 1402 καὶ

2064 1439 2385 1509 ἐπέγνωμεν
2422 1442 2488 1494 ἐκ
2529 1440 2639 1494 τῶν
2698 1441 3069 1496 ἀποστολικῶν
3116 1443 3481 1513 χαρακτήρων
3541 1456 3643 1511 με-

2067 1530 2456 1600 μορφωμένην,
2489 1531 2807 1604 συνθέμενοι
2834 1534 2929 1586 καὶ
2968 1533 3104 1604 αὐτῇ
3145 1536 3240 1585 καὶ
3268 1534 3402 1585 πᾶσι
3439 1533 3553 1594 τοῖς
3585 1532 3643 1584 έν

2063 1618 2142 1690 τῷ
2178 1621 2438 1694 συνοδικῷ
2462 1623 2573 1695 (52)
2600 1625 2890 1697 γράμματι
2917 1624 3214 1689 κανονικῶς
3242 1625 3335 1678 καὶ
3364 1621 3643 1692 ὲνθέσμως

2060 1709 2590 1785 δεδογματισμένοις.

2621 1830 2972 1886 ΕΠΙΣΤΟΛΗ
3009 1834 3123 1900 cru

382 1943 527 1993 Docet
549 1936 762 2008 Basilius
784 1938 959 1988 bonum
979 1949 1080 2005 csse
1098 1940 1142 1986 et
1167 1932 1372 1998 perutile
1375 1934 1614 2044 “quotidie.
1627 1935 1986 2009 communicare
2008 1952 2026 1991 :
2051 1941 2271 1994 observat
2291 1951 2462 2010 quater
2484 1943 2692 2012 singulis
2714 1945 3092 1998 hebdomadibus
3114 1944 3454 2005 CmSari’enses,
3498 1950 3642 2007 atque

442 2004 585 2044 etiam
602 2014 779 2044 memmi
798 2011 1169 2044 communicare.
1193 1999 1372 2044 Ηρδυοη
1409 2003 1453 2044 εί
1472 1997 1615 2044 alter:
1633 2005 1886 2044 αιωδειιοηι
1901 2014 1965 2044 an
1984 2005 2326 2044 mumminnig
2346 2014 2559 2044 lamnnro
2581 2008 2722 2044 Kron!
2740 2008 3116 2044 rnmmunitmom
3137 2018 3279 2044 mnsit:
3299 2021 3385 2044 nm
3403 2004 3623 2044 nrrinm-p

442 2004 585 2055 etiam
602 2000 779 2065 saepius
798 1999 1372 2065 conmunicare..liespon

441 2064 485 2117 si
501 2078 586 2116 nec
608 2061 855 2128 presbyter
879 2061 1008 2110 adsit
1027 2072 1113 2109 nec
1136 2061 1386 2107 diaconus.

538 2175 619 2229 Ad
649 2172 939 2229 Cazsariam
971 2169 1279 2239 patriciam,
1308 2167 1372 2221 de
1400 2169 1786 2223 communione.

450 2267 694 2337 Singulis
723 2265 888 2320 etiam
920 2262 1114 2317 diebus
1145 2260 1588 2323 communicare,
1629 2275 1693 2314 ac
1731 2260 1956 2331 partici-

378 2378 501 2433 pem
552 2374 678 2415 esse
727 2355 903 2413 sancti
956 2355 1209 2424 corporis
1256 2359 1311 2407 et
1359 2351 1649 2423 sanguinis
1703 2351 1951 2417 Christi,

378 2456 583 2509 bonum
611 2457 696 2506 est
729 2458 783 2502 et
817 2447 1088 2518 perutile:
1129 2459 1255 2498 cum
1304 2443 1421 2514 ipse
1449 2444 1737 2514 perspicue
1763 2444 1909 2498 dicat
1938 2461 1951 2498 :

380 2546 486 2613 Qui
514 2541 734 2600 comedit
767 2555 937 2593 meam
966 2551 1178 2590 carnem
1200 2575 1215 2599 ,
1254 2545 1304 2588 et
1351 2534 1483 2588 bibit
1521 2551 1695 2588 meum
1739 2535 1956 2605 sangui-

377 2655 528 2704 nem,
582 2636 737 2690 habet
786 2634 947 2687 vitam
1002 2640 1254 2684 wternam
1281 2630 1324 2681 ⁸.
1363 2627 1499 2693 Quis
1545 2629 1690 2683 enim
1740 2628 1955 2683 dubitat

376 2730 511 2800 quin
555 2727 680 2781 vitae
725 2723 1070 2778 continenter
1098 2734 1223 2775 esse
1268 2719 1590 2790 participem
1626 2718 1761 2772 nihil
1807 2718 1956 2773 aliud

378 2822 452 2876 sit
501 2832 668 2890 quam
711 2812 999 2884 multiplici
1046 2812 1259 2867 ratione
1312 2810 1530 2864 vivere?
1576 2808 1688 2865 Nos
1735 2809 1956 2880 quidem

375 2920 570 2985 quater
636 2908 870 2979 singulis
938 2902 1374 2960 hebdomadibus
1436 2902 1949 2967 communicamus,

377 3001 662 3060 Dominica
685 3001 794 3064 die,
823 3005 1017 3068 quarta
1045 2994 1157 3058 die,
1192 2994 1245 3047 in
1280 3008 1574 3063 parasceve
1610 3000 1665 3048 et
1690 2991 1953 3058 Sabbats,

375 3107 433 3151 et
459 3094 582 3150 aliis
611 3092 807 3148 diebus
827 3126 842 3156 ,
886 3089 932 3145 si
976 3088 1156 3143 sancti
1187 3085 1424 3155 alicujus
1448 3084 1713 3138 memoria
1739 3084 1955 3138 recola-

375 3196 488 3242 tur.
521 3184 678 3253 Quod
723 3194 905 3237 autem
938 3177 1385 3252 persecutionum
1431 3174 1776 3245 temporibus
1808 3174 1957 3245 cogi-

379 3291 470 3336 tur
517 3277 662 3349 quis,
715 3275 940 3330 absente
997 3269 1281 3327 sacerdote
1305 3274 1425 3339 .aut
1481 3267 1642 3338 187
1690 3267 1954 3333 diacono,

450 3391 474 3424 ’
511 3387 673 3443 Joan.
707 3402 785 3451 vr,
825 3383 917 3440 55.

435 3505 471 3528 "
506 3501 652 3556 Alias
680 3494 1054 3554 CCLXXXIX.
1088 3493 1305 3556 Scripta
1333 3495 1482 3549 circa
1515 3508 1646 3549 ann.
1674 3493 1802 3550 572.

1409 1995 1453 2046 εί
1472 1995 1615 2047 “ueri
1633 1998 1886 2060 Wstioni
1901 2014 1965 2051 an
1982 1995 2326 2064 persecutionis
2345 1995 2722 2073 tempore'liceat
2734 1995 3280 2060 emetiamur
3298 1995 3642 2071 sua’accipére,

1984 2177 2031 2235 Β
2056 2175 2215 2244 Πρὸς
2238 2179 2574 2247 Καισαρίαν
2595 2178 2707 2250 (53)
2740 2179 3078 2248 πατρικίων,
3112 2177 3248 2246 περὶ
3292 2176 3637 2257 κοινωνίας.
3709 2247 3715 2252 _

2129 2270 2239 2323 Καὶ
2290 2271 2351 2324 τὸ
2396 2275 2672 2325 κοινωνεῖν
2711 2272 2767 2325 δὲ
2809 2273 2930 2326 καθ’
2981 2272 3222 2343 ἑκάστην
3258 2268 3501 2343 ἡμέραν,
3542 2265 3643 2322 καὶ

2061 2361 2496 2434 μεταλαμϐάνειν
2527 2364 2620 2417 τοῦ
2663 2364 2818 2433 ἁγίου
2866 2363 3117 2434 σώματος
3143 2362 3238 2415 καὶ
3268 2362 3498 2432 αἵματος
3541 2358 3641 2415 τοῦ

2056 2451 2317 2524 Χριστοῦ,
2359 2453 2521 2506 καλὸν
2554 2452 2649 2506 καὶ
2683 2452 2989 2521 ὲπωφελές*
3026 2451 3193 2506 αὐτοῦ
3237 2450 3424 2520 σαφῶς
3451 2448 3641 2519 λέγ’)ν-

2055 2561 2177 2608 τος·
2221 2544 2275 2597 Ὀ
2318 2542 2553 2613 τρώγων
2579 2563 2699 2614 μου
2743 2544 2860 2613 τὴν
2885 2543 3106 2613 σάρκα,
3147 2542 3247 2598 καὶ
3291 2543 3483 2597 πίνων
3514 2559 3640 2612 μου

2055 2637 2122 2691 τὸ
2156 2633 2318 2707 αἷμα,
2368 2637 2495 2708 ἔχει
2536 2637 2689 2706 ζωὴν
2719 2636 2978 2692 alter-tor;
3014 2637 3111 2702 Τίς
3136 2637 3244 2709 γὰρ
3270 2635 3634 2707 ἀμφιϐάλλει,

2055 2727 2137 2781 ὅτι
2176 2728 2236 2781 τὸ
2269 2727 2518 2798 μετέχειν
2562 2726 2801 2798 συνεχῶς
2842 2728 2941 2797 τῆς
2979 2725 3125 2796 ζώἧς
3159 2727 3310 2780 οὐδὲν
3351 2724 3478 2780 ἄλλο
3521 2724 3640 2796 (54)

2056 2819 2204 2873 ἐστὶν
2241 2819 2273 2890 ἢ
2309 2819 2410 2890 ζῇν
2470 2818 2791 2889 πολλαχῶς;
2830 2819 3020 2890 Ἡμεῖς
3079 2819 3330 2889 μέντοιγε
3373 2818 3641 2886 τέταρτον

2056 2911 2178 2966 καθ’
2204 2912 2439 2983 ἑκάστην
2461 2910 2729 2982 ἑϐδομάδα
2755 2909 3140 2982 κοινωνοῦμεν,
3171 2913 3228 2964 ὲν
3256 2914 3322 2982 τῇ
3354 2909 3637 2983 Κυριακῇ,

2056 3004 2112 3057 έν
2165 3006 2233 3074 τῇ
2280 3003 2519 3074 τετράδι,
2570 3005 2664 3057 καὶ
2695 3006 2752 3057 ὲν
2782 3006 2849 3075 τῇ
2879 3006 3229 3075 παρασκευῇ,
3264 3003 3362 3056 καὶ
3394 3001 3474 3073 τῷ
3494 3001 3640 3055 Σαϐ-

2056 3093 2227 3166 ϐάτῳ,
2292 3094 2388 3148 καὶ
2447 3096 2505 3148 ἐν
2540 3098 2661 3158 ταῖς
2706 3094 2895 3157 ἄλλαις
2939 3093 3198 3164 ἡμέραις,
3242 3088 3401 3165 ὲὰνῇ
3446 3091 3642 3163 μνήμη

2055 3186 2208 3254 ἁγίου
2239 3186 2351 3258 (55)
2401 3186 2565 3249 τινός.
2594 3185 2668 3239 Τὸ
2693 3185 2751 3238 δὲ
2791 3186 2851 3238 ὲν
2881 3187 2995 3249 τοῖς
3025 3184 3120 3238 τοῦ
3142 3184 3386 3256 διωγμοῦ
3424 3186 3644 3255 καιροῖς

2054 3276 2457 3347 ἀναγκάζεσθαι
2490 3294 2632 3343 τινα,
2668 3277 2743 3349 μὴ
2781 3277 3048 3349 παρόντος
3101 3277 3292 3348 ἱερέως
3324 3277 3359 3348 ἢ
3387 3276 3640 3348 λειτουρο

2127 3495 2239 3569 (55)
2285 3497 2442 3565 Πρὸς
2479 3495 3233 3569 Kaw‘aplar._Cnlbertinus
3277 3497 3446 3569 codex
3496 3497 3638 3569 πρὸς

447 3537 565 3645 (εἷς
575 3537 665 3626 ’⁸⁵ιί
683 3537 1181 3645 ἶὲτᾌὲὲέἓὲῖιῖὲἱῆἓγᾶὗζ
1195 3537 1305 3620 Ti}?
1325 3537 1492 3622 ὄὲἱίέἷ.
1515 3537 1951 3621 ἓῖἲιέἐιῗἘᾱῑιί

2061 3537 2370 3645 Κά-ι-σάριρζ
2386 3537 2711 3645 ξατρίκιονῗ
2744 3567 2871 3645 περὶ
2922 3568 3227 3645 κοινωνίας.
3277 3565 3341 3645 _ln
3395 3537 3638 3645 qude

375 3640 521 3709 ἅπερ
549 3640 867 3709 ἐπενόησαν.
1015 3706 1029 3709 _
1117 3690 1125 3709 ε

444 3660 484 3698 ιε
549 3660 867 3709 επενοησαν.
1119 3690 1125 3695 ,

444 3660 703 3786 (5P2)_’Er
732 3708 815 3775 τῷ
847 3704 1393 3786 σῃνοδικῷηῐεξ-κειιη
1418 3704 1680 3778 synodica
1702 3705 1800 3786 illa
1830 3706 1952 3786 epi-

372 3774 535 3847 stola,
560 3781 747 3837 Graece
775 3780 995 3849 quidem
1044 3776 1185 3849 apud
1219 3774 1582 3849 Sozomenum
1620 3788 1674 3831 et
1702 3774 1946 3831 Theodo-

373 3845 577 3916 retum,
602 3845 808 3904 Latine
824 3864 953 3904 vero
976 3847 1030 3901 in
1059 3847 1402 3916 collectione
1421 3845 1665 3900 Romana
1694 3861 1762 3901 ex
1798 3856 1953 3901 vete-

374 3925 531 3979 ribus
567 3914 934 3976 monumentis
972 3917 1266 3987 dkescripta.
1301 3914 1405 3987 sed
1451 3931 1577 3971 cum
1620 3916 1860 3987 synodus
1895 3918 1953 3972 in

375 3995 480 4049 hac
506 3992 961 4063 epistoladoceat
993 3985 1209 4063 Patrem
1244 3994 1298 4063 et
1333 3985 1531 4040 Filium
1584 3985 1660 4063 et
1686 3986 1952 4063 Spiritum

377 4057 627 4119 sanctum
669 4061 827 4113 unius
867 4074 980 4113 esse
1006 4057 1304 4127 Itypostasis
1337 4066 1386 4109 et
1433 4057 1694 4127 assentire,
1725 4058 1824 4127 τῆς
1854 4059 1954 4111 αὺ-

372 4134 477 4203 τῆς
505 4129 978 4203 ὑποστάσεωςκαὶ
1027 4126 1238 4203 ductae,
1294 4128 1569 4203 quomodo
1613 4126 1851 4203 _Basi|ius
1881 4135 1955 4203 _et

375 4197 504 4257 cum
532 4217 597 4256 eo
630 4202 815 4270 plures
835 4198 952 4262 alii,
982 4199 1074 4266 qui
1107 4211 1271 4270 unam
1307 4199 1363 4250 in
1395 4197 1574 4252 tribus
1613 4197 1954 4270 hypostasim

376 4272 524 4328 ferre
553 4267 660 4325 non
686 4276 958 4337 poterant,
986 4268 1245 4321 omnibus
1270 4277 1473 4333 tamen,
1497 4282 1619 4336 quae
1646 4267 1839 4337 synodi
1864 4268 1954 4320 lit-

375 4343 511 4396 teris
548 4335 922 4401 continentur,
956 4337 1238 4391 declarant
1277 4354 1337 4392 se
1368 4335 1952 4405 assentiri?’Magnum

376 4427 511 4467 sane
539 4410 803 4464 indicium
829 4410 970 4460 hanc
996 4422 1184 4461 vocem
1214 4406 1567 4470 ὑποστάσεως
1612 4408 1952 4461 subdititiam

376 4496 501 4538 esse
530 4487 584 4535 et
610 4487 872 4533 assutam.
904 4477 1010 4532 Sed
1039 4479 1145 4531 huc
1173 4476 1388 4532 accedit
1409 4493 1534 4530 cum
1575 4477 1691 4545 ipsa
1719 4478 1954 4545 epistola

376 4554 447 4606 ab
481 4550 764 4606 Holstenio
793 4546 961 4610 edita,
1008 4548 1063 4601 in
1101 4561 1209 4616 qua
1253 4547 1452 4616 legitur
1492 4554 1705 4600 tantum
1736 4545 1954 4601 Patrem

374 4630 431 4676 et
461 4620 659 4675 Filium
687 4619 840 4673 unius
865 4633 978 4670 esse
1004 4616 1341 4679 substantiw,
1378 4623 1491 4686 tum
1526 4617 1761 4686 maxime
1782 4618 1955 4686 ipsius

375 4691 562 4748 Basilii
605 4688 1009 4757 testimonium,
1040 4688 1134 4757 qui
1169 4688 1223 4740 in
1272 4687 1436 4757 epist.
1468 4685 1575 4739 Q14
1603 4688 1763 4740 docet
1804 4685 1954 4756 ipsos

374 4763 541 4818 etlam
578 4753 957 4816 Occidentales
981 4753 1249 4811 dicrimen
1280 4753 1422 4828 inter
1462 4757 1751 4828 essentiam
1783 4753 1841 4812 et
1858 4757 1955 4828 hy-

375 4833 638 4905 postasim
689 4828 1106 4905 subindicasse;
1158 4827 1429 4905 siquidem
1475 4827 1775 4905 i_n_|itteris
1813 4827 1949 4892 suis,

375 4884 856 4971 inutilinguaésuaz
887 4884 1121 4971 inopiam
1153 4884 1451 4971 suspectam.
1476 4894 1745 4971 haberent,
1772 4884 1950 4971 essen:
1983 4884 2028 4940 Ῑ)

376 4975 468 5027 tia:
497 4966 685 5027 nomen
725 4970 911 5023 (ira'ca
951 4968 1132 5038 lingua
1157 4966 1449 5021 ediderant.
1494 4966 1613 5021 Non
1647 4975 1778 5038 ergo
1802 4967 1953 5021 dixe-

378 5052 509 5096 runt
544 5040 924 5097 Occidentales
950 5036 1165 5092 Patrem
1208 5047 1261 5092 et
1302 5038 1499 5091 Filium
1543 5036 1788 5106 ejusdem
1828 5052 1953 5092 esse

375 5111 726 5175 ὑποστάσεως
775 5109 870 5162 καὶ
925 5108 1132 5171 οὐσίας,
1167 5109 1258 5163 sed
1312 5119 1522 5162 tantum
1570 5109 1814 5175 ejusdem
1861 5108 1987 5160 οὐ-“

378 5183 522 5243 σίας,
553 5184 758 5236 Omissa
791 5180 1103 5250 hypostasis
1126 5194 1277 5233 voce.
1305 5183 1483 5249 Atque
1503 5177 1627 5231 inde
1647 5178 1950 5250 etiamcol-

303 5290 311 5311 ι
377 5252 566 5323 ligitnr
596 5267 694 5308 eos
730 5248 850 5323 noli
887 5248 1075 5303 Grece
1120 5248 1589 5323 scripsisse,_nec
1635 5248 1947 5323 epistolam,

377 5317 501 5392 quae
525 5331 608 5376 est
643 5318 784 5391 apud
818 5318 1183 5392 Sozomenum
1206 5317 1260 5374 ct
1284 5317 1711 5392 Theodoretum,
1746 5319 1951 5392 prima-

378 5386 521 5447 rium
548 5386 752 5446 esse-ct
777 5388 1253 5460 germanissimum
1283 5391 1580 5458 exemplar,
1616 5395 1677 5441 ut
1700 5386 1949 5460 erudi_tus

377 5464 557 5518 editor
583 5455 880 5532 littera|7uin
908 5474 1247 5532 summorum
1276 5455 1591 5532 pontificum
1615 5466 1818 5532 contra
1838 5455 1952 5511 Til-

378 5532 695 5587 lemoutium
721 5540 778 5584 et
804 5530 940 5583 alios
959 5528 1394 5599 contenditfsed
1433 5529 1632 5599 potiori
1654 5529 1779 5597 jure
1806 5528 1951 5583 hanc

377 5601 593 5730 lbaudedm
650 5600 807 5655 editae
856 5600 925 5655 ab
976 5596 1260 5657 Holstenio
1312 5596 1558 5671 episiolae
1589 5596 1799 5654 Latinte
1847 5599 1947 5655 tri-

419 5687 520 5727 ucn
561 5686 669 5725 am.
894 5683 906 5691 '

364 5683 669 5738 .Ducnuam.
894 5683 906 5691 '

2054 3639 2245 3693 codice
2282 3636 2452 3708 Regio
2496 3636 2741 3692 occurrit
2786 3636 3154 3709 fragmentum
3196 3638 3361 3709 hujus
3393 3636 3649 3707 epistolas,

2053 3710 2137 3780 sic
2182 3709 2548 3780 inscriptum:
2611 3709 2719 3780 ’13er
2745 3708 2847 3780 τῆς
2890 3708 3033 3779 πρὸς
3073 3708 3375 3779 Καισάριον
3427 3712 3646 3763 ἐπιστο-

2055 3778 2174 3850 λῆς.
2203 3778 2296 3850 Επ
2324 3779 2550 3850 epistola
2581 3778 2649 3831 ad
2678 3777 2998 3850 Cursariuni.

2127 3849 2239 3919 (54)
2270 3848 2462 3901 Οὐδὲν
2487 3849 2663 3904 ἄλλοι
2701 3849 2932 3914 Quidam
2975 3857 3109 3907 nias.
3143 3851 3297 3906 οὐδὲν
3326 3849 3456 3905 ἄλλο
3488 3867 3563 3903 τι.

2125 3919 2238 3991 (55)
2289 3919 2500 3991 ᾉγίου.
2542 3919 2619 3972 Ita
2669 3919 3042 3991 duo_codices
3087 3921 3434 3982 Coisliniani,
3479 3919 3635 3991 Vah,

2053 3987 2262 4054 Pa'risL,
2297 3989 2562 4052 Clarom.,
2598 4006 2744 4045 unus
2792 3989 2994 4060 Regius
3019 4001 3093 4060 et
3144 3994 3287 4049 u'nus
3333 3992 3489 4046 Colb.
3515 3990 3639 4045 Non

2053 4060 2252 4129 legitur
2282 4060 2399 4115 haec
2420 4063 2647 4135 epistola
2681 4063 2735 4114 in
2769 4059 2958 4115 codice
2990 4059 3294 4135 liarlaaano.
3319 4061 3460 4117 Editi
3488 4062 3632 4135 μάρ-

2051 4147 2238 4201 τυρος,
2261 4145 2422 4201 quam
2450 4132 2739 4185 lectionem
2768 4139 2954 4201 tuetur
2986 4131 3372 4199 Combeﬁsius,
3399 4140 3453 4186 et
3478 4131 3642 4187 Scul-

2054 4200 2226 4255 tetum
2280 4200 2538 4273 castigat,
2594 4201 2740 4273 quod
2785 4200 3107 4266 reddiderit,
3160 4205 3389 4273 alicujus
3435 4202 3637 4260 sancti.

2054 4285 2178 4343 cum
2197 4272 2323 4343 soli
2346 4280 2613 4343 martyres
2645 4272 2755 4326 illis
2780 4274 3127 4343 temporibus
3153 4272 3487 4330 colerentur.
3528 4273 3639 4328 Sed

2054 4356 2134 4415 ne
2157 4341 2210 4395 id
2239 4341 2457 4411 quidem
2495 4341 2843 4415 Qomhelisiq
2867 4344 3106 4415 concedi
3130 4351 3337 4415 potest,
3364 4350 3642 4415 martyres

2056 4412 2203 4466 solos
2253 4423 2385 4466 tunc
2427 4412 2535 4465 coli
2580 4414 2772 4467 solitos
2819 4411 3015 4467 fuisse.r
3062 4411 3261 4468 Narrat
3308 4411 3545 4468 Basilius
3584 4413 3641 4467 in

2054 4482 2284 4557 epistola
2352 4481 2420 4536 ad
2484 4483 2871 4557 Ambrosium,
2931 4483 3192 4557 Dionysio
3245 4484 3641 4557 Mediolanensi

2055 4553 2319 4623 eumdem
2340 4566 2404 4605 ac
2436 4554 2769 4623 martyribus
2798 4553 3334 4611 honorcm'delatum
3366 4555 3537 4609 fuisse
3570 4555 3642 4608 ab

2057 4621 2252 4676 incolis
2291 4622 2438 4693 illius
2470 4621 2597 4685 loci,
2631 4625 2686 4677 in
2715 4640 2825 4692 quo
2857 4627 3108 4693 sepultus
3140 4626 3338 4680 fuerat.
3372 4624 3488 4678 Nec
3533 4626 3644 4677 mi-

2054 4707 2158 4764 nor
2189 4691 2567 4764 fuitGregorii
2601 4691 2759 4764 apud
2804 4691 3277 4755 Neocaesarienses
3320 4694 3638 4750 celebritas.

2054 4763 2339 4817 Athanasii
2375 4771 2431 4816 et
2469 4763 2664 4818 Basilii
2692 4765 2811 4818 dies
2845 4764 3012 4822 festos
3042 4782 3204 4820 nemo
3232 4767 3409 4821 nescit
3451 4765 3641 4819 statim

2056 4841 2181 4906 post
2213 4848 2419 4906 eorum_
2434 4842 2665 4906 mortem
2685 4835 2993 4906 celebratos
3020 4836 3211 4892 fuisse.
3240 4838 3420 4906 Atque
3448 4841 3644 4890 etiam-

2057 4903 2103 4956 si
2150 4902 2343 4974 demus
2381 4902 2709 4959 Combelisio
2739 4903 2885 4974 quod
2927 4908 3229 4971 contendit,
3272 4902 3382 4961 non
3428 4907 3641 4960 idcirco

2060 4972 2355 5029 mutandus
2398 4974 2504 5026 erit
2550 4972 2862 5029 contextus.
2925 4976 3023 5031 His
3073 4979 3218 5032 enim
3274 4977 3524 5039 vocibus,
3578 4976 3641 5030 Si

2058 5045 2230 5094 sancti
2274 5043 2501 5111 alicujus
2532 5047 2785 5099 memoria
2828 5048 3119 5109 recolalur,
3152 5047 3287 5101 nihil
3329 5056 3475 5101 vetat
3506 5063 3645 5114 apo-

2059 5114 2231 5166 stolos
2263 5121 2317 5184 et
2343 5121 2609 5184 martyres
2635 5117 2953 5184 intelligere.
2991 5114 3081 5171 Sic
3107 5122 3251 5172 enim
3279 5117 3506 5171 Paulum
3541 5119 3644 5173 de-

2059 5132 2231 5166 SIOIUS
2263 5132 2317 5166 Cl.
2343 5132 2609 5184 Illill'lyl'CS
2635 5132 2802 5169 ιιιιθιιι
2846 5132 2953 5170 (Ὗϐ.
2991 5132 3081 5171 διε
3107 5134 3251 5172 οηιιιι
3279 5132 3506 5171 ιἰιυιιιιιι
3541 5132 3637 5173 ue-

2059 5190 2238 5261 srgnat
2264 5183 2500 5261 Basilius
2519 5186 2584 5261 in
2619 5188 2780 5255 epist.
2810 5132 2939 5261 $04,
2973 5190 3074 5261 sic‘
3098 5189 3457 5261 designantur
3486 5189 3637 5243 sacri

2058 5254 2354 5325 scriptores
2406 5254 2461 5307 in
2516 5255 2658 5325 libro
2715 5259 2956 5311 secundo
3006 5254 3253 5312 adversus
3290 5258 3637 5325 Eunomium,

2057 5322 2202 5397 n.__8.
2249 5321 2353 5397 Sed
2383 5324 2529 5397 quod
2576 5327 2785 5397 nullum
2829 5343 3057 5397 prorsus
3107 5329 3413 5383 dillicultati
3455 5321 3639 5384 locum

2053 5393 2337 5468 relinquit,
2373 5393 2669 5468 Gregorius
2697 5393 3000 5468 Nyssenus,
3038 5398 3189 5454 Orat.
3224 5402 3276 5454 in
3314 5400 3496 5454 laudes
3525 5401 3639 5454 Baa

2053 5463 2185 5525 silii,
2214 5463 2505 5537 [ηιμ-485,
2531 5477 2692 5537 negat
2722 5463 3095 5526 celebritatem
3142 5472 3287 5526 illius
3316 5472 3425 5526 diei
3457 5473 3639 5525 minoa

2052 5547 2168 5610 rem
2188 5534 2357 5610 videri
2383 5536 2582 5610 debere
2607 5534 2733 5610 aliis
2756 5549 3074 5596 sanctorum
3100 5540 3255 5599 festis
3282 5542 3499 5610 diebus,
3524 5543 3639 5597 τῶν

2052 5602 2146 5657 ἐπὶ
2175 5607 2287 5667 τοῖς
2314 5605 2489 5675 ἁγίοις
2518 5609 2739 5678 ἑορτῶν.
