3868 6218
169 260 284 317 £85

1100 261 1597 319 £PlSTOLARUM
1625 262 1911 321 CLASSIS
1948 263 2014 321 ll.
2054 264 2272 324 EPIST.
2311 264 2496 324 XCIV.

3339 277 3445 335 486

168 374 299 447 γοῦ,
327 375 427 447 τὴν
447 374 734 430 κοινωνίαν
757 375 1055 447 λαμϐάνειν
1078 378 1144 447 τῇ
1167 376 1274 448 ἰδίᾳ
1305 377 1472 447 χειρὶ.
1498 376 1741 450 μηδαμῶς

1863 381 2305 437 communionem
2340 396 2442 437 sua
2473 381 2651 453 ipsius
2678 381 2843 439 manu
2871 384 3151 456 accipere,
3191 387 3245 442 id
3277 405 3444 462 grave

166 465 317 522 εἶναι
354 467 493 540 βαρὺ
544 467 800 540 περιττόν
831 471 948 522 ἐστι
991 468 1393 534 ἀποδεικνύναι,
1421 469 1511 523 διὰ
1568 470 1632 522 τὸ
1663 470 1760 523 καὶ

164 560 273 631 τὴν
326 558 544 632 μακράν
601 558 890 632 συνήθειαν
921 558 1079 613 τοῦτο
1106 559 1176 614 δι’
1206 559 1385 614 αὐτῶν
1440 560 1548 614 τῶν
1612 578 1759 632 πραο

164 652 404 721 γμάτων
434 648 831 703 πιστώσασθαι.
876 649 1084 714 Πάντες
1113 649 1223 721 γάρ
1246 652 1295 704 oi
1328 651 1471 705 κατὰ
1501 650 1600 715 τὰς
1627 652 1760 722 ὲρή-

170 759 312 814 μους
339 741 450 811 (56)
495 740 838 812 μονάζοντες,
865 741 991 795 ἔνθα
1036 741 1111 812 μὴ
1141 741 1288 795 ἐστιν
1321 743 1520 812 ἱερεὺς,
1571 759 1761 796 κοινω-

168 834 292 886 νίαν
318 833 456 886 οἶκοι
489 833 835 901 κατέχοντες,
870 833 962 901 ἀφ’
988 832 1197 885 ἑαυτῶν
1231 833 1754 904 μεταλαμϐάνουσιν.

178 926 272 978 Ἔν
342 923 721 995 ’Δλεξανδρείᾳ
772 924 829 976 δὲ
855 924 949 977 καὶ
986 927 1043 976 ἐν
1094 925 1358 996 Αἰγύπτῳ
1396 926 1626 989 ἕκαστος
1664 925 1759 978 καὶ

162 1015 279 1068 τῶν
314 1015 374 1067 ἐν
399 1012 515 1083 λαῷ
560 1012 856 1066 τελούντων
897 1013 973 1077 ώς
1006 1014 1101 1067 ἐπὶ
1132 1015 1194 1068 τὸ
1220 1016 1470 1071 πλεῖστον
1501 1016 1614 1087 ἔχει
1644 1034 1759 1070 κοι-

161 1105 369 1160 νωνίαν
406 1108 464 1158 ὲν
502 1104 580 1176 τῷ
635 1105 771 1176 οἴκῳ
815 1105 1016 1172 αὑτοῦ,
1071 1108 1166 1161 κα)⁸
1199 1109 1288 1162 ὅτε
1333 1110 1580 1181 βούλεται
1620 1108 1754 1181 (57),

166 1205 583 1276 μεταλαμϐάνει
609 1205 678 1258 δι’
713 1206 928 1260 ἑαυτοῦ.
962 1205 1147 1272 Ἀπαξ
1176 1204 1284 1276 γάρ
1320 1204 1420 1257 τὶν
1443 1201 1633 1256 θυσίαν
1658 1200 1755 1255 τοῦ

164 1299 366 1369 ὶερὲως
415 1295 801 1361 τελειώσαντος
842 1297 937 1351 καὶ
972 1296 1285 1359 δεδωκότος,
1318 1296 1348 1348 ὁ
1367 1292 1550 1349 λαϐὼν
1584 1292 1754 1365 αὐτὴν

159 1389 240 1453 ὡς
261 1389 394 1460 ὃλην
425 1386 583 1459 ὁμοῦ,
614 1389 737 1441 καθ’
758 1387 995 1459 ἑκάστην
1015 1387 1464 1459 μεταλαμϐάνων,
1487 1384 1635 1457 παρὰ
1659 1384 1751 1438 τοῦ

159 1480 461 1544 δεδωκότος
519 1480 745 1543 εἰκότως
790 1479 1228 1551 μεταλαμϐάνειν
1278 1477 1392 1549 (58)
1436 1479 1529 1531 καὶ
1570 1476 1755 1531 ὑποδέ-

160 1569 355 1640 χεσθαι
391 1569 668 1624 πιστεύειν
685 1570 907 1638 ὀφείλει.
937 1569 1047 1623 Καὶ
1078 1569 1189 1640 γὰρ
1206 1571 1300 1622 καὶ
1322 1569 1382 1621 ὲν
1409 1571 1477 1639 τῇ
1525 1567 1753 1639 Ἐκκλη-

159 1660 257 1731 σία
283 1662 315 1713 ὁ
344 1661 526 1731 ἱερεὺς
572 1660 849 1714 ἐπιδίδωσι
881 1659 980 1732 τὴν
1012 1659 1228 1733 μερίδα,
1262 1657 1360 1713 καὶ⁵
1389 1658 1612 1729 κατέχει
1645 1659 1748 1712 αὐ-

1861 487 1972 527 non
2014 488 2139 529 esse
2187 488 2589 543 supervacuum
2644 482 2729 530 est
2783 477 3109 546 ostendere;
3161 482 3292 551 quia
3337 483 3445 540 hoc

1860 563 2119 619 diuturna
2147 566 2488 622 consuetudo
2533 565 2670 636 ipsis
2706 566 2871 623 rebus
2902 569 3208 625 conﬁrmat.
3241 571 3444 633 Omnes

1858 658 2004 713 enim
2033 656 2088 711 in
2120 658 2513 714 solitudinibus
2545 659 2818 723 monachi,
2856 661 2948 715 ubi
2989 678 3100 715 non
3135 674 3222 718 est
3254 680 3443 721 sacer-

1859 749 1960 804 dos
1982 788 1997 813 ,
2030 749 2472 805 communionem
2501 749 2648 805 domi
2679 760 2963 808 servantes
2985 795 3000 818 ,
3034 755 3151 810 suis
3193 756 3439 826 ipsorum

1859 839 2112 896 manibus
2133 848 2377 895 sumunt.
2414 840 2759 896 Alexandriae
2786 850 2968 898 autem
3007 852 3063 899 et
3103 847 3161 899 in
3205 844 3440 917 Egypto

1858 933 2241 1004 unusquisque
2286 933 2450 989 etiam
2498 934 2566 989 de
2617 935 2775 1004 plebe
2817 945 2878 990 ut
2922 937 3219 1007 plurimum
3276 940 3440 995 habet

1858 1026 2005 1081 domi
2040 1028 2479 1081 communionem
2502 1067 2518 1093 ,
2565 1034 2616 1081 et
2649 1027 2869 1097 quando
2904 1029 3053 1095 vult,
3086 1046 3184 1100 per
3220 1046 3280 1087 se
3320 1032 3439 1102 ipse

1857 1118 1915 1174 lit
1948 1120 2097 1174 illius
2123 1121 2418 1190 particeps.
2462 1118 2759 1189 Postquam
2805 1121 2948 1175 enim
2980 1123 3147 1178 semel
3177 1124 3438 1183 sacerdos

1857 1201 2188 1264 sacriﬁcium
2236 1209 2490 1275 absolvit,
2550 1224 2615 1265 ac
2667 1211 2912 1280 porrexit
2954 1230 2967 1266 :
3009 1213 3103 1282 qui
3159 1214 3325 1281 illud,
3376 1227 3437 1270 ut

1857 1306 2031 1356 totum
2081 1300 2244 1355 simul
2291 1302 2533 1371 accepit,
2567 1301 2616 1356 is
2646 1301 2774 1355 dum
2826 1303 3071 1372 quotidie
3112 1306 3431 1377 participat,

1854 1391 2052 1446 merito
2083 1391 2307 1446 credere
2331 1391 2492 1446 debet
2527 1406 2585 1447 se
2614 1392 2767 1447 abeo
2799 1393 2893 1463 qui
2924 1393 3075 1448 dedit
3099 1394 3433 1465 participare

1853 1487 1908 1537 et
1935 1480 2207 1550 accipere.
2243 1479 2536 1535 Enimvero
2563 1481 2729 1536 etiam
2778 1483 2835 1537 in
2878 1481 3122 1538 Ecclesia
3172 1483 3431 1539 sacerdos

1853 1572 2081 1643 porrigit
2100 1578 2310 1643 partem
2343 1590 2356 1628 :
2390 1588 2554 1642 quam
2589 1574 2682 1642 qui
2716 1575 2966 1645 suscipit,
2995 1590 3120 1630 cum
3151 1576 3299 1631 omni
3331 1588 3430 1646 po-

1853 1671 2052 1720 testate
2078 1665 2311 1730 retinet,
2350 1671 2405 1720 et
2448 1665 2530 1720 sic
2575 1666 2660 1720 ori
2710 1666 2961 1723 admovet
2987 1668 3205 1739 propria
3236 1684 3426 1727 manu.

289 1752 320 1804 ὁ
348 1723 744 1820 ὑποδεχόμενος
786 1750 902 1822 μετ’
937 1723 1188 1815 ἔξουσίας
1219 1749 1459 1821 ἀπάσης,
1487 1723 1582 1803 κᾶι
1602 1748 1741 1803 οὕτω

1849 1756 2037 1827 Itaque
2066 1758 2210 1812 idem
2239 1757 2404 1823 valet,
2439 1758 2556 1812 sive
2584 1757 2709 1827 quis
2742 1766 2954 1828 partem
2985 1723 3151 1815 una'm
3181 1774 3213 1815 a
3247 1775 3429 1817 sacer-

156 1840 433 1911 προσάγει
462 1839 539 1911 τῷ
570 1839 801 1911 στόματι
832 1841 898 1910 τῇ
931 1839 1037 1910 ἰδίᾳ
1091 1838 1253 1910 χειρί.
1309 1839 1519 1893 Ταυτὸν
1564 1839 1746 1895 τοίνυν

157 1932 279 1985 ἐστὶ
301 1934 369 2003 τῇ
397 1930 649 2001 δυνάμει,
675 1931 785 1984 εἴτε
826 1931 954 2002 μίαν
986 1931 1182 2001 μερίδα
1210 1930 1421 1997 δέξεταί
1471 1948 1553 1995 τις
1592 1931 1747 2004 παρὰ

158 2021 254 2075 τοῦ
286 2022 500 2092 ἱερέως,
520 2022 630 2073 εἴτε
646 2019 844 2083 πολλάς
870 2020 1092 2092 μερίδας
1113 2019 1269 2091 ὁμοῦ.

702 2136 1050 2192 ΕΠΙΣΤΟΛΗ
1080 2142 1193 2203 ιιοο.

159 2257 285 2307 Cum

1846 1848 1974 1906 dote
1999 1849 2255 1921 accipiat,
2292 1849 2409 1936 sive
2437 1849 2639 1906 multas
2671 1849 2854 1907 simul.

2340 2133 2682 2191 EPISTOLA
2720 2134 2921 2192 XCIV‘.

319 2252 952 2322 amplissinmmrediﬁcium
991 2263 1288 2322 construeret
1334 2256 1565 2320 Basilius,
1606 2242 1738 2312 inde.
1758 2259 1891 2313 illius
1926 2256 2188 2312 accusandi
2229 2264 2426 2322 arrepta
2464 2269 2611 2306 causa
2632 2254 2763 2322 :_Iiuc
2784 2253 3166 2322 acces_serun§_ab
3185 2253 3422 2321 episcopis

238 2314 588 2383 dissidentibus
624 2318 742 2383 alite
775 2314 1149 2383 criminationes.
1189 2318 1412 2369 Primam
1453 2314 1804 2383 accusationem
1847 2322 2056 2383 repellit,
2085 2335 2142 2371 ac
2180 2314 2445 2383 aediﬁcium
2466 2331 2608 2383 suum
2646 2316 2955 2379 imperatoris
2986 2314 3424 2383 judicioc'optpro-

237 2380 419 2448 balani,
447 2387 494 2429 et
514 2377 589 2430 rei
608 2377 814 2441 publica:
834 2377 950 2431 utile
971 2393 1075 2431 esse
1095 2380 1247 2431 docet.
1275 2384 1486 2433 Ceteras
1514 2382 1680 2447 didert
1699 2383 1751 2436 in
1768 2384 1838 2437 ali

420 2548 585 2614 Ἠλίᾳ
617 2547 863 2618 ἄρχοντι
891 2547 1003 2617 τῆς
1028 2547 1322 2619 ἐπαρχίας
1345 2549 1478 2621 (59).

226 2639 489 2711 Ὠρμησα
551 2640 650 2711 μὲν
696 2641 792 2694 καὶ
844 2637 1006 2704 αὐτὸς
1040 2642 1369 2695 καταλαϐεῖν
1401 2658 1495 2695 σου
1526 2647 1625 2713 τὴν
1654 2660 1738 2696 τι-

1929 2376 2131 2448 ιειηριιδ.
2160 2376 2374 2432 Interim
2394 2378 2656 2444 praesidem
2680 2376 2819 2442 rogat
2841 2384 2894 2428 ut
2935 2376 3204 2429 Alexandri
3242 2376 3423 2442 factum

2269 2547 2442 2604 Helite
2478 2546 2673 2602 rectori
2694 2547 2974 2615 provincia:

1912 2640 2176 2699 Volebam
2205 2646 2260 2694 et
2307 2640 2426 2709 ipse
2469 2645 2620 2693 tuam
2647 2637 2965 2708 dignitatem
3013 2636 3200 2705 adire,
3243 2653 3314 2695 ne
3351 2639 3423 2695 ob

152 2731 411 2803 μιότητα,
438 2730 514 2796 ώς
571 2731 638 2786 ἂν
670 2732 744 2806 μὴ
775 2736 842 2805 τῇ
885 2733 1169 2804 ἀπολείψει
1222 2734 1440 2789 ἔλαττόν
1472 2752 1524 2788 τι
1559 2735 1737 2806 ἔχοιμι

1848 2735 2156 2791 absentiam
2204 2736 2387 2787 minus
2422 2729 2630 2802 aliquid
2679 2730 2959 2794 haberem,
2991 2746 3154 2801 quam
3186 2732 3279 2801 qui
3324 2746 3422 2786 ca-

153 2824 265 2879 ςῶν
303 2823 698 2878 διαϐαλλόντων
717 2843 732 2857 ο
766 2825 881 2879 ἀλλ’
915 2825 1104 2897 ἐπειδὴ
1133 2828 1167 2897 ἡ
1199 2826 1481 2899 άῤῥωστία
1509 2826 1604 2881 τοῦ
1632 2825 1738 2880 σώ-

1848 2827 2221 2893 lumniantur;
2276 2824 2373 2881 sed
2414 2824 2543 2894 quia
2593 2823 2811 2878 inﬁrma
2860 2823 3117 2907 corporis
3166 2824 3424 2881 valetudo

151 2932 329 2986 ματος
374 2913 690 2981 διεκώλυσε,
737 2916 1092 2988 σφοδρότερον
1131 2916 1311 2988 πολλῷ
1333 2918 1431 2988 τῆς
1454 2917 1740 2990 συνηθείας

1848 2917 2159 2987 prohibuit,
2203 2915 2366 2971 solito
2400 2914 2561 2984 longe
2592 2913 2970 2969 vehementius
2998 2913 3294 2983 ingruens,
3324 2930 3424 2972 ne.

151 3004 479 3077 ἑπιθεμένη,
519 3007 831 3076 ἀναγκαίως
861 3003 1025 3079 ἦλθον
1072 3008 1165 3062 ἐπὶ
1196 3007 1258 3061 τὸ
1299 3009 1557 3080 γράμμα.
1598 3007 1739 3077 Ἐγὼ

1848 3010 2087 3064 cessario
2115 3007 2181 3063 ad
2213 3006 2564 3064 scribendum
2593 3004 2739 3060 veni.
2774 3002 2890 3076 Ego
2920 3005 3110 3074 igitur,
3141 3006 3227 3060 vir
3253 3004 3427 3061 admi-

156 3095 357 3161 τοίνυν,
397 3090 442 3149 ὦ
483 3096 776 3169 θαυμάσιε,
811 3097 1088 3170 συντυχὼν
1123 3099 1315 3171 πρώην
1358 3103 1425 3171 τῇ
1468 3100 1741 3172 τιμιότητί

150 3205 271 3255 σου,
318 3188 558 3261 ὥρμησα
604 3192 702 3261 μὲν
732 3191 828 3244 καὶ
865 3191 995 3263 περὶ
1053 3191 1274 3245 πάντων
1329 3191 1441 3244 τῶν
1475 3192 1615 3246 κατά
1648 3192 1741 3247 τὸν

148 3279 267 3350 βίον
312 3278 425 3351 (60)
469 3296 574 3350 μου
619 3281 961 3353 πραγμάτων
1024 3281 1492 3336 άνακοινώσασθαί
1539 3299 1632 3337 σου
1670 3286 1738 3356 τῇ

147 3373 435 3444 φρονήσει·
461 3371 702 3445 ὥρμησα
717 3373 773 3425 δὲ
790 3372 1014 3427 καὶτῶν
1045 3373 1378 3444 Ἐκκλησιῶν
1401 3373 1564 3427 ἕνεκα
1590 3375 1741 3446 ποιή-

148 3460 350 3514 σασθαί
371 3460 484 3532 (6i)
517 3478 640 3514 τινα
688 3461 866 3530 λόγον,
896 3462 974 3524 ὡς
1017 3460 1083 3515 ἂν
1117 3461 1193 3533 μὴ
1227 3462 1349 3524 ταῖς
1395 3460 1535 3532 μετὰ
1567 3462 1739 3517 ταῦτα

145 3552 427 3616 διαϐολαῖς
453 3551 607 3625 χώρα
637 3570 721 3617 τις
742 3552 1105 3607 ὑπολείποιτο.
1139 3552 1278 3605 Ἀλλ’
1301 3552 1531 3624 ἐπέσχον
1564 3554 1737 3625 ἐμαυ-

145 3646 264 3711 τὸν,
322 3644 672 3716 λογιζόμενος
730 3645 1022 3718 περίεργον
1086 3640 1227 3698 εἶναι
1280 3644 1590 3711 παντελῶς,
1642 3648 1739 3701 καὶ

147 3739 300 3810 πέρα
322 3736 434 3809 (62)
455 3736 549 3791 τοῦ
572 3737 768 3810 μέτρου
792 3738 1094 3808 φιλότιμον,
1126 3737 1282 3791 άνδοὶ
1313 3736 1566 3791 τοσοῦτον
1593 3738 1736 3810 πλῆ-

218 3878 336 4017 (56)
388 3878 698 3948 Ἐρήμους.
732 3874 886 3929 Multi
917 3890 1054 3931 mss.
1088 3874 1344 3945 ἐρημίας.

219 3946 312 4017 (57
376 3949 484 4001 Kal
508 3949 607 4001 ὅτε
627 3948 935 4011 βούλεται,
950 3944 1207 4017 ειοτιιευιι
1228 3946 1344 4017 dest

219 3943 336 4019 (57)
376 3943 484 4001 Kal
508 3943 607 4001 ὅτε
627 3943 1207 4019 βούλεταιφιοεηξυιι
1228 3943 1515 4019 de_sunt_in
1547 3944 1732 4019 editis,

148 4013 508 4088 at'leguntttr
547 4019 602 4071 in
638 4017 921 4071 COdlClbUS
953 4013 1121 4080 Med,
1159 4015 1329 4070 Coisl.
1364 4015 1567 4085 primo,
1613 4015 1730 4071 Vat.

146 4097 203 4144 et
226 4088 489 4159 pluribus
516 4088 659 4144 aliis.

219 4153 337 4229 (58)
379 4155 894 4229 Μεταλαμϐάνειν.
951 4153 1209 4229 Nonnulli
1264 4169 1425 4229 mss.‘
1454 4155 1734 4226 μεταλαμ-

146 4224 326 4283 esset;
378 4226 523 4282 idem
567 4224 638 4282 ei
667 4226 955 4281 Theodoro
1000 4225 1216 4279 Studita
1256 4224 1551 4295 quaesitum
1604 4224 1730 4280 cum

149 4308 323 4361 esset,
369 4312 476 4351 non
512 4297 654 4352 idem
698 4311 1020 4366 responsum
1059 4295 1209 4350 dedit
1242 4294 1307 4350 ac
1346 4295 1601 4366 Basilius.
1640 4294 1731 4350 ln-

1841 3100 2040 3166 rande,
2073 3115 2197 3155 cum
2231 3114 2409 3169 nuper
2440 3112 2548 3153 una
2573 3112 2700 3152 cum
2745 3105 2839 3151 tua
2868 3097 3184 3167 praestantia
3236 3112 3422 3153 versa-

1840 3207 1964 3257 rer,
2014 3191 2264 3248 volebam
2318 3198 2374 3245 et
2422 3190 2492 3245 de
2549 3188 2808 3245 omnibus
2863 3188 3002 3244 meis
3056 3189 3469 3250 exterioribus,

1840 3277 2078 3348 negotiis
2102 3293 2227 3332 cum
2256 3283 2349 3331 tua
2380 3277 2669 3348 prudentia
2691 3277 3140 3345 communicare;
3168 3279 3421 3333 volebam

1839 3378 1894 3425 et
1918 3370 1987 3426 de
2022 3371 2283 3425 Ecclesiis
2310 3386 2615 3427 sermonem
2645 3370 2950 3434 instituere,
2982 3381 3043 3424 ut
3066 3369 3200 3425 nihil
3230 3380 3421 3441 postea

1839 3462 2296 3517 calumniisloci
2349 3462 2775 3533 relinqueretur.
2829 3459 2935 3517 Sed
3002 3477 3090 3517 me
3136 3463 3418 3532 repressi,

1837 3555 2065 3612 omnino
2097 3564 2491 3626 praeposterum
2517 3570 2643 3612 esse
2671 3555 3013 3617 existimans,
3050 3569 3115 3610 ac
3154 3554 3420 3610 immode-

1837 3655 2019 3701 ratum
2050 3648 2316 3710 studium,
2348 3647 2466 3701 viro
2499 3653 2655 3701 tanta
2692 3647 3037 3717 negotiorum
3068 3645 3421 3703 multitudine

1837 3745 2066 3794 onerato
2093 3748 2259 3793 curas
2293 3738 2494 3802 adhuc,
2529 3753 2732 3808 easque
2766 3752 2877 3793 non
2896 3736 3262 3803 necessarias,
3289 3735 3420 3808 inji-

1835 3873 2004 3929 Coisl.
2049 3873 2314 3939 secundo,
2360 3872 2642 3938 Paris.,et
2676 3871 2921 3929 secunda
2961 3884 3130 3924 manu
3174 3868 3232 3924 in
3280 3868 3421 3924 Har-

1834 3943 2028 4084 lmlgg).
2055 4013 2219 4067 Κατὰ
2262 4013 2372 4067 τὸν
2406 4011 2572 4076 βίον.
2610 4008 2923 4084 Pronomen
2955 4006 3102 4084 quod
3139 4018 3416 4084 sequitur,

1833 4077 2032 4139 referri
2078 4084 2238 4138 debet
2288 4084 2354 4137 ad
2404 4081 2769 4153 πραγμάτων.
2813 4077 2944 4153 Non
2978 4078 3125 4133 enim
3178 4077 3232 4132 id
3282 4080 3418 4153 dicit

1832 4153 2092 4216 Basilius,
2125 4153 2273 4222 quod
2306 4154 2375 4207 ab
2421 4148 2489 4207 eo
2531 4148 2740 4206 dictum
2785 4148 3414 4222 catistimaruut_eruditi,

1832 4226 2075 4279 voluisse
2125 4217 2184 4278 se
2225 4224 2393 4279 totius
2433 4224 2556 4277 vitae
2590 4236 2705 4275 sua:
2746 4220 3014 4274 rationem
3067 4217 3235 4274 Heliae
3286 4220 3416 4275 red—

1834 4294 1982 4350 dere.
2019 4294 2315 4362 Distinguit
2368 4294 2512 4349 enim
2546 4292 2763 4362 negotia
2811 4290 2923 4350 illa,
2973 4290 3040 4343 de
3077 4290 3279 4362 quibus
3319 4306 3416 4345 vo-

147 4378 460 4436 terrogatus
500 4369 646 4421 enim
685 4382 753 4421 an
790 4360 901 4437 per
954 4379 1012 4420 se
1068 4367 1170 4435 ipsi
1219 4365 1470 4421 monachi
1515 4372 1569 4417 et
1610 4381 1731 4419 mo-
1761 4376 1806 4431 ι)
1837 4365 2013 4437 luerat
2036 4360 2365 4437 ﬁcum—Helia
2395 4360 2850 4437 pommu'nicare,
2879 4375 2928 4437 a__
2958 4360 3414 4437 negotiiseccleo

145 4441 325 4494 niales
401 4437 800 4492 Eucharistiam
858 4437 1106 4504 accipere
1166 4437 1418 4506 possint,
1494 4450 1730 4505 reSpon-

144 4509 239 4564 det
268 4512 322 4563 in
355 4509 518 4579 epist.
548 4507 654 4579 2l9
689 4507 815 4561 libri
864 4506 1114 4579 secundi,
1148 4521 1274 4576 pag.
1303 4506 1427 4571 748,
1463 4520 1539 4579 _ne
1574 4520 1732 4579 sacra

144 4574 657 4650 quidem—donaria
709 4585 943 4650 tangere
988 4574 1198 4650 licitum
1230 4574 1399 4650 'esse,
1459 4574 1727 4650 ἅπτεσθαι

145 4645 269 4704 οὐδὲ
310 4648 422 4702 τῶν
480 4648 643 4701 θείων
697 4645 1225 4717 άναθημάτωνηὶίςς
1288 4647 1382 4716 qui
1445 4647 1731 4717 sacerdotii

142 4722 432 4789 participes
476 4735 581 4772 non
629 4730 771 4783 sunt,
817 4715 928 4780 nec,
972 4715 1242 4789 aisiforte
1286 4715 1594 4789 necessitate
1638 4732 1731 4768 ur-

143 4786 316 4862 gente,
342 4786 584 4862 'si_desit
614 4787 1000 4862 presbyter‘vel
1040 4786 1318 4862 diaconus,
1370 4801 1463 4853 per
1498 4788 1728 4855 seipsum

144 4856 354 4915 sumere
410 4856 822 4912 Eucharistiam.
881 4856 1165 4924 Quomodo
1219 4864 1400 4910 autem
1452 4862 1583 4910 tunc
1635 4873 1728 4910 su-

146 4932 346 4987 menda
378 4930 470 4990 sit,
504 4931 586 4984 sic
614 4928 916 4998 praescribit
943 4925 1296 4998 :ATLOEtLéy'qg
1333 4925 1514 4998 βίϐλου
1554 4927 1725 4998 ἱερᾶς,

144 5004 239 5055 καὶ
254 5001 501 5068 ὲφαπλου
511 4995 677 5069 μὲνὴς
690 4998 880 5069 ὀθόνης
900 4995 1164 5069 καθαρᾶς,
1178 4995 1385 5069 ἣνίερᾷς
1416 4995 1649 5069 ἐπικαλυ
1657 5014 1725 5067 μ-

147 5065 392 5142 ματίϐος,
422 5065 604 5142 ἐκεῖσε
630 5065 725 5142 τοῦ
753 5065 1065 5142 δώρου-ἀπὶ)
1088 5065 1272 5142 χειρὸς
1289 5065 1395 5118 σὺν
1423 5065 1574 5142 φόϐῳ
1604 5065 1731 5142 προ-

147 5085 392 5142 ματιοος,
422 5085 604 5122 εκεισε
630 5086 725 5121 του
753 5085 927 5139 οωρου
956 5085 1065 5121 απο
1088 5085 1272 5189 γὶειρος
1299 5085 1395 5118 συν
1423 5085 1574 5136 φοοῳ
1604 5085 1726 5137 προ-

142 5143 421 5210 τεθέντος,
444 5140 582 5210 μετὰ
608 5139 710 5210 τὴν
745 5138 1015 5209 ὑμνῳδίαν
1034 5137 1113 5189 ἀπ
1178 5135 1690 5210 στόματοςῌληπτέον
1710 5150 1726 5166 ο

145 5208 241 5266 εἷθ’
291 5204 457 5264 οὕτω
482 5204 813 5271 διακλύσεως
858 5204 998 5261 οίνου
1044 5204 1338 5277 γινομένὴς
1387 5204 1465 5275 τῷ
1510 5204 1728 5277 λαμϐά-

144 5298 329 5337 νοντι⁸
391 5281 577 5335 Posito
624 5295 777 5334 sacro
820 5278 977 5342 libro,
1008 5276 1319 5347 extensoque
1363 5291 1494 5344 puro
1544 5276 1725 5341 linteo,

145 5365 237 5407 aut
264 5368 423 5407 sacro
462 5352 731 5410 velamine,
764 5348 1001 5416 deposita
1033 5350 1179 5415 prius
1209 5347 1320 5400 illic
1356 5363 1384 5400 e
1414 5362 1577 5399 manu
1607 5362 1728 5400 cum

144 5437 288 5477 metu
316 5439 475 5476 sacra
500 5420 859 5483 Eucharistia,
889 5429 1005 5487 pust
1033 5420 1351 5488 hymnorum
1367 5417 1728 5470 recitationem

145 5511 233 5548 ore
262 5494 404 5547 sumi
435 5491 604 5546 debet.
636 5491 851 5553 Postea,
880 5489 969 5560 qui
1013 5489 1233 5558 accepit,
1267 5487 1479 5541 abluere
1521 5503 1578 5541 os
1608 5488 1728 5541 vino

144 5566 314 5619 debet.

214 5634 336 5706 (59)
387 5633 698 5706 Blimetc.
729 5629 891 5686 Deest
920 5627 1085 5706 Heliae
1116 5643 1315 5706 nomen
1351 5628 1408 5682 in
1442 5627 1725 5683 codicibus

148 5696 288 5756 εἰσέτι.
316 5696 382 5757 'et
409 5696 581 5760 Coisl.
616 5702 797 5759 primo
824 5720 836 5756 :
866 5701 1137 5767 reperitur
1182 5701 1239 5756 in
1276 5696 1415 5772 Reg.
1462 5709 1720 5770 utroque,

1837 4436 2101 4502 siasticis,
2138 4434 2189 4488 id
2225 4443 2309 4490 est
2342 4434 2409 4487 ad
2440 4435 2596 4488 tidem
2631 4441 2686 4486 et
2714 4431 3061 4498 disciplinam
3091 4431 3415 4499 pertinenti-

1832 4505 1958 4576 bus.
1991 4505 2344 4576 Nequaquam
2379 4510 2559 4576 autem
2592 4512 2805 4576 poterat
2837 4504 2971 4576 vine
2995 4504 3410 4576 suaerationem

1828 4570 2243 4644 redderefqui'n
2286 4575 2450 4644 simul
2490 4570 2753 4644 derebus
2778 4570 3169 4627 ecclesiasticis
3202 4581 3409 4641 ageret.

1827 4645 1925 4699 llla
1968 4661 2099 4716 ergo
2132 4643 2276 4698 κατὰ
2328 4643 2442 4714 βίον
2476 4643 2777 4715 πράγματα
2813 4647 2968 4716 _sunt_
3004 4649 3218 4716 negotia
3248 4649 3414 4716 exte-

1828 4717 1998 4780 riora,
2031 4707 2172 4782 sive,
2215 4726 2271 4769 ut
2308 4707 2534 4777 vocant,
2561 4707 2902 4782 temporalia.
2949 4707 3006 4762 ln
3051 4707 3214 4782 epist.
3244 4709 3303 4763 8|
3339 4710 3416 4782 di-

1831 4786 2077 4855 gniorem
2114 4780 2434 4856 episcopatu
2469 4780 2749 4856 existimat
2783 4781 3259 4856 senem_omnihus
3300 4780 3413 4832 vir-

1831 4849 2043 4910 intibus
2093 4849 2367 4915 ornatum.
2407 4870 2571 4925 quam
2623 4853 2876 4922 juvenem
2928 4849 3149 4925 adAlioc
3196 4857 3409 4901 tantum

1831 4926 2088 4981 idoneum
2116 4935 2174 4980 ut
2205 4920 2454 4979 mittatur
2472 4933 2526 4979 et
2551 4920 2822 4978 exteriora
2852 4920 3409 4990 negotiaperlractet,

1835 4997 1973 5068 πρὸς
2001 4996 2061 5049 τὸ
2098 4995 2411 5066 πέμπεσθαι
2446 4995 2540 5048 καὶ
2565 4994 2663 5068 τάς
2689 4988 3408 5068 βιωτικᾲς-άνύεινξχρείας.

1828 5056 2032 5121 Eodem
2065 5056 2228 5121 sensu
2256 5076 2593 5133 usurpantur
2621 5056 2868 5133 in'epist.
2891 5056 3010 5124 195,
3027 5057 3272 5127 ἀσχολίαι
3300 5057 3414 5110 τῶν

1828 5136 1971 5191 κατὰ
1995 5136 2086 5189 τὸν
2118 5136 2231 5206 βίον
2265 5136 2626 5207 πραγμάτων.

1902 5207 2012 5275 (61)
2035 5196 2433 5274 Ποὶήσαόθαὶξ
2469 5205 2607 5258 Fiditi
2632 5201 2727 5275 τορ
2762 5196 3413 5275 ποιήσασθαι,-εε‹1.ὀεεει

1830 5266 2099 5332 articulus
2132 5266 2186 5329 in
2221 5276 2477 5330 omnibus
2512 5288 2646 5327 mss.
2692 5266 3020 5341 Paulo'post
3048 5268 3178 5322 editi
3219 5266 3412 5320 ὑπολι-

1830 5365 2005 5402 ποιτο.
2049 5346 2303 5415 Quinque
2334 5360 2468 5415 mss.
2505 5352 2565 5397 ut
2593 5345 2647 5396 iu
2675 5350 2850 5397 textu.

1902 5418 2011 5487 (62)
2052 5410 2165 5470 Καὶ
2216 5410 2387 5487 πέρα.
2427 5414 2504 5487 |_la
2542 5429 2686 5487 imss.
2733 5426 2978 5487 omnes:
3016 5411 3190 5487 editio
3233 5410 3412 5487 prima

1829 5479 2009 5544 Paris.
2060 5489 2155 5540 καὶ
2215 5479 2387 5557 παρὰ.
2424 5484 2593 5539 Paulo
2626 5492 2749 5555 post
2794 5481 2964 5537 Coisl.
2997 5483 3211 5552 primus
3236 5479 3414 5553 ίάνδρὶ

1828 5574 2088 5628 τοσουτῳ.

1906 5634 1952 5715 ’ζΔ
1968 5622 2118 5687 Alias
2147 5624 2483 5686 CGCLXXll.
2519 5622 2731 5695 Scripta
2761 5636 2905 5680 anno
2932 5622 3055 5681 372.
