3868 6218
442 267 549 324 ιθτ

1749 266 1810 323 5.
1849 265 2100 323 BASILII
2135 266 2354 324 MAGNI

3585 273 3694 330 488

438 395 587 435 cere.
633 377 714 434 Ad
757 378 897 444 haec,
936 378 1149 435 dicetur
1177 378 1321 435 enim
1348 380 1495 450 quod
1520 394 1611 436 res
1638 387 1757 448 est,
1790 388 1845 437 et
1875 381 1989 436 alia:

2113 380 2205 446 θος
2256 382 2596 453 πραγμάτων
2640 380 2998 455 ἐξηρτημένῳ
3046 382 3129 437 ἔτι
3177 384 3272 438 καὶ
3300 382 3399 449 τὰς
3439 383 3545 453 ἔξω
3583 387 3696 443 τῶν

439 471 603 525 timui
632 486 701 526 ne
732 471 870 526 forte
892 470 947 524 in
973 471 1350 526 necessitatem
1384 472 1695 527 veniremus
1722 472 2011 526 vulneran-

335 545 338 550 λ
439 564 522 617 die
565 565 770 618 mutuis
813 562 1263 618 altercationibus
1306 564 1501 618 anima:
1537 570 1673 629 tua),
1719 580 1840 632 quae
1876 579 2012 633 pura

442 669 545 709 sua
575 655 628 707 in
660 653 829 713 Deum
862 657 1059 725 pietate
1090 653 1381 724 perfectam
1405 657 1643 726 religiosi
1667 657 1848 710 cultus
1871 672 2011 711 mer-

439 744 627 799 cedem
662 746 941 815 percipere
974 746 1155 799 debet.
1200 744 1332 798 Nam
1382 762 1570 801 revera
1622 749 1668 802 si
1713 749 1816 818 ipsi
1851 756 1903 802 te
1942 749 2009 802 ad

438 848 541 887 nos
575 835 964 888 abstrabamus
986 874 1000 897 ,
1033 851 1223 903 parum
1258 835 1351 887 tibi
1387 837 1485 889 otii
1527 836 1595 889 ad
1637 853 1726 891 res
1764 837 2009 905 publicas

440 927 853 994 relinquemus;
900 941 963 979 ac
1012 927 1157 979 idem
1206 927 1317 979 fere
1359 924 1641 990 iacemus,
1692 942 1757 982 ac
1794 930 1840 982 si
1884 928 2007 997 quis

438 1020 779 1079 naucleruin,
816 1015 977 1084 188
1006 1015 1100 1084 qui
1133 1029 1323 1069 navem
1358 1032 1530 1084 nuper
1570 1025 1904 1085 compactam
1951 1019 2008 1071 in

438 1108 932 1175 inagnagubernat
980 1116 1334 1174 tempestate,
1383 1108 1618 1161 sarcinis
1667 1111 1821 1161 novis
1870 1123 2009 1176 prae;

435 1205 642 1266 gravet,
672 1212 795 1248 cum
830 1196 1040 1265 aliquid
1070 1196 1355 1250 detrahere
1385 1197 1568 1249 oneris
1591 1236 1602 1258 ,
1640 1204 1693 1249 et
1741 1203 2003 1264 quantum

434 1285 551 1339 ﬁeri
596 1295 771 1354 potest
796 1285 1031 1338 allevare
1063 1294 1331 1354 Oporteat.
1367 1282 1523 1337 Unde
1562 1286 1692 1338 mihi
1720 1286 1932 1339 videtur
1952 1293 2005 1339 et

434 1390 663 1443 magnus
686 1375 1005 1444 imperator,
1036 1378 1124 1429 ubi
1147 1385 1390 1429 nostram
1416 1376 1558 1430 hanc
1580 1377 2002 1431 sollicitudinem

433 1468 731 1535 perSpexit,
782 1469 1000 1520 veniam
1049 1468 1301 1529 dedsse,
1350 1474 1407 1520 ut
1455 1467 1729 1521 bicileSias
1774 1484 1868 1537 per
1901 1483 2002 1522 nos

430 1558 537 1627 ipsi
585 1558 1119 1615 administraremus.
1170 1558 1289 1613 Jain
1321 1574 1448 1615 vero
1491 1576 1585 1615 eos
1637 1578 1726 1630 qui
1771 1562 2001 1616 sinceris

433 1652 544 1704 tuis
573 1651 800 1704 auribus
841 1650 1197 1720 obstrepunt,
1233 1653 1595 1721 interrogatos
1626 1654 1779 1714 volo,
1807 1654 1939 1722 quid
1969 1670 1999 1707 a

2114 473 2424 541 ἀναγκαίων
2465 472 2778 526 ἐπιϐάλλειν
2811 473 3118 543 φροντίδας.
3156 473 3320 544 ’ομοὗ
3351 491 3411 527 τε
3451 475 3694 548 (εἰρήσε-

2108 581 2197 617 ται
2240 564 2349 635 γὰρ
2405 564 2685 636 τάληθὲς),
2727 567 2821 619 καὶ
2868 565 3043 630 ἄλλως
3077 564 3300 638 ὤκνησα
3349 568 3559 638 μήποτε
3608 571 3695 634 είς

2108 656 2354 727 ἀνάγκην
2410 654 2653 726 ἔλθωμεν
2715 660 2833 721 ταῖς
2882 658 3003 712 κατ’
3062 657 3306 729 ἀλλήλων
3354 659 3693 729 ἀντιλογίαις

2106 746 2312 818 τρῶσαι
2354 747 2452 819 τὴν
2492 748 2670 817 ψυχήν
2721 765 2835 813 σου,
2893 748 3214 818 ὀφείλουσαν
3259 752 3317 802 ἐν
3364 754 3430 822 τῇ
3473 752 3694 824 καθαρᾷ

2107 841 2236 912 περὶ
2284 839 2373 893 τὸν
2417 839 2548 893 Θεὸν
2589 839 2843 911 εὐλαϐείᾳ
2870 841 3075 894 τέλειον
3111 841 3201 895 τὸν
3229 842 3417 913 μισθὸν
3436 844 3535 914 τῆς
3570 844 3693 898 θεο-

2108 930 2319 995 σεϐείας
2380 931 2743 1002 καρποῦσθαι.
2797 933 2886 1002 Τῴ
2947 934 3062 987 ὄντι
3123 933 3253 1005 γὰρ,
3309 935 3405 988 ἐάν
3450 953 3511 989 σε
3546 938 3691 1008 πρὸς

2106 1023 2328 1086 ἑαυτοὺς
2362 1022 2776 1093 ἐπιστρέψωμεν
2806 1024 2917 1095 (6'5;
2952 1026 3136 1095 ἡμεῖς,
3170 1026 3358 1097 ὀλίγην
3378 1043 3459 1079 σοι
3490 1028 3689 1099 σχολὴν

2105 1114 2240 1184 πρὸς
2268 1116 2336 1166 τὰ
2382 1114 2617 1183 δημόσια
2666 1116 3065 1186 καταλείψομεν
3090 1132 3105 1148 ⁸
3167 1118 3262 1170 καὶ
3301 1118 3685 1189 παραπλήσιον

2104 1202 2421 1275 ποιήσομεν,
2479 1205 2669 1278 ὥσπερ
2720 1205 2784 1259 ἂν
2825 1207 2876 1259 εἴ
2921 1224 3005 1270 τις
3052 1207 3415 1279 κυϐερνήτην,
3439 1211 3684 1280 νεοπαγῆ

2103 1294 2232 1348 ναῦν
2270 1297 2328 1348 ἐν
2376 1296 2597 1366 μεγάλῳ
2629 1296 2859 1351 κλύδωνι
2899 1297 3264 1363 διευθύνοντα,
3298 1302 3365 1370 τῇ
3394 1302 3685 1372 προσθήκῃ

2101 1387 2195 1440 τοῦ
2228 1389 2424 1459 φόρτου
2454 1388 2853 1461 καταϐαρύνοι,
2886 1390 3003 1443 δέον
3037 1391 3291 1462 ἀφαιρεῖν
3316 1410 3368 1445 τι
3384 1394 3492 1445 τών
3531 1395 3683 1462 ἁγωο

2102 1479 2301 1547 γίμων,
2353 1481 2447 1532 καὶ
2504 1479 2973 1550 συνεπικουφίζειν
3008 1480 3081 1545 ὡς
3128 1480 3371 1536 δυνατόν.
3395 1484 3556 1536 Ὅθεν
3588 1502 3683 1555 μοι

2100 1567 2249 1623 δοκεῖ
2283 1569 2378 1622 καὶ
2430 1569 2680 1640 βασιλεὺς
2717 1572 2745 1622 ὁ
2781 1572 2975 1641 μέγας,
3016 1572 3113 1643 τὴν
3146 1573 3681 1647 πολυπραγμοσύνην

2102 1660 2257 1732 ἡμῶν
2306 1661 2508 1730 ταύτην
2570 1663 2920 1733 καταμαθὼν,
2965 1666 3121 1717 ἐᾶσαι
3157 1668 3306 1737 ἡμᾶς
3337 1668 3424 1736 ἐφ’
3463 1668 3676 1722 ἑαυτῶν

369 1786 381 1795 .
432 1740 592 1793 nobis
626 1741 786 1793 rebus
823 1740 1052 1809 publicis
1094 1743 1318 1794 allatum
1362 1742 1431 1794 sit
1480 1743 1832 1796 detrimenti?
1868 1742 1989 1812 quid

2100 1752 2198 1815 τὰς
2235 1751 2556 1825 Ἐκκλησίας
2578 1756 2903 1825 οἰκονομεῖν.
2940 1757 3078 1820 Τοὺς
3107 1757 3290 1828 μέντοι
3322 1761 3442 1823 ταῖς
3470 1760 3683 1824 ἀδόλοις

430 1844 656 1898 parvum
702 1846 1024 1900 magnumve
1073 1832 1128 1884 in
1171 1832 1336 1887 rebus
1375 1834 1759 1888 communibus
1809 1846 1998 1888 nostra

431 1918 796 1975 Ecclesiaruin
831 1922 1223 1991 gubernatione
1258 1923 1521 1977 laedatur?
1552 1926 1659 1978 nisi
1691 1926 1815 1994 quis
1852 1927 2000 1980 dicat

426 2008 686 2065 damnum
717 2012 871 2066 abeo
896 2014 1057 2067 rebus
1081 2015 1282 2079 all'erri,
1311 2032 1403 2084 qui
1427 2018 1753 2085 precationis
1775 2017 1996 2072 domum

428 2104 715 2171 niagnilice
758 2113 1093 2158 exstructam
1123 2107 1282 2175 erigit
1319 2107 1426 2160 Deo
1477 2116 1703 2173 nostro,
1752 2120 1805 2162 et
1852 2110 1996 2164 aedes

425 2197 635 2251 circum
668 2197 850 2261 illam,
896 2199 1057 2251 aliam
1105 2199 1322 2268 quidem
1368 2201 1575 2253 liberali
1617 2201 1831 2270 specie,
1880 2203 1996 2271 epi-

426 2303 594 2359 scopo
624 2292 877 2358 privatim
908 2272 1204 2353 addictam,
1234 2292 1371 2347 alias
1403 2307 1533 2346 vero
1578 2293 1868 2348 interiores
1903 2293 1995 2349 Dei

424 2376 645 2433 famulis
688 2394 753 2431 ex
780 2378 973 2432 ordine
1011 2376 1372 2445 distributas;
1405 2394 1637 2449 quarum
1668 2395 1801 2435 usus
1846 2394 1995 2433 coui-

423 2473 606 2527 munis
629 2471 781 2524 vobis
804 2471 1132 2535 rectoribus,
1157 2479 1209 2525 et
1232 2481 1415 2526 vestro
1432 2476 1736 2527 comitatui.
1759 2472 1993 2542 Ecquem

426 2562 631 2630 injuria
663 2562 764 2615 allii
787 2562 958 2624 imus,
988 2562 1113 2616 duiu
1150 2565 1473 2631 peregrinis,
1521 2565 1635 2618 sive
1679 2566 1779 2618 hac
1812 2575 1993 2621 tiaus-

421 2654 720 2716 euntibus,
774 2653 888 2707 sive
944 2654 1151 2707 medela
1205 2656 1383 2722 aliqua
1430 2655 1501 2708 ob
1545 2656 1790 2709 morbum
1851 2656 1993 2711 indi-

420 2745 677 2816 gentibus
739 2744 973 2814 l.ospitia
1037 2748 1454 2809 eonstruimus,
1513 2754 1679 2815 atque
1742 2748 1824 2801 sic
1881 2764 1993 2804 ne-

418 2838 722 2892 cessarium
771 2836 1157 2891 constituimus
1189 2836 1480 2899 solatium,
1520 2852 1787 2907 aegrorum
1832 2855 1992 2894 cura-

421 2935 613 2992 tores,
677 2926 950 2984 medicos.
1008 2927 1287 2996 jumenta,
1349 2929 1719 2984 deductores?
1780 2931 1989 2997 Quibus

421 3033 650 3073 necesse
689 3015 790 3073 fuit
836 3025 889 3072 et
938 3027 1087 3074 artes
1119 3021 1375 3090 adjungi,
1422 3030 1533 3074 tum
1564 3038 1685 3091 quae
1715 3024 1780 3076 ad
1823 3025 1986 3078 vitam

418 3119 551 3167 sinit
576 3118 918 3176 necessariae,
943 3119 1055 3164 tum
1081 3128 1202 3181 qua;
1222 3113 1287 3167 ad
1309 3115 1595 3171 honestius
1624 3116 1746 3170 vitae
1771 3117 1990 3172 institu-

420 3209 537 3258 tum
598 3203 818 3257 fuerunt
868 3206 1187 3274 excogitata:
1228 3224 1241 3259 :
1283 3207 1421 3260 alias
1482 3222 1677 3262 rursus
1725 3210 1868 3264 :edes
1919 3209 1989 3263 ad

420 3290 668 3347 facienda
701 3308 867 3363 opera
917 3294 1163 3360 idoneas,
1197 3312 1317 3364 qua:
1342 3297 1523 3350 omnia
1555 3299 1654 3367 ipsi
1682 3300 1798 3353 loco
1828 3315 1992 3353 orna-

418 3390 558 3450 tum,
586 3396 638 3439 et
664 3385 861 3438 rectori.
890 3394 1079 3440 nostro
1106 3388 1332 3456 gloriam
1365 3388 1562 3451 ferunt,
1600 3391 1757 3444 laude
1782 3391 1835 3443 in
1861 3406 1986 3445 eum

417 3474 780 3530 redundante.
816 3472 896 3528 Tu
923 3485 1071 3530 certe
1104 3491 1213 3530 non
1245 3475 1454 3531 ideirco
1488 3481 1554 3532 ad
1588 3494 1691 3534 nos
1722 3480 1987 3549 regendos

416 3564 621 3619 invitus
669 3564 939 3620 adductus
966 3580 1060 3632 es,
1103 3567 1249 3636 quod
1305 3569 1456 3623 solus
1506 3569 1674 3623 animi
1709 3558 1985 3640 magnitu-

413 3654 542 3712 dine
588 3658 767 3726 possis
815 3671 980 3726 opera
1034 3660 1272 3729 collapsa
1320 3660 1666 3722 instaurare,
1719 3662 1836 3715 loca
1875 3677 1985 3716 non

415 3746 659 3801 habitata
686 3748 881 3801 incolis
905 3750 1202 3818 complere,
1234 3761 1286 3804 et
1313 3766 1422 3805 uno
1457 3752 1624 3806 verbo
1653 3753 1984 3809 solitudines

412 3838 471 3893 in
501 3839 667 3895 urbes
708 3839 1124 3895 transformare.
1155 3841 1258 3908 Qui
1290 3843 1459 3914 igitur
1489 3844 1555 3898 ad
1590 3845 1704 3900 haec
1741 3861 1801 3901 se
1828 3847 1984 3917 adju-

407 3935 582 3984 torem
613 3932 846 4000 praebet,
877 3946 1001 3985 eum
1034 3932 1253 4002 abigere
1284 3945 1337 3988 et
1368 3936 1586 4004 injuriis
1618 3937 1830 3993 allicere
1853 3954 1986 3993 con-

410 4012 756 4085 sentaneiim,
803 4037 872 4076 an
920 4022 1191 4078 honorare
1219 4040 1284 4079 ac
1311 4028 1529 4083 colere?
1560 4029 1748 4100 Neque
1790 4033 1982 4087 existi-

406 4126 547 4175 mes,
579 4112 665 4165 vir
701 4114 924 4183 optime,
961 4118 1124 4169 verba
1155 4124 1360 4171 tantum
1391 4134 1514 4175 esse
1544 4138 1666 4191 quae
1702 4124 1933 4179 dicimus
1963 4143 1977 4180 :

408 4202 679 4272 siquidem
720 4205 832 4272 jam
875 4206 928 4259 in
983 4220 1147 4276 opere
1193 4225 1497 4278 versamur,
1545 4231 1668 4268 cum
1698 4220 1976 4273 materiam

406 4293 676 4349 hactenus
704 4299 1256 4365 comportaverinms.
1292 4301 1417 4358 Haec
1446 4305 1611 4374 igitur
1635 4307 1702 4361 ad
1733 4319 1974 4364 nostram

2100 1846 2290 1909 ἀκοαῖς
2317 1863 2410 1900 σου
2437 1847 2901 1919 παρενοχλοῦντας
2928 1849 3270 1921 ἐρωτηθῆναι
3310 1850 3595 1922 βούλομαι,
3622 1853 3677 1907 τί

2099 1939 2279 2007 χεῖρον
2327 1935 2441 2006 ἔχει
2489 1938 2557 1989 τά
2608 1937 2843 2007 δημόσια
2896 1939 3025 2010 παρ’
3054 1942 3235 2011 ἡμᾶςς
3264 1941 3297 2013 ἦ
3327 1943 3380 1995 τί
3421 1944 3613 2015 μικρὸν
3639 1944 3674 2015 ἢ

2102 2030 2284 2101 μεῖζον
2300 2030 2407 2083 τῶν
2434 2029 2626 2083 κοινῶν
2651 2032 2714 2083 ἐκ
2734 2032 2831 2101 τῆς
2851 2032 3122 2103 ἡμετέρας
3150 2034 3277 2104 περὶ
3304 2036 3403 2097 τὰς
3442 2035 3679 2105 Ἐκκλη-

2098 2123 2220 2185 σίας
2270 2123 2579 2191 οἰκονομίας
2622 2122 2733 2192 (64)
2800 2124 3143 2193 mammae;
3192 2125 3330 2195 πλὴν
3373 2128 3422 2178 εἰ
3469 2129 3541 2198 μή
3587 2143 3675 2191 τις

2100 2213 2250 2281 λέγοι
2287 2213 2489 2284 βλάϐην
2514 2217 2626 2277 τοῖς
2656 2215 2944 2286 πράγμασι
2976 2215 3182 2285 φέρειν,
3206 2214 3351 2269 οἶκον
3385 2217 3675 2288 εὐκτήριον

2100 2302 2530 2375 μεγαλοπρεπῶς
2573 2306 3075 2376 κατεσκευασμένον
3107 2304 3408 2378 ἀναστῆσαι
3445 2307 3522 2378 τῷ
3549 2308 3676 2380 Θεῷ

2096 2395 2274 2466 ἡμῶν,
2300 2396 2394 2448 καὶ
2437 2396 2564 2465 περὶ
2612 2397 2775 2449 αὐτὸν
2814 2397 3047 2467 οἴκησιν,
3083 2399 3181 2470 τὴν
3234 2399 3330 2470 μὲν
3366 2400 3675 2472 ἐλευθέριον

2096 2488 2440 2559 ὲξῃρημὲνην
2473 2487 2584 2558 (6))
2620 2488 2696 2560 τῷ
2727 2490 3031 2560 κορυφαίῳ,
3064 2491 3161 2553 τὰς
3189 2491 3244 2543 δὲ
3269 2491 3675 2561 ὑποϐεϐηκυίας

2094 2579 2199 2639 τοῖς
2236 2577 2600 2648 θεραπευταῖς
2627 2577 2720 2631 τοῦ
2740 2577 2882 2631 θείου
2931 2578 3392 2649 διανενεμημένας
3419 2581 3474 2632 ἐν
3495 2580 3671 2645 τάξει,

2092 2660 2220 2739 ὧνή
2252 2669 2448 2739 χρῆσις
2493 2669 2646 2741 κοινὴ
2679 2670 2813 2739 πρός
2840 2686 2900 2722 τε
2939 2663 3082 2740 ὑμᾶς
3110 2672 3236 2733 τοὺς
3273 2671 3537 2742 ἄρχοντας
3573 2672 3673 2723 καὶ

2092 2761 2218 2822 τοὺς
2267 2760 2682 2830 παρεπομένους
2725 2762 2876 2831 ὑμῖν.
2914 2760 3048 2815 Τίνα
3078 2760 3135 2813 δὲ
3170 2761 3483 2833 ἀδικοῦμεν,
3534 2779 3673 2815 κατ-

2093 2849 2306 2919 αγώγια
2334 2853 2445 2913 τοῖς
2476 2850 2647 2916 ξένοις
2679 2853 3108 2924 οἰκοδομοῦντες,
3136 2856 3249 2917 τοῖς
3277 2871 3335 2906 τε
3359 2854 3498 2907 κατὰ
3528 2855 3676 2923 πάρ-

2092 2944 2209 2997 οδον
2242 2945 2562 3014 ἐπιφοιτῶσι
2616 2947 2707 2999 καὶ
2758 2950 2870 3010 τοῖς
2920 2947 3217 3018 θεραπείας
3251 2946 3395 3009 τινὸς
3441 2946 3530 3000 διὰ
3566 2947 3670 3018 τὴν

2092 3034 2377 3089 ἀσθένειαν
2404 3036 2701 3107 δεομένοις,
2722 3039 2815 3092 καὶ
2830 3038 2926 3109 τὴν
2947 3038 3253 3106 ἀναγκαίαν
3272 3038 3476 3099 τούτοις
3494 3055 3674 3110 παρα·

2096 3125 2292 3197 μυθίαν
2345 3128 2795 3196 ἐγκαθιστῶντες.
2852 3129 2978 3194 τοὺς
3024 3128 3488 3200 νοσοκομοῦντας,
3536 3129 3670 3193 τοὺς

2094 3215 2462 3288 ἰατρεύοντας,
2478 3218 2546 3271 τὰ
2575 3220 2873 3290 νωτοφόρα,
2893 3220 3015 3280 τοὺς,
3038 3220 3499 3290 παραπέμποντας
3528 3217 3667 3288 (66);

2091 3307 2315 3372 Τούτοις
2340 3310 2552 3380 ἀνάγκη
2590 3311 2684 3364 καὶ
2717 3311 2915 3380 τέχνας
2943 3310 3188 3372 ἕπεσθαι,
3217 3312 3314 3373 τάς
3343 3327 3404 3363 τε
3443 3311 3579 3382 πρὸς
3602 3310 3671 3363 τὸ

2090 3399 2188 3471 ζῇν
2210 3401 2534 3467 ἀναγκαίας,
2563 3403 2654 3455 καὶ
2676 3403 2797 3456 ὅσαι
2833 3403 2966 3475 πρὸς
2987 3403 3299 3473 εὐσχήμονα
3319 3401 3434 3472 βίου
3464 3403 3668 3470 διαγω-

2088 3488 2189 3561 γὴν
2235 3491 2611 3562 ἐφευρέθησαν
2639 3509 2652 3523 ·
2691 3494 2869 3556 οἴκους
2905 3493 3065 3547 πάλιν
3114 3493 3331 3564 ἐτέρους
3365 3496 3484 3556 ταῖς
3505 3495 3668 3564 ἐργα-

2090 3581 2230 3646 σίαις
2255 3583 2608 3654 ἐπιτηδείους,
2641 3584 2783 3655 ἅπερ
2815 3588 2991 3639 πάντα
3016 3583 3094 3654 τῷ
3127 3585 3225 3655 μὲν
3253 3584 3402 3653 τόπῳ
3434 3584 3663 3654 κόσμος,

2086 3672 2236 3743 τῷδέ
2262 3674 2485 3746 ἄρχοντι
2512 3678 2545 3746 ή
2556 3675 2672 3746 μῶν
2702 3675 3103 3746 σεμνολόγημα,
3134 3677 3219 3729 ἐπ’
3249 3675 3410 3729 αὐτὸν
3444 3675 3547 3745 τῆς
3579 3676 3670 3730 εὐ-

2086 3767 2297 3836 φημίας
2337 3768 2682 3839 ἐπανιούσης.
2715 3769 2814 3831 Ὃς
2839 3785 2904 3836 γε
2932 3768 3051 3821 οὐδὲ
3094 3767 3283 3822 τούτου
3312 3768 3496 3821 ἕνεκεν
3523 3768 3668 3838 πρὸς

2085 3855 2184 3927 τὴν
2209 3858 2532 3911 ἐπιστασίαν
2562 3858 2717 3929 ἡμῶν
2754 3858 3093 3929 ἐξεϐιάσθης,
3122 3859 3197 3923 ὡς
3231 3859 3389 3929 μόνος
3413 3858 3664 3929 ἐξαρκῶν

2083 3944 2163 4016 τῷ
2214 3947 2433 4016 μεγέθει
2472 3950 2570 4020 τῆς
2624 3951 2849 4021 γνώμης
2895 3950 2965 4004 τά
3000 3967 3061 4004 τε
3102 3951 3513 4023 κατερῤυηκότα
3549 3951 3664 4006 τῶν

2084 4034 2261 4106 ἔργων
2303 4039 2413 4109 (67)
2456 4040 2766 4106 ἀναλαϐεῖν,
2820 4041 2918 4095 καὶ
2965 4041 3167 4095 οἰκίσαι
3214 4042 3312 4106 τὰς
3346 4044 3662 4115 ἀοικήτους,

2083 4130 2178 4183 καὶ
2209 4130 2346 4194 ὅλως
2369 4134 2449 4195 εἰς
2480 4132 2662 4197 πόλεις
2700 4133 2798 4196 τὰς
2834 4133 3067 4206 ἐρημίας
3096 4136 3521 4205 μετασκευάσαι.
3552 4135 3665 4190 Τὸν

2081 4216 2173 4275 οὖν
2236 4223 2317 4287 είς
2364 4224 2536 4278 ταῦτα
2587 4226 2948 4297 συνεργοῦντα
2985 4228 3228 4282 ἐλαύνειν
3272 4229 3367 4281 καὶ
3389 4228 3658 4298 ὑϐρίζειν,

2079 4313 2311 4388 ῆτιμᾷν
2355 4319 2449 4371 καὶ
2492 4319 2794 4390 περιέπειν,
2834 4320 3254 4391 ἀκολουθότερον
3297 4316 3393 4391 ipa;
3426 4322 3536 4374 Καὶ
3578 4321 3662 4393 μὴ

405 4398 591 4439 coram
629 4392 841 4440 rectore
868 4387 1240 4444 defensionem
1282 4392 1426 4448 dicta
1459 4397 1589 4450 sint.
1634 4397 1764 4463 Qua:
1797 4411 1974 4456 autem

2091 4387 2291 4480 οἰηθῇς,
2326 4402 2370 4462 ὦ
2396 4387 2605 4491 ἄριστε,
2659 4410 2813 4480 λόγον
2842 4412 3000 4484 μόνον
3037 4387 3177 4466 εἶναι
3210 4411 3278 4466 τὰ
3306 4387 3436 4484 παρ’
3459 4387 3659 4483 ήμῶτνί

404 4492 506 4548 par
532 4485 615 4532 est
639 4477 906 4534 adversus
929 4489 1313 4536 accusatorum
1342 4487 1617 4554 querelas,
1639 4498 1695 4542 ut
1717 4489 1979 4546 Christia-

404 4581 480 4621 no
504 4575 558 4621 et
589 4569 769 4622 amico
811 4570 1269 4627 existimationem
1323 4590 1498 4631 meam
1535 4593 1683 4634 cura!
1734 4581 1975 4646 habenti,

404 4657 761 4727 respondere,
792 4672 856 4713 ea
890 4675 1034 4713 nunc
1065 4676 1290 4718 necesse
1320 4672 1404 4719 est
1440 4670 1884 4735 praetermittere.
1920 4681 1979 4727 ut

403 4754 461 4803 et
488 4749 733 4820 epistolae
756 4750 918 4805 modo
948 4751 1217 4822 longiora,
1250 4766 1304 4810 et
1331 4756 1549 4815 aliunde
1581 4760 1843 4820 inanimis
1869 4766 1979 4835 epi-

625 4905 1245 4986 Ἐπιᾳῖρέψωμενυιιο
1273 4929 1406 4970 mss.
1444 4931 1659 4973 summo
1680 4934 1973 4978 consensu.

399 4972 990 5049 Editi_:é1tterpé¢opev.

473 5043 600 5117 (641
621 5043 991 5115 Οικὸνὸμῖας.
1052 5047 1179 5105 Haec
1241 5068 1347 5107 vox
1407 5054 1589 5110 addita
1644 5074 1709 5114 ex
1777 5078 1973 5117 novem

399 5111 534 5168 mss.
569 5111 739 5170 Paulo
776 5111 896 5197 post
932 5111 1092 5197 editi_
1116 5124 1553 5197 μεγαλοπρεπές
1588 5111 1722 5185 mss.

398 5199 692 5260 consensu
704 5187 1155 5260 μεγαλοπρεπῶς.

470 5254 604 5338 (θὸ)-
635 5254 1065 5338 Ἐξῃρημέᾖην.
1117 5261 1241 5318 Haec
1283 5263 1577 5336 scriptura,
1620 5271 1872 5338 quamvis
1915 5274 1970 5326 in

396 5320 802 5403 editisltautu’nm
828 5320 891 5382 εἷο
910 5320 1089 5403 tioisl.
1125 5347 1300 5400 primo
1329 5320 1604 5403 occurrat,
1626 5320 1869 5394 “videiqu
1889 5320 1968 5394 ta:

396 5408 522 5484 nilen
546 5394 594 5448 ei
626 5395 979 5484 p‘rmfcrenda.
1023 5394 1184 5484 quam
1220 5404 1419 5484 habent
1447 5408 1536 5460 alii
1575 5394 1706 5463 mss.
1745 5411 1967 5484 ἐξηρτης

398 5462 604 5550 μένην.
632 5462 799 5550 Paulo
837 5479 957 5550 post
986 5462 1118 5525 editi
1162 5473 1404 5541 ἐντάξαι,
1442 5492 1544 5547 pro
1584 5462 1697 5550 quo
1725 5462 1965 5538 εἰδῆτε.

394 5536 683 5599 posuimus
714 5536 770 5586 ἐν
801 5539 969 5602 τάξει.

468 5602 578 5682 (σιξ)
619 5605 1149 5682 μίτρα-πέμποντας.
1200 5611 1550 5677 Deductores.
1597 5617 1651 5672 id
1698 5630 1819 5682 est,
1874 5638 1969 5678 eos

394 5672 488 5739 qui
515 5672 731 5727 obviam
758 5672 927 5745 ibant,
959 5690 1011 5735 et
1034 5672 1299 5740 abeuntes
1333 5672 1970 5749 deducebautIVidcti—ir
2062 5672 2087 5723 ’Ῑ

2079 4499 2179 4571 ἤδη
2236 4501 2345 4572 γάρ
2382 4503 2549 4572 ἐσμεν
2591 4505 2649 4558 ὲν
2676 4503 2754 4575 τῷ
2784 4503 2952 4576 ἔργῳ,
2974 4505 3074 4568 τὰς
3101 4504 3231 4569 ὕλας
3261 4505 3396 4570 τέως
3437 4524 3661 4578 συμπο-

2082 4594 2373 4664 ριζὸμενοι.
2422 4596 2502 4649 Τά
2538 4597 2636 4668 μὲν
2674 4593 2766 4650 οὖν
2811 4598 2945 4669 πρὸς
2980 4599 3079 4667 τὴν
3109 4597 3205 4650 τοῦ
3231 4598 3491 4668 ἄρχοντος
3520 4601 3665 4653 ἀπο-

2078 4684 2264 4753 λογίαν
2313 4688 2555 4740 τοιαῠτα.
2607 4690 2672 4742 "A
2703 4689 2760 4742 δὲ
2811 4689 2893 4742 δεῖ
2930 4690 3067 4761 πρὸς
3097 4689 3194 4754 τὰς
3232 4690 3341 4743 τῶν
3368 4690 3662 4759 φιλαιτίων

2081 4773 2338 4843 μέμψεις,
2402 4776 2479 4839 ὡς
2538 4777 2851 4849 Χριστιανῷ
2914 4779 3005 4833 καὶ
3066 4777 3205 4850 φίλῳ
3268 4782 3662 4851 πεφροντικότι

2077 4927 2304 5004 honoris
2342 4947 2521 5004 causa
2550 4934 2900 5004 hocimunus
2952 4936 3169 4992 clericis
3206 4951 3349 5004 saepe
3394 4938 3664 4994 commis-

2078 5014 2199 5076 sum
2230 5002 2899 5076 i'iiisse.ANamrBasilius
2946 5007 2999 5059 in
3055 5008 3218 5076 epist.
3265 5002 3373 5061 243
3421 5015 3664 5062 testatur

2076 5070 2314 5147 _Arianos
2352 5074 2453 5128 sibi
2479 5075 2683 5147 _omuia
2729 5070 3104 5147 ecclesiastica
3156 5092 3338 5147 munia
3370 5092 3658 5147 arrogare,

2077 5139 2158 5214 in_
2191 5140 2405 5214 hisuut
2461 5142 2736 5199 deducant
2792 5146 3221 5214 proficiscentes.
3288 5142 3549 5214 Quen-itur
3598 5139 3664 5205 in

2075 5211 2235 5286 epist.
2276 5211 2560 5286 98,7quodr
2587 5230 2649 5270 se
2697 5211 2946 5271 Mel'etius
2974 5226 3028 5271 et
3056 5211 3394 5271 Theodotius
3416 5215 3662 5286 perfun-

2075 5281 2249 5358 ctorie
2282 5281 2654 5358 inritaverint.
2708 5301 2812 5358 nec
2854 5302 3183 5358 quemquam
3236 5281 3506 5358 miserint.
3560 5291 3662 5358 qui

2075 5350 2272 5427 iter_u_in
2302 5353 2621 5427 admoneret
2650 5362 2744 5427 aut
2765 5350 3077 5411 deduceret.
3099 5353 3255 5417 (Vide
3275 5350 3583 5427 Addenda.)

2081 5464 2118 5494 .__
2144 5421 2257 5493 (67)
2303 5422 2424 5494 Τῶν
2463 5424 2671 5494 ἔργων.
2724 5426 2799 5478 Ita
2853 5436 2966 5481 tres
3012 5429 3372 5481 vetustissimi
3407 5421 3658 5491 codices,

2072 5487 2250 5554 Βοιὼ,
2278 5492 2417 5548 Med.
2450 5487 2505 5548 ei
2531 5487 2699 5550 Coisl.
2740 5494 2971 5562 primus.
3009 5495 3115 5550 Sex
3144 5498 3234 5549 alii
3270 5512 3401 5552 mss.
3438 5513 3549 5552 nou
3580 5487 3659 5552 ita

2070 5564 2268 5640 vetusti
2322 5578 2422 5640 pro
2475 5565 2558 5640 his
2613 5567 2841 5640 vocibus
2895 5564 3222 5640 habentth
3255 5567 3451 5640 χρόνῳ.
3506 5567 3663 5624 Editi

2074 5638 2369 5705 utrumque
2399 5634 2601 5690 habent
2636 5634 2745 5689 τῶν
2778 5634 2955 5707 ἔργων
2984 5645 3038 5694 et
3067 5635 3145 5707 τῷ
3172 5634 3369 5708 χρόνῳ.
