3868 6218
145 291 247 347 489

1055 291 1540 349 EPISTOLARUM
1577 291 1869 349 CLASSIS
1899 291 1969 347 ll.
2011 242 2226 346 EPléT.
2283 290 2443 347 XCV.

3259 294 3374 349 490

137 415 304 486 ἡμῶν
334 415 436 485 τῆς
471 416 788 487 ὑπολήψεως
833 415 1247 488 ἀποκρίνασθαι,
1277 419 1570 487 ἀναγκαῖον
1615 415 1698 471 νῢι

1816 414 1973 471 stolis
2004 430 2115 470 non
2138 422 2256 470 tuto
2283 412 2689 469 committenda.
2725 412 2832 470 Sed
2865 429 2934 471 ne
2961 420 3088 468 ante
3118 428 3375 485 congres-

142 509 548 578 ἀποσιωπῆσαι,
600 508 674 573 ὡς
725 510 820 563 καὶ
870 509 1181 580 μακρότερα
1221 509 1316 563 τοῦ
1363 510 1559 581 μέτρου
1612 509 1710 579 τῆς

147 598 456 667 ἐπιστολῆς,
487 599 583 650 καὶ
611 599 782 663 ἄλλως
810 599 908 651 οὐκ
949 599 1166 669 ἀσφαλῆ
1208 600 1529 670 γράμμασιν
1573 599 1711 668 sed-

140 706 259 759 χοις
283 689 794 745 καταπιστεύεσθαι.
840 690 958 742 Ἵνα
984 690 1040 743 δὲ
1081 691 1155 761 μὴ
1200 690 1289 743 τὸν
1327 691 1432 761 πρὸ
1463 691 1561 761 τῆς
1587 708 1710 745 συν-

138 780 335 849 τυχίας
367 780 706 852 χρόνον,ταίς
731 780 999 844 διαϐολαῖς
1018 798 1179 833 τινων
1195 781 1475 850 ὑπαχθεὶς,
1498 781 1709 850 ὑφεῖναί

138 887 195 921 τι
219 872 319 940 τῆς
351 872 474 941 περὶ
517 872 663 941 ἡμᾶς
702 871 912 934 εὐνοίας
948 871 1317 941 ἀναγκασθῇς,
1349 871 1409 923 τὸ
1432 871 1525 924 τοῦ
1566 872 1713 924 Ἀλε-

141 961 368 1033 ξάνδρου
398 962 639 1025 ποίησον.
671 964 779 1016 Καὶ
808 962 916 1034 γὰρ
944 963 1149 1016 ἐκεῖνόν
1179 980 1333 1032 φασι,
1366 963 1716 1033 διαϐαλλομέ-

138 1070 235 1105 νου
268 1053 413 1116 τινος
435 1052 541 1105 τῶν
590 1053 852 1121 συνήθων,
892 1054 989 1125 τὴν
1047 1054 1142 1123 μὲν
1169 1054 1360 1122 ἑτέραν
1400 1053 1507 1106 τῶν
1537 1053 1715 1107 ἀκοῶν

138 1146 350 1199 ἀνεῖναι
399 1143 477 1214 τῷ
526 1144 897 1212 διαϐάλλοντι,
942 1147 1040 1217 τὴν
1100 1146 1155 1198 δὲ
1203 1146 1393 1216 ἑτέραν
1440 1146 1714 1215 ἐπιμελῶς

134 1237 548 1307 ἐπιφράξασθαι
580 1241 644 1309 τῇ
685 1239 862 1309 χειρί·
895 1239 1325 1308 ἐνδεικνύμενον,
1365 1239 1447 1291 ὅτι
1475 1239 1584 1291 δέοι
1619 1237 1711 1291 τὸν

134 1326 317 1397 ὀρθῶς
352 1326 555 1399 κρίνειν
617 1328 874 1398 μέλλοντα
910 1328 984 1398 μὴ
1012 1328 1130 1381 ὅλον
1166 1328 1326 1391 εὐθὺς
1354 1330 1466 1391 τοῖς
1501 1328 1709 1399 προλα-

131 1417 326 1471 ϐοῦσιν
388 1419 713 1487 ἀπάγεσθαι,
769 1420 904 1473 ἀλλά
933 1421 992 1472 τὸ
1029 1422 1196 1490 ἥμισυ
1252 1421 1349 1490 τῆς
1398 1422 1711 1493 ἀκροάσεως

133 1510 398 1582 ἀκέραιον
425 1511 707 1577 διασώζειν
737 1513 874 1585 πρὸς
913 1513 1209 1581 ἀπολογίαν
1240 1513 1315 1584 τῷ
1352 1513 1426 1584 μὴ
1461 1514 1705 1585 παρόντι.

671 1666 1013 1721 EIIIETOAH
1064 1669 1177 1735 ιε’.

1809 525 1905 566 sus
1925 510 2099 565 nostri
2123 517 2338 579 tempus
2362 507 2749 562 nonnullorum
2771 504 3060 562 calumniis
3089 505 3371 571 inductus,

1809 603 2011 672 aliquid
2033 602 2099 657 de
2123 611 2214 657 tua
2246 602 2300 655 in
2324 616 2409 656 me
2435 601 2809 657 benevolentia
2839 600 3118 656 remittere
3139 601 3375 670 cogaris,

1810 693 1899 749 fac
1944 694 2083 748 idem
2128 694 2275 762 quod
2317 693 2642 748 Alexander.
2698 692 2834 747 Nam
2878 703 2928 747 et
2979 692 3133 747 illum
3167 693 3372 756 ferunt,

1810 800 1936 838 cum
1984 785 2204 855 quidam
2247 799 2311 839 ex
2363 782 2723 838 familiaribus
2769 782 3044 838 calumnia
3092 790 3378 853 appetere-

1816 885 1923 942 tur,
1954 877 2165 931 aurium
2196 875 2414 945 quidem
2448 868 3006 930 alteram‘accusatori
3036 874 3372 945 praebuisse,

1811 970 2038 1022 alteram
2069 984 2197 1025 vero
2227 969 2516 1040 diligenter
2555 986 2719 1025 manu
2762 972 3060 1028 occlusisse
3100 992 3115 1028 :
3147 971 3377 1027 demon-

1809 1068 2109 1125 strantem,
2160 1069 2412 1131 Oportere
2441 1068 2501 1116 ut
2547 1063 2639 1131 qui
2690 1070 2836 1119 recte
2878 1063 3228 1133 judicaturus
3253 1071 3373 1126 est,

1805 1167 1916 1207 non
1938 1160 2086 1208 totus
2112 1154 2295 1208 statim
2322 1168 2351 1207 a
2376 1156 2887 1226 prmoccupantibus
2918 1157 3240 1221 abducatur,
3279 1157 3376 1211 sed

1806 1246 2090 1301 dimidium
2125 1247 2343 1302 auditus
2385 1248 2657 1317 integrum
2692 1249 2757 1305 ad
2788 1248 3159 1304 defensionem
3192 1255 3374 1304 servet

1816 1336 2029 1391 absenti
3380 1354 3383 1357 ·

2258 1668 2420 1738 139
2454 1666 2785 1723 EPISTOLA
2837 1667 3016 1725 xcvz

135 1777 422 1849 (agitatae
447 1780 636 1849 Heleno
648 1785 698 1849 _et
722 1778 966 1849 Theodoto
994 1779 1207 1831 Basilius
1234 1781 1300 1829 ad
1325 1779 1463 1849 client
1487 1780 1678 1849 festum,
1703 1779 1863 1831 medio
1885 1792 2047 1849 mense
2069 1777 2218 1849 lunia
2249 1780 2967 1849 celebrandum,scripserat_ad
2995 1782 3248 1849 Eusebium
3283 1799 3371 1849 per

200 1841 584 1901 Theophrastum
603 1840 875 1901 diaconum.
902 1844 1003 1901 Quo
1021 1849 1210 1891 mortuo
1234 1848 1340 1893 ante

197 1900 416 1965 Basilius
444 1901 711 1965 ljlusmthio,
730 1908 781 1951 ut
815 1900 917 1951 cito
942 1904 1270 1965 perferrentur
1296 1918 1324 1951 (ι

1421 1840 1569 1907 (tatas
1593 1842 1811 1907 litteras,
1831 1855 1939 1891 cum
1966 1841 2274 1907 diestanum
2308 1840 2847 1907 trigintasuperesscut,
2878 1845 3060 1896 litteras
3091 1844 3202 1897 iilas
3236 1840 3373 1907 rniisit

1401 1903 1669 1975 Eusebium.
1699 1900 1922 1975 vertat-at
1956 1900 2170 1975 Basilius
2192 1917 2243 1953 se
2266 1904 2330 1951 ad
2355 1900 2478 1975 lianc
2504 1900 2658 1975 locum
2680 1912 2729 1975 et
2746 1900 2876 1974 diem
2911 1914 3175 1967 vetuurum,
3199 1906 3242 1959 si
3269 1908 3373 1975 ipse

192 1962 341 2015 etiam
364 1961 520 2013 vernat
540 1961 802 2014 Eusebius:
825 1961 960 2013 secus
988 1961 1117 2024 vero,
1140 1977 1437 2029 nequaquam
1457 1965 1656 2026 iturum,
1680 1966 1764 2016 sed
1787 1963 1946 2029 potius
1968 1962 2297 2026 profecturum
2318 1965 2382 2013 ad
2406 1963 2562 2029 ipsum
2588 1965 2859 2017 Eusebium.

384 2072 672 2136 Εὑσεϐίῳ,
717 2073 1028 2138 ἐπισκόπῳ
1072 2075 1452 2143 Σαμοσάτων.

204 2183 385 2237 Πάλαι
435 2185 743 2247 ἐπιστείλας
774 2187 839 2255 τῇ
899 2186 1175 2258 θεοσεϐείᾳ
1209 2204 1300 2239 σου
1339 2187 1511 2241 ἄλλων
1538 2186 1596 2240 τέ
1620 2204 1700 2241 τι-

127 2294 240 2329 νων
280 2276 609 2338 ἓνεκεν,καὶ
642 2276 733 2330 τοῦ
786 2280 1067 2347 συντυχεῖν
1118 2280 1265 2348 ἡμᾶς
1312 2278 1580 2349 ἀλλήλοις,
1622 2279 1702 2331 δι-

128 2373 384 2441 ήμαρτον
428 2370 525 2440 τῆς
550 2369 780 2434 ἐλπίδος,
813 2372 911 2423 οὐκ
942 2371 1289 2440 ἀιλικομένων
1314 2371 1417 2424 τῶν
1443 2370 1703 2442 γραμμά-

123 2480 239 2515 ⁸των
272 2464 352 2525 είς
381 2462 478 2525 τὰς
513 2466 701 2533 χεῖρας
744 2464 841 2533 τῆς
884 2465 981 2534 σῆς
1028 2465 1355 2535 τιμιότητος,
1390 2464 1482 2516 τοῦ
1526 2481 1703 2534 μακα-

126 2554 252 2623 ρίου
293 2553 539 2607 διακόνου
578 2554 921 2623 Θεοφράστου
957 2553 1247 2625 δεξαμένου
1280 2555 1377 2624 μὲν
1422 2554 1491 2607 τὰ
1524 2554 1702 2625 γράμ-

129 2662 283 2716 ματα
321 2645 479 2714 ἡμῶν
511 2642 604 2695 ἐπί
650 2660 772 2695 τινα
829 2642 1130 2714 περιοδείαν
1163 2642 1471 2711 ἀναγκαίως
1502 2644 1703 2715 ἀποδη-

124 2735 383 2807 μούντων
409 2734 542 2805 (68),
594 2735 667 2805 μὴ
727 2734 1174 2805 διαπεμψαμένου
1224 2733 1280 2787 δέ
1313 2736 1378 2805 τῇ
1427 2734 1703 2806 θεοσεϐείᾳ

126 2845 250 2891 σου,
279 2827 360 2897 τῷ
411 2827 927 2898 προκαταληφθῆναι
964 2828 1031 2897 τῇ
1075 2825 1355 2897 ἀρρωστίᾳ.
1378 2827 1465 2894 ὑφ’
1488 2820 1556 2897 ἦς
1587 2827 1703 2880 ἐτε-

121 2920 415 2990 λεύτησεν.
453 2918 616 2971 Ὅθεν
649 2918 897 2971 τοσοῦτον
946 2917 1168 2989 ὕστερος
1197 2914 1357 2989 ἦλθον
1389 2916 1482 2970 τοῦ
1512 2919 1701 2988 καιροῦ

123 3009 269 3083 πρὸς
300 3011 361 3063 τὸ
411 3011 661 3082 γράφειν,
719 3009 857 3062 ὥστε
906 3009 1040 3080 μηδὲ
1065 3008 1255 3077 ὄφελός
1287 3027 1339 3062 τι
1370 3009 1608 3074 ἐλπίζειν
1639 3011 1702 3064 ἐκ

120 3104 227 3174 τῆς
251 3102 541 3173 ἐπιστολῆς
593 3101 808 3155 ἔσεσθαι
844 3100 1066 3172 ταύτης,
1098 3104 1178 3163 εἰς
1205 3102 1387 3154 στενὸν
1424 3101 1703 3164 παντελῶς

124 3190 620 3254 κατακλεισθέντος
672 3190 767 3243 τοῦ
819 3190 1030 3261 χρόνου.
1099 3191 1156 3243 Ὀ
1194 3193 1300 3261 γάρ
1346 3208 1425 3243 τοι
1471 3189 1703 3259 θεοφιλέ-

124 3300 326 3346 στατος
352 3283 644 3346 ἐπίσκοπος
696 3283 956 3347 λὶελέτιος
998 3284 1092 3337 καὶ
1138 3283 1390 3347 Θεόδοτος
1434 3280 1702 3347 ἐπέταξαν

120 3379 256 3446 ἡμῖν
282 3375 420 3446 πρὸς
442 3375 635 3437 αὐτοὺς
654 3375 918 3445 διαϐῆναι,
953 3377 1172 3445 ἀγάπης
1199 3392 1257 3427 τε
1295 3375 1582 3445 ἐπίδειγμα
1600 3374 1697 3445 τὴν

123 3469 420 3536 συντυχίαν
464 3464 801 3535 ποιούμενοι,
854 3467 945 3520 καί
983 3483 1103 3520 τινα
1142 3465 1237 3518 καὶ
1274 3464 1553 3535 διόρθωσιν
1583 3464 1691 3535 (69)

121 3562 380 3629 γενέσθαι
404 3561 510 3613 τῶν
540 3560 634 3613 νῦν
691 3558 1156 3632 παραλυπούντων
1188 3555 1520 3626 βουλόμενοι.
1560 3556 1693 3609 Ἀπ-

122 3654 333 3720 ἐδειξάν
384 3670 442 3705 τε
490 3655 621 3723 ἡμῖν
645 3652 835 3723 χρόνον
869 3651 965 3721 μὲν
1003 3650 1101 3718 τῆς
1142 3647 1427 3717 συντυχίας
1461 3646 1530 3699 τὰ
1557 3647 1697 3716 μέσα

119 3746 216 3799 τοῦ
282 3746 599 3816 προσιόντος
658 3744 825 3815 μηνὸς
888 3741 1316 3807 Ἰουνίου,τόπον
1362 3741 1417 3793 δὲ
1481 3742 1696 3811 Φαργα-

122 3837 261 3906 μοῢν
299 3836 413 3905 (70)
452 3836 514 3889 τὸ
556 3835 773 3906 χωρίον,
817 3835 1086 3904 ἐπίσημον
1133 3832 1422 3903 μαρτύρων
1466 3846 1697 3901 περιφα-

120 3929 239 3999 νείᾳ
292 3928 403 3998 (71)
458 3928 553 3980 καὶ
590 3924 1012 3996 πολυανθρωπίᾳ
1050 3922 1268 3977 συνόδου
1286 3923 1383 3993 τῆς
1412 3922 1554 3975 κατὰ
1577 3921 1695 3984 ἔτος

119 4020 355 4073 ἕκαστον
398 4019 527 4090 παρ’
563 4020 745 4081 αὐτοῖς
776 4016 1129 4087 τελουμένης.
1181 4016 1328 4069 Ἐπεὶ
1374 4013 1429 4066 δὲ
1461 4012 1566 4065 ἔδει
1601 4030 1692 4082 με,

121 4110 263 4178 μετὰ.
321 4110 423 4178 τὴν
485 4108 744 4161 ἐπάνοδον
818 4105 1057 4177 μαθόντα
1128 4103 1225 4174 τὴν
1293 4104 1548 4173 κοίμησιν
1597 4100 1692 4154 τοῦ

121 4200 399 4270 μακαρίου
451 4199 716 4258 διακόνου,
748 4198 841 4251 καὶ
886 4199 986 4261 τὰς
1018 4196 1303 4259 ἐπιστολὰς
1349 4195 1524 4265 ἀργὰς
1563 4195 1695 4265 παρ’

118 4293 253 4361 ἡμῖν
279 4289 559 4361 κειμένας,
582 4290 656 4360 μὴ
677 4290 966 4359 ήσυχάσαι,
997 4288 1084 4342 διὰ
1112 4288 1170 4341 τὸ
1196 4288 1274 4342 ἔτι
1312 4288 1521 4359 ἡμέρας
1560 4291 1693 4358 ἡμῖν

117 4383 419 4451 τριάκοντα
470 4381 565 4434 καὶ
611 4383 759 4451 τρεῖς
814 4380 905 4432 ἐπὶ
961 4380 1058 4444 τὴν
1117 4380 1452 4450 προθεσμίαν
1496 4378 1693 4432 ὑπολε-

118 4471 357 4540 λεῖφθαι,
380 4471 677 4524 ἀπέστειλα
720 4471 860 4523 κατὰ
909 4469 1140 4540 σπουδὴν
1181 4470 1260 4540 τῷ
1286 4470 1694 4541 αἰδεσιμωτάτῳ

118 4566 339 4637 ἀδελφῷ
373 4563 657 4634 Εὐσταθίῳ
684 4562 763 4632 τῷ
808 4561 1202 4631 συλλειτουργῷ
1235 4561 1389 4631 ἡμῶν
1420 4561 1487 4614 τὰ
1517 4562 1696 4630 γράμ-

120 4672 265 4727 ματα
310 4655 505 4715 ταῦτα,
529 4654 668 4708 ὥστε
715 4654 781 4707 δι’
817 4652 979 4706 αὑτοῦ
1010 4652 1475 4723 παραπεμφθῆναί
1499 4669 1592 4705 σου
1626 4655 1689 4723 τῇ

2110 2073 2355 2137 Eusebia,
2384 2073 2621 2142 episcopo
2651 2072 3072 2130 Samosatorum.

1872 2186 2009 2243 Cum
2059 2187 2263 2242 dudum
2316 2186 2660 2257 scripsissem
2709 2187 2896 2256 pietati
2939 2196 3046 2241 tuae
3092 2194 3206 2242 tum
3244 2188 3371 2244 aliis

1802 2278 1870 2333 de
1892 2279 2089 2344 rebus,
2122 2288 2235 2333 tum
2266 2287 2327 2333 ut
2359 2279 2413 2332 in
2446 2294 2614 2333 unum
2649 2279 2993 2344 veniremus,
3028 2295 3123 2351 spe
3168 2280 3371 2344 excidi,

1803 2385 1911 2425 non
1944 2370 2169 2439 perlatis
2200 2370 2255 2424 in
2287 2385 2481 2425 manus
2519 2370 2801 2441 dignitatis
2844 2379 2950 2425 tuae
2982 2371 3202 2438 litteris,
3233 2386 3373 2442 quas

1803 2464 1995 2519 beatus
2060 2464 2327 2517 diaconus
2382 2462 2789 2533 Theophrastus
2849 2462 3058 2532 accepit
3116 2463 3370 2532 quidem,

1803 2553 1931 2608 dum
1965 2554 2275 2609 necessario
2322 2553 2390 2607 ad
2433 2553 2719 2607 circuitum
2754 2553 3041 2623 quemdam
3081 2554 3372 2610 conficien-

1804 2642 1935 2696 dum
1964 2643 2399 2714 peregrinantur,
2429 2642 2525 2697 sed
2546 2643 2768 2698 minime
2797 2644 3103 2700 transmisnt
3126 2645 3193 2699 ad
3221 2655 3370 2700 tuam

1802 2734 2082 2804 pietatem,
2109 2750 2174 2790 eo
2212 2736 2355 2805 quod
2392 2736 2543 2788 illum
2590 2735 2846 2800 morbus,
2885 2752 2952 2791 ex
2985 2752 3092 2805 quo
3120 2746 3370 2793 mortuus

1803 2833 1908 2890 est,
1948 2827 2317 2880 anteverterit.
2352 2823 2504 2880 Unde
2548 2835 2655 2879 tam
2701 2840 2823 2881 sero
2852 2828 2974 2881 veni
3014 2827 3080 2882 ad
3125 2828 3371 2884 scriben-

1804 2916 2043 2984 dum,ut
2076 2918 2149 2973 ob
2196 2933 2439 2973 summas
2489 2919 2753 2987 temporis
2802 2920 3082 2989 angustias
3114 2920 3248 2976 nihil
3297 2922 3371 2978 sit

1803 3011 2057 3065 utilitatis
2086 3027 2152 3066 ex
2185 3011 2272 3067 his
2298 3012 2495 3066 litteris
2520 3010 2967 3081 exspectandum.
2989 3011 3123 3066 Nam
3156 3014 3370 3085 religio-

1805 3100 2059 3155 sissimus
2104 3102 2393 3172 episcopus
2449 3100 2696 3156 Meletius
2757 3108 2811 3156 et
2865 3100 3179 3158 Theodotus
3234 3104 3368 3158 mihi

1802 3206 2107 3260 praecepere
2147 3202 2203 3245 ut
2235 3193 2302 3245 ad
2346 3191 2493 3262 ipsos
2523 3192 2876 3262 proficiscar;
2909 3199 3024 3246 tum
3058 3193 3126 3247 ad
3165 3197 3370 3251 amoris

1804 3281 2258 3351 significationem
2305 3297 2659 3355 congressum
2692 3281 3015 3352 offerentes,
3057 3291 3169 3339 tum
3205 3285 3368 3342 etiam

1802 3373 2236 3429 emendationem
2254 3375 2487 3445 aliquam
2506 3391 2717 3437 eorum,
2747 3391 2866 3446 qua:
2889 3391 3036 3431 nunc
3059 3377 3365 3432 molestiam

1806 3464 2057 3529 all‘eruut,
2083 3466 2198 3522 fieri
2224 3469 2488 3523 volentes.
2512 3467 2828 3523 lndixerunt
2857 3476 3036 3523 autem
3056 3469 3212 3524 nobis
3242 3476 3370 3525 tem-

1800 3573 1902 3628 pus
1934 3560 2152 3629 quidem
2184 3560 2564 3623 conveniendi,
2597 3560 2833 3615 medium
2870 3575 3110 3616 mensem
3140 3559 3362 3615 Junium

1799 3652 2044 3723 proxime
2066 3661 2384 3723 sequentem
2407 3653 2611 3707 :locum
2635 3668 2761 3708 vero
2781 3651 3162 3723 Phargamum,
3183 3652 3363 3707 locum

1797 3742 2062 3812 insignem
2112 3749 2411 3813 martyrum
2457 3741 2779 3811 splendore,
2810 3756 2874 3796 ac
2917 3740 3364 3812 frequentissimo

1798 3840 2066 3887 conventu
2118 3833 2347 3903 singulis
2392 3835 2552 3888 annis
2599 3833 2668 3886 ab
2707 3833 2842 3903 ipsis
2892 3834 3186 3889 celebrato.
3226 3834 3364 3890 Cum

1798 3932 1979 3978 autem
2024 3924 2187 3987 mihi,
2234 3930 2524 3994 postquam
2573 3924 2751 3978 reditu
2790 3940 2909 3980 meo
2938 3924 3108 3980 didici
3144 3927 3363 3982 beatum

1798 4013 2087 4067 diaconum
2144 4013 2383 4077 ohiisse,
2440 4019 2495 4067 et
2554 4013 2763 4069 litteras
2819 4014 2965 4084 apud
3021 4030 3107 4070 me
3159 4015 3365 4072 inertes

1792 4102 2015 4174 jacere,
2062 4102 2344 4158 otiandum
2396 4118 2505 4157 non
2552 4112 2731 4168 esset,
2767 4119 2833 4159 eo
2862 4104 3005 4175 quod
3046 4104 3224 4161 adhuc
3266 4109 3365 4163 tri-

1797 4194 1945 4265 ginta
1976 4203 2087 4250 tres
2134 4195 2250 4249 dies
2282 4196 2438 4249 nobis
2482 4195 2549 4249 ad
2589 4195 2734 4250 diem
2772 4197 3128 4252 constitutum
3168 4214 3362 4270 super-

1797 4287 1947 4353 sint;
1992 4289 2116 4343 misi
2166 4289 2417 4342 eeleriter
2465 4288 2531 4342 ad
2581 4289 3096 4345 reverendissimum
3138 4291 3360 4347 fratrem

1795 4378 2136 4435 Eustathium
2184 4380 2619 4434 comministrum
2665 4388 2915 4435 nostrum
2967 4382 3066 4437 has
3117 4382 3358 4446 litteras,

1796 4478 1855 4523 ut
1887 4470 2059 4539 ipsius
2089 4484 2249 4539 opera
2277 4470 2719 4525 transmittuntur
2750 4470 2815 4524 ad
2848 4481 2992 4523 tuam
3017 4473 3359 4541 gravitatem,

1796 4576 1858 4613 ac
1890 4562 1999 4613 cito
2033 4575 2225 4614 rursus
2256 4575 2513 4630 responsa
2543 4560 2609 4614 ad
2645 4577 2746 4615 nos
2778 4559 3104 4614 referantur.
3142 4560 3359 4615 Etenim

1796 4649 1839 4704 si
1874 4650 1985 4704 fieri
2024 4658 2233 4719 potest,
2270 4657 2362 4703 aut
2401 4652 2601 4720 alioqui
2632 4651 2889 4720 placitum
2924 4652 3056 4716 tibi,
3090 4661 3147 4703 ut
3178 4666 3242 4706 eo
3269 4666 3360 4705 ve-

118 4750 413 4820 σεμνότητι
456 4748 590 4819 (7'2),
634 4747 727 4799 καλ⁴
770 4745 928 4799 πάλιν
978 4747 1034 4797 ἐν
1071 4744 1221 4813 τάχει
1260 4744 1687 4814 ἀνακομισθῆναι

1804 4741 1935 4802 nias,
1970 4755 2071 4795 nos
2097 4756 2314 4811 quoque
2346 4742 2665 4805 veniemus;
2700 4742 2785 4795 sin
2821 4741 3025 4804 minus,
3056 4755 3159 4796 nos
3186 4747 3356 4808 certe,

115 4844 251 4912 ἡμῖν
288 4842 390 4904 τὰς
444 4839 778 4909 ἀποκρίσεις.
808 4838 869 4890 Ei
918 4836 1014 4905 μὲν
1038 4835 1144 4907 γὰρ
1171 4835 1416 4897 δυνατὸν,
1448 4836 1480 4905 ἢ
1512 4835 1684 4898 ἄλλως

114 4934 352 5002 ἀρέσκον
385 4946 490 4991 σοι,
520 4926 939 4997 παραγενέσθαι,
972 4926 1065 4978 καὶ
1108 4925 1261 4977 αὐτοὶ
1301 4925 1679 4994 παρεσόμεθα’

114 5025 165 5074 εἰ
206 5022 263 5075 δὲ
319 5021 417 5090 μὴ,
450 5019 604 5072 αὑταὶ
648 5021 764 5089 μὲν,
797 5017 862 5071 ἂν
894 5020 923 5070 ὁ
956 5016 1088 5079 Θεὸς
1119 5016 1266 5084 θέλῃ,
1300 5016 1360 5067 τὸ
1397 5016 1683 5084 περυσινὸν

114 5113 453 5181 ἁποτίσομεν
491 5109 648 5180 χρέος
680 5111 779 5180 τῆς
806 5107 1130 5178 συντυχίας*
1181 5106 1275 5159 ἐὰν
1312 5108 1385 5177 μή
1426 5123 1476 5159 τι
1520 5106 1681 5160 πάλιν

1794 4830 1904 4884 Deo
1936 4834 2186 4890 volente.
2234 4849 2564 4902 congressus
2603 4833 2843 4888 debitum
2881 4834 2948 4886 ab
2994 4848 3135 4887 anno
3164 4840 3359 4902 praete-

1792 4926 1895 4978 rito
1919 4932 2261 4979 contractum
2306 4927 2716 4993 persolvemus;
2750 4925 2857 4979 nisi
2890 4939 3083 4979 rursus
3124 4922 3356 4992 impedi-

1792 5024 2033 5069 mentum
2058 5016 2273 5085 aliquod
2294 5017 2452 5069 nohis
2472 5017 2730 5070 acciderit
2753 5016 2821 5070 ob
2835 5022 3078 5085 peccata:
3095 5028 3356 5085 congres~

1790 5121 1908 5160 sum
1940 5122 2066 5161 vero
2090 5122 2212 5161 cum
2239 5109 2509 5178 episcopis
2534 5108 2586 5161 in
2611 5108 2753 5161 aliud
2783 5115 2994 5177 tempus
3015 5106 3350 5162 diﬂ'eremus.

115 5205 441 5274 ἐπιγένηται
458 5203 589 5272 ἡμῖν
612 5200 673 5265 ἐξ
695 5196 978 5271 ἁμαρτιῶν
1004 5199 1251 5269 κώλυμα,
1278 5201 1377 5268 τὴν
1409 5198 1465 5251 δὲ
1497 5198 1605 5252 τῶν
1639 5200 1953 5253 ἐπισκόπων
1986 5199 2221 5264 ἔντευξιν
2250 5202 2328 5261 εἰς
2352 5200 2534 5270 ἕτερον
2563 5199 2751 5270 χρόνον
2776 5197 3212 5269 ὑπερθησόμεθα.

183 5361 300 5444 (βυ)
352 5355 1108 5444 Ἀᾕοδημοένξωνςῐξαμεθχ
1137 5370 1271 5409 mss.
1311 5352 1453 5406 Editi
1483 5351 1683 5423 ἀποδη-

119 5424 368 5502 μοῦντος.
402 5424 603 5502 Ibidem
636 5427 783 5502 llarl.
814 5424 1075 5502 περίοδον.

183 5501 302 5566 (69)
328 5492 455 5555 ’Καὶ
497 5497 829 5566 διόρθωσιν.
865 5492 1190 5566 Conjunetio
1225 5492 1539 5566 iaddita_ex
1587 5505 1679 5566 sex

116 5561 254 5626 mss.
280 5570 440 5636 Quod
476 5561 655 5623 autem
698 5566 772 5619 ait
801 5561 1036 5619 Basilius
1061 5563 1331 5618 Meletium
1358 5572 1411 5618 et
1434 5561 1682 5616 Theodo-

117 5651 232 5696 tum
276 5637 716 5695 emendationem
765 5650 1167 5703 coruum/quat
1224 5636 1452 5689 molesta
1501 5638 1680 5695 erant,

113 5709 494 5780 exoptasse.id
518 5706 707 5761 referri
729 5703 886 5761 debet
908 5704 973 5758 ad
999 5702 1533 5775 Eustathium,eujus
1553 5716 1680 5757 cum

393 5802 667 5864 Ριτιιοι..
702 5798 818 5860 (in.
851 5800 1118 5861 XXXII.

1784 5351 1984 5406 Basilio
2011 5352 2322 5405 communio
2353 5352 2578 5405 laedebat
2610 5350 2969 5406 Theodotum.

1854 5424 1966 5489 (70)
2005 5422 2376 5492 Φαργαμοῦν·
2416 5422 2582 5492 βοίει-
2620 5422 2827 5489 primus
2856 5420 3209 5492 Φαρμαγοῧνο

2000 5490 2493 5567 ρεριφᾳνείᾳ.-Ιιει
2529 5507 2661 5546 mss.
2698 5490 2993 5567 sex._l';diti
3033 5492 3351 5567 ἐπιφανείᾳ.

2003 5562 2345 5636 Σεέέκᾷτῃιτι.
2387 5560 2463 5636 Ita
2492 5568 2615 5615 octo
2646 5561 2953 5636 mss_._[£dlti
2986 5560 3279 5636 τιμιότητι.

1851 5637 1868 5656 ⁸
1902 5631 2050 5687 Alias
2079 5630 2301 5696 CCXLI,
2339 5632 2539 5702 scripta
2574 5646 2717 5687 anno
2744 5632 2867 5686 572.

3040 5790 3115 5848 16
