3868 6218
516 301 610 356 L9!

1012 498 1343 557 EPISTOLA
1383 497 1587 554 XCVI‘.

1844 297 1902 353 S.
1942 295 2178 354 BASlLll
2215 292 2423 352 MAGNI

3643 290 3754 351 492

2712 493 3060 548 ΕΠΙΣΤΟΛΗ
3095 485 3226 562 κεῖν’.

527 638 826 689 Demonstrat
849 636 1060 689 Basilius
1080 645 1308 703 quantum
1343 635 1522 703 amicta
1553 632 2119 703 _Cappadocia_danmnm
2141 630 2329 703 fecerit,
2355 631 2524 703 .a‘bl‘ato
2553 628 2600 700 ei
2635 627 3042 703 priestantissirno
3060 627 3271 703 prasidi;
3298 629 3500 693 (Helia).
3529 629 3676 695 Rogat
3697 635 3755 678 ut

1160 699 1295 748 illum
1323 691 1934 759 Sopltronius'c'ommendet
1957 691 2264 758 Imperatori,
2287 701 2331 745 et
2349 693 2508 743 illatas
2528 692 2574 744 ei
2593 691 2948 742 criminationes
2971 691 3143 740 diluat.

1004 821 1298 892 Sophronia
1328 823 1602 892 magistro.

597 954 796 1024 Ecquis
829 955 900 1008 ita
933 954 1204 1008 civitatem
1229 969 1383 1009 suam
1405 953 1658 1024 diligens,
1686 969 1748 1007 ac
1779 956 2026 1024 patriam,
2056 969 2086 1006 a

530 1063 632 1117 qua
662 1047 844 1102 editus
871 1046 926 1099 in
956 1046 1128 1100 lucem
1154 1053 1207 1100 et
1241 1046 1480 1100 nutritus
1525 1061 1679 1115 asque
1730 1061 1792 1099 ac
1829 1052 2085 1114 parentes

528 1141 804 1193 houorans
826 1177 839 1198 ,
879 1137 954 1190 uti
985 1146 1042 1190 tu
1073 1137 1188 1206 ipse
1211 1175 1226 1200 ,
1264 1137 1354 1206 qui
1386 1145 1438 1190 et
1469 1137 1590 1190 urbi
1631 1137 1897 1191 universa:
1923 1152 2086 1206 gene—

527 1229 688 1284 ratim
726 1237 777 1282 et
806 1228 1004 1297 cuique
1037 1226 1312 1294 sigillatim
1346 1227 1485 1280 bona
1523 1228 1765 1296 precaris
1787 1267 1802 1291 ,
1836 1242 1936 1281 nec
1967 1241 2089 1296 pre-

529 1319 672 1373 caris
704 1319 901 1378 solum,
933 1318 1026 1371 sed
1055 1326 1176 1369 vota
1215 1317 1375 1370 etiam
1404 1333 1498 1386 per
1529 1326 1580 1370 te
1617 1319 1732 1386 ipse
1762 1317 2090 1371 conﬁrmas?

529 1407 654 1462 Haec
681 1407 824 1461 enim
852 1414 1007 1475 potes
1033 1444 1047 1468 ,
1085 1404 1194 1458 Deo
1225 1407 1387 1460 dante
1413 1447 1427 1469 ,
1481 1416 1641 1476 atque
1674 1408 1878 1460 utinam
1912 1408 2088 1477 possis

529 1515 692 1570 quam
723 1498 1050 1558 diutissime.
1084 1497 1154 1549 ita
1187 1497 1452 1566 benignus
1482 1513 1542 1551 ac
1577 1499 1836 1552 clemens.
1869 1498 1976 1552 Sed
2009 1507 2091 1551 tae

530 1607 674 1651 men,
713 1591 812 1642 hac
847 1597 898 1642 te
926 1595 1192 1656 potestate
1223 1589 1470 1657 praedito,
1503 1590 1675 1657 patria
1712 1598 1898 1643 nostra
1933 1590 2090 1660 190

530 1697 626 1751 per
647 1680 914 1735 somnium
934 1679 1100 1732 ditata
1117 1688 1218 1742 est,
1245 1679 1360 1732 viro
1380 1681 1594 1748 quidem
1622 1683 1933 1745 commissa,
1956 1699 2090 1750 qua-

529 1771 634 1826 lem
663 1785 774 1824 non
817 1770 980 1823 alium
1011 1771 1202 1825 dicunt
1225 1809 1238 1834 ,
1265 1770 1358 1840 qui
1411 1786 1498 1824 res
1531 1779 1745 1825 nostras
1776 1773 2090 1841 antiquissi-

528 1877 647 1915 mas
680 1862 885 1923 sciunt,
941 1861 994 1914 in
1045 1860 1276 1915 rectoris
1305 1860 1485 1914 sedem
1531 1861 1950 1926 conscendisse;
1994 1861 2088 1916 sed

531 1954 642 2007 cito
690 1969 755 2008 eo
798 1954 1008 2023 privata
1057 1951 1403 2020 improbitate
1451 1952 1871 2015 nonnullorum,
1900 1953 1991 2022 qui
2023 1968 2089 2008 ex

529 2046 676 2100 illius
709 2046 878 2100 libero
911 2052 964 2100 et
1004 2045 1192 2098 nescio
1229 2044 1618 2098 asscntationis
1669 2047 1852 2098 animo
1900 2059 2088 2099 ansam

2632 814 2948 883 Σωφρονίῳ
2985 813 3308 882 μαγίστρῳ.

2253 951 2361 1003 Καὶ
2409 950 2494 1014 τίς
2539 950 2679 1002 οὕτω
2717 949 3011 1017 φιλόπολις,
3061 948 3118 1010 ὃς
3157 947 3256 1018 τὴν
3301 946 3624 1012 ὲνεγκοῦσαν
3662 966 3760 1002 και

2186 1041 2530 1112 θρεψαμένην
2576 1040 2807 1111 πατρίδα
2857 1041 2947 1093 ἴσα
2990 1039 3205 1108 γονεῦσι
3243 1039 3439 1108 τιμῶν,
3477 1040 3552 1103 ὡς
3595 1041 3762 1104 αὐτὸς

2187 1135 2273 1193 σὺ,
2302 1135 2450 1203 κοινῇ
2477 1150 2536 1185 τε
2559 1133 2707 1201 πάσῃ
2735 1135 2797 1202 τῇ
2829 1131 2978 1184 πόλει
3011 1133 3101 1184 καὶ
3132 1132 3234 1200 ἰδία
3255 1132 3469 1201 ἑκάστῳ
3488 1132 3554 1184 τὰ
3576 1133 3760 1200 ἀγαθά

2188 1224 2594 1294 συνευχόμενος,
2639 1223 2731 1276 καὶ
2785 1223 2882 1276 οὐκ
2928 1223 3218 1292 εὐχόμενος
3267 1223 3444 1292 μόνον,
3479 1223 3613 1276 ἀλλα
3661 1226 3762 1277 καὶ

2189 1313 2415 1383 βεϐαιῶν
2467 1315 2562 1377 τὰς
2605 1314 2766 1384 εὐχὰς
2813 1314 2899 1366 διὰ
2933 1314 3160 1376 σαυτοῦ;
3217 1314 3449 1367 Δύνασαι
3494 1315 3600 1384 γάρ
3652 1332 3762 1367 που

2189 1408 2284 1458 σὺν
2323 1405 2438 1475 Θεῷ
2484 1407 2550 1458 τὰ
2589 1405 2830 1466 τοιαῦτα,
2871 1407 2963 1458 καὶ
3009 1405 3191 1458 δύναιό
3225 1423 3285 1472 γε
3329 1406 3420 1457 ἐπὶ
3471 1408 3761 1476 μήκιστον,

2187 1496 2326 1548 οὔτω
2357 1495 2584 1566 χρηστὸς
2608 1494 2699 1547 ὧν.
2739 1496 2873 1548 Ἀλλ’
2905 1498 3052 1565 ὅμως
3089 1496 3178 1546 ἐπὶ
3206 1495 3298 1547 σοῦ
3333 1495 3463 1566 ὄναρ
3489 1497 3763 1566 ἐπλούτη-

2190 1604 2280 1639 σεν
2319 1589 2351 1656 η
2391 1587 2586 1656 πατρὶς
2619 1587 2794 1657 ἡμῶν,
2819 1588 2983 1658 ἄνδρα
3031 1587 3127 1656 μὲν
3167 1586 3360 1656 ἔχουσα
3386 1587 3474 1638 τὸν
3500 1587 3598 1656 τὴν
3631 1591 3760 1640 ἐπι-

2192 1677 2406 1748 μέλειαν
2443 1679 2608 1747 αὐτῆς
2647 1679 3034 1748 ὲπιτραπέντα,
3075 1672 3184 1730 οἷον
3216 1677 3275 1730 οῦ
3305 1695 3464 1746 φασιν
3506 1679 3662 1732 ἄλλον
3706 1681 3762 1731 οἱ

2188 1767 2256 1820 τὰ
2284 1767 2612 1821 παλαιότατα
2651 1768 2758 1820 τῶν
2791 1769 2920 1836 παρ’
2949 1771 3080 1838 ἡμῖν
3130 1769 3481 1838 ἐπιστάμενοι
3529 1770 3620 1821 ἐπὶ
3650 1769 3772 1823 τῶν

2188 1856 2428 1926 ἀρχικῶν
2464 1856 2572 1924 (75)
2619 1855 2822 1926 θρόνων
2867 1857 3132 1926 πρότερον
3179 1857 3476 1926 ἀναϐῆναι*
3521 1857 3772 1928 ἐπηρείᾳ.

2187 1943 2243 1996 δέ
2288 1961 2446 1997 τινων
2481 1942 2832 2014 ἀφαιρεθεῖσα
2875 1945 3104 2013 ταχέως,
3154 1945 3203 1996 οἳ
3235 1945 3298 1997 τὸ
3336 1943 3616 2015 ἐλεύθερον
3662 1944 3770 1997 τοῦ

2189 2031 2378 2102 ἀνδρὸς
2433 2033 2526 2085 καὶ
2577 2031 2888 2086 ἁθὼπευτον
2942 2033 3035 2084 τοῦ
3100 2034 3233 2104 πρὸς
3298 2034 3459 2087 αὐτὸν
3516 2035 3773 2104 πολέμου

529 2138 652 2192 belli
682 2138 728 2192 ei
763 2137 1030 2192 inferendi
1077 2139 1457 2207 arripuerunt,
1491 2145 1546 2192 et
1583 2139 1887 2192 calumnias
1921 2139 1968 2191 ei
2009 2139 2090 2191 in-

2197 2123 2439 2193 ἀφορμὴν
2467 2124 2806 2193 ἐποιήσαντο,
2833 2125 2924 2175 καὶ
2963 2123 3209 2188 διαϐολὰς
3249 2125 3392 2194 αὐτῷ
3426 2125 3774 2179 κατεσκεύα-

528 2237 866 2292 struxerunt,
893 2229 1031 2282 clam
1067 2239 1172 2282 tuae
1200 2230 1525 2298 praestantiae
1570 2229 1816 2282 auribus.
1845 2231 2092 2298 Quapro-

531 2331 655 2390 pter
694 2335 884 2374 omnes
912 2321 1163 2374 universe
1197 2322 1476 2390 lugemus,
1507 2330 1718 2374 rectore
1749 2320 1957 2382 ablato,
1997 2319 2090 2389 qui

531 2413 680 2466 solus
711 2422 919 2482 poterat
942 2413 1050 2480 jam
1081 2413 1133 2465 in
1169 2427 1344 2481 genua
1380 2413 1717 2480 provolutam
1770 2412 1956 2464 urbem
1996 2427 2093 2464 no-

532 2516 702 2559 stram
732 2507 910 2558 denuo
940 2505 1169 2571 erigere,
1197 2505 1337 2572 a‘qui
1373 2505 1591 2558 sincero
1621 2503 1868 2568 custode,
1894 2503 2092 2556 allabili

533 2595 786 2664 injuriam
807 2595 1158 2664 patientibus,
1182 2595 1410 2648 terribili
1431 2593 1894 2665 delinquentibus,
1914 2610 2092 2664 acqua-

531 2687 625 2739 bili
649 2694 701 2739 et
721 2685 908 2739 eodem
935 2685 1266 2754 pauperibus
1289 2693 1342 2738 et
1365 2685 1644 2746 divitibus,
1673 2692 1726 2737 et
1751 2684 1892 2752 quod
1919 2685 2092 2738 maxi-

532 2789 680 2828 mum
723 2782 838 2838 est,
875 2789 961 2829 res
999 2773 1434 2827 Christianorum
1473 2773 1536 2827 ad
1587 2774 1872 2842 antiquum
1918 2774 2087 2829 decus

532 2870 844 2918 revocante.
880 2862 1034 2928 Quod
1066 2864 1209 2917 enim
1255 2879 1284 2916 a
1318 2865 1634 2917 muneribus
1677 2865 1918 2917 omnium
1953 2880 2092 2932 quos

534 2953 738 3006 scimus
770 2951 1046 3005 hominum
1080 2952 1310 3005 maxime
1341 2953 1654 3014 abhorruit,
1696 2964 1794 3005 nec
1835 2953 2089 3021 cuiquam

535 3052 728 3112 praeter
771 3043 862 3112 jus
910 3043 1241 3112 gratilicatus
1289 3049 1390 3107 est,
1437 3043 1486 3096 id
1539 3051 1594 3096 ut
1641 3044 1838 3098 exilius
1882 3044 2092 3098 caeteris

537 3137 680 3190 illius
715 3135 1005 3189 virtutibus
1036 3135 1521 3205 praetermittimus.
1556 3135 1678 3189 Haec
1717 3135 1936 3205 quidem
1969 3152 2092 3191 sero

535 3227 918 3291 testiﬁcamur,
944 3227 1306 3297 nosmetipsos
1346 3243 1496 3281 more
1526 3243 1736 3290 eorum,
1768 3229 1859 3297 qui
1889 3229 2093 3284 naenias

535 3319 830 3380 cantitant,
863 3319 1227 3380 consolantes,
1264 3317 1394 3370 nihil
1421 3318 1584 3370 rebus
1609 3317 1794 3370 auxilii
1831 3321 2086 3371 lercntes.

539 3409 645 3464 Sed
675 3419 858 3464 tamen
901 3425 1003 3464 nec
1051 3410 1180 3463 illud
1230 3409 1455 3472 inutile,
1505 3417 1558 3462 ut
1608 3409 1708 3461 viri
1744 3411 2000 3464 memoria
2037 3411 2091 3463 in

2193 2229 2310 2275 σαν,
2354 2212 2601 2274 λαθόντες
2637 2211 2735 2274 τὰς
2775 2214 2942 2276 ἀκοὰς
2984 2214 3080 2282 τῆς
3125 2213 3222 2282 σῆς
3274 2213 3625 2284 τελειότητος.
3666 2217 3775 2267 Διὸ

2192 2303 2456 2373 πανδημεὶ
2490 2303 2685 2366 πάντες
2736 2302 3217 2374 σκυθρωπάζομεν,
3260 2303 3627 2372 ζημιωθέντες
3659 2305 3778 2376 ἄρ-

2189 2413 2368 2464 χοντα,
2417 2395 2574 2464 μόνον
2614 2395 2906 2463 δυνάμενον
2941 2396 3020 2457 εἰς
3053 2395 3180 2460 γόνυ
3215 2393 3486 2445 κλιθείσαν
3516 2395 3617 2463 ἤδη
3657 2396 3776 2466 τὴν

2190 2487 2339 2538 πόλιν
2377 2485 2530 2555 ἡμῶν
2565 2486 2864 2555 άνορθῶσαι
2889 2524 2903 2546 ,
2957 2485 3129 2555 ἀληθῆ
3159 2484 3267 2554 (74)
3303 2484 3514 2553 φύλακα
3549 2484 3644 2537 τοῦ
3678 2485 3773 2538 ὀι-

2189 2580 2363 2642 καίου,
2413 2579 2728 2649 εὐπρόσιτον
2772 2581 2881 2642 τοῖς
2922 2579 3309 2648 ἀδικουμένοις,
3366 2578 3590 2646 φοϐερὸν
3643 2582 3777 2641 τοῖς

2190 2671 2612 2740 παρανομοῦσιν,
2647 2669 2758 2722 ἴσον
2799 2671 2891 2722 καὶ
2931 2671 3126 2740 πένησι
3171 2671 3264 2722 καὶ
3318 2670 3609 2733 πλουσίοις,
3662 2674 3777 2726 καὶ

2186 2763 2246 2815 τὸ
2295 2763 2563 2831 μέγιστον,
2612 2761 2680 2814 τά
2727 2761 2834 2814 τῶν
2891 2761 3225 2832 Χριστιανῶν
3274 2762 3569 2831 πράγματα
3619 2760 3774 2830 πρὸς

2188 2852 2283 2922 τὴν
2321 2851 2550 2921 ἀρχαίαν
2595 2852 2929 2919 ἐπανάγοντα
2974 2852 3154 2921 τιμήν.
3211 2850 3283 2902 Τὸ
3322 2851 3449 2920 γάρ,
3489 2851 3569 2902 ὅτι
3618 2851 3777 2903 ἀδω-

2193 2943 2410 3012 ρότατος
2455 2935 2529 2994 ὧν
2579 2943 2734 3012 ἴσμεν
2780 2941 3099 3008 ἀνθρώπων,
3132 2941 3224 2993 καὶ
3263 2941 3434 2993 οὐδενὶ
3467 2941 3579 3010 (75)
3608 2941 3776 3010 παρὰ

2189 3035 2249 3087 τὸ
2291 3035 2494 3086 δίκαιον
2525 3033 2896 3104 χαριζόμενος,
2946 3033 3017 3096 ὡς
3069 3032 3364 3103 μικρότερα
3407 3031 3504 3099 τῆς
3561 3031 3776 3100 λοιπῆς

2192 3125 2390 3194 ἀρετῆς
2418 3124 2509 3177 τοῦ
2534 3125 2725 3194 ἀνδρὸς
2755 3123 3144 3192 παρελίπομεν.
3177 3122 3358 3174 Ταῦτα
3398 3121 3492 3189 ὀψὲ
3527 3121 3626 3191 μὲν
3665 3122 3777 3173 τοῦ

2191 3216 2382 3287 καιροῦ
2437 3214 2845 3285 μαρτυροῦμεν,
2896 3213 3083 3282 ὥσπερ
3126 3213 3174 3262 οἱ
3224 3211 3583 3281 μονιρδοῦντες
3633 3211 3781 3262 ἐαυ-

2191 3309 2314 3372 τοὺς
2359 3307 2468 3375 (76)
2513 3304 3028 3376 παραμυθούμενοι,
3073 3303 3193 3370 οὑχὶ
3231 3305 3339 3363 τοῖς
3375 3300 3667 3370 πράγμασε
3723 3319 3783 3353 τι

2193 3395 2471 3457 ποιοῦντες
2505 3396 2798 3464 χρήσιμον·
2851 3391 2988 3462 πλὴν
3033 3391 3150 3442 οὐδὲ
3187 3389 3342 3442 τοῦτο
3387 3389 3688 3458 ἄχρηστον,
3722 3393 3785 3441 ἐν

537 3515 733 3570 magno
761 3509 855 3554 tuo
885 3507 1102 3570 pectore
1148 3500 1474 3555 recondatur
1499 3538 1513 3561 ,
1556 3499 1714 3568 eique
1761 3507 1818 3552 ut
1860 3501 1996 3553 bene
2027 3499 2092 3554 de

2197 3490 2254 3558 τῇ
2290 3487 2493 3556 μεγάλῃ
2538 3503 2628 3537 σου
2671 3485 2815 3554 ψυχῇ
2858 3483 2952 3554 τὴν
2999 3484 3218 3553 μνήμην
3261 3481 3352 3533 τοῦ
3389 3481 3580 3550 ἀνδρὸς
3630 3482 3788 3534 ἀπο-

538 3595 710 3663 patria
735 3593 926 3647 merito
956 3593 1181 3662 gratiam
1211 3593 1446 3656 habeas;
1487 3606 1550 3644 ac
1577 3592 1621 3645 si
1647 3592 1769 3658 quis
1795 3608 1856 3645 ex
1883 3592 1969 3656 iis,
2001 3593 2093 3660 qui

537 3701 598 3740 se
640 3684 866 3753 justitia:
915 3683 1254 3753 posthabitos
1306 3681 1475 3737 fuisse
1519 3683 1742 3736 moleste
1785 3682 2000 3745 ferunt,
2040 3682 2095 3734 i.i

539 3777 711 3846 ipsum
735 3776 1111 3836 insurrexerit,
1131 3776 1334 3830 tuearis
1359 3791 1421 3828 ac
1443 3773 1720 3836 defendas,
1739 3776 2096 3842 oninibusque

536 3876 719 3936 aperte
754 3869 1096 3921 demonstres
1140 3882 1262 3921 eum
1314 3883 1340 3919 a
1378 3876 1429 3920 te
1472 3867 1613 3920 inter
1657 3867 1995 3920 necessarios
2039 3881 2097 3917 a-

539 3958 704 4012 scribi
739 3976 752 4012 :
782 3958 914 4012 satis
935 3972 1114 4012 causae
1134 3973 1255 4012 esse
1279 3966 1478 4028 putans
1504 3956 1567 4009 ad
1616 3955 2095 4020 neceSsitudincm,

538 4057 650 4101 tum
693 4049 894 4102 bonum
925 4049 994 4103 de
1032 4064 1097 4102 eo
1129 4049 1522 4110 testimonium,
1556 4054 1670 4099 tum
1704 4047 1875 4116 ipsam
1917 4062 2097 4101 rerum

539 4140 954 4208 experientiam,
981 4155 1100 4208 quae
1123 4139 1351 4210 tempori
1377 4139 1597 4192 minime
1626 4139 1937 4206 respondet.
1963 4136 2096 4190 Nam

537 4246 659 4299 quae
687 4245 755 4283 ne
776 4231 958 4285 multis
984 4229 1200 4299 quidem
1231 4230 1387 4284 annis
1410 4229 1476 4282 ab
1499 4229 1606 4282 alio
1638 4228 1788 4292 ﬁant,
1813 4229 1927 4281 haec
1947 4227 2100 4281 brevi

542 4331 784 4392 tempore
815 4322 883 4375 ab
909 4337 975 4375 eo
1007 4320 1265 4391 perfecta.
1295 4319 1466 4374 Porro
1490 4322 1623 4375 satis
1654 4335 1909 4390 magnum
1943 4319 2100 4373 nobis

543 4411 860 4466 beneﬁcium
881 4450 896 4466 .
925 4426 988 4463 ac
1033 4425 1220 4463 eorum
1249 4426 1368 4479 qua:
1394 4411 1708 4465 acciderunt
1757 4411 2016 4472 solamen,
2055 4408 2099 4463 si

543 4517 596 4558 et
631 4505 781 4558 illum
813 4504 1160 4557 commendes
1191 4504 1522 4574 imperatori,
1553 4513 1606 4559 et
1637 4505 1816 4558 illatas
1839 4503 1888 4557 ei
1915 4503 2100 4556 crimi-

542 4598 795 4652 nationes
829 4597 1028 4651 diluas.
1075 4595 1197 4650 Haec
1244 4597 1340 4650 tibi
1382 4597 1690 4652 universam
1719 4596 1969 4650 existima
2004 4609 2101 4664 pa-

542 4691 699 4742 triam
733 4704 840 4742 una
868 4703 1000 4742 voce
1022 4702 1138 4742 mea
1158 4688 1449 4751 disserere,
1470 4703 1533 4741 ac
1555 4702 1840 4740 commune
1859 4685 2100 4738 omnium

541 4787 725 4832 votum
762 4794 922 4840 esse,
967 4786 1026 4831 ut
1066 4779 1390 4846 praestantiae
1424 4786 1529 4832 tute
1575 4794 1677 4848 ope
1724 4775 1927 4847 aliquid
1977 4776 2102 4829 huic

543 4869 659 4924 viro
690 4884 948 4941 prospere
978 4883 1040 4922 ac
1076 4868 1305 4922 feliciter
1331 4869 1508 4925 cedat.

612 5133 822 5200 ‘_Alias
851 5130 1195 5193 CCCXXX",
1245 5132 1444 5200 scripta
1475 5145 1618 5184 anno
1651 5129 1775 5182 572.

614 5196 724 5273 (73)
761 5203 890 5257 Ἐπὶ
916 5202 1033 5255 τῶν
1050 5201 1326 5270 ἀρχικῶν.
1355 5194 1429 5254 ita
1462 5201 1901 5273 Coislauterque,
1928 5194 2102 5273 Harl.,

546 5264 677 5340 Reg.
707 5264 982 5328 secundus
1009 5281 1062 5327 et
1084 5264 1260 5342 Bigot.
1287 5274 1445 5342 alter.
1469 5269 1729 5342 Editiérrl
1761 5270 1852 5322 τὸν
1879 5264 2105 5338 ἀρχικὸν

545 5343 948 5415 θρόνονεήὸοᾱη
981 5340 1172 5415 ὴμῙιι8’
1204 5341 1487 5409 scripturae
1547 5340 1800 5415 videntur
1829 5347 2105 5415 auctores

1609 5408 1879 5478 rrepositio
1923 5408 2105 5478 minus

1599 5474 1698 5532 θηί
1712 5488 1890 5532 tamen
1915 5474 2106 5532 simili-

548 5410 718 5466 fuisse
744 5411 972 5476 librarii,
1002 5413 1128 5465 dum
1179 5419 1427 5465 metuunt
1467 5424 1536 5464 ne

549 5489 695 5536 recte
718 5497 843 5536 cum
885 5482 1120 5552 genitivo
1142 5482 1524 5551 conjungatur.

2195 3579 2423 3635 κεῖσθαι.
2451 3580 2605 3650 χάριν
2639 3595 2698 3630 τε
2731 3577 2926 3630 ειδέναι
2962 3576 3036 3637 ὡς
3075 3574 3336 3644 εὐεργέτῃ
3379 3573 3475 3642 τῆς
3506 3575 3787 3638 ἐνεγκού-

2197 3686 2322 3740 σης”
2351 3671 2443 3722 καὶ
2479 3670 2633 3731 εἴτις
2677 3667 2958 3736 ἐπιφύοιτο
2992 3664 3137 3734 αὐτῷ
3178 3664 3285 3716 τῶν
3316 3662 3402 3715 διά
3433 3663 3492 3714 τὺ
3519 3662 3594 3732 μὴ
3630 3681 3791 3733 προ·

2194 3761 2489 3832 τιμηθῆναι
2530 3761 2622 3814 τοῦ
2671 3760 2876 3813 δικαίου
2927 3756 3376 3828 χαλεπαινόντων,
3425 3755 3792 3823 ὑπερμαχεῖν

2197 3853 2289 3905 καὶ
2326 3852 2700 3924 προΐστασθαι,
2736 3852 2868 3903 πᾶσι
2911 3851 3210 3918 ποιήσαντα
3255 3847 3503 3917 φανερὸν,
3552 3845 3637 3896 ὅτι
3699 3848 3793 3898 ol-

2198 3945 2340 3994 κεῖον
2373 3941 2580 4010 σεαυτῷ
2607 3941 2697 3992 τὸν
2732 3939 2898 4010 ἄνδρα
2927 3939 3152 3999 τίθεσαι,
3200 3936 3471 4006 ἀρκοῦσαν
3508 3934 3796 4006 ἀφορμὴν

2199 4035 2276 4097 εἰς
2302 4033 2598 4104 οἰκειότητα
2634 4034 2732 4104 τὴν
2763 4031 2972 4102 ἀγαθὴν
3006 4030 3133 4100 περὶ
3166 4028 3327 4082 αὐτοῦ
3360 4025 3675 4098 μαρτυρίαν
3707 4046 3800 4080 τι-

2200 4123 2438 4194 θέμενος,
2470 4125 2562 4178 καὶ
2603 4123 2700 4194 τὴν
2743 4123 2850 4176 τῶν
2894 4120 3231 4192 πραγμάτων
3275 4121 3485 4188 πεῖραν,
3515 4118 3578 4169 οὐ
3628 4119 3803 4171 κατὰ

2198 4213 2294 4284 τὴν
2327 4214 2432 4268 τῶν
2462 4216 2665 4284 χρόνων
2701 4213 2991 4281 ἀναλογίαν
3035 4211 3402 4282 ὑπάρχουσαν.
3431 4209 3495 4259 "A
3521 4209 3630 4278 γάρ
3673 4209 3802 4264 οὐδ’

2199 4304 2264 4357 ἂν
2307 4305 2364 4356 ὲν
2402 4305 2614 4368 πολλοῖς
2653 4305 2796 4357 ἔτεσι
2845 4304 2974 4375 παρ’
3008 4303 3166 4358 ἄλλου
3216 4302 3441 4370 γένοιτο,
3489 4299 3679 4352 ταῦτα
3740 4305 3808 4356 ὲν

2200 4393 2362 4464 ὀλίγῳ
2393 4395 2520 4465 παρ’
2544 4394 2706 4448 αὐτοῦ
2740 4394 3114 4466 κατώρθωται.
3152 4389 3418 4462 Ἀρκοῦσα
3451 4389 3494 4440 δ’
3518 4390 3664 4458 ἡμῖν
3694 4394 3808 4460 χά-

2204 4502 2306 4554 ρις,
2339 4485 2429 4537 καὶ
2457 4487 2562 4537 τῶν
2593 4485 2910 4554 συμϐάντων
2939 4483 3278 4557 παραμυθία,
3306 4481 3400 4533 ἐὰν
3443 4480 3534 4532 καὶ
3566 4479 3812 4547 βασιλεῖ

2205 4578 2472 4649 συστήσῃς
2515 4579 2693 4641 αὐτὸν,
2722 4577 2939 4639 καὶτὰς
2981 4574 3364 4644 ἐπενεχθείσας
3408 4569 3558 4638 αὑτῷ
3595 4571 3812 4625 65:160-

2202 4665 2298 4730 λὰς
2323 4669 2689 4740 ἁποσκευάσῃ.
2729 4668 2912 4722 Ταῦτά
2949 4685 3028 4720 σοι
3075 4669 3256 4719 πᾶσαν
3282 4664 3392 4716 οἴου
3417 4662 3514 4732 τὴν
3541 4665 3813 4734 πατρίδα

2203 4757 2291 4810 διὰ
2327 4761 2456 4828 μιᾶς
2485 4761 2580 4830 τῆς
2603 4762 2874 4831 ἡμετέρας
2903 4760 3085 4829 φωνῆς
3128 4754 3487 4824 διαλέγεσθαι,
3533 4753 3637 4806 καὶ
3685 4773 3815 4807 κοι-

2135 4827 2177 4881 D
2206 4851 2302 4921 νην
2336 4847 2474 4905 εἶναι
2516 4852 2729 4906 πάντων
2768 4852 2951 4920 εὐχὴν,
2990 4847 3238 4918 γενέσθαι
3288 4863 3339 4897 τι
3382 4844 3458 4913 τῷ
3491 4844 3659 4914 ἀνδρὶ
3712 4847 3816 4898 διὰ

2205 4947 2304 5017 τῆς
2333 4944 2433 5014 σῆς
2461 4943 2792 5014 τελειότητος
2823 4941 3014 5006 δεξιόν.

2202 5133 2283 5177 ter
2314 5137 2435 5176 cum
2468 5120 2702 5190 genitivo
2727 5117 3010 5190 coniungit
3041 5112 3682 5190 Basi_liusjn_e_pist._38.

2276 5193 2388 5262 (74)
2440 5183 2679 5262 bimari.
2723 5183 3022 5262 Sic_’Harl.,
3056 5185 3220 5249 Med.,
3269 5183 3712 5262 C_oisl.gpt_‘_imus
3755 5195 3820 5242 et

2204 5250 2441 5316 Clarum.
2469 5250 2610 5314 Ε(ίὶὶί
2643 5250 2866 5326 ἀκριϐῆ,
2899 5250 3144 5309 accurato
3181 5253 3317 5326 (qui
3345 5250 3584 5304 custodi.

2277 5331 2387 5400 (75)
2430 5329 2679 5400 Oboerl.
2705 5323 2860 5400 Multi
2898 5326 3114 5380 codices
3142 5323 3313 5400 οὐδενί

2277 5332 2366 5400 (75
2430 5332 2662 5384 Οὐδενί.
2705 5332 2860 5381 Multi
2898 5332 3114 5380 codices
3142 5332 3313 5376 οὐδέν.

2275 5332 2387 5472 (7θῖ
2436 5399 2740 5463 Ἐαυτούς.
2782 5395 2858 5451 Ita
2888 5403 3092 5466 septem
3122 5408 3255 5448 mss.
3292 5390 3434 5446 Editi
3466 5390 3727 5457 ἑαυτοῖς.
