3868 6218
155 290 264 346 493

700 427 1045 481 summa
1083 430 1190 494 μιν.

1059 284 1544 346 EPISTOLARUM
1580 283 1868 344 CLASSIS
1907 281 1974 340 Il.
2014 282 2234 341 EPIST.
2275 282 2484 339 XCVII.

3289 277 3394 332 494

2306 416 2640 474 EPISTOLA
2674 416 2901 474 XCVII'.

157 535 406 587 inmium
429 537 564 600 pacis
584 539 797 590 studium
821 539 1037 591 declarat
1062 538 1275 591 Basilius
1299 537 1348 589 in
1369 533 2072 662 vehementiillltctrdvglsgnsione,
2099 548 2208 598 qua:
2229 533 2274 586 ei
2294 547 2403 584 cum
2425 532 2646 584 Antlu'mo
2676 534 2734 584 ob
2773 532 3096 599 Cappadocia:
3113 532 3394 588 diuisionem

639 681 722 750 Τῇ
745 681 951 750 βουλῇ
990 682 1244 736 Τυάνων.

245 771 302 824 '0
332 771 722 825 ἀνακαλύπτων
757 773 940 842 βαθέα,
968 775 1060 826 καὶ
1089 773 1338 844 φανερῶν
1370 773 1565 843 βουλὰς
1594 789 1728 842 καρ-

159 859 308 922 διῶν,
362 861 564 931 Κύριος
618 861 784 914 ἔδωκε
848 863 942 916 καὶ
1013 865 1124 926 τοῖς
1181 865 1454 924 ταπεινοῖς
1518 861 1730 913 σύνεσιν

160 951 273 1002 τῶν
310 951 716 1022 δυσθεωρήτων,
765 951 839 1014 ὥς
877 969 1019 1015 τινες
1062 953 1280 1017 οἴονται,
1323 952 1725 1022 τεχνασμὰτων.

163 1041 331 1094 Οὐδὲν
362 1039 454 1094 οὖν
491 1043 636 1111 ἡμᾶς
682 1042 888 1105 ἔλαθεν,
927 1042 1048 1095 οὔτε
1091 1041 1198 1094 τῶν
1233 1042 1630 1114 πεπραγμένων
1678 1058 1729 1094 τι

163 1132 543 1202 κεκρυμμένον
569 1151 581 1162 θ
609 1133 724 1185 ἀλλ’
765 1135 912 1203 ὅμως
967 1135 1125 1203 ἡμεῖς
1163 1131 1284 1185 οὔτε
1328 1132 1570 1203 ὁρῶμεν,
1609 1130 1731 1184 οὔτε

162 1222 434 1292 ἀκούομεν
458 1221 582 1274 ἄλλο
609 1239 658 1274 τι
679 1221 710 1290 ἢ
732 1221 827 1292 τὴν
859 1223 1076 1293 εἰρήνην
1094 1222 1184 1275 τοῦ
1205 1220 1338 1274 Θεοῦ
1361 1223 1453 1274 καὶ
1479 1221 1577 1272 ὅσα
1597 1221 1729 1289 (77),

163 1311 305 1383 πρδς
346 1311 510 1382 αὐτὴν
555 1313 728 1382 φέρει.
764 1314 824 1365 Ei
860 1314 966 1384 γὰρ
1013 1315 1104 1366 καὶ
1148 1313 1322 1384 ἕτεροι
1361 1313 1599 1375 δυνατοὶ,
1643 1312 1734 1364 καὶ

166 1403 414 1471 μεγάλοι,
441 1404 533 1456 καὶ
567 1406 776 1466 ἑαυτοῖς
821 1404 1156 1467 πεποιθότες,
1205 1404 1316 1456 ἀλλ’
1355 1405 1514 1474 ἡμεῖς
1550 1405 1597 1455 οἱ
1627 1420 1734 1474 μη·-

161 1494 274 1555 δὲν,
292 1493 497 1545 καὶτοῦ
529 1494 749 1563 μηδενὸς
774 1493 929 1558 ἄξιοι·
954 1494 1092 1546 ὥστε
1125 1495 1224 1547 οὐκ
1252 1495 1315 1547 ἄν
1357 1511 1485 1546 ποτε
1508 1492 1618 1564 (78)
1645 1510 1735 1545 το-

165 1585 357 1638 σοῦτον
391 1587 600 1649 ἑαυτοῖς
625 1586 900 1657 λάϐοιμεν,
936 1587 1011 1649 ώς
1033 1589 1088 1639 έν
1111 1589 1176 1657 τῇ
1211 1586 1439 1657 μονώσει
1480 1585 1736 1639 δύνασθαι

161 1677 384 1747 νομίσαι
422 1678 765 1749 περιέσεσθαι
820 1678 928 1731 τῶν
974 1679 1311 1749 πραγμάτων
1335 1693 1348 1708 ⁵
1383 1677 1625 1748 ἀκριϐῶς
1662 1680 1738 1730 εί-

159 1767 334 1829 δᾶτες,
376 1767 456 1820 ὅτι
494 1768 652 1820 πλέον
683 1771 842 1840 ἡμεῖς
872 1769 972 1838 τῆς
1018 1767 1135 1832 ἑνὸς
1169 1769 1400 1821 ἑκάστου
1442 1770 1548 1822 τῶν
1586 1769 1738 1822 ἀδελ-

163 1857 284 1926 φῶν
310 1860 624 1929 ἐπικουρίας
653 1859 880 1930 δεόμεθα
922 1861 954 1930 ἢ
992 1862 1114 1914 ὅσον
1142 1863 1175 1932 ἡ
1212 1863 1372 1933 ἑτέρα
1407 1862 1512 1916 τῶν
1541 1861 1738 1932 χειρῶν

162 1947 268 2016 τῆς
310 1949 518 2017 ἑτέρας.
559 1950 711 2003 Ἐπεὶ
752 1951 845 2002 καὶ
877 1950 937 2015 ἑξ
984 1952 1153 2022 αὐτῆς
1201 1953 1298 2022 τῆς
1351 1953 1444 2006 τοῦ
1490 1952 1739 2023 σώματος

1754 689 1804 742 Α

2319 675 2540 730 Senatut'
2582 676 2904 746 Tyanorum.

1899 769 2002 836 Qui
2029 769 2238 824 occulta
2274 770 2494 832 revelat,
2530 776 2584 822 et
2614 767 2860 822 cordium
2884 768 3108 823 consilia
3141 769 3193 822 in
3223 769 3396 824 lucem

1831 859 2071 928 profert,
2110 857 2371 912 Dominus
2425 858 2654 926 largitus
2688 865 2772 911 est
2815 859 3015 912 vilibus
3059 869 3112 912 et
3163 860 3392 926 abjectis

1833 951 2240 1020 intelligentiam
2288 949 2585 1004 diﬂicilium
2635 948 2699 1002 ad
2737 949 3251 1020 deprehendendum
3282 988 3298 1013 ,
3334 960 3395 1004 ut

1832 1043 2079 1098 nonnulli
2114 1048 2326 1111 putant,
2358 1041 2848 1095 machinationum.
2883 1040 3025 1094 Nihil
3052 1041 3217 1110 igitur
3243 1043 3402 1098 latuit

1832 1149 1966 1197 nos,
2013 1147 2113 1187 nec
2145 1133 2442 1202 quidquam
2474 1147 2662 1186 eorum
2697 1147 2817 1201 quae
2851 1131 2992 1186 facta
3026 1141 3182 1196 sunt,
3215 1135 3402 1187 occul-

1836 1231 1948 1277 tum
1981 1221 2098 1276 fuit.
2129 1221 2381 1275 Attamen
2413 1234 2513 1276 nos
2538 1237 2716 1290 neque
2741 1221 3014 1286 videmus,
3041 1238 3217 1292 neque
3248 1223 3403 1277 audi-

1836 1328 1958 1368 mus
1982 1313 2278 1382 quidquam
2311 1311 2480 1376 aliud,
2515 1327 2678 1381 quam
2711 1312 2803 1367 Dei
2852 1329 3062 1382 pacem,
3093 1323 3147 1368 et
3181 1331 3302 1385 quae
3334 1316 3402 1369 ad

1835 1418 1953 1458 eam
1979 1403 2177 1457 ferunt.
2209 1402 2343 1456 Nam
2373 1403 2478 1458 etsi
2503 1403 2592 1456 alii
2625 1412 2873 1472 potentes
2903 1411 3064 1469 sunt,
3102 1413 3156 1458 et
3186 1406 3401 1475 magni,

1839 1502 1892 1546 et
1915 1493 2014 1547 sibi
2035 1493 2167 1562 ipsis
2201 1492 2449 1557 ﬁdentes,
2489 1499 2671 1547 tamen
2700 1509 2804 1548 nos
2833 1495 2966 1549 nihil
2991 1511 3181 1550 sumus
3204 1506 3256 1550 et
3283 1497 3404 1550 nul-

1837 1581 1943 1635 lius
1969 1583 2158 1650 pretii;
2181 1597 2348 1650 quare
2375 1598 2654 1652 nunquam
2681 1591 2889 1637 tantum
2921 1586 3078 1641 nobis
3101 1600 3400 1649 sumemus,

1843 1679 1898 1724 τι
1923 1671 1976 1725 in
2009 1673 2306 1726 solitudine
2350 1673 2634 1728 videamur
2676 1674 2834 1730 nobis
2881 1675 3095 1744 negotia
3135 1676 3406 1731 conficere

1839 1777 2038 1831 posse:
2094 1764 2294 1834 quippe
2351 1779 2474 1818 cum
2533 1765 2701 1833 probe
2754 1767 3025 1830 sciamus,
3082 1769 3256 1837 magis
3304 1781 3405 1822 nos

1842 1854 2270 1924 uniuscujusque
2296 1855 2448 1925 191
2476 1855 2700 1910 fratrum
2726 1857 2929 1911 auxilio
2955 1858 3215 1929 indigere,
3241 1875 3406 1928 quam

1842 1959 2061 1996 manum
2094 1946 2317 2000 alteram
2352 1946 2578 2001 alterius
2614 1962 2742 2016 ope:
2780 1947 3049 2024 siquidem
3093 1957 3146 2003 et
3190 1965 3257 2003 ex
3291 1950 3407 2018 ipsa

158 2035 327 2107 ἡμῶν
370 2039 710 2108 κατασκευῆς
765 2039 824 2090 τὸ
877 2040 1170 2106 ἀναγκαῖον
1215 2041 1314 2110 τῆς
1373 2041 1656 2102 κοινωνίας
1707 2043 1735 2094 ὁ

1856 2036 2080 2104 :orporis
2119 2038 2292 2090 nostri
2332 2038 2721 2092 constitutione
2774 2041 3086 2093 societatem
3150 2054 3409 2093 necessa-

163 2126 370 2197 Κύριος
399 2128 540 2196 ἡμᾶς
579 2127 829 2192 ἐδίδαξεν.
860 2129 1024 2181 Ὅταν
1063 2129 1170 2199 γὰρ
1207 2131 1344 2200 πρὸς
1383 2129 1527 2183 αὐτὰ
1563 2129 1736 2181 ταῦτα

163 2218 346 2271 ἀπίδω
379 2217 486 2287 (79)
518 2217 587 2269 τά
619 2217 750 2289 μέλη
780 2219 958 2289 ἡμῶν,
989 2219 1068 2270 ὅτι
1108 2218 1164 2272 ἓν
1207 2220 1355 2272 οὐδὲν
1386 2219 1563 2290 ἑαυτῷ
1601 2220 1733 2290 πρὸς

159 2309 446 2379 ἐνέργειαν
487 2308 774 2380 αὔταρκες,
825 2309 940 2372 πῶς
987 2311 1221 2380 ἐμαυτὸν
1263 2312 1544 2382 λογίσομαι
1579 2311 1738 2383 ἐξαρ-

163 2406 287 2454 κεῖν
326 2401 500 2471 ἑαυτῷ
535 2401 670 2470 πρὸς
705 2402 770 2455 τὰ
799 2402 890 2454 τοῦ
932 2403 1044 2473 βίου
1091 2403 1422 2474 πράγματα;
1458 2404 1593 2456 υΰτε
1629 2404 1737 2474 γὰρ

165 2495 238 2546 ἂν
277 2491 412 2555 ποῦς
449 2493 700 2560 ἀσφαλῶς
756 2493 1013 2562 βαδίσειε,
1066 2495 1138 2566 μὴ
1195 2496 1740 2568 συνυποστηρίζοντος

165 2583 264 2634 τοῦ
306 2584 490 2654 ἑτέρου
513 2601 526 2612 '
562 2583 684 2636 οὔτε
716 2584 986 2655 ὀφθαλμὸς
1021 2587 1187 2654 ὑγιῶς
1224 2588 1342 2649 ἴδοι,
1382 2587 1454 2657 μὴ
1487 2587 1740 2640 κοινωνὸν

167 2673 314 2743 ἔχων
350 2673 440 2726 τὸν
478 2673 683 2746 ἕτερον,
731 2676 820 2729 κα)⁸
857 2677 973 2746 μετ’
1015 2677 1177 2730 αὐτοῦ
1221 2676 1524 2747 συμφώνως
1572 2694 1742 2748 προσ-

169 2764 388 2818 ϐάλλων
434 2769 544 2828 τοῖς
589 2769 820 2837 ὁρατοῖς.
871 2769 933 2820 Ἠ
985 2770 1120 2840 ἀκοὴ
1174 2769 1536 2841 ἀκριϐεστέρα
1594 2771 1626 2840 ἡ
1676 2769 1741 2820 δι’

168 2857 378 2926 ἀμφοῖν
409 2861 518 2908 τοῖν
556 2858 742 2928 πόροιν
792 2859 889 2930 τὴν
928 2859 1108 2930 φωνὴν
1141 2861 1424 2931 δεχομένη,
1459 2863 1550 2914 καὶ
1592 2862 1744 2915 ἀντί-

168 2948 339 3019 ληψις
373 2949 733 3019 κραταιοτέρα
769 2953 834 3020 τῇ
868 2951 1116 3022 κοινωνίᾳ
1160 2952 1267 3005 τῶν
1298 2952 1592 3006 δακτύλων.
1636 2954 1746 3006 Καὶ

168 3039 512 3104 ἁπαξαπλῶς
539 3041 686 3093 οὐδὲν
725 3041 848 3093 οὔτε
895 3043 1002 3095 τῶν
1035 3044 1099 3096 ἑκ
1132 3043 1344 3112 φύσεως
1381 3043 1502 3097 οὔτε
1544 3045 1652 3098 τῶν
1682 3046 1747 3097 ἑκ

169 3131 551 3202 προαιρέσεως
575 3132 1017 3202 κατορθουμένων
1046 3133 1156 3204 ὁρῶ
1191 3134 1318 3188 ἄνευ
1348 3134 1445 3204 τῆς
1479 3134 1589 3187 τῶν
1617 3136 1746 3205 ὁμο-

171 3221 362 3290 φύλων
392 3223 690 3291 συμπνοίας
717 3223 1127 3294 ὲπιτελούμενον
1149 3241 1161 3254 ·
1189 3227 1324 3279 ὅπου
1367 3243 1429 3294 γε
1468 3228 1562 3279 καὶ
1608 3228 1745 3298 αὑτὴ

168 3316 205 3382 ἡ
237 3314 515 3384 προσευχὴ
558 3313 630 3384 μὴ
664 3314 856 3384 ἔχουσα
895 3316 1021 3380 τοὺς
1069 3317 1489 3386 συμφωνοῦντας
1534 3318 1750 3389 ἀδρανε-

173 3402 349 3472 στέρα
386 3404 502 3454 ἐστὶ
519 3403 694 3473 πολλῷ
725 3404 941 3474 ἑαυτῆς,
969 3403 1063 3456 καὶ
1091 3405 1120 3456 ὁ
1149 3404 1351 3475 Κύριος
1390 3405 1750 3474 ἐπηγγείλατο

1846 2124 1980 2178 riam
2004 2142 2125 2181 esse
2160 2126 2418 2182 Dominus
2453 2143 2553 2183 nos
2575 2129 2778 2182 docuit.
2803 2129 2938 2183 Cum
2969 2129 3115 2183 enim
3145 2130 3262 2182 [nec
3293 2131 3408 2198 ipsa

1843 2226 2029 2273 nostra
2063 2219 2307 2273 membra
2335 2220 2644 2283 considero,
2671 2236 2903 2289 quorum
2937 2221 3143 2274 nullum
3176 2221 3278 2276 sibi
3306 2222 3408 2290 ipsi

1845 2309 1912 2363 ad
1947 2310 2214 2379 agendum
2247 2312 2380 2364 satis
2418 2317 2536 2364 est:
2565 2311 2839 2379 quomodo
2869 2310 3000 2364 mihi
3038 2311 3154 2380 ipse
3185 2310 3412 2364 videbor

1844 2399 1912 2452 ad
1967 2401 2090 2454 vita:
2148 2402 2361 2470 negotia
2409 2400 2691 2455 sufﬁcere?
2729 2399 2915 2470 Neque
2959 2401 3104 2455 enim
3152 2416 3248 2471 pes
3295 2411 3413 2455 tuto

1846 2493 2147 2562 gradiatur,
2184 2508 2294 2547 non
2344 2493 2688 2548 sutfulciente
2736 2494 2938 2547 altero:
2989 2508 3168 2562 neque
3219 2494 3412 2547 oculus

1847 2590 1994 2636 recte
2030 2583 2248 2646 videat,
2291 2598 2399 2636 non
2444 2583 2654 2637 habens
2697 2583 2928 2637 alterum
2965 2592 3311 2648 consortem,
3360 2592 3416 2639 et

1848 2690 1971 2728 cum
2001 2689 2068 2729 eo
2095 2675 2370 2729 socialiter
2395 2674 2479 2729 his
2509 2689 2629 2744 qua:
2652 2674 2926 2734 videntur.
2953 2675 3216 2728 intentus.
3241 2673 3416 2728 Audi-

1848 2775 1936 2820 tus
1979 2765 2325 2829 accuratior,
2367 2767 2457 2834 qui
2511 2781 2608 2836 per
2659 2774 2920 2835 utrosque
2967 2774 3178 2820 meatus
3228 2780 3417 2820 vocent

1850 2859 2100 2926 suscipit,
2134 2868 2186 2911 et
2217 2857 2407 2912 fortior
2436 2856 2818 2927 apprehensio,
2855 2857 3148 2927 digitorum
3185 2858 3418 2926 conjun-

1850 2948 2052 3003 ctione.
2070 2947 2135 3000 Et
2153 2948 2207 3001 in
2233 2963 2465 3012 summa,
2489 2948 2625 3002 nihil
2655 2963 2827 3018 neque
2847 2963 3033 3001 eorum
3058 2962 3178 3016 quae
3203 2956 3416 3010 natura,

1851 3055 2028 3108 neque
2075 3054 2264 3094 eorum
2313 3054 2434 3107 quae
2484 3039 2651 3093 libera
2697 3040 2977 3092 voluntate
3023 3037 3420 3107 perficiuntur,

1852 3133 1988 3184 citra
2035 3130 2497 3200 conspirationem
2542 3144 2731 3184 eorum
2777 3143 2898 3198 quae
2929 3127 3170 3197 ejusdem
3206 3129 3423 3198 generis

1855 3229 2004 3284 sunt,
2039 3223 2221 3293 perlici
2249 3222 2435 3287 video;
2471 3236 2594 3274 cum
2625 3228 2680 3275 et
2725 3236 2914 3290 preces
2958 3221 3108 3288 ipsm,
3159 3219 3205 3273 si
3243 3219 3425 3275 desint

1854 3315 1950 3384 qui
1995 3315 2338 3383 conspirent,
2387 3315 2544 3384 longe
2593 3313 2704 3367 sint
2753 3313 2953 3383 seipsis
2997 3311 3325 3379 debiliores,
3361 3327 3425 3366 ac

1856 3404 2119 3459 Dominus
2149 3407 2288 3459 inter
2317 3405 2454 3459 duos
2479 3412 2572 3458 aut
2600 3411 2732 3464 tres.
2761 3405 2852 3472 qui
2883 3405 3057 3472 ipsum
3083 3403 3427 3458 concorditer

177 3494 349 3562 μέσος
377 3494 698 3563 γενήσεσθαι
749 3496 948 3564 μεταξὺ
995 3497 1106 3565 (80)
1155 3497 1247 3549 δύο
1288 3498 1322 3567 ἦ
1362 3497 1525 3568 τριῶν
1559 3499 1747 3550 ἑπικα-

1857 3495 2270 3558 invocaverint,
2306 3495 2542 3548 medium
2590 3509 2647 3548 se
2693 3493 2808 3548 fore
2859 3494 3188 3562 promiserit.
3230 3493 3336 3548 Sed
3373 3501 3428 3548 et

171 3585 458 3655 λουμένων
492 3587 650 3640 αὑτὸν
691 3590 746 3640 ἐν
773 3588 1008 3659 ὁμονοίᾳ.
1046 3590 1155 3642 Καὶ
1193 3590 1359 3660 αὐτὴν
1396 3591 1451 3643 δὲ
1491 3590 1587 3660 τὴν
1619 3593 1754 3643 οἰκο-

175 3677 375 3745 νομίαν
405 3679 435 3728 ὀ
486 3677 690 3748 Κύριος
737 3681 1078 3746 κατεδέξατο,
1111 3681 1197 3733 ἵνα
1243 3683 1624 3752 εἰρηνοποιήσῃ
1669 3681 1756 3735 διὰ

175 3769 270 3821 τοῦ
299 3769 537 3837 αἵματος
573 3769 665 3822 τοῦ
700 3771 932 3841 σταυροῦ
966 3773 1126 3825 αὑτοῦ
1163 3775 1270 3826 εἴτε
1303 3773 1371 3826 τὰ
1408 3775 1500 3826 ἑπὶ
1534 3773 1630 3842 τῆς
1657 3775 1758 3844 γῆς

178 3862 293 3912 εἴτε
327 3859 399 3912 τὰ
443 3861 500 3912 ὲν
539 3863 651 3923 τοῖς
696 3862 960 3932 οὐρανοῖς.
997 3863 1178 3926 Ὥστε,
1217 3863 1305 3916 διὰ
1342 3863 1513 3917 ταῦτα
1559 3863 1756 3926 πάντα,

181 3953 237 4002 ἐν
271 3951 466 4021 εἰρήνῃ
504 3953 682 4020 μένειν
725 3952 825 4014 τὰς
869 3953 1190 4023 λειπομένας
1234 3955 1387 4024 ἡμῶν
1427 3955 1636 4025 ἡμέρας
1672 3955 1760 4006 εὑ-

179 4042 424 4112 χὸμεθα·
467 4045 523 4094 ἑν
561 4043 751 4114 εἰρήνῃ
792 4044 846 4096 δὲ
893 4045 1141 4112 γενέσθαι
1189 4047 1285 4117 τὴν
1325 4047 1578 4117 κοίμησιν
1604 4046 1761 4116 ἡμῶν

182 4133 467 4203 αἰτοῦμεν.
504 4135 668 4203 Ὑπὲρ
707 4135 905 4206 ταύτης
938 4137 1055 4189 οὐδὲ
1091 4138 1250 4191 πόνον
1288 4138 1552 4191 ἐλλείπειν
1584 4139 1762 4191 ὅντινα

183 4222 279 4278 οὖν
315 4227 552 4292 ἔγνωκα,
586 4228 646 4279 οὑ
681 4230 936 4280 ταπεινόν
981 4246 1032 4280 τι
1077 4227 1408 4296 φθέγξασθαι
1446 4229 1477 4297 ἦ
1520 4229 1761 4297 ποιῆσαι,

183 4317 284 4385 οὐχ
330 4316 637 4387 ὁδοιπορίας
674 4319 844 4386 μῆκος
901 4319 1342 4386 ὑπολογίσασθαι,
1390 4318 1488 4370 οὐκ
1535 4318 1662 4370 ἄλλο
1712 4335 1765 4370 τι

187 4410 297 4459 τῶν
321 4407 570 4478 ὀχληρῶν
594 4409 704 4477 (81)
739 4410 1172 4474 ὑποστείλασθαι,
1215 4408 1353 4462 ὥστε
1403 4409 1510 4462 τῶν
1561 4408 1766 4478 μισθῶν

185 4503 288 4571 τῆς
322 4503 689 4570 εἰρηνοποιίας
721 4503 1008 4571 ἐπιτυχεῖν.
1041 4502 1156 4556 Κᾶν
1193 4503 1288 4572 μὲν
1321 4502 1518 4572 ἓπηταί
1543 4502 1653 4570 (8:2)
1685 4519 1766 4564 τις

185 4591 368 4644 ταῦτα
389 4593 818 4663 καθηγουμένοις
843 4596 992 4664 ἡμῖν,
1011 4594 1168 4646 τοῦτο
1196 4594 1434 4664 ἄριστον,
1471 4595 1564 4647 κα)⁸
1601 4595 1766 4663 εὐχῆς

187 4681 453 4750 τυγχάνει
475 4683 662 4751 πέρας
680 4683 773 4735 ἐὰν
793 4683 845 4735 δὲ
871 4684 1005 4754 πρὸς
1029 4683 1124 4754 τὴν
1144 4683 1388 4736 ἐναντίαν
1410 4683 1618 4753 ἀγέλκῃ
1633 4685 1764 4753 (85),

191 4773 307 4840 ἑγὼ
331 4774 429 4843 μὲν
457 4773 574 4825 οὐδὲ
593 4774 733 4826 οὕτω
755 4775 852 4844 τῆς
871 4776 1104 4845 ἐμαυτοῦ
1127 4775 1356 4846 κρίσεως
1367 4775 1573 4846 ἀποστή
1584 4793 1763 4844 σομαι.

1856 3589 2317 3658 dispensationem
2369 3589 2542 3659 ipsam
2593 3587 2856 3642 Dominus
2905 3587 3180 3656 suscepit,
3223 3595 3283 3640 ut
3332 3602 3428 3656 per

1857 3681 2174 3750 sanguinem
2210 3696 2321 3735 suae
2340 3681 2522 3734 crucis
2547 3680 2660 3735 sive
2684 3690 2894 3733 terrena
2923 3681 3035 3734 sive
3061 3679 3304 3735 coelestia
3334 3693 3429 3748 pa-

1857 3774 2116 3826 cilicaret.
2163 3771 2370 3835 Quare,
2405 3771 2476 3825 ob
2523 3771 2638 3824 haec
2682 3771 2893 3828 omnia.
2931 3772 2987 3824 in
3028 3787 3162 3840 pace
3207 3785 3429 3825 manere

1858 3863 2100 3932 reliquos
2131 3860 2251 3914 dies
2279 3869 2500 3916 nostros
2531 3871 2806 3930 optamus,
2839 3862 2892 3914 in
2919 3877 3051 3931 pace
3082 3861 3197 3915 fieri
3229 3859 3430 3915 obdor-

1860 3954 2144 4008 mitionem
2189 3958 2433 4005 nostram
2482 3966 2793 4020 precamur.
2853 3950 3028 4004 Statui
3077 3952 3227 4020 pacis
3265 3967 3430 4006 causa

1861 4059 1963 4099 nec
1994 4045 2230 4097 laborem
2261 4043 2430 4095 ullum
2454 4041 2885 4110 pra'termittere,
2913 4057 3021 4094 non
3054 4041 3255 4095 humile
3280 4043 3428 4094 dictu

1864 4135 2163 4206 quidquam
2213 4142 2306 4187 aut
2359 4132 2549 4199 factu,
2605 4147 2713 4186 non
2766 4133 2978 4188 itineris
3037 4134 3429 4202 longitudinem

1863 4229 2063 4293 vereri,
2094 4243 2201 4280 non
2235 4226 2532 4296 quidquam
2567 4226 2715 4279 aliud
2751 4226 3041 4281 molestum
3072 4226 3338 4296 refugere,
3372 4235 3433 4280 ut

1864 4321 2168 4376 mercedem
2222 4319 2620 4389 pacificationis
2671 4317 2963 4386 adipiscar.
3019 4319 3172 4383 Quod
3219 4319 3264 4372 si
3308 4318 3434 4388 quis

1866 4430 1966 4467 nos
2005 4414 2146 4466 viam
2181 4411 2246 4464 ad
2275 4412 2389 4464 haec
2428 4417 2798 4464 monstrantes
2841 4411 3087 4480 sequitur
3111 4450 3125 4472 ,
3160 4411 3262 4464 hoc
3294 4413 3436 4480 opti-

1865 4517 2034 4566 mum,
2067 4509 2121 4556 et
2160 4501 2271 4554 voti
2309 4499 2430 4554 finis
2470 4509 2587 4554 est:
2636 4501 2720 4554 sin
2768 4509 2946 4554 autem
2996 4503 3049 4554 in
3097 4503 3435 4555 contrarium

1866 4594 2068 4658 trahat,
2100 4607 2199 4662 ego
2241 4599 2387 4644 certe
2419 4607 2488 4645 ne
2537 4592 2617 4646 sic
2659 4591 2879 4661 quidem
2931 4608 2961 4644 a
3003 4608 3116 4646 mea
3166 4593 3434 4647 sententia

1868 4685 2139 4739 recedam.
2192 4683 2584 4752 Unusquisque
2627 4691 2806 4738 autem
2849 4699 3074 4753 operum
3119 4699 3344 4738 suorum
3379 4685 3436 4739 in

1871 4776 2328 4832 remunerationis
2359 4775 2447 4829 die
2474 4775 2688 4830 fructus
2727 4787 3004 4845 agnoscet.

190 4865 370 4928 Αὐτὸς
392 4865 447 4916 δὲ
499 4865 724 4928 ἕκαστος
766 4866 866 4935 τῆς
911 4866 1110 4930 οἰκείας
1143 4866 1401 4937 ἐργασίας
1434 4867 1491 4918 ἐν
1519 4867 1702 4937 ἡμέρᾳ
1731 4869 1827 4939 τῆς
1859 4866 2264 4931 ἀνταποδόσεως
2319 4869 2443 4930 τοὺς
2491 4869 2738 4938 καρποὺς
2777 4865 3154 4933 ἐπιγνώσεται.

268 5000 387 5072 (77)
416 5001 534 5072 Kal
575 5001 710 5053 ὅσα.
746 5000 922 5055 Editio
947 5001 1119 5056 Paris.
1155 5000 1304 5054 addit
1343 5000 1584 5072 τοιαῦτα,
1612 5001 1747 5070 quod

1863 5003 2005 5057 Editi
2059 5001 2182 5054 οὔτε
2241 4998 2329 5056 αὖ.
2393 4999 2529 5056 Tres
2604 5000 2960 5057 vetustissimi
3030 4999 3248 5056 codices
3315 4997 3442 5054 οὔτι

190 5070 356 5125 abest
383 5070 450 5123 ab
479 5071 730 5123 omnibus
757 5073 957 5124 nostris
985 5089 1115 5126 mss.
1155 5081 1211 5125 et
1245 5072 1365 5124 aliis
1402 5071 1756 5126 editionibus.

193 5139 375 5194 Paulo
414 5148 532 5208 post
565 5149 790 5210 uterque
821 5139 948 5212 Reg.
983 5151 1037 5196 et
1067 5142 1234 5195 Coisl.
1265 5141 1538 5195 secundus
1569 5143 1632 5193 Εἰ
1657 5142 1766 5212 γὰρ

192 5227 284 5264 ετε
293 5227 397 5279 ροι.

270 5281 387 5349 (78)
430 5280 605 5334 Ὥστε
649 5284 759 5334 οὐκ
785 5280 862 5332 ἄν
895 5295 1056 5342 ποτε,
1101 5289 1209 5335 etc.
1242 5279 1534 5351 Sequimur
1568 5283 1670 5336 hoc
1712 5283 1768 5338 in

194 5351 342 5410 loco.
382 5359 440 5401 ut
482 5351 534 5403 in
578 5353 822 5417 pluribus
860 5352 1000 5411 aliis,
1039 5360 1149 5405 tres
1181 5354 1580 5407 vetustissimos
1613 5354 1769 5407 codi-

192 5419 498 5491 cesrﬂarl”
559 5421 697 5475 Med.
753 5429 806 5474 et
835 5419 1018 5491 iCoisl.
1066 5421 1207 5475 Editi
1259 5424 1336 5475 sic
1383 5422 1770 5491 habentqu-

189 5489 348 5562 ξενος
362 5490 464 5541 οὐκ
478 5491 541 5543 ἄν
552 5507 678 5543 ποτε
703 5490 950 5542 τοσοῦτον
971 5491 1196 5554 ἑαυτοὺς
1212 5492 1596 5562 ὑπολάϐοιμεν,
1611 5489 1770 5546 ὥστε.

194 5557 495 5628 Nunquam
525 5562 868 5626 nosmetipsos
898 5562 1030 5612 tanti
1062 5557 1576 5624 aestimabimus-ut,
1610 5571 1717 5616 etc.

1869 5072 2165 5142 ὀφθαλμός.

1943 5138 2059 5210 (80)
2098 5139 2354 5204 Μεταξὺ.
2389 5138 2540 5210 llanc
2575 5155 2760 5194 vocem
2796 5139 3106 5194 addidimus
3149 5155 3214 5194 ex
3265 5140 3444 5196 tribus

1872 5209 2262 5266 vetustissimis
2297 5209 2602 5262 codicibus.

1939 5281 2050 5350 (81)
2097 5280 2219 5350 Τῶν
2252 5277 2546 5348 ὀχληρῶν.
2575 5278 2744 5333 Coisl.
2781 5279 3011 5347 primus,
3045 5275 3195 5330 I-Iarl.
3230 5285 3284 5332 et
3317 5275 3440 5332 Vat.

1868 5349 1975 5405 τῶν
2023 5349 2193 5420 μοχρη
2202 5350 2328 5419 ρῶν.

1939 5416 2051 5490 (82)
2093 5416 2368 5490 ³Έπὲηται.
2403 5416 2479 5490 Ita
2510 5432 2644 5471 mss.
2681 5416 3217 5490 εεηιηβίιίιῇᾐὶξποιτοΖ

1941 5486 2054 5560 (85)
2095 5488 2391 5560 κἈφέλκῃ.
2427 5487 2502 5539 Ita
2528 5503 2620 5541 sex
2638 5502 2778 5560 mss.
2799 5486 2931 5560 Mox
2963 5487 3126 5560 ii_deln
3157 5488 3257 5557 τῆς
3280 5487 3448 5560 ἐμαυ-

1870 5556 1986 5615 τοῦ.
2033 5556 2182 5614 Εὰἰιῖ
2225 5557 2453 5630 ἀφέλκοι
2503 5556 2699 5630 etuti}:
2753 5557 2942 5630 αὐτῆς.
2995 5556 3220 5630 μθείιυιέ
3275 5557 3442 5615 etiam

269 5625 661 5709 ('lQL'Agu'dw.
681 5625 768 5709 Ita
801 5644 931 5684 mss.
955 5645 1070 5709 βθξ.
1101 5630 1242 5709 _Et_liti
1274 5632 1580 5709 ἀπίδωμεν.
1603 5631 1747 5709 [fault

1872 5631 2081 5709 ἀφέλκῃ
2124 5625 2777 5709 in-editto'nibttsﬂagan.
2813 5626 3054 5709 et_§asil.

190 5696 326 5770 post
376 5696 583 5768 Regius
636 5708 865 5770 uterque
917 5706 971 5756 et
1020 5699 1188 5758 Coisl.
1243 5696 1470 5772 uterque
1527 5699 1637 5754 οὔτ’
1684 5702 1768 5756 ἄν.

1943 5703 1963 5723 ¹
1999 5685 2148 5756 Alias
2177 5690 2408 5765 LXVIII,
2446 5685 2828 5768 scripta'anno
2859 5695 2967 5753 572
