  <div class='ocr_page' id='page_1' title='image "/cluster/home/n/w/nwhite01/storage/ocr_20150623/32/nnc1.0046978879/303.png"; bbox 0 0 3868 6218; ppageno 0'>
   <div class='ocr_carea' id='block_1_1' title="bbox 454 285 561 342">
    <p class='ocr_par' dir='ltr' id='par_1_1' title="bbox 454 285 561 342">
     <span class='ocr_line' id='line_1_1' title="bbox 454 285 561 342; baseline 0 0"><span class='ocrx_word' id='word_1_1' title='bbox 454 285 561 342; x_wconf 73' lang='grc'><strong><em>493</em></strong></span> 
     </span>
    </p>
   </div>
   <div class='ocr_carea' id='block_1_2' title="bbox 928 411 1554 473">
    <p class='ocr_par' dir='ltr' id='par_1_2' title="bbox 928 411 1554 473">
     <span class='ocr_line' id='line_1_2' title="bbox 928 411 1554 473; baseline -0.006 0"><span class='ocrx_word' id='word_1_2' title='bbox 928 411 1265 473; x_wconf 83' lang='lat' dir='ltr'><strong><em>EPISTOLA</em></strong></span> <span class='ocrx_word' id='word_1_3' title='bbox 1303 411 1554 470; x_wconf 70' lang='grc' dir='ltr'>λονιιιο.</span> 
     </span>
    </p>
   </div>
   <div class='ocr_carea' id='block_1_3' title="bbox 1771 277 2362 336">
    <p class='ocr_par' dir='ltr' id='par_1_3' title="bbox 1771 277 2362 336">
     <span class='ocr_line' id='line_1_3' title="bbox 1771 277 2362 336; baseline -0.002 -2"><span class='ocrx_word' id='word_1_4' title='bbox 1771 279 1828 336; x_wconf 89' lang='lat' dir='ltr'><strong><em>S.</em></strong></span> <span class='ocrx_word' id='word_1_5' title='bbox 1870 277 2112 334; x_wconf 80' lang='lat' dir='ltr'><strong><em>BASILU</em></strong></span> <span class='ocrx_word' id='word_1_6' title='bbox 2149 277 2362 334; x_wconf 79' lang='lat' dir='ltr'><strong><em>MAGNI</em></strong></span> 
     </span>
    </p>
   </div>
   <div class='ocr_carea' id='block_1_4' title="bbox 3585 281 3696 339">
    <p class='ocr_par' dir='ltr' id='par_1_4' title="bbox 3585 281 3696 339">
     <span class='ocr_line' id='line_1_4' title="bbox 3585 281 3696 339; baseline 0.018 -2"><span class='ocrx_word' id='word_1_7' title='bbox 3585 281 3696 339; x_wconf 74' lang='lat'><strong><em>496</em></strong></span> 
     </span>
    </p>
   </div>
   <div class='ocr_carea' id='block_1_5' title="bbox 2666 413 3164 482">
    <p class='ocr_par' dir='ltr' id='par_1_5' title="bbox 2666 413 3164 482">
     <span class='ocr_line' id='line_1_5' title="bbox 2666 413 3164 482; baseline 0.004 -16"><span class='ocrx_word' id='word_1_8' title='bbox 2666 413 3008 468; x_wconf 83' lang='grc' dir='ltr'><strong><em>ΕΠῐΣΤΟΛΗ</em></strong></span> <span class='ocrx_word' id='word_1_9' title='bbox 3045 416 3164 482; x_wconf 67' lang='lat' dir='ltr'><strong><em>ur.</em></strong></span> 
     </span>
    </p>
   </div>
   <div class='ocr_carea' id='block_1_6' title="bbox 457 547 3696 616">
    <p class='ocr_par' dir='ltr' id='par_1_6' title="bbox 457 547 3696 616">
     <span class='ocr_line' id='line_1_6' title="bbox 457 547 3696 616; baseline 0.001 -16"><span class='ocrx_word' id='word_1_10' title='bbox 457 549 678 616; x_wconf 75' lang='lat' dir='ltr'><strong><em>Rationes</em></strong></span> <span class='ocrx_word' id='word_1_11' title='bbox 697 547 890 616; x_wconf 57' lang='lat' dir='ltr'><strong><em>egtponit</em></strong></span> <span class='ocrx_word' id='word_1_12' title='bbox 931 563 1021 600; x_wconf 82' lang='lat' dir='ltr'><strong><em>cur</em></strong></span> <span class='ocrx_word' id='word_1_13' title='bbox 1060 548 1337 616; x_wconf 70' lang='lat' dir='ltr'><strong><em>Nicopolim</em></strong></span> <span class='ocrx_word' id='word_1_14' title='bbox 1354 564 1455 616; x_wconf 72' lang='lat' dir='ltr'><strong><em>non</em></strong></span> <span class='ocrx_word' id='word_1_15' title='bbox 1477 548 1632 601; x_wconf 88' lang='lat' dir='ltr'><strong><em>iverit.</em></strong></span> <span class='ocrx_word' id='word_1_16' title='bbox 1663 550 1853 616; x_wconf 71' lang='lat' dir='ltr'><strong><em>[turum</em></strong></span> <span class='ocrx_word' id='word_1_17' title='bbox 1875 563 1926 601; x_wconf 82' lang='lat' dir='ltr'><strong><em>se</em></strong></span> <span class='ocrx_word' id='word_1_18' title='bbox 1963 549 2082 616; x_wconf 82' lang='lat' dir='ltr'><strong><em>dicit</em></strong></span> <span class='ocrx_word' id='word_1_19' title='bbox 2103 547 2179 616; x_wconf 20' lang='lat' dir='ltr'><strong><em>ini</em></strong></span> <span class='ocrx_word' id='word_1_20' title='bbox 2194 550 2317 600; x_wconf 78' lang='lat' dir='ltr'><strong><em>hanc</em></strong></span> <span class='ocrx_word' id='word_1_21' title='bbox 2336 549 2505 616; x_wconf 62' lang='lat' dir='ltr'><strong><em>urbem</em></strong></span> <span class='ocrx_word' id='word_1_22' title='bbox 2520 588 2532 610; x_wconf 92' lang='lat'><strong>,</strong></span> <span class='ocrx_word' id='word_1_23' title='bbox 2556 555 2608 600; x_wconf 85' lang='lat' dir='ltr'><strong><em>ut</em></strong></span> <span class='ocrx_word' id='word_1_24' title='bbox 2629 563 2738 600; x_wconf 87' lang='lat' dir='ltr'><strong><em>cum</em></strong></span> <span class='ocrx_word' id='word_1_25' title='bbox 2767 548 2960 616; x_wconf 78' lang='lat' dir='ltr'><strong><em>Meletio</em></strong></span> <span class='ocrx_word' id='word_1_26' title='bbox 2981 550 3314 616; x_wconf 68' lang='lat' dir='ltr'><strong><em>colloquatur;</em></strong></span> <span class='ocrx_word' id='word_1_27' title='bbox 3339 549 3563 616; x_wconf 56' lang='lat' dir='ltr'><strong><em>ueletiam</em></strong></span> <span class='ocrx_word' id='word_1_28' title='bbox 3581 564 3696 602; x_wconf 72' lang='lat' dir='ltr'><strong><em>cum</em></strong></span> 
     </span>
    </p>
   </div>
   <div class='ocr_carea' id='block_1_7' title="bbox 515 610 3698 680">
    <p class='ocr_par' dir='ltr' id='par_1_7' title="bbox 515 610 3698 680">
     <span class='ocr_line' id='line_1_7' title="bbox 515 610 3698 680; baseline 0 -18"><span class='ocrx_word' id='word_1_29' title='bbox 515 615 684 680; x_wconf 75' lang='lat' dir='ltr'><strong><em>eodem</em></strong></span> <span class='ocrx_word' id='word_1_30' title='bbox 703 610 957 680; x_wconf 58' lang='lat' dir='ltr'><strong><em>Sdritosata</em></strong></span> <span class='ocrx_word' id='word_1_31' title='bbox 975 610 1241 680; x_wconf 69' lang='lat' dir='ltr'><strong><em>uenturum.</em></strong></span> <span class='ocrx_word' id='word_1_32' title='bbox 1268 613 1296 658; x_wconf 88' lang='grc' dir='ltr'><strong><em>Ι</em></strong></span> <span class='ocrx_word' id='word_1_33' title='bbox 1299 611 1488 680; x_wconf 73' lang='lat' dir='ltr'><strong><em>ndictus</em></strong></span> <span class='ocrx_word' id='word_1_34' title='bbox 1503 625 1616 680; x_wconf 54' lang='lat' dir='ltr'><strong><em>cum</em></strong></span> <span class='ocrx_word' id='word_1_35' title='bbox 1639 611 1883 680; x_wconf 67' lang='lat' dir='ltr'><strong><em>episcopis</em></strong></span> <span class='ocrx_word' id='word_1_36' title='bbox 1899 611 2124 680; x_wconf 65' lang='lat' dir='ltr'><strong><em>secunda:</em></strong></span> <span class='ocrx_word' id='word_1_37' title='bbox 2146 611 2468 680; x_wconf 54' lang='lat' dir='ltr'><strong><em>Cappadocia:</em></strong></span> <span class='ocrx_word' id='word_1_38' title='bbox 2493 624 2806 680; x_wconf 69' lang='lat' dir='ltr'><strong><em>congressus;</em></strong></span> <span class='ocrx_word' id='word_1_39' title='bbox 2828 612 2941 680; x_wconf 62' lang='lat' dir='ltr'><strong><em>item</em></strong></span> <span class='ocrx_word' id='word_1_40' title='bbox 2962 610 3221 680; x_wconf 57' lang='lat' dir='ltr'><strong><em>nausiam</em></strong></span> <span class='ocrx_word' id='word_1_41' title='bbox 3245 610 3507 680; x_wconf 64' lang='lat' dir='ltr'><strong><em>Eustathio,</em></strong></span> <span class='ocrx_word' id='word_1_42' title='bbox 3531 615 3698 663; x_wconf 73' lang='lat' dir='ltr'><strong><em>Excu-</em></strong></span> 
     </span>
    </p>
   </div>
   <div class='ocr_carea' id='block_1_8' title="bbox 513 671 3692 742">
    <p class='ocr_par' dir='ltr' id='par_1_8' title="bbox 513 671 3692 742">
     <span class='ocr_line' id='line_1_8' title="bbox 513 671 3692 742; baseline 0.001 -21"><span class='ocrx_word' id='word_1_43' title='bbox 513 672 698 742; x_wconf 66' lang='lat' dir='ltr'><strong><em>satione</em></strong></span> <span class='ocrx_word' id='word_1_44' title='bbox 712 671 885 742; x_wconf 54' lang='lat' dir='ltr'><strong><em>utitur,</em></strong></span> <span class='ocrx_word' id='word_1_45' title='bbox 911 685 1019 742; x_wconf 70' lang='lat' dir='ltr'><strong><em>cum</em></strong></span> <span class='ocrx_word' id='word_1_46' title='bbox 1039 671 1203 742; x_wconf 64' lang='lat' dir='ltr'><strong><em>missa;</em></strong></span> <span class='ocrx_word' id='word_1_47' title='bbox 1224 685 1318 722; x_wconf 89' lang='lat' dir='ltr'><strong><em>non</em></strong></span> <span class='ocrx_word' id='word_1_48' title='bbox 1339 671 1432 742; x_wconf 75' lang='lat' dir='ltr'><strong><em>sint</em></strong></span> <span class='ocrx_word' id='word_1_49' title='bbox 1450 673 1513 722; x_wconf 86' lang='lat' dir='ltr'><strong><em>ad</em></strong></span> <span class='ocrx_word' id='word_1_50' title='bbox 1539 671 1790 742; x_wconf 76' lang='lat' dir='ltr'><strong><em>Eusebium</em></strong></span> <span class='ocrx_word' id='word_1_51' title='bbox 1804 671 1986 742; x_wconf 66' lang='lat' dir='ltr'><strong><em>littera;</em></strong></span> <span class='ocrx_word' id='word_1_52' title='bbox 2003 671 2358 742; x_wconf 53' lang='lat' dir='ltr'><strong><em>episcoporum.</em></strong></span> <span class='ocrx_word' id='word_1_53' title='bbox 2382 671 2647 742; x_wconf 61' lang='lat' dir='ltr'><strong><em>Rei-statin</em></strong></span> <span class='ocrx_word' id='word_1_54' title='bbox 2665 687 2752 742; x_wconf 69' lang='lat' dir='ltr'><strong><em>suo</em></strong></span> <span class='ocrx_word' id='word_1_55' title='bbox 2773 671 2972 742; x_wconf 70' lang='lat' dir='ltr'><strong><em>Consilio</em></strong></span> <span class='ocrx_word' id='word_1_56' title='bbox 2993 682 3045 725; x_wconf 87' lang='lat' dir='ltr'><strong><em>ut</em></strong></span> <span class='ocrx_word' id='word_1_57' title='bbox 3065 673 3324 740; x_wconf 72' lang='lat' dir='ltr'><strong><em>Gregorius</em></strong></span> <span class='ocrx_word' id='word_1_58' title='bbox 3343 673 3405 726; x_wconf 80' lang='lat' dir='ltr'><strong><em>sit</em></strong></span> <span class='ocrx_word' id='word_1_59' title='bbox 3425 673 3692 739; x_wconf 75' lang='lat' dir='ltr'><strong><em>episcopus.</em></strong></span> 
     </span>
    </p>
   </div>
   <div class='ocr_carea' id='block_1_9' title="bbox 517 732 2948 798">
    <p class='ocr_par' dir='ltr' id='par_1_9' title="bbox 517 732 2948 798">
     <span class='ocr_line' id='line_1_9' title="bbox 517 732 2948 798; baseline -0.002 -13"><span class='ocrx_word' id='word_1_60' title='bbox 517 732 719 785; x_wconf 78' lang='lat' dir='ltr'><strong><em>Nuntiat</em></strong></span> <span class='ocrx_word' id='word_1_61' title='bbox 741 732 1038 784; x_wconf 86' lang='lat' dir='ltr'><strong><em>Palmatium</em></strong></span> <span class='ocrx_word' id='word_1_62' title='bbox 1058 732 1276 783; x_wconf 70' lang='lat' dir='ltr'><strong><em>Maximo</em></strong></span> <span class='ocrx_word' id='word_1_63' title='bbox 1307 735 1371 783; x_wconf 82' lang='lat' dir='ltr'><strong><em>ad</em></strong></span> <span class='ocrx_word' id='word_1_64' title='bbox 1393 735 1766 796; x_wconf 74' lang='lat' dir='ltr'><strong><em>persecutionem</em></strong></span> <span class='ocrx_word' id='word_1_65' title='bbox 1788 732 2084 784; x_wconf 78' lang='lat' dir='ltr'><strong><em>ministrare.</em></strong></span> <span class='ocrx_word' id='word_1_66' title='bbox 2105 732 2255 798; x_wconf 70' lang='lat' dir='ltr'><strong><em>litigat</em></strong></span> <span class='ocrx_word' id='word_1_67' title='bbox 2280 733 2538 784; x_wconf 77' lang='lat' dir='ltr'><strong><em>Eusebium</em></strong></span> <span class='ocrx_word' id='word_1_68' title='bbox 2559 741 2610 784; x_wconf 90' lang='lat' dir='ltr'><strong><em>ut</em></strong></span> <span class='ocrx_word' id='word_1_69' title='bbox 2629 734 2693 783; x_wconf 88' lang='lat' dir='ltr'><strong><em>ad</em></strong></span> <span class='ocrx_word' id='word_1_70' title='bbox 2717 749 2768 786; x_wconf 78' lang='lat' dir='ltr'><strong><em>se</em></strong></span> <span class='ocrx_word' id='word_1_71' title='bbox 2789 732 2948 786; x_wconf 81' lang='lat' dir='ltr'><strong><em>veniat</em></strong></span> 
     </span>
    </p>
   </div>
   <div class='ocr_carea' id='block_1_10' title="bbox 751 835 1727 906">
    <p class='ocr_par' dir='ltr' id='par_1_10' title="bbox 751 835 1727 906">
     <span class='ocr_line' id='line_1_10' title="bbox 751 835 1727 906; baseline 0.001 -15"><span class='ocrx_word' id='word_1_72' title='bbox 751 835 1004 903; x_wconf 80' lang='lat' dir='ltr'><strong><em>Eusebio,</em></strong></span> <span class='ocrx_word' id='word_1_73' title='bbox 1032 837 1270 906; x_wconf 78' lang='lat' dir='ltr'><strong><em>episcopo</em></strong></span> <span class='ocrx_word' id='word_1_74' title='bbox 1301 836 1727 892; x_wconf 79' lang='lat' dir='ltr'><strong><em>Samosatorum.</em></strong></span> 
     </span>
    </p>
   </div>
   <div class='ocr_carea' id='block_1_11' title="bbox 529 948 2024 1021">
    <p class='ocr_par' dir='ltr' id='par_1_11' title="bbox 529 948 2024 1021">
     <span class='ocr_line' id='line_1_11' title="bbox 529 948 2024 1021; baseline -0.001 -14"><span class='ocrx_word' id='word_1_75' title='bbox 529 952 583 1006; x_wconf 74' lang='lat' dir='ltr'><strong><em>‘l.</em></strong></span> <span class='ocrx_word' id='word_1_76' title='bbox 614 951 749 1006; x_wconf 84' lang='lat' dir='ltr'><strong><em>Cum</em></strong></span> <span class='ocrx_word' id='word_1_77' title='bbox 780 948 1081 1020; x_wconf 83' lang='lat' dir='ltr'><strong><em>Nicopolim</em></strong></span> <span class='ocrx_word' id='word_1_78' title='bbox 1104 959 1286 1005; x_wconf 86' lang='lat' dir='ltr'><strong><em>mente</em></strong></span> <span class='ocrx_word' id='word_1_79' title='bbox 1316 951 1608 1020; x_wconf 86' lang='lat' dir='ltr'><strong><em>animoque</em></strong></span> <span class='ocrx_word' id='word_1_80' title='bbox 1635 950 1808 1006; x_wconf 84' lang='lat' dir='ltr'><strong><em>ferrer</em></strong></span> <span class='ocrx_word' id='word_1_81' title='bbox 1828 995 1842 1018; x_wconf 86' lang='lat'>,</span> <span class='ocrx_word' id='word_1_82' title='bbox 1871 960 2024 1021; x_wconf 90' lang='lat' dir='ltr'><strong><em>post-</em></strong></span> 
     </span>
    </p>
   </div>
   <div class='ocr_carea' id='block_1_12' title="bbox 460 1041 2024 1115">
    <p class='ocr_par' dir='ltr' id='par_1_12' title="bbox 460 1041 2024 1115">
     <span class='ocr_line' id='line_1_12' title="bbox 460 1041 2024 1115; baseline -0.001 -18"><span class='ocrx_word' id='word_1_83' title='bbox 460 1059 622 1115; x_wconf 85' lang='lat' dir='ltr'><strong><em>quam</em></strong></span> <span class='ocrx_word' id='word_1_84' title='bbox 653 1042 978 1096; x_wconf 76' lang='lat' dir='ltr'><strong><em>urbanitatis</em></strong></span> <span class='ocrx_word' id='word_1_85' title='bbox 1002 1041 1348 1096; x_wconf 39' lang='lat' dir='ltr'><strong><em>tmerlitteras</em></strong></span> <span class='ocrx_word' id='word_1_86' title='bbox 1375 1043 1559 1110; x_wconf 90' lang='lat' dir='ltr'><strong><em>accepi</em></strong></span> <span class='ocrx_word' id='word_1_87' title='bbox 1590 1043 1792 1112; x_wconf 86' lang='lat' dir='ltr'><strong>quibus</strong></span> <span class='ocrx_word' id='word_1_88' title='bbox 1836 1052 2024 1096; x_wconf 87' lang='lat' dir='ltr'><strong><em>ventu-</em></strong></span> 
     </span>
    </p>
   </div>
   <div class='ocr_carea' id='block_1_13' title="bbox 461 1133 2022 1204">
    <p class='ocr_par' dir='ltr' id='par_1_13' title="bbox 461 1133 2022 1204">
     <span class='ocr_line' id='line_1_13' title="bbox 461 1133 2022 1204; baseline 0.001 -16"><span class='ocrx_word' id='word_1_89' title='bbox 461 1149 578 1189; x_wconf 90' lang='lat' dir='ltr'><strong><em>rum</em></strong></span> <span class='ocrx_word' id='word_1_90' title='bbox 604 1144 654 1190; x_wconf 91' lang='lat' dir='ltr'><strong><em>te</em></strong></span> <span class='ocrx_word' id='word_1_91' title='bbox 688 1134 956 1204; x_wconf 77' lang='lat' dir='ltr'><strong><em>negabas,</em></strong></span> <span class='ocrx_word' id='word_1_92' title='bbox 989 1133 1261 1187; x_wconf 79' lang='lat' dir='ltr'><strong><em>relaxatus</em></strong></span> <span class='ocrx_word' id='word_1_93' title='bbox 1294 1149 1414 1188; x_wconf 89' lang='lat' dir='ltr'><strong><em>sum</em></strong></span> <span class='ocrx_word' id='word_1_94' title='bbox 1449 1148 1514 1186; x_wconf 86' lang='lat' dir='ltr'><strong>ex</strong></span> <span class='ocrx_word' id='word_1_95' title='bbox 1547 1149 1664 1188; x_wconf 84' lang='lat' dir='ltr'><strong><em>mea</em></strong></span> <span class='ocrx_word' id='word_1_96' title='bbox 1697 1133 2022 1203; x_wconf 80' lang='lat' dir='ltr'><strong><em>cupiditate,</em></strong></span> 
     </span>
    </p>
   </div>
   <div class='ocr_carea' id='block_1_14' title="bbox 460 1217 2027 1295">
    <p class='ocr_par' dir='ltr' id='par_1_14' title="bbox 460 1217 2027 1295">
     <span class='ocr_line' id='line_1_14' title="bbox 460 1217 2027 1295; baseline -0.001 -14"><span class='ocrx_word' id='word_1_97' title='bbox 460 1225 732 1295; x_wconf 77' lang='lat' dir='ltr'><strong><em>simulque</em></strong></span> <span class='ocrx_word' id='word_1_98' title='bbox 762 1225 930 1279; x_wconf 91' lang='lat' dir='ltr'><strong><em>totius</em></strong></span> <span class='ocrx_word' id='word_1_99' title='bbox 961 1239 1096 1278; x_wconf 71' lang='lat' dir='ltr'><strong><em>meae</em></strong></span> <span class='ocrx_word' id='word_1_100' title='bbox 1127 1223 1462 1278; x_wconf 83' lang='lat' dir='ltr'><strong><em>inﬁrmitatis</em></strong></span> <span class='ocrx_word' id='word_1_101' title='bbox 1493 1217 1831 1279; x_wconf 77' lang='lat' dir='ltr'><strong><em>recordatus.</em></strong></span> <span class='ocrx_word' id='word_1_102' title='bbox 1866 1225 2027 1280; x_wconf 75' lang='lat' dir='ltr'><strong><em>Venit</em></strong></span> 
     </span>
    </p>
   </div>
   <div class='ocr_carea' id='block_1_15' title="bbox 461 1315 2026 1386">
    <p class='ocr_par' dir='ltr' id='par_1_15' title="bbox 461 1315 2026 1386">
     <span class='ocr_line' id='line_1_15' title="bbox 461 1315 2026 1386; baseline -0.001 -14"><span class='ocrx_word' id='word_1_103' title='bbox 461 1326 639 1374; x_wconf 87' lang='lat' dir='ltr'><strong><em>autem</em></strong></span> <span class='ocrx_word' id='word_1_104' title='bbox 675 1317 804 1370; x_wconf 90' lang='lat' dir='ltr'><strong><em>mihi</em></strong></span> <span class='ocrx_word' id='word_1_105' title='bbox 829 1317 884 1370; x_wconf 92' lang='lat' dir='ltr'><strong><em>in</em></strong></span> <span class='ocrx_word' id='word_1_106' title='bbox 912 1324 1150 1371; x_wconf 89' lang='lat' dir='ltr'><strong><em>mentem</em></strong></span> <span class='ocrx_word' id='word_1_107' title='bbox 1190 1323 1243 1370; x_wconf 89' lang='lat' dir='ltr'><strong><em>et</em></strong></span> <span class='ocrx_word' id='word_1_108' title='bbox 1271 1331 1458 1370; x_wconf 88' lang='lat' dir='ltr'><strong><em>eorum</em></strong></span> <span class='ocrx_word' id='word_1_109' title='bbox 1489 1317 1586 1386; x_wconf 88' lang='lat' dir='ltr'><strong>qui</strong></span> <span class='ocrx_word' id='word_1_110' title='bbox 1627 1315 2026 1372; x_wconf 85' lang='lat' dir='ltr'><strong><em>advocaverant</em></strong></span> 
     </span>
    </p>
   </div>
   <div class='ocr_carea' id='block_1_16' title="bbox 460 1405 2025 1479">
    <p class='ocr_par' dir='ltr' id='par_1_16' title="bbox 460 1405 2025 1479">
     <span class='ocr_line' id='line_1_16' title="bbox 460 1405 2025 1479; baseline -0.003 -15"><span class='ocrx_word' id='word_1_111' title='bbox 460 1407 832 1479; x_wconf 72' lang='lat' dir='ltr'><strong><em>perfunctorie</em></strong></span> <span class='ocrx_word' id='word_1_112' title='bbox 865 1405 1129 1460; x_wconf 83' lang='lat' dir='ltr'><strong><em>invitandi</em></strong></span> <span class='ocrx_word' id='word_1_113' title='bbox 1172 1405 1335 1472; x_wconf 84' lang='lat' dir='ltr'><strong><em>ratio,</em></strong></span> <span class='ocrx_word' id='word_1_114' title='bbox 1383 1405 1476 1474; x_wconf 91' lang='lat' dir='ltr'><strong>qui</strong></span> <span class='ocrx_word' id='word_1_115' title='bbox 1506 1421 1630 1458; x_wconf 90' lang='lat' dir='ltr'><strong><em>cum</em></strong></span> <span class='ocrx_word' id='word_1_116' title='bbox 1665 1421 1750 1460; x_wconf 89' lang='lat' dir='ltr'><strong><em>me</em></strong></span> <span class='ocrx_word' id='word_1_117' title='bbox 1787 1421 1885 1476; x_wconf 88' lang='lat' dir='ltr'><strong><em>per</em></strong></span> <span class='ocrx_word' id='word_1_118' title='bbox 1925 1406 2025 1460; x_wconf 88' lang='lat' dir='ltr'><strong><em>ho-</em></strong></span> 
     </span>
    </p>
   </div>
   <div class='ocr_carea' id='block_1_17' title="bbox 460 1493 2023 1565">
    <p class='ocr_par' dir='ltr' id='par_1_17' title="bbox 460 1493 2023 1565">
     <span class='ocr_line' id='line_1_17' title="bbox 460 1493 2023 1565; baseline -0.003 -11"><span class='ocrx_word' id='word_1_119' title='bbox 460 1499 871 1554; x_wconf 87' lang='lat' dir='ltr'><strong><em>noratissimum</em></strong></span> <span class='ocrx_word' id='word_1_120' title='bbox 920 1495 1142 1550; x_wconf 80' lang='lat' dir='ltr'><strong><em>fratrem</em></strong></span> <span class='ocrx_word' id='word_1_121' title='bbox 1195 1494 1499 1549; x_wconf 83' lang='lat' dir='ltr'><strong><em>llellenium</em></strong></span> <span class='ocrx_word' id='word_1_122' title='bbox 1548 1493 1805 1548; x_wconf 76' lang='lat' dir='ltr'><strong><em>Nazianzi</em></strong></span> <span class='ocrx_word' id='word_1_123' title='bbox 1852 1511 2023 1565; x_wconf 52' lang='lat' dir='ltr'><strong><em>perte-</em></strong></span> 
     </span>
    </p>
   </div>
   <div class='ocr_carea' id='block_1_18' title="bbox 459 1587 2026 1660">
    <p class='ocr_par' dir='ltr' id='par_1_18' title="bbox 459 1587 2026 1660">
     <span class='ocr_line' id='line_1_18' title="bbox 459 1587 2026 1660; baseline -0.001 -16"><span class='ocrx_word' id='word_1_124' title='bbox 459 1597 746 1660; x_wconf 85' lang='lat' dir='ltr'><strong><em>quaterem</em></strong></span> <span class='ocrx_word' id='word_1_125' title='bbox 777 1589 834 1642; x_wconf 91' lang='lat' dir='ltr'><strong><em>in</em></strong></span> <span class='ocrx_word' id='word_1_126' title='bbox 862 1597 1184 1642; x_wconf 85' lang='lat' dir='ltr'><strong><em>transcursu</em></strong></span> <span class='ocrx_word' id='word_1_127' title='bbox 1225 1594 1549 1650; x_wconf 86' lang='lat' dir='ltr'><strong><em>vocassent,</em></strong></span> <span class='ocrx_word' id='word_1_128' title='bbox 1590 1587 1684 1656; x_wconf 88' lang='lat' dir='ltr'><strong><em>qui</em></strong></span> <span class='ocrx_word' id='word_1_129' title='bbox 1727 1587 1926 1642; x_wconf 87' lang='lat' dir='ltr'><strong><em>iterum</em></strong></span> <span class='ocrx_word' id='word_1_130' title='bbox 1958 1587 2026 1642; x_wconf 88' lang='lat' dir='ltr'><strong><em>de</em></strong></span> 
     </span>
    </p>
   </div>
   <div class='ocr_carea' id='block_1_19' title="bbox 462 1677 2028 1748">
    <p class='ocr_par' dir='ltr' id='par_1_19' title="bbox 462 1677 2028 1748">
     <span class='ocr_line' id='line_1_19' title="bbox 462 1677 2028 1748; baseline -0.002 -14"><span class='ocrx_word' id='word_1_131' title='bbox 462 1677 655 1735; x_wconf 83' lang='lat' dir='ltr'><strong><em>iisdem</em></strong></span> <span class='ocrx_word' id='word_1_132' title='bbox 689 1679 1058 1742; x_wconf 86' lang='lat' dir='ltr'><strong><em>submoueret,</em></strong></span> <span class='ocrx_word' id='word_1_133' title='bbox 1089 1685 1182 1732; x_wconf 87' lang='lat' dir='ltr'><strong><em>aut</em></strong></span> <span class='ocrx_word' id='word_1_134' title='bbox 1213 1693 1300 1733; x_wconf 89' lang='lat' dir='ltr'><strong><em>me</em></strong></span> <span class='ocrx_word' id='word_1_135' title='bbox 1329 1677 1644 1742; x_wconf 80' lang='lat' dir='ltr'><strong><em>deduceret,</em></strong></span> <span class='ocrx_word' id='word_1_136' title='bbox 1680 1692 1790 1730; x_wconf 91' lang='lat' dir='ltr'><strong><em>non</em></strong></span> <span class='ocrx_word' id='word_1_137' title='bbox 1819 1678 2028 1748; x_wconf 81' lang='lat' dir='ltr'><strong><em>dignati</em></strong></span> 
     </span>
    </p>
   </div>
   <div class='ocr_carea' id='block_1_20' title="bbox 463 1769 2027 1842">
    <p class='ocr_par' dir='ltr' id='par_1_20' title="bbox 463 1769 2027 1842">
     <span class='ocr_line' id='line_1_20' title="bbox 463 1769 2027 1842; baseline -0.001 -17"><span class='ocrx_word' id='word_1_138' title='bbox 463 1778 592 1826; x_wconf 89' lang='lat' dir='ltr'><strong><em>sunt</em></strong></span> <span class='ocrx_word' id='word_1_139' title='bbox 617 1771 852 1826; x_wconf 85' lang='lat' dir='ltr'><strong><em>mittere.</em></strong></span> <span class='ocrx_word' id='word_1_140' title='bbox 885 1769 1072 1842; x_wconf 82' lang='lat' dir='ltr'><strong><em>Itaque</em></strong></span> <span class='ocrx_word' id='word_1_141' title='bbox 1113 1785 1237 1824; x_wconf 89' lang='lat' dir='ltr'><strong><em>cum</em></strong></span> <span class='ocrx_word' id='word_1_142' title='bbox 1267 1770 1337 1824; x_wconf 86' lang='lat' dir='ltr'><strong><em>ob</em></strong></span> <span class='ocrx_word' id='word_1_143' title='bbox 1368 1778 1588 1839; x_wconf 83' lang='lat' dir='ltr'><strong><em>peccata</em></strong></span> <span class='ocrx_word' id='word_1_144' title='bbox 1624 1779 1810 1824; x_wconf 86' lang='lat' dir='ltr'><strong><em>nostra</em></strong></span> <span class='ocrx_word' id='word_1_145' title='bbox 1854 1771 2027 1824; x_wconf 87' lang='lat' dir='ltr'><strong><em>simus</em></strong></span> 
     </span>
    </p>
   </div>
   <div class='ocr_carea' id='block_1_21' title="bbox 461 1856 2026 1928">
    <p class='ocr_par' dir='ltr' id='par_1_21' title="bbox 461 1856 2026 1928">
     <span class='ocr_line' id='line_1_21' title="bbox 461 1856 2026 1928; baseline -0.002 -12"><span class='ocrx_word' id='word_1_146' title='bbox 461 1856 596 1926; x_wconf 84' lang='lat' dir='ltr'><strong><em>ipsis</em></strong></span> <span class='ocrx_word' id='word_1_147' title='bbox 625 1857 886 1926; x_wconf 88' lang='lat' dir='ltr'><strong><em>suspecti,</em></strong></span> <span class='ocrx_word' id='word_1_148' title='bbox 919 1858 1203 1910; x_wconf 83' lang='lat' dir='ltr'><strong><em>timuimus</em></strong></span> <span class='ocrx_word' id='word_1_149' title='bbox 1240 1873 1309 1911; x_wconf 86' lang='lat' dir='ltr'><strong><em>ne</em></strong></span> <span class='ocrx_word' id='word_1_150' title='bbox 1350 1858 1566 1912; x_wconf 89' lang='lat' dir='ltr'><strong><em>illorum</em></strong></span> <span class='ocrx_word' id='word_1_151' title='bbox 1602 1857 1758 1928; x_wconf 78' lang='lat'><strong><em>192</em></strong></span> <span class='ocrx_word' id='word_1_152' title='bbox 1789 1874 2026 1913; x_wconf 79' lang='lat' dir='ltr'><strong><em>convert-</em></strong></span> 
     </span>
    </p>
   </div>
   <div class='ocr_carea' id='block_1_22' title="bbox 445 1947 2026 2017">
    <p class='ocr_par' dir='ltr' id='par_1_22' title="bbox 445 1947 2026 2017">
     <span class='ocr_line' id='line_1_22' title="bbox 445 1947 2026 2017; baseline 0.003 -20"><span class='ocrx_word' id='word_1_153' title='bbox 445 1954 552 2004; x_wconf 84' lang='lat' dir='ltr'><strong><em>.tus</em></strong></span> <span class='ocrx_word' id='word_1_154' title='bbox 593 1948 833 2002; x_wconf 68' lang='lat' dir='ltr'><strong><em>lmtitiam</em></strong></span> <span class='ocrx_word' id='word_1_155' title='bbox 867 1947 1154 2017; x_wconf 69' lang='lat' dir='ltr'><strong><em>praesentia</em></strong></span> <span class='ocrx_word' id='word_1_156' title='bbox 1185 1956 1372 2002; x_wconf 83' lang='lat' dir='ltr'><strong><em>nostra</em></strong></span> <span class='ocrx_word' id='word_1_157' title='bbox 1402 1948 1846 2004; x_wconf 84' lang='lat' dir='ltr'><strong><em>obturbaremus.</em></strong></span> <span class='ocrx_word' id='word_1_158' title='bbox 1893 1947 2026 2002; x_wconf 86' lang='lat' dir='ltr'><strong><em>Nam</em></strong></span> 
     </span>
    </p>
   </div>
   <div class='ocr_carea' id='block_1_23' title="bbox 452 2038 2028 2109">
    <p class='ocr_par' dir='ltr' id='par_1_23' title="bbox 452 2038 2028 2109">
     <span class='ocr_line' id='line_1_23' title="bbox 452 2038 2028 2109; baseline -0.001 -16"><span class='ocrx_word' id='word_1_159' title='bbox 452 2053 588 2093; x_wconf 72' lang='lat' dir='ltr'><strong><em>cum</em></strong></span> <span class='ocrx_word' id='word_1_160' title='bbox 637 2038 1083 2109; x_wconf 73' lang='lat' dir='ltr'><strong><em>magnanimitate</em></strong></span> <span class='ocrx_word' id='word_1_161' title='bbox 1113 2046 1206 2092; x_wconf 86' lang='lat' dir='ltr'><strong><em>tua</em></strong></span> <span class='ocrx_word' id='word_1_162' title='bbox 1245 2040 1327 2092; x_wconf 83' lang='lat' dir='ltr'><strong><em>vel</em></strong></span> <span class='ocrx_word' id='word_1_163' title='bbox 1359 2039 1424 2093; x_wconf 90' lang='lat' dir='ltr'><strong><em>ad</em></strong></span> <span class='ocrx_word' id='word_1_164' title='bbox 1452 2053 1674 2108; x_wconf 83' lang='lat' dir='ltr'><strong><em>magnas</em></strong></span> <span class='ocrx_word' id='word_1_165' title='bbox 1706 2041 2028 2093; x_wconf 82' lang='lat' dir='ltr'><strong><em>tentationes</em></strong></span> 
     </span>
    </p>
   </div>
   <div class='ocr_carea' id='block_1_24' title="bbox 453 2129 2028 2200">
    <p class='ocr_par' dir='ltr' id='par_1_24' title="bbox 453 2129 2028 2200">
     <span class='ocr_line' id='line_1_24' title="bbox 453 2129 2028 2200; baseline -0.001 -18"><span class='ocrx_word' id='word_1_166' title='bbox 453 2129 671 2200; x_wconf 74' lang='lat' dir='ltr'><strong><em>accingi</em></strong></span> <span class='ocrx_word' id='word_1_167' title='bbox 706 2143 816 2183; x_wconf 86' lang='lat' dir='ltr'><strong><em>non</em></strong></span> <span class='ocrx_word' id='word_1_168' title='bbox 847 2129 1156 2200; x_wconf 81' lang='lat' dir='ltr'><strong><em>pigramur;</em></strong></span> <span class='ocrx_word' id='word_1_169' title='bbox 1193 2129 1399 2198; x_wconf 88' lang='lat' dir='ltr'><strong>absque</strong></span> <span class='ocrx_word' id='word_1_170' title='bbox 1421 2135 1473 2182; x_wconf 92' lang='lat' dir='ltr'><strong><em>te</em></strong></span> <span class='ocrx_word' id='word_1_171' title='bbox 1495 2135 1674 2182; x_wconf 90' lang='lat' dir='ltr'><strong><em>autem</em></strong></span> <span class='ocrx_word' id='word_1_172' title='bbox 1699 2130 1780 2181; x_wconf 82' lang='lat' dir='ltr'><strong><em>vel</em></strong></span> <span class='ocrx_word' id='word_1_173' title='bbox 1812 2129 2028 2182; x_wconf 85' lang='lat' dir='ltr'><strong><em>intuen-</em></strong></span> 
     </span>
    </p>
   </div>
   <div class='ocr_carea' id='block_1_25' title="bbox 461 2217 2026 2290">
    <p class='ocr_par' dir='ltr' id='par_1_25' title="bbox 461 2217 2026 2290">
     <span class='ocr_line' id='line_1_25' title="bbox 461 2217 2026 2290; baseline -0.001 -16"><span class='ocrx_word' id='word_1_174' title='bbox 461 2219 547 2276; x_wconf 86' lang='lat' dir='ltr'><strong><em>dis</em></strong></span> <span class='ocrx_word' id='word_1_175' title='bbox 579 2220 788 2275; x_wconf 84' lang='lat' dir='ltr'><strong><em>levibus</em></strong></span> <span class='ocrx_word' id='word_1_176' title='bbox 815 2223 1074 2274; x_wconf 69' lang='lat' dir='ltr'><strong><em>terumnis</em></strong></span> <span class='ocrx_word' id='word_1_177' title='bbox 1105 2220 1346 2290; x_wconf 86' lang='lat' dir='ltr'><strong><em>impares</em></strong></span> <span class='ocrx_word' id='word_1_178' title='bbox 1379 2234 1592 2273; x_wconf 81' lang='lat' dir='ltr'><strong><em>sumus.</em></strong></span> <span class='ocrx_word' id='word_1_179' title='bbox 1626 2217 1896 2284; x_wconf 87' lang='lat' dir='ltr'><strong><em>Quoniam</em></strong></span> <span class='ocrx_word' id='word_1_180' title='bbox 1926 2220 2026 2289; x_wconf 82' lang='lat' dir='ltr'><strong><em>igi-</em></strong></span> 
     </span>
    </p>
   </div>
   <div class='ocr_carea' id='block_1_26' title="bbox 448 2308 2022 2367">
    <p class='ocr_par' dir='ltr' id='par_1_26' title="bbox 448 2308 2022 2367">
     <span class='ocr_line' id='line_1_26' title="bbox 448 2308 2022 2367; baseline -0.003 0"><span class='ocrx_word' id='word_1_181' title='bbox 448 2321 552 2367; x_wconf 87' lang='lat' dir='ltr'><strong><em>-tur</em></strong></span> <span class='ocrx_word' id='word_1_182' title='bbox 577 2312 837 2367; x_wconf 71' lang='lat' dir='ltr'><strong><em>derebus</em></strong></span> <span class='ocrx_word' id='word_1_183' title='bbox 878 2310 1265 2366; x_wconf 75' lang='lat' dir='ltr'><strong><em>ecclesiasticis</em></strong></span> <span class='ocrx_word' id='word_1_184' title='bbox 1316 2308 1531 2364; x_wconf 84' lang='lat' dir='ltr'><strong><em>futurus</em></strong></span> <span class='ocrx_word' id='word_1_185' title='bbox 1578 2317 1696 2362; x_wconf 88' lang='lat' dir='ltr'><strong><em>erat</em></strong></span> <span class='ocrx_word' id='word_1_186' title='bbox 1726 2309 1857 2362; x_wconf 87' lang='lat' dir='ltr'><strong><em>mihi</em></strong></span> <span class='ocrx_word' id='word_1_187' title='bbox 1899 2326 2022 2363; x_wconf 88' lang='lat' dir='ltr'><strong><em>cum</em></strong></span> 
     </span>
    </p>
   </div>
   <div class='ocr_carea' id='block_1_27' title="bbox 450 2401 2026 2474">
    <p class='ocr_par' dir='ltr' id='par_1_27' title="bbox 450 2401 2026 2474">
     <span class='ocr_line' id='line_1_27' title="bbox 450 2401 2026 2474; baseline -0.004 -16"><span class='ocrx_word' id='word_1_188' title='bbox 450 2403 570 2460; x_wconf 78' lang='lat' dir='ltr'><strong><em>illis</em></strong></span> <span class='ocrx_word' id='word_1_189' title='bbox 593 2417 942 2474; x_wconf 80' lang='lat' dir='ltr'><strong><em>congressus,</em></strong></span> <span class='ocrx_word' id='word_1_190' title='bbox 965 2401 1298 2456; x_wconf 88' lang='lat' dir='ltr'><strong><em>celebritatis</em></strong></span> <span class='ocrx_word' id='word_1_191' title='bbox 1319 2401 1536 2470; x_wconf 89' lang='lat' dir='ltr'><strong><em>quidem</em></strong></span> <span class='ocrx_word' id='word_1_192' title='bbox 1561 2408 1776 2470; x_wconf 88' lang='lat' dir='ltr'><strong><em>tempus</em></strong></span> <span class='ocrx_word' id='word_1_193' title='bbox 1804 2411 2026 2470; x_wconf 73' lang='lat' dir='ltr'><strong><em>praetcr-</em></strong></span> 
     </span>
    </p>
   </div>
   <div class='ocr_carea' id='block_1_28' title="bbox 459 2491 2024 2564">
    <p class='ocr_par' dir='ltr' id='par_1_28' title="bbox 459 2491 2024 2564">
     <span class='ocr_line' id='line_1_28' title="bbox 459 2491 2024 2564; baseline -0.004 -16"><span class='ocrx_word' id='word_1_194' title='bbox 459 2493 608 2558; x_wconf 87' lang='lat' dir='ltr'><strong><em>misi,</em></strong></span> <span class='ocrx_word' id='word_1_195' title='bbox 636 2507 991 2564; x_wconf 82' lang='lat' dir='ltr'><strong><em>congressum</em></strong></span> <span class='ocrx_word' id='word_1_196' title='bbox 1024 2499 1204 2546; x_wconf 89' lang='lat' dir='ltr'><strong><em>autem</em></strong></span> <span class='ocrx_word' id='word_1_197' title='bbox 1235 2491 1290 2544; x_wconf 91' lang='lat' dir='ltr'><strong><em>in</em></strong></span> <span class='ocrx_word' id='word_1_198' title='bbox 1319 2491 1562 2562; x_wconf 78' lang='lat' dir='ltr'><strong><em>quietum</em></strong></span> <span class='ocrx_word' id='word_1_199' title='bbox 1588 2504 1651 2545; x_wconf 83' lang='lat' dir='ltr'><strong><em>ac</em></strong></span> <span class='ocrx_word' id='word_1_200' title='bbox 1677 2505 1873 2560; x_wconf 72' lang='lat' dir='ltr'><strong><em>expers</em></strong></span> <span class='ocrx_word' id='word_1_201' title='bbox 1897 2505 2024 2559; x_wconf 88' lang='lat' dir='ltr'><strong><em>per-</em></strong></span> 
     </span>
    </p>
   </div>
   <div class='ocr_carea' id='block_1_29' title="bbox 459 2581 2024 2652">
    <p class='ocr_par' dir='ltr' id='par_1_29' title="bbox 459 2581 2024 2652">
     <span class='ocr_line' id='line_1_29' title="bbox 459 2581 2024 2652; baseline -0.004 -12"><span class='ocrx_word' id='word_1_202' title='bbox 459 2583 795 2640; x_wconf 82' lang='lat' dir='ltr'><strong><em>turbationis</em></strong></span> <span class='ocrx_word' id='word_1_203' title='bbox 820 2591 1034 2651; x_wconf 85' lang='lat' dir='ltr'><strong><em>tempus</em></strong></span> <span class='ocrx_word' id='word_1_204' title='bbox 1065 2583 1289 2646; x_wconf 88' lang='lat' dir='ltr'><strong><em>distuli;</em></strong></span> <span class='ocrx_word' id='word_1_205' title='bbox 1319 2597 1512 2652; x_wconf 87' lang='lat' dir='ltr'><strong><em>meque</em></strong></span> <span class='ocrx_word' id='word_1_206' title='bbox 1537 2583 1709 2636; x_wconf 87' lang='lat' dir='ltr'><strong><em>satius</em></strong></span> <span class='ocrx_word' id='word_1_207' title='bbox 1747 2597 1870 2636; x_wconf 86' lang='lat' dir='ltr'><strong><em>esse</em></strong></span> <span class='ocrx_word' id='word_1_208' title='bbox 1893 2581 2024 2635; x_wconf 80' lang='lat' dir='ltr'><strong><em>duxi</em></strong></span> 
     </span>
    </p>
   </div>
   <div class='ocr_carea' id='block_1_30' title="bbox 460 2673 2024 2746">
    <p class='ocr_par' dir='ltr' id='par_1_30' title="bbox 460 2673 2024 2746">
     <span class='ocr_line' id='line_1_30' title="bbox 460 2673 2024 2746; baseline -0.005 -14"><span class='ocrx_word' id='word_1_209' title='bbox 460 2675 762 2746; x_wconf 80' lang='lat' dir='ltr'><strong><em>Nicopolim</em></strong></span> <span class='ocrx_word' id='word_1_210' title='bbox 811 2676 1114 2729; x_wconf 86' lang='lat' dir='ltr'><strong><em>venientem</em></strong></span> <span class='ocrx_word' id='word_1_211' title='bbox 1167 2675 1234 2728; x_wconf 89' lang='lat' dir='ltr'><strong><em>de</em></strong></span> <span class='ocrx_word' id='word_1_212' title='bbox 1279 2673 1610 2728; x_wconf 87' lang='lat' dir='ltr'><strong><em>necessariis</em></strong></span> <span class='ocrx_word' id='word_1_213' title='bbox 1659 2673 2024 2728; x_wconf 84' lang='lat' dir='ltr'><strong><em>Ecclesiarum</em></strong></span> 
     </span>
    </p>
   </div>
   <div class='ocr_carea' id='block_1_31' title="bbox 460 2761 2022 2834">
    <p class='ocr_par' dir='ltr' id='par_1_31' title="bbox 460 2761 2022 2834">
     <span class='ocr_line' id='line_1_31' title="bbox 460 2761 2022 2834; baseline -0.004 -14"><span class='ocrx_word' id='word_1_214' title='bbox 460 2767 626 2822; x_wconf 86' lang='lat' dir='ltr'><strong><em>rebus</em></strong></span> <span class='ocrx_word' id='word_1_215' title='bbox 657 2779 782 2820; x_wconf 89' lang='lat' dir='ltr'><strong><em>cum</em></strong></span> <span class='ocrx_word' id='word_1_216' title='bbox 812 2763 1224 2834; x_wconf 77' lang='lat' dir='ltr'><strong><em>religiosissimo</em></strong></span> <span class='ocrx_word' id='word_1_217' title='bbox 1245 2763 1502 2832; x_wconf 82' lang='lat' dir='ltr'><strong><em>episcopo</em></strong></span> <span class='ocrx_word' id='word_1_218' title='bbox 1524 2761 1736 2817; x_wconf 80' lang='lat' dir='ltr'><strong><em>Meletio</em></strong></span> <span class='ocrx_word' id='word_1_219' title='bbox 1763 2762 2022 2831; x_wconf 80' lang='lat' dir='ltr'><strong><em>colloqui,</em></strong></span> 
     </span>
    </p>
   </div>
   <div class='ocr_carea' id='block_1_32' title="bbox 461 2853 2022 2924">
    <p class='ocr_par' dir='ltr' id='par_1_32' title="bbox 461 2853 2022 2924">
     <span class='ocr_line' id='line_1_32' title="bbox 461 2853 2022 2924; baseline -0.004 -13"><span class='ocrx_word' id='word_1_220' title='bbox 461 2857 507 2912; x_wconf 91' lang='lat' dir='ltr'><strong><em>si</em></strong></span> <span class='ocrx_word' id='word_1_221' title='bbox 533 2856 815 2910; x_wconf 84' lang='lat' dir='ltr'><strong><em>Samosata</em></strong></span> <span class='ocrx_word' id='word_1_222' title='bbox 839 2869 1062 2924; x_wconf 80' lang='lat' dir='ltr'><strong><em>pergere</em></strong></span> <span class='ocrx_word' id='word_1_223' title='bbox 1085 2860 1327 2908; x_wconf 84' lang='lat' dir='ltr'><strong><em>recuset:</em></strong></span> <span class='ocrx_word' id='word_1_224' title='bbox 1357 2853 1442 2908; x_wconf 89' lang='lat' dir='ltr'><strong><em>sin</em></strong></span> <span class='ocrx_word' id='word_1_225' title='bbox 1465 2861 1644 2907; x_wconf 88' lang='lat' dir='ltr'><strong><em>autem</em></strong></span> <span class='ocrx_word' id='word_1_226' title='bbox 1662 2868 1769 2906; x_wconf 89' lang='lat' dir='ltr'><strong><em>non</em></strong></span> <span class='ocrx_word' id='word_1_227' title='bbox 1787 2859 2022 2915; x_wconf 87' lang='lat' dir='ltr'><strong><em>recuset,</em></strong></span> 
     </span>
    </p>
   </div>
   <div class='ocr_carea' id='block_1_33' title="bbox 461 2943 2023 3007">
    <p class='ocr_par' dir='ltr' id='par_1_33' title="bbox 461 2943 2023 3007">
     <span class='ocr_line' id='line_1_33' title="bbox 461 2943 2023 3007; baseline -0.004 -2"><span class='ocrx_word' id='word_1_228' title='bbox 461 2947 626 3005; x_wconf 86' lang='lat' dir='ltr'><strong><em>simul</em></strong></span> <span class='ocrx_word' id='word_1_229' title='bbox 653 2961 778 3002; x_wconf 90' lang='lat' dir='ltr'><strong><em>cum</em></strong></span> <span class='ocrx_word' id='word_1_230' title='bbox 805 2960 871 3000; x_wconf 91' lang='lat' dir='ltr'><strong><em>eo</em></strong></span> <span class='ocrx_word' id='word_1_231' title='bbox 895 2944 1295 3007; x_wconf 88' lang='lat' dir='ltr'><strong><em>advolabimus,</em></strong></span> <span class='ocrx_word' id='word_1_232' title='bbox 1326 2943 1490 2999; x_wconf 89' lang='lat' dir='ltr'><strong><em>modo</em></strong></span> <span class='ocrx_word' id='word_1_233' title='bbox 1511 2943 1567 2998; x_wconf 90' lang='lat' dir='ltr'><strong><em>id</em></strong></span> <span class='ocrx_word' id='word_1_234' title='bbox 1597 2944 1729 2998; x_wconf 86' lang='lat' dir='ltr'><strong><em>mihi</em></strong></span> <span class='ocrx_word' id='word_1_235' title='bbox 1762 2943 1830 2998; x_wconf 87' lang='lat' dir='ltr'><strong><em>ab</em></strong></span> <span class='ocrx_word' id='word_1_236' title='bbox 1868 2951 2023 2998; x_wconf 88' lang='lat' dir='ltr'><strong><em>utro-</em></strong></span> 
     </span>
    </p>
   </div>
   <div class='ocr_carea' id='block_1_34' title="bbox 460 3035 2025 3112">
    <p class='ocr_par' dir='ltr' id='par_1_34' title="bbox 460 3035 2025 3112">
     <span class='ocr_line' id='line_1_34' title="bbox 460 3035 2025 3112; baseline -0.004 -16"><span class='ocrx_word' id='word_1_237' title='bbox 460 3055 566 3112; x_wconf 88' lang='lat' dir='ltr'><strong><em>que</em></strong></span> <span class='ocrx_word' id='word_1_238' title='bbox 589 3039 919 3100; x_wconf 85' lang='lat' dir='ltr'><strong><em>declaretur,</em></strong></span> <span class='ocrx_word' id='word_1_239' title='bbox 952 3037 1204 3092; x_wconf 86' lang='lat' dir='ltr'><strong><em>videlicet</em></strong></span> <span class='ocrx_word' id='word_1_240' title='bbox 1244 3036 1313 3092; x_wconf 84' lang='lat' dir='ltr'><strong><em>ab</em></strong></span> <span class='ocrx_word' id='word_1_241' title='bbox 1347 3037 1440 3090; x_wconf 92' lang='lat' dir='ltr'><strong><em>illo</em></strong></span> <span class='ocrx_word' id='word_1_242' title='bbox 1481 3036 1600 3106; x_wconf 86' lang='lat' dir='ltr'><strong><em>ipso</em></strong></span> <span class='ocrx_word' id='word_1_243' title='bbox 1642 3035 1800 3091; x_wconf 89' lang='lat' dir='ltr'><strong><em>nobis</em></strong></span> <span class='ocrx_word' id='word_1_244' title='bbox 1841 3035 1910 3090; x_wconf 93' lang='lat' dir='ltr'><strong><em>de</em></strong></span> <span class='ocrx_word' id='word_1_245' title='bbox 1938 3035 2025 3090; x_wconf 88' lang='lat' dir='ltr'><strong><em>his</em></strong></span> 
     </span>
    </p>
   </div>
   <div class='ocr_carea' id='block_1_35' title="bbox 459 3126 2021 3198">
    <p class='ocr_par' dir='ltr' id='par_1_35' title="bbox 459 3126 2021 3198">
     <span class='ocr_line' id='line_1_35' title="bbox 459 3126 2021 3198; baseline -0.006 -10"><span class='ocrx_word' id='word_1_246' title='bbox 459 3130 798 3188; x_wconf 87' lang='lat' dir='ltr'><strong><em>rescribente</em></strong></span> <span class='ocrx_word' id='word_1_247' title='bbox 831 3127 1177 3198; x_wconf 89' lang='lat' dir='ltr'><strong><em>(scripsimus</em></strong></span> <span class='ocrx_word' id='word_1_248' title='bbox 1201 3127 1389 3196; x_wconf 87' lang='lat' dir='ltr'><strong><em>enim),</em></strong></span> <span class='ocrx_word' id='word_1_249' title='bbox 1421 3135 1585 3196; x_wconf 89' lang='lat' dir='ltr'><strong><em>atque</em></strong></span> <span class='ocrx_word' id='word_1_250' title='bbox 1611 3142 1640 3180; x_wconf 89' lang='lat' dir='ltr'><strong><em>a</em></strong></span> <span class='ocrx_word' id='word_1_251' title='bbox 1676 3134 1768 3180; x_wconf 89' lang='lat' dir='ltr'><strong><em>tua</em></strong></span> <span class='ocrx_word' id='word_1_252' title='bbox 1797 3126 2021 3197; x_wconf 86' lang='lat' dir='ltr'><strong><em>pietate.</em></strong></span> 
     </span>
    </p>
   </div>
   <div class='ocr_carea' id='block_1_36' title="bbox 2387 840 3434 911">
    <p class='ocr_par' dir='ltr' id='par_1_36' title="bbox 2387 840 3434 911">
     <span class='ocr_line' id='line_1_36' title="bbox 2387 840 3434 911; baseline 0.004 -19"><span class='ocrx_word' id='word_1_253' title='bbox 2387 840 2676 904; x_wconf 80' lang='grc' dir='ltr'><strong><em>Εὑσεϐίῳ,</em></strong></span> <span class='ocrx_word' id='word_1_254' title='bbox 2711 840 3020 910; x_wconf 78' lang='grc' dir='ltr'>ἐπισκόπῳ</span> <span class='ocrx_word' id='word_1_255' title='bbox 3053 840 3434 911; x_wconf 77' lang='grc' dir='ltr'><strong><em>Σαμοσάτων.</em></strong></span> 
     </span>
    </p>
   </div>
   <div class='ocr_carea' id='block_1_37' title="bbox 2200 950 3700 1026">
    <p class='ocr_par' dir='ltr' id='par_1_37' title="bbox 2200 950 3700 1026">
     <span class='ocr_line' id='line_1_37' title="bbox 2200 950 3700 1026; baseline 0.003 -22"><span class='ocrx_word' id='word_1_256' title='bbox 2200 950 2224 1004; x_wconf 75' lang='grc'>1</span> <span class='ocrx_word' id='word_1_257' title='bbox 2239 991 2251 1002; x_wconf 94' lang='grc'><strong><em>.</em></strong></span> <span class='ocrx_word' id='word_1_258' title='bbox 2269 950 2417 1004; x_wconf 86' lang='grc' dir='ltr'>Πάνυ</span> <span class='ocrx_word' id='word_1_259' title='bbox 2437 951 2516 1024; x_wconf 87' lang='grc' dir='ltr'><strong><em>ὡρ</em></strong></span> <span class='ocrx_word' id='word_1_260' title='bbox 2523 970 2594 1024; x_wconf 87' lang='grc' dir='ltr'><strong><em>μη</em></strong></span> <span class='ocrx_word' id='word_1_261' title='bbox 2605 953 2763 1020; x_wconf 86' lang='grc' dir='ltr'>μένος</span> <span class='ocrx_word' id='word_1_262' title='bbox 2774 954 3098 1008; x_wconf 75' lang='grc' dir='ltr'>καταλαϐεῖν</span> <span class='ocrx_word' id='word_1_263' title='bbox 3113 955 3210 1026; x_wconf 85' lang='grc' dir='ltr'>τὴν</span> <span class='ocrx_word' id='word_1_264' title='bbox 3225 954 3538 1010; x_wconf 85' lang='grc' dir='ltr'><strong><em>Νικόπολιν.</em></strong></span> <span class='ocrx_word' id='word_1_265' title='bbox 3557 954 3700 1025; x_wconf 79' lang='grc' dir='ltr'><strong><em>μετά</em></strong></span> 
     </span>
    </p>
   </div>
   <div class='ocr_carea' id='block_1_38' title="bbox 2127 1041 3702 1118">
    <p class='ocr_par' dir='ltr' id='par_1_38' title="bbox 2127 1041 3702 1118">
     <span class='ocr_line' id='line_1_38' title="bbox 2127 1041 3702 1118; baseline 0.003 -25"><span class='ocrx_word' id='word_1_266' title='bbox 2127 1041 2188 1094; x_wconf 85' lang='grc' dir='ltr'><strong><em>τὸ</em></strong></span> <span class='ocrx_word' id='word_1_267' title='bbox 2210 1041 2464 1106; x_wconf 82' lang='grc' dir='ltr'>δέξασθαι</span> <span class='ocrx_word' id='word_1_268' title='bbox 2487 1043 2552 1096; x_wconf 82' lang='grc' dir='ltr'><strong><em>τὰ</em></strong></span> <span class='ocrx_word' id='word_1_269' title='bbox 2569 1043 2719 1114; x_wconf 85' lang='grc' dir='ltr'>παρὰ</span> <span class='ocrx_word' id='word_1_270' title='bbox 2739 1045 2836 1116; x_wconf 76' lang='grc' dir='ltr'>τῆς</span> <span class='ocrx_word' id='word_1_271' title='bbox 2863 1045 3136 1115; x_wconf 85' lang='grc' dir='ltr'>όσιότητός</span> <span class='ocrx_word' id='word_1_272' title='bbox 3155 1047 3265 1117; x_wconf 62' lang='grc'>(84)</span> <span class='ocrx_word' id='word_1_273' title='bbox 3284 1064 3376 1100; x_wconf 87' lang='grc' dir='ltr'><strong><em>σου</em></strong></span> <span class='ocrx_word' id='word_1_274' title='bbox 3397 1046 3702 1118; x_wconf 86' lang='grc' dir='ltr'>γράμματα.</span> 
     </span>
    </p>
   </div>
   <div class='ocr_carea' id='block_1_39' title="bbox 2122 1128 3702 1207">
    <p class='ocr_par' dir='ltr' id='par_1_39' title="bbox 2122 1128 3702 1207">
     <span class='ocr_line' id='line_1_39' title="bbox 2122 1128 3702 1207; baseline 0.004 -25"><span class='ocrx_word' id='word_1_275' title='bbox 2122 1128 2347 1200; x_wconf 76' lang='grc' dir='ltr'><strong><em>ἄρνησιν</em></strong></span> <span class='ocrx_word' id='word_1_276' title='bbox 2375 1129 2564 1201; x_wconf 74' lang='grc' dir='ltr'>ἔχοντα</span> <span class='ocrx_word' id='word_1_277' title='bbox 2593 1133 2692 1202; x_wconf 83' lang='grc' dir='ltr'><strong><em>τῆς</em></strong></span> <span class='ocrx_word' id='word_1_278' title='bbox 2722 1134 2976 1202; x_wconf 79' lang='grc' dir='ltr'><strong><em>ἀφίξεως,</em></strong></span> <span class='ocrx_word' id='word_1_279' title='bbox 3009 1135 3272 1207; x_wconf 86' lang='grc' dir='ltr'>παρείθην</span> <span class='ocrx_word' id='word_1_280' title='bbox 3307 1135 3416 1188; x_wconf 77' lang='grc' dir='ltr'>ἀπὸ</span> <span class='ocrx_word' id='word_1_281' title='bbox 3451 1135 3550 1204; x_wconf 79' lang='grc' dir='ltr'>τῆς</span> <span class='ocrx_word' id='word_1_282' title='bbox 3581 1137 3702 1188; x_wconf 84' lang='grc' dir='ltr'>ἐπι-</span> 
     </span>
    </p>
   </div>
   <div class='ocr_carea' id='block_1_40' title="bbox 2124 1221 3703 1298">
    <p class='ocr_par' dir='ltr' id='par_1_40' title="bbox 2124 1221 3703 1298">
     <span class='ocr_line' id='line_1_40' title="bbox 2124 1221 3703 1298; baseline 0.005 -25"><span class='ocrx_word' id='word_1_283' title='bbox 2124 1221 2320 1292; x_wconf 78' lang='grc' dir='ltr'>θυμίας</span> <span class='ocrx_word' id='word_1_284' title='bbox 2346 1223 2478 1290; x_wconf 78' lang='grc'>(85),</span> <span class='ocrx_word' id='word_1_285' title='bbox 2512 1224 2604 1276; x_wconf 74' lang='grc' dir='ltr'>καὶ</span> <span class='ocrx_word' id='word_1_286' title='bbox 2636 1225 2815 1295; x_wconf 76' lang='grc' dir='ltr'>πάσης</span> <span class='ocrx_word' id='word_1_287' title='bbox 2844 1227 2978 1296; x_wconf 80' lang='grc' dir='ltr'>ὁμοῦ</span> <span class='ocrx_word' id='word_1_288' title='bbox 3016 1227 3116 1297; x_wconf 77' lang='grc' dir='ltr'><strong><em>τῆς</em></strong></span> <span class='ocrx_word' id='word_1_289' title='bbox 3140 1227 3421 1292; x_wconf 82' lang='grc' dir='ltr'>ἀσθενείας</span> <span class='ocrx_word' id='word_1_290' title='bbox 3463 1228 3703 1298; x_wconf 82' lang='grc' dir='ltr'>ἀνεμνή-</span> 
     </span>
    </p>
   </div>
   <div class='ocr_carea' id='block_1_41' title="bbox 2127 1308 3702 1390">
    <p class='ocr_par' dir='ltr' id='par_1_41' title="bbox 2127 1308 3702 1390">
     <span class='ocr_line' id='line_1_41' title="bbox 2127 1308 3702 1390; baseline 0.006 -27"><span class='ocrx_word' id='word_1_291' title='bbox 2127 1311 2277 1383; x_wconf 86' lang='grc' dir='ltr'>σθην.</span> <span class='ocrx_word' id='word_1_292' title='bbox 2311 1308 2481 1366; x_wconf 59' lang='grc' dir='ltr'>*Ηλθε</span> <span class='ocrx_word' id='word_1_293' title='bbox 2523 1314 2582 1368; x_wconf 85' lang='grc' dir='ltr'><strong><em>δέ</em></strong></span> <span class='ocrx_word' id='word_1_294' title='bbox 2641 1332 2728 1386; x_wconf 88' lang='grc' dir='ltr'><strong><em>μοι</em></strong></span> <span class='ocrx_word' id='word_1_295' title='bbox 2765 1317 2844 1379; x_wconf 80' lang='grc' dir='ltr'>εἰς</span> <span class='ocrx_word' id='word_1_296' title='bbox 2884 1316 3088 1370; x_wconf 78' lang='grc' dir='ltr'>ἔννοιαν</span> <span class='ocrx_word' id='word_1_297' title='bbox 3124 1320 3217 1372; x_wconf 75' lang='grc' dir='ltr'><strong><em>καὶ</em></strong></span> <span class='ocrx_word' id='word_1_298' title='bbox 3242 1318 3402 1390; x_wconf 83' lang='grc' dir='ltr'>ἡτῶν</span> <span class='ocrx_word' id='word_1_299' title='bbox 3439 1319 3702 1390; x_wconf 83' lang='grc' dir='ltr'>κεκληκό-</span> 
     </span>
    </p>
   </div>
   <div class='ocr_carea' id='block_1_42' title="bbox 2132 1403 3686 1481">
    <p class='ocr_par' dir='ltr' id='par_1_42' title="bbox 2132 1403 3686 1481">
     <span class='ocr_line' id='line_1_42' title="bbox 2132 1403 3686 1481; baseline 0.006 -27"><span class='ocrx_word' id='word_1_300' title='bbox 2132 1419 2236 1455; x_wconf 88' lang='grc' dir='ltr'><strong><em>των</em></strong></span> <span class='ocrx_word' id='word_1_301' title='bbox 2265 1403 2580 1472; x_wconf 74' lang='grc' dir='ltr'>ἀφοσίωσις,</span> <span class='ocrx_word' id='word_1_302' title='bbox 2622 1406 2724 1470; x_wconf 85' lang='grc' dir='ltr'>ὅτι,</span> <span class='ocrx_word' id='word_1_303' title='bbox 2763 1408 3060 1478; x_wconf 77' lang='grc' dir='ltr'>παροδικὴν</span> <span class='ocrx_word' id='word_1_304' title='bbox 3116 1409 3252 1480; x_wconf 84' lang='grc' dir='ltr'>πρὸς</span> <span class='ocrx_word' id='word_1_305' title='bbox 3294 1410 3441 1480; x_wconf 81' lang='grc' dir='ltr'>ἡμᾶς</span> <span class='ocrx_word' id='word_1_306' title='bbox 3477 1410 3686 1481; x_wconf 85' lang='grc' dir='ltr'>ποιησά</span> 
     </span>
    </p>
   </div>
   <div class='ocr_carea' id='block_1_43' title="bbox 2130 1493 3705 1573">
    <p class='ocr_par' dir='ltr' id='par_1_43' title="bbox 2130 1493 3705 1573">
     <span class='ocr_line' id='line_1_43' title="bbox 2130 1493 3705 1573; baseline 0.006 -29"><span class='ocrx_word' id='word_1_307' title='bbox 2130 1509 2280 1573; x_wconf 85' lang='grc' dir='ltr'>μενοι</span> <span class='ocrx_word' id='word_1_308' title='bbox 2328 1493 2424 1564; x_wconf 83' lang='grc' dir='ltr'>τὴν</span> <span class='ocrx_word' id='word_1_309' title='bbox 2464 1493 2656 1566; x_wconf 79' lang='grc' dir='ltr'>κλῆσιν</span> <span class='ocrx_word' id='word_1_310' title='bbox 2703 1495 2790 1550; x_wconf 74' lang='grc' dir='ltr'><strong><em>διὰ</em></strong></span> <span class='ocrx_word' id='word_1_311' title='bbox 2847 1499 2939 1551; x_wconf 76' lang='grc' dir='ltr'>τοῦ</span> <span class='ocrx_word' id='word_1_312' title='bbox 2993 1499 3416 1570; x_wconf 80' lang='grc' dir='ltr'>αἰδεσιμωτάτου</span> <span class='ocrx_word' id='word_1_313' title='bbox 3469 1499 3705 1570; x_wconf 81' lang='grc' dir='ltr'>ἀδελφοῦ</span> 
     </span>
    </p>
   </div>
   <div class='ocr_carea' id='block_1_44' title="bbox 2126 1582 3706 1661">
    <p class='ocr_par' dir='ltr' id='par_1_44' title="bbox 2126 1582 3706 1661">
     <span class='ocr_line' id='line_1_44' title="bbox 2126 1582 3706 1661; baseline 0.005 -25"><span class='ocrx_word' id='word_1_314' title='bbox 2126 1582 2236 1652; x_wconf 86' lang='grc'>(86)</span> <span class='ocrx_word' id='word_1_315' title='bbox 2279 1585 2548 1656; x_wconf 78' lang='grc' dir='ltr'>Ἑλληνίου</span> <span class='ocrx_word' id='word_1_316' title='bbox 2594 1587 2688 1640; x_wconf 76' lang='grc' dir='ltr'><strong><em>τοῦ</em></strong></span> <span class='ocrx_word' id='word_1_317' title='bbox 2720 1589 3022 1654; x_wconf 81' lang='grc' dir='ltr'>ἐξισοῦντος</span> <span class='ocrx_word' id='word_1_318' title='bbox 3064 1589 3399 1655; x_wconf 74' lang='grc' dir='ltr'>Ναζιανζὸν,</span> <span class='ocrx_word' id='word_1_319' title='bbox 3449 1590 3706 1661; x_wconf 79' lang='grc' dir='ltr'>δεύτερον</span> 
     </span>
    </p>
   </div>
   <div class='ocr_carea' id='block_1_45' title="bbox 2125 1673 3705 1752">
    <p class='ocr_par' dir='ltr' id='par_1_45' title="bbox 2125 1673 3705 1752">
     <span class='ocr_line' id='line_1_45' title="bbox 2125 1673 3705 1752; baseline 0.007 -28"><span class='ocrx_word' id='word_1_320' title='bbox 2125 1673 2386 1743; x_wconf 74' lang='grc' dir='ltr'>περὶτῶν</span> <span class='ocrx_word' id='word_1_321' title='bbox 2427 1677 2604 1730; x_wconf 75' lang='grc' dir='ltr'>αὐτῶν</span> <span class='ocrx_word' id='word_1_322' title='bbox 2637 1678 3121 1750; x_wconf 75' lang='grc' dir='ltr'>ὑπομιμνήσκοντα</span> <span class='ocrx_word' id='word_1_323' title='bbox 3156 1681 3291 1751; x_wconf 89' lang='grc'><strong><em>(87),</em></strong></span> <span class='ocrx_word' id='word_1_324' title='bbox 3331 1680 3364 1750; x_wconf 81' lang='grc' dir='ltr'><strong>ἢ</strong></span> <span class='ocrx_word' id='word_1_325' title='bbox 3405 1680 3705 1752; x_wconf 76' lang='grc' dir='ltr'>ὀδηγοῦντα</span> 
     </span>
    </p>
   </div>
   <div class='ocr_carea' id='block_1_46' title="bbox 2126 1765 3679 1838">
    <p class='ocr_par' dir='ltr' id='par_1_46' title="bbox 2126 1765 3679 1838">
     <span class='ocr_line' id='line_1_46' title="bbox 2126 1765 3679 1838; baseline 0.007 -23"><span class='ocrx_word' id='word_1_326' title='bbox 2126 1765 2290 1834; x_wconf 80' lang='grc' dir='ltr'>ἡμᾶς,</span> <span class='ocrx_word' id='word_1_327' title='bbox 2342 1767 2402 1818; x_wconf 79' lang='grc' dir='ltr'><strong><em>οὐ</em></strong></span> <span class='ocrx_word' id='word_1_328' title='bbox 2453 1769 2798 1838; x_wconf 79' lang='grc' dir='ltr'>κατηξίωσαν</span> <span class='ocrx_word' id='word_1_329' title='bbox 2846 1772 3182 1825; x_wconf 82' lang='grc' dir='ltr'>ἀποστεῖλαι.</span> <span class='ocrx_word' id='word_1_330' title='bbox 3257 1772 3409 1824; x_wconf 73' lang='grc' dir='ltr'>Ἐπεὶ</span> <span class='ocrx_word' id='word_1_331' title='bbox 3453 1767 3548 1824; x_wconf 82' lang='grc' dir='ltr'><strong><em>οὖν</em></strong></span> <span class='ocrx_word' id='word_1_332' title='bbox 3599 1771 3679 1826; x_wconf 81' lang='grc' dir='ltr'><strong><em>ὓπ</em></strong></span> 
     </span>
    </p>
   </div>
   <div class='ocr_carea' id='block_1_47' title="bbox 2126 1857 3706 1936">
    <p class='ocr_par' dir='ltr' id='par_1_47' title="bbox 2126 1857 3706 1936">
     <span class='ocr_line' id='line_1_47' title="bbox 2126 1857 3706 1936; baseline 0.006 -28"><span class='ocrx_word' id='word_1_333' title='bbox 2126 1873 2278 1908; x_wconf 83' lang='grc' dir='ltr'>οπτοι</span> <span class='ocrx_word' id='word_1_334' title='bbox 2326 1857 2508 1920; x_wconf 72' lang='grc' dir='ltr'>αὐτοῖς</span> <span class='ocrx_word' id='word_1_335' title='bbox 2555 1859 2721 1929; x_wconf 85' lang='grc' dir='ltr'>ἐσμεν</span> <span class='ocrx_word' id='word_1_336' title='bbox 2753 1860 2842 1914; x_wconf 74' lang='grc' dir='ltr'><strong><em>διὰ</em></strong></span> <span class='ocrx_word' id='word_1_337' title='bbox 2868 1861 2964 1925; x_wconf 80' lang='grc' dir='ltr'>τὰς</span> <span class='ocrx_word' id='word_1_338' title='bbox 2993 1862 3264 1931; x_wconf 87' lang='grc' dir='ltr'>ἁμαρτίας</span> <span class='ocrx_word' id='word_1_339' title='bbox 3297 1862 3472 1933; x_wconf 80' lang='grc' dir='ltr'>ἡμῶν,</span> <span class='ocrx_word' id='word_1_340' title='bbox 3503 1863 3706 1936; x_wconf 71' lang='grc' dir='ltr'>ἐφοϐήο</span> 
     </span>
    </p>
   </div>
   <div class='ocr_carea' id='block_1_48' title="bbox 2127 1947 3708 2026">
    <p class='ocr_par' dir='ltr' id='par_1_48' title="bbox 2127 1947 3708 2026">
     <span class='ocr_line' id='line_1_48' title="bbox 2127 1947 3708 2026; baseline 0.006 -27"><span class='ocrx_word' id='word_1_341' title='bbox 2127 1947 2300 2017; x_wconf 81' lang='grc' dir='ltr'>θημεν</span> <span class='ocrx_word' id='word_1_342' title='bbox 2337 1949 2409 2018; x_wconf 85' lang='grc' dir='ltr'>μή</span> <span class='ocrx_word' id='word_1_343' title='bbox 2456 1966 2559 2002; x_wconf 88' lang='grc' dir='ltr'><strong><em>που</em></strong></span> <span class='ocrx_word' id='word_1_344' title='bbox 2604 1951 2662 2003; x_wconf 80' lang='grc' dir='ltr'>τὸ</span> <span class='ocrx_word' id='word_1_345' title='bbox 2715 1953 2934 2024; x_wconf 76' lang='grc' dir='ltr'><strong><em>φαιδρὸν</em></strong></span> <span class='ocrx_word' id='word_1_346' title='bbox 2977 1954 3158 2016; x_wconf 79' lang='grc' dir='ltr'>αὐτοῖς</span> <span class='ocrx_word' id='word_1_347' title='bbox 3201 1953 3302 2022; x_wconf 84' lang='grc' dir='ltr'>τῆς</span> <span class='ocrx_word' id='word_1_348' title='bbox 3343 1955 3708 2026; x_wconf 68' lang='grc' dir='ltr'>πανηγύρεως</span> 
     </span>
    </p>
   </div>
   <div class='ocr_carea' id='block_1_49' title="bbox 2127 2040 3709 2118">
    <p class='ocr_par' dir='ltr' id='par_1_49' title="bbox 2127 2040 3709 2118">
     <span class='ocr_line' id='line_1_49' title="bbox 2127 2040 3709 2118; baseline 0.006 -27"><span class='ocrx_word' id='word_1_349' title='bbox 2127 2041 2192 2108; x_wconf 81' lang='grc' dir='ltr'>τῇ</span> <span class='ocrx_word' id='word_1_350' title='bbox 2243 2040 2516 2112; x_wconf 74' lang='grc' dir='ltr'>παρουσίᾳ</span> <span class='ocrx_word' id='word_1_351' title='bbox 2561 2042 2720 2112; x_wconf 81' lang='grc' dir='ltr'>ἡμῶν</span> <span class='ocrx_word' id='word_1_352' title='bbox 2770 2045 3208 2116; x_wconf 84' lang='grc' dir='ltr'>ἐπιθολὼσωμεν.</span> <span class='ocrx_word' id='word_1_353' title='bbox 3253 2046 3406 2100; x_wconf 88' lang='grc' dir='ltr'>Μετά</span> <span class='ocrx_word' id='word_1_354' title='bbox 3455 2049 3552 2118; x_wconf 82' lang='grc' dir='ltr'>μὲν</span> <span class='ocrx_word' id='word_1_355' title='bbox 3591 2047 3709 2118; x_wconf 82' lang='grc' dir='ltr'>γὰρ</span> 
     </span>
    </p>
   </div>
   <div class='ocr_carea' id='block_1_50' title="bbox 2129 2133 3712 2208">
    <p class='ocr_par' dir='ltr' id='par_1_50' title="bbox 2129 2133 3712 2208">
     <span class='ocr_line' id='line_1_50' title="bbox 2129 2133 3712 2208; baseline 0.004 -24"><span class='ocrx_word' id='word_1_356' title='bbox 2129 2133 2226 2202; x_wconf 83' lang='grc' dir='ltr'><strong><em>τῆς</em></strong></span> <span class='ocrx_word' id='word_1_357' title='bbox 2261 2133 2361 2202; x_wconf 75' lang='grc' dir='ltr'>σῆς</span> <span class='ocrx_word' id='word_1_358' title='bbox 2407 2135 2774 2204; x_wconf 67' lang='grc' dir='ltr'>μεγαλοφυῖας</span> <span class='ocrx_word' id='word_1_359' title='bbox 2811 2137 2905 2189; x_wconf 75' lang='grc' dir='ltr'><strong><em>καὶ</em></strong></span> <span class='ocrx_word' id='word_1_360' title='bbox 2940 2137 3074 2208; x_wconf 75' lang='grc' dir='ltr'>πρὸς</span> <span class='ocrx_word' id='word_1_361' title='bbox 3117 2139 3239 2199; x_wconf 80' lang='grc' dir='ltr'>τοὺς</span> <span class='ocrx_word' id='word_1_362' title='bbox 3277 2136 3542 2206; x_wconf 82' lang='grc' dir='ltr'>μεγάλους</span> <span class='ocrx_word' id='word_1_363' title='bbox 3567 2137 3712 2190; x_wconf 87' lang='grc' dir='ltr'>ἀπο-</span> 
     </span>
    </p>
   </div>
   <div class='ocr_carea' id='block_1_51' title="bbox 2125 2223 3711 2299">
    <p class='ocr_par' dir='ltr' id='par_1_51' title="bbox 2125 2223 3711 2299">
     <span class='ocr_line' id='line_1_51' title="bbox 2125 2223 3711 2299; baseline 0.005 -24"><span class='ocrx_word' id='word_1_364' title='bbox 2125 2223 2385 2278; x_wconf 76' lang='grc' dir='ltr'>δύσασθαι</span> <span class='ocrx_word' id='word_1_365' title='bbox 2439 2229 2779 2299; x_wconf 78' lang='grc' dir='ltr'>πειρασμοὺς</span> <span class='ocrx_word' id='word_1_366' title='bbox 2831 2230 2930 2281; x_wconf 75' lang='grc' dir='ltr'><strong><em>οὐκ</em></strong></span> <span class='ocrx_word' id='word_1_367' title='bbox 2975 2229 3271 2299; x_wconf 83' lang='grc' dir='ltr'>ὀκνοῦμεν’</span> <span class='ocrx_word' id='word_1_368' title='bbox 3321 2229 3448 2283; x_wconf 82' lang='grc' dir='ltr'>ἄνευ</span> <span class='ocrx_word' id='word_1_369' title='bbox 3501 2229 3561 2282; x_wconf 84' lang='grc' dir='ltr'><strong><em>δὲ</em></strong></span> <span class='ocrx_word' id='word_1_370' title='bbox 3607 2228 3711 2283; x_wconf 77' lang='grc' dir='ltr'>σοῦ</span> 
     </span>
    </p>
   </div>
   <div class='ocr_carea' id='block_1_52' title="bbox 2125 2315 3709 2393">
    <p class='ocr_par' dir='ltr' id='par_1_52' title="bbox 2125 2315 3709 2393">
     <span class='ocr_line' id='line_1_52' title="bbox 2125 2315 3709 2393; baseline 0.008 -27"><span class='ocrx_word' id='word_1_371' title='bbox 2125 2315 2244 2368; x_wconf 75' lang='grc' dir='ltr'>οὐδὲ</span> <span class='ocrx_word' id='word_1_372' title='bbox 2281 2319 2400 2380; x_wconf 89' lang='grc' dir='ltr'>ταῖς</span> <span class='ocrx_word' id='word_1_373' title='bbox 2433 2319 2721 2388; x_wconf 78' lang='grc' dir='ltr'>τυχούσαις</span> <span class='ocrx_word' id='word_1_374' title='bbox 2765 2319 3005 2389; x_wconf 72' lang='grc' dir='ltr'>θλίψεσιν</span> <span class='ocrx_word' id='word_1_375' title='bbox 3057 2321 3368 2392; x_wconf 70' lang='grc' dir='ltr'>ἀντιϐλέψαι</span> <span class='ocrx_word' id='word_1_376' title='bbox 3411 2320 3709 2393; x_wconf 78' lang='grc' dir='ltr'><strong><em>αὐτάρκως</em></strong></span> 
     </span>
    </p>
   </div>
   <div class='ocr_carea' id='block_1_53' title="bbox 2126 2405 3713 2482">
    <p class='ocr_par' dir='ltr' id='par_1_53' title="bbox 2126 2405 3713 2482">
     <span class='ocr_line' id='line_1_53' title="bbox 2126 2405 3713 2482; baseline 0.007 -25"><span class='ocrx_word' id='word_1_377' title='bbox 2126 2405 2340 2476; x_wconf 82' lang='grc' dir='ltr'>ἔχομεν.</span> <span class='ocrx_word' id='word_1_378' title='bbox 2386 2409 2536 2462; x_wconf 83' lang='grc' dir='ltr'>Ἐπεὶ</span> <span class='ocrx_word' id='word_1_379' title='bbox 2579 2407 2670 2464; x_wconf 78' lang='grc' dir='ltr'><strong><em>οὖν</em></strong></span> <span class='ocrx_word' id='word_1_380' title='bbox 2715 2411 3181 2482; x_wconf 81' lang='grc' dir='ltr'>ἐκκλησιαστικῶν</span> <span class='ocrx_word' id='word_1_381' title='bbox 3232 2413 3414 2466; x_wconf 72' lang='grc' dir='ltr'>ἕνεκεν</span> <span class='ocrx_word' id='word_1_382' title='bbox 3457 2413 3713 2479; x_wconf 73' lang='grc' dir='ltr'>γίνεσθαι</span> 
     </span>
    </p>
   </div>
   <div class='ocr_carea' id='block_1_54' title="bbox 2127 2499 3715 2574">
    <p class='ocr_par' dir='ltr' id='par_1_54' title="bbox 2127 2499 3715 2574">
     <span class='ocr_line' id='line_1_54' title="bbox 2127 2499 3715 2574; baseline 0.004 -24"><span class='ocrx_word' id='word_1_383' title='bbox 2127 2499 2282 2568; x_wconf 80' lang='grc' dir='ltr'>ἡμῶν</span> <span class='ocrx_word' id='word_1_384' title='bbox 2317 2501 2349 2570; x_wconf 83' lang='grc' dir='ltr'>ἡ</span> <span class='ocrx_word' id='word_1_385' title='bbox 2387 2500 2524 2572; x_wconf 77' lang='grc' dir='ltr'>πρὸς</span> <span class='ocrx_word' id='word_1_386' title='bbox 2567 2503 2762 2566; x_wconf 79' lang='grc' dir='ltr'>αὐτοὺς</span> <span class='ocrx_word' id='word_1_387' title='bbox 2810 2503 3044 2568; x_wconf 74' lang='grc' dir='ltr'>ἔντευξις</span> <span class='ocrx_word' id='word_1_388' title='bbox 3089 2503 3298 2574; x_wconf 80' lang='grc' dir='ltr'>ἔμελλε,</span> <span class='ocrx_word' id='word_1_389' title='bbox 3337 2503 3428 2556; x_wconf 82' lang='grc' dir='ltr'><strong><em>τὸν</em></strong></span> <span class='ocrx_word' id='word_1_390' title='bbox 3475 2504 3572 2574; x_wconf 87' lang='grc' dir='ltr'><strong><em>μὲν</em></strong></span> <span class='ocrx_word' id='word_1_391' title='bbox 3605 2505 3715 2574; x_wconf 80' lang='grc' dir='ltr'>τῆς</span> 
     </span>
    </p>
   </div>
   <div class='ocr_carea' id='block_1_55' title="bbox 2127 2589 3712 2664">
    <p class='ocr_par' dir='ltr' id='par_1_55' title="bbox 2127 2589 3712 2664">
     <span class='ocr_line' id='line_1_55' title="bbox 2127 2589 3712 2664; baseline 0.004 -23"><span class='ocrx_word' id='word_1_392' title='bbox 2127 2589 2484 2662; x_wconf 76' lang='grc' dir='ltr'>πανηγύρεως</span> <span class='ocrx_word' id='word_1_393' title='bbox 2515 2591 2703 2662; x_wconf 80' lang='grc' dir='ltr'>καιρὸν</span> <span class='ocrx_word' id='word_1_394' title='bbox 2735 2593 3126 2664; x_wconf 75' lang='grc' dir='ltr'>παρελίπομεν,</span> <span class='ocrx_word' id='word_1_395' title='bbox 3154 2595 3234 2656; x_wconf 78' lang='grc' dir='ltr'><strong><em>εἰς</em></strong></span> <span class='ocrx_word' id='word_1_396' title='bbox 3259 2593 3489 2664; x_wconf 78' lang='grc' dir='ltr'>ἡσυχίαν</span> <span class='ocrx_word' id='word_1_397' title='bbox 3517 2595 3574 2646; x_wconf 81' lang='grc' dir='ltr'><strong><em>δὲ</em></strong></span> <span class='ocrx_word' id='word_1_398' title='bbox 3603 2596 3712 2648; x_wconf 73' lang='grc' dir='ltr'>καὶ</span> 
     </span>
    </p>
   </div>
   <div class='ocr_carea' id='block_1_56' title="bbox 2131 2679 3714 2754">
    <p class='ocr_par' dir='ltr' id='par_1_56' title="bbox 2131 2679 3714 2754">
     <span class='ocr_line' id='line_1_56' title="bbox 2131 2679 3714 2754; baseline 0.005 -23"><span class='ocrx_word' id='word_1_399' title='bbox 2131 2679 2402 2750; x_wconf 85' lang='grc' dir='ltr'>ἀτάραχον</span> <span class='ocrx_word' id='word_1_400' title='bbox 2435 2681 2706 2754; x_wconf 82' lang='grc' dir='ltr'>διαγωγὴν</span> <span class='ocrx_word' id='word_1_401' title='bbox 2731 2685 2830 2751; x_wconf 81' lang='grc' dir='ltr'><strong><em>τὴν</em></strong></span> <span class='ocrx_word' id='word_1_402' title='bbox 2863 2683 3150 2754; x_wconf 72' lang='grc' dir='ltr'>συντυχίαν</span> <span class='ocrx_word' id='word_1_403' title='bbox 3187 2684 3580 2754; x_wconf 84' lang='grc' dir='ltr'>ὑπερεθὲμεθα,</span> <span class='ocrx_word' id='word_1_404' title='bbox 3608 2686 3714 2739; x_wconf 81' lang='grc' dir='ltr'>καὶ</span> 
     </span>
    </p>
   </div>
   <div class='ocr_carea' id='block_1_57' title="bbox 2131 2771 3714 2846">
    <p class='ocr_par' dir='ltr' id='par_1_57' title="bbox 2131 2771 3714 2846">
     <span class='ocr_line' id='line_1_57' title="bbox 2131 2771 3714 2846; baseline 0.005 -27"><span class='ocrx_word' id='word_1_405' title='bbox 2131 2771 2488 2842; x_wconf 78' lang='grc' dir='ltr'>προῃρήμεθα</span> <span class='ocrx_word' id='word_1_406' title='bbox 2527 2773 2923 2837; x_wconf 74' lang='grc' dir='ltr'>καταλαϐόντες</span> <span class='ocrx_word' id='word_1_407' title='bbox 2968 2775 3067 2844; x_wconf 86' lang='grc' dir='ltr'>τὴν</span> <span class='ocrx_word' id='word_1_408' title='bbox 3105 2774 3396 2828; x_wconf 85' lang='grc' dir='ltr'>Νικόπολιν</span> <span class='ocrx_word' id='word_1_409' title='bbox 3423 2773 3714 2846; x_wconf 78' lang='grc' dir='ltr'>διαλεχθῆ-</span> 
     </span>
    </p>
   </div>
   <div class='ocr_carea' id='block_1_58' title="bbox 2129 2863 3714 2936">
    <p class='ocr_par' dir='ltr' id='par_1_58' title="bbox 2129 2863 3714 2936">
     <span class='ocr_line' id='line_1_58' title="bbox 2129 2863 3714 2936; baseline 0.004 -25"><span class='ocrx_word' id='word_1_410' title='bbox 2129 2875 2217 2912; x_wconf 83' lang='grc' dir='ltr'><strong><em>ναι</em></strong></span> <span class='ocrx_word' id='word_1_411' title='bbox 2247 2863 2373 2931; x_wconf 75' lang='grc' dir='ltr'>περὶ</span> <span class='ocrx_word' id='word_1_412' title='bbox 2407 2863 2513 2916; x_wconf 85' lang='grc' dir='ltr'>τῶν</span> <span class='ocrx_word' id='word_1_413' title='bbox 2550 2867 2670 2928; x_wconf 84' lang='grc' dir='ltr'>ταῖς</span> <span class='ocrx_word' id='word_1_414' title='bbox 2705 2865 3046 2935; x_wconf 81' lang='grc' dir='ltr'>Ἐκκλησίαις</span> <span class='ocrx_word' id='word_1_415' title='bbox 3076 2865 3382 2934; x_wconf 78' lang='grc' dir='ltr'>ἀναγκαίων</span> <span class='ocrx_word' id='word_1_416' title='bbox 3412 2865 3488 2936; x_wconf 82' lang='grc' dir='ltr'>τῷ</span> <span class='ocrx_word' id='word_1_417' title='bbox 3517 2865 3714 2934; x_wconf 67' lang='grc' dir='ltr'>θεοφι-</span> 
     </span>
    </p>
   </div>
   <div class='ocr_carea' id='block_1_59' title="bbox 2129 2949 3712 3029">
    <p class='ocr_par' dir='ltr' id='par_1_59' title="bbox 2129 2949 3712 3029">
     <span class='ocr_line' id='line_1_59' title="bbox 2129 2949 3712 3029; baseline 0.007 -28"><span class='ocrx_word' id='word_1_418' title='bbox 2129 2949 2368 3022; x_wconf 79' lang='grc' dir='ltr'>λεστάτῳ</span> <span class='ocrx_word' id='word_1_419' title='bbox 2405 2955 2688 3026; x_wconf 84' lang='grc' dir='ltr'>ἐπισκόπῳ</span> <span class='ocrx_word' id='word_1_420' title='bbox 2723 2957 2986 3026; x_wconf 85' lang='grc' dir='ltr'>Μελετίῳ,</span> <span class='ocrx_word' id='word_1_421' title='bbox 3027 2959 3076 3009; x_wconf 85' lang='grc' dir='ltr'>εἱ</span> <span class='ocrx_word' id='word_1_422' title='bbox 3104 2957 3285 3028; x_wconf 78' lang='grc' dir='ltr'>μέλλοι</span> <span class='ocrx_word' id='word_1_423' title='bbox 3322 2957 3712 3029; x_wconf 82' lang='grc' dir='ltr'>παραιτεῖσθαι</span> 
     </span>
    </p>
   </div>
   <div class='ocr_carea' id='block_1_60' title="bbox 2128 3041 3711 3120">
    <p class='ocr_par' dir='ltr' id='par_1_60' title="bbox 2128 3041 3711 3120">
     <span class='ocr_line' id='line_1_60' title="bbox 2128 3041 3711 3120; baseline 0.007 -27"><span class='ocrx_word' id='word_1_424' title='bbox 2128 3041 2227 3112; x_wconf 78' lang='grc' dir='ltr'>τὴν</span> <span class='ocrx_word' id='word_1_425' title='bbox 2255 3044 2348 3096; x_wconf 70' lang='grc' dir='ltr'><strong><em>ἐπὶ</em></strong></span> <span class='ocrx_word' id='word_1_426' title='bbox 2392 3045 2682 3116; x_wconf 82' lang='grc' dir='ltr'>Σαμόσατα</span> <span class='ocrx_word' id='word_1_427' title='bbox 2718 3048 2828 3118; x_wconf 87' lang='grc'><strong><em>(88)</em></strong></span> <span class='ocrx_word' id='word_1_428' title='bbox 2866 3049 3026 3102; x_wconf 76' lang='grc' dir='ltr'>όδόν·</span> <span class='ocrx_word' id='word_1_429' title='bbox 3071 3051 3120 3102; x_wconf 78' lang='grc' dir='ltr'>εἰ</span> <span class='ocrx_word' id='word_1_430' title='bbox 3161 3049 3218 3101; x_wconf 83' lang='grc' dir='ltr'><strong><em>δὲ</em></strong></span> <span class='ocrx_word' id='word_1_431' title='bbox 3261 3049 3356 3120; x_wconf 83' lang='grc' dir='ltr'><strong><em>μὴ,</em></strong></span> <span class='ocrx_word' id='word_1_432' title='bbox 3404 3048 3552 3120; x_wconf 82' lang='grc' dir='ltr'>αὑτῷ</span> <span class='ocrx_word' id='word_1_433' title='bbox 3585 3049 3711 3118; x_wconf 88' lang='lat'><strong><em>(89)</em></strong></span> 
     </span>
    </p>
   </div>
   <div class='ocr_carea' id='block_1_61' title="bbox 2133 3131 3714 3209">
    <p class='ocr_par' dir='ltr' id='par_1_61' title="bbox 2133 3131 3714 3209">
     <span class='ocr_line' id='line_1_61' title="bbox 2133 3131 3714 3209; baseline 0.003 -27"><span class='ocrx_word' id='word_1_434' title='bbox 2133 3131 2600 3204; x_wconf 78' lang='grc' dir='ltr'>συνδραμούμεθα,</span> <span class='ocrx_word' id='word_1_435' title='bbox 2649 3135 2741 3188; x_wconf 80' lang='grc' dir='ltr'><strong><em>ἐὰν</em></strong></span> <span class='ocrx_word' id='word_1_436' title='bbox 2802 3137 2930 3209; x_wconf 81' lang='grc' dir='ltr'>παρ’</span> <span class='ocrx_word' id='word_1_437' title='bbox 2982 3136 3304 3206; x_wconf 80' lang='grc' dir='ltr'>ἀμφοτέρων</span> <span class='ocrx_word' id='word_1_438' title='bbox 3357 3135 3513 3188; x_wconf 75' lang='grc' dir='ltr'>τοῦτο</span> <span class='ocrx_word' id='word_1_439' title='bbox 3566 3137 3714 3204; x_wconf 79' lang='grc' dir='ltr'>ἡμῖν</span> 
     </span>
    </p>
   </div>
   <div class='ocr_carea' id='block_1_62' title="bbox 461 3218 3714 3303">
    <p class='ocr_par' dir='ltr' id='par_1_62' title="bbox 461 3218 3714 3303">
     <span class='ocr_line' id='line_1_62' title="bbox 461 3218 3714 3303; baseline 0.002 -24"><span class='ocrx_word' id='word_1_440' title='bbox 461 3223 756 3296; x_wconf 83' lang='grc' dir='ltr'>κατάδηλον</span> <span class='ocrx_word' id='word_1_441' title='bbox 783 3222 1026 3292; x_wconf 86' lang='grc' dir='ltr'>γένηται,</span> <span class='ocrx_word' id='word_1_442' title='bbox 1091 3222 1242 3292; x_wconf 88' lang='grc' dir='ltr'><strong><em>παρά</em></strong></span> <span class='ocrx_word' id='word_1_443' title='bbox 1273 3238 1333 3275; x_wconf 89' lang='grc' dir='ltr'><strong><em>τε</em></strong></span> <span class='ocrx_word' id='word_1_444' title='bbox 1399 3221 1559 3276; x_wconf 81' lang='grc' dir='ltr'>αὑτοῦ</span> <span class='ocrx_word' id='word_1_445' title='bbox 1594 3221 1802 3276; x_wconf 83' lang='grc' dir='ltr'>ἐκείνου</span> <span class='ocrx_word' id='word_1_446' title='bbox 1870 3218 2298 3292; x_wconf 68' lang='grc' dir='ltr'>ἀντιγράψαντος</span> <span class='ocrx_word' id='word_1_447' title='bbox 2343 3229 2474 3298; x_wconf 85' lang='grc' dir='ltr'>ἡμῖν</span> <span class='ocrx_word' id='word_1_448' title='bbox 2523 3229 2650 3303; x_wconf 76' lang='grc' dir='ltr'>περὶ</span> <span class='ocrx_word' id='word_1_449' title='bbox 2717 3229 2921 3284; x_wconf 86' lang='grc' dir='ltr'>τούτων</span> <span class='ocrx_word' id='word_1_450' title='bbox 2971 3229 3379 3300; x_wconf 81' lang='grc' dir='ltr'>(ἐπεστείλαμεν</span> <span class='ocrx_word' id='word_1_451' title='bbox 3413 3227 3566 3300; x_wconf 82' lang='grc' dir='ltr'>γὰρ),</span> <span class='ocrx_word' id='word_1_452' title='bbox 3607 3227 3714 3281; x_wconf 71' lang='grc' dir='ltr'><strong><em>καὶ</em></strong></span> 
     </span>
    </p>
   </div>
   <div class='ocr_carea' id='block_1_63' title="bbox 463 3315 1214 3391">
    <p class='ocr_par' dir='ltr' id='par_1_63' title="bbox 463 3315 1214 3391">
     <span class='ocr_line' id='line_1_63' title="bbox 463 3315 1214 3391; baseline -0.005 -17"><span class='ocrx_word' id='word_1_453' title='bbox 463 3319 612 3391; x_wconf 85' lang='grc' dir='ltr'>παρὰ</span> <span class='ocrx_word' id='word_1_454' title='bbox 635 3319 733 3388; x_wconf 83' lang='grc' dir='ltr'><strong><em>τῆς</em></strong></span> <span class='ocrx_word' id='word_1_455' title='bbox 761 3317 859 3388; x_wconf 83' lang='grc' dir='ltr'>σῆς</span> <span class='ocrx_word' id='word_1_456' title='bbox 891 3315 1214 3379; x_wconf 77' lang='grc' dir='ltr'>θεοσεϐείας.</span> 
     </span>
    </p>
   </div>
   <div class='ocr_carea' id='block_1_64' title="bbox 530 3408 2016 3480">
    <p class='ocr_par' dir='ltr' id='par_1_64' title="bbox 530 3408 2016 3480">
     <span class='ocr_line' id='line_1_64' title="bbox 530 3408 2016 3480; baseline -0.004 -14"><span class='ocrx_word' id='word_1_457' title='bbox 530 3413 586 3466; x_wconf 76' lang='grc'>2.</span> <span class='ocrx_word' id='word_1_458' title='bbox 621 3411 850 3468; x_wconf 86' lang='lat' dir='ltr'><strong><em>Eramus</em></strong></span> <span class='ocrx_word' id='word_1_459' title='bbox 879 3410 1040 3466; x_wconf 88' lang='lat' dir='ltr'><strong><em>etiam</em></strong></span> <span class='ocrx_word' id='word_1_460' title='bbox 1073 3425 1196 3465; x_wconf 89' lang='lat' dir='ltr'><strong><em>cum</em></strong></span> <span class='ocrx_word' id='word_1_461' title='bbox 1228 3410 1498 3480; x_wconf 88' lang='lat' dir='ltr'><strong><em>episcopis</em></strong></span> <span class='ocrx_word' id='word_1_462' title='bbox 1523 3409 1776 3464; x_wconf 78' lang='lat' dir='ltr'><strong><em>secunda:</em></strong></span> <span class='ocrx_word' id='word_1_463' title='bbox 1809 3408 2016 3479; x_wconf 80' lang='lat' dir='ltr'><strong><em>Cappa-</em></strong></span> 
     </span>
    </p>
   </div>
   <div class='ocr_carea' id='block_1_65' title="bbox 461 3498 2020 3572">
    <p class='ocr_par' dir='ltr' id='par_1_65' title="bbox 461 3498 2020 3572">
     <span class='ocr_line' id='line_1_65' title="bbox 461 3498 2020 3572; baseline -0.004 -13"><span class='ocrx_word' id='word_1_464' title='bbox 461 3503 630 3559; x_wconf 66' lang='lat' dir='ltr'><strong><em>dociae</em></strong></span> <span class='ocrx_word' id='word_1_465' title='bbox 657 3501 1006 3572; x_wconf 83' lang='lat' dir='ltr'><strong><em>congressuri</em></strong></span> <span class='ocrx_word' id='word_1_466' title='bbox 1038 3515 1052 3552; x_wconf 87' lang='lat'><strong>:</strong></span> <span class='ocrx_word' id='word_1_467' title='bbox 1084 3501 1176 3570; x_wconf 91' lang='lat' dir='ltr'><strong><em>qui</em></strong></span> <span class='ocrx_word' id='word_1_468' title='bbox 1209 3508 1496 3570; x_wconf 88' lang='lat' dir='ltr'><strong><em>postquam</em></strong></span> <span class='ocrx_word' id='word_1_469' title='bbox 1529 3501 1753 3555; x_wconf 88' lang='lat' dir='ltr'><strong><em>alterius</em></strong></span> <span class='ocrx_word' id='word_1_470' title='bbox 1798 3498 2020 3569; x_wconf 88' lang='lat' dir='ltr'><strong><em>provin-</em></strong></span> 
     </span>
    </p>
   </div>
   <div class='ocr_carea' id='block_1_66' title="bbox 2175 3401 3716 3477">
    <p class='ocr_par' dir='ltr' id='par_1_66' title="bbox 2175 3401 3716 3477">
     <span class='ocr_line' id='line_1_66' title="bbox 2175 3401 3716 3477; baseline 0.006 -23"><span class='ocrx_word' id='word_1_471' title='bbox 2175 3401 2228 3455; x_wconf 73' lang='grc'>2.</span> <span class='ocrx_word' id='word_1_472' title='bbox 2261 3404 2607 3468; x_wconf 82' lang='grc' dir='ltr'>Ἐπισκόποις</span> <span class='ocrx_word' id='word_1_473' title='bbox 2625 3405 2680 3460; x_wconf 87' lang='grc' dir='ltr'>δὲ</span> <span class='ocrx_word' id='word_1_474' title='bbox 2696 3409 2806 3470; x_wconf 87' lang='grc' dir='ltr'>τοῖς</span> <span class='ocrx_word' id='word_1_475' title='bbox 2827 3408 2890 3459; x_wconf 85' lang='grc' dir='ltr'><strong><em>ἐκ</em></strong></span> <span class='ocrx_word' id='word_1_476' title='bbox 2913 3407 3012 3475; x_wconf 73' lang='grc' dir='ltr'><strong><em>τῆς</em></strong></span> <span class='ocrx_word' id='word_1_477' title='bbox 3037 3407 3294 3477; x_wconf 84' lang='grc' dir='ltr'>δευτέρας</span> <span class='ocrx_word' id='word_1_478' title='bbox 3310 3408 3716 3477; x_wconf 83' lang='grc' dir='ltr'>Καππαδοκίας</span> 
     </span>
    </p>
   </div>
   <div class='ocr_carea' id='block_1_67' title="bbox 2129 3499 3718 3574">
    <p class='ocr_par' dir='ltr' id='par_1_67' title="bbox 2129 3499 3718 3574">
     <span class='ocr_line' id='line_1_67' title="bbox 2129 3499 3718 3574; baseline 0.008 -29"><span class='ocrx_word' id='word_1_479' title='bbox 2129 3499 2512 3566; x_wconf 76' lang='grc' dir='ltr'>συντυγχάνειν</span> <span class='ocrx_word' id='word_1_480' title='bbox 2550 3499 2847 3568; x_wconf 81' lang='grc' dir='ltr'>ἐμέλλομεν</span> <span class='ocrx_word' id='word_1_481' title='bbox 2874 3517 2887 3528; x_wconf 90' lang='grc'><strong>·</strong></span> <span class='ocrx_word' id='word_1_482' title='bbox 2919 3499 2968 3551; x_wconf 84' lang='grc' dir='ltr'>οἳ</span> <span class='ocrx_word' id='word_1_483' title='bbox 2991 3540 3004 3562; x_wconf 93' lang='grc'><em>,</em></span> <span class='ocrx_word' id='word_1_484' title='bbox 3046 3499 3233 3570; x_wconf 80' lang='grc' dir='ltr'>ἐπειδὴ</span> <span class='ocrx_word' id='word_1_485' title='bbox 3265 3501 3456 3571; x_wconf 81' lang='grc' dir='ltr'>ἐτέρας</span> <span class='ocrx_word' id='word_1_486' title='bbox 3487 3503 3718 3574; x_wconf 82' lang='grc' dir='ltr'>ὠνομά-</span> 
     </span>
    </p>
   </div>
   <div class='ocr_carea' id='block_1_68' title="bbox 460 3565 2021 3664">
    <p class='ocr_par' dir='ltr' id='par_1_68' title="bbox 460 3590 2021 3652">
     <span class='ocr_line' id='line_1_68' title="bbox 460 3590 2021 3652; baseline -0.005 -3"><span class='ocrx_word' id='word_1_487' title='bbox 460 3595 560 3650; x_wconf 68' lang='lat' dir='ltr'><strong><em>cia:</em></strong></span> <span class='ocrx_word' id='word_1_488' title='bbox 597 3607 793 3647; x_wconf 90' lang='lat' dir='ltr'><strong><em>nomen</em></strong></span> <span class='ocrx_word' id='word_1_489' title='bbox 829 3590 1168 3652; x_wconf 83' lang='lat' dir='ltr'><strong><em>habuerunt,</em></strong></span> <span class='ocrx_word' id='word_1_490' title='bbox 1210 3590 1392 3644; x_wconf 87' lang='lat' dir='ltr'><strong><em>subito</em></strong></span> <span class='ocrx_word' id='word_1_491' title='bbox 1433 3591 1818 3645; x_wconf 81' lang='lat' dir='ltr'><strong><em>existimarunt</em></strong></span> <span class='ocrx_word' id='word_1_492' title='bbox 1862 3603 1922 3644; x_wconf 90' lang='lat' dir='ltr'><strong><em>se</em></strong></span> <span class='ocrx_word' id='word_1_493' title='bbox 1958 3605 2021 3642; x_wconf 81' lang='lat' dir='ltr'><strong><em>ex</em></strong></span> 
     </span>
    </p>
   </div>
   <div class='ocr_carea' id='block_1_69' title="bbox 2133 3565 3718 3664">
    <p class='ocr_par' dir='ltr' id='par_1_69' title="bbox 2135 3585 3718 3664">
     <span class='ocr_line' id='line_1_69' title="bbox 2135 3585 3718 3664; baseline 0.008 -27"><span class='ocrx_word' id='word_1_494' title='bbox 2135 3585 2339 3654; x_wconf 84' lang='grc' dir='ltr'>σθησαν</span> <span class='ocrx_word' id='word_1_495' title='bbox 2387 3589 2688 3659; x_wconf 79' lang='grc' dir='ltr'>ἐπαρχίας,</span> <span class='ocrx_word' id='word_1_496' title='bbox 2723 3589 2977 3660; x_wconf 81' lang='grc' dir='ltr'>ἐνόμισαν</span> <span class='ocrx_word' id='word_1_497' title='bbox 3017 3591 3227 3662; x_wconf 82' lang='grc' dir='ltr'>ἀθρόως</span> <span class='ocrx_word' id='word_1_498' title='bbox 3266 3595 3359 3646; x_wconf 75' lang='grc' dir='ltr'>καὶ</span> <span class='ocrx_word' id='word_1_499' title='bbox 3400 3593 3718 3664; x_wconf 76' lang='grc' dir='ltr'>ἀλλοεθνεῖς</span> 
     </span>
    </p>
   </div>
   <div class='ocr_carea' id='block_1_70' title="bbox 461 3679 2026 3748">
    <p class='ocr_par' dir='ltr' id='par_1_70' title="bbox 461 3679 2026 3748">
     <span class='ocr_line' id='line_1_70' title="bbox 461 3679 2026 3748; baseline -0.004 -10"><span class='ocrx_word' id='word_1_500' title='bbox 461 3684 568 3738; x_wconf 88' lang='lat' dir='ltr'><strong><em>alia</em></strong></span> <span class='ocrx_word' id='word_1_501' title='bbox 619 3696 683 3736; x_wconf 85' lang='lat' dir='ltr'><strong><em>ac</em></strong></span> <span class='ocrx_word' id='word_1_502' title='bbox 721 3695 823 3736; x_wconf 87' lang='lat' dir='ltr'><strong><em>nos</em></strong></span> <span class='ocrx_word' id='word_1_503' title='bbox 856 3679 1076 3734; x_wconf 87' lang='lat' dir='ltr'><strong><em>natione</em></strong></span> <span class='ocrx_word' id='word_1_504' title='bbox 1101 3686 1156 3733; x_wconf 91' lang='lat' dir='ltr'><strong><em>et</em></strong></span> <span class='ocrx_word' id='word_1_505' title='bbox 1199 3686 1358 3748; x_wconf 82' lang='lat' dir='ltr'><strong><em>gente</em></strong></span> <span class='ocrx_word' id='word_1_506' title='bbox 1389 3694 1510 3733; x_wconf 91' lang='lat' dir='ltr'><strong><em>esse</em></strong></span> <span class='ocrx_word' id='word_1_507' title='bbox 1529 3717 1544 3741; x_wconf 91' lang='lat'><strong><em>,</em></strong></span> <span class='ocrx_word' id='word_1_508' title='bbox 1575 3686 1896 3746; x_wconf 89' lang='lat' dir='ltr'><strong><em>tantumque</em></strong></span> <span class='ocrx_word' id='word_1_509' title='bbox 1926 3692 2026 3732; x_wconf 87' lang='lat' dir='ltr'><strong><em>nos</em></strong></span> 
     </span>
    </p>
   </div>
   <div class='ocr_carea' id='block_1_71' title="bbox 455 3769 2029 3844">
    <p class='ocr_par' dir='ltr' id='par_1_71' title="bbox 455 3769 2029 3844">
     <span class='ocr_line' id='line_1_71' title="bbox 455 3769 2029 3844; baseline -0.005 -16"><span class='ocrx_word' id='word_1_510' title='bbox 455 3773 818 3844; x_wconf 80' lang='lat' dir='ltr'><strong><em>ignorarunt,</em></strong></span> <span class='ocrx_word' id='word_1_511' title='bbox 847 3779 1109 3841; x_wconf 88' lang='lat' dir='ltr'><strong><em>quantum</em></strong></span> <span class='ocrx_word' id='word_1_512' title='bbox 1160 3769 1252 3839; x_wconf 89' lang='lat' dir='ltr'><strong><em>qui</em></strong></span> <span class='ocrx_word' id='word_1_513' title='bbox 1294 3770 1502 3822; x_wconf 91' lang='lat' dir='ltr'><strong><em>nullum</em></strong></span> <span class='ocrx_word' id='word_1_514' title='bbox 1535 3784 1764 3838; x_wconf 82' lang='lat' dir='ltr'><strong><em>prorsus</em></strong></span> <span class='ocrx_word' id='word_1_515' title='bbox 1812 3769 2029 3839; x_wconf 87' lang='lat' dir='ltr'><strong><em>pericu-</em></strong></span> 
     </span>
    </p>
   </div>
   <div class='ocr_carea' id='block_1_72' title="bbox 463 3861 2024 3932">
    <p class='ocr_par' dir='ltr' id='par_1_72' title="bbox 463 3861 2024 3932">
     <span class='ocr_line' id='line_1_72' title="bbox 463 3861 2024 3932; baseline -0.005 -10"><span class='ocrx_word' id='word_1_516' title='bbox 463 3867 573 3922; x_wconf 91' lang='lat' dir='ltr'><strong><em>lum</em></strong></span> <span class='ocrx_word' id='word_1_517' title='bbox 615 3865 820 3927; x_wconf 82' lang='lat' dir='ltr'><strong><em>fecere,</em></strong></span> <span class='ocrx_word' id='word_1_518' title='bbox 849 3878 948 3918; x_wconf 84' lang='lat' dir='ltr'><strong><em>nec</em></strong></span> <span class='ocrx_word' id='word_1_519' title='bbox 991 3876 1229 3932; x_wconf 87' lang='lat' dir='ltr'><strong><em>unquam</em></strong></span> <span class='ocrx_word' id='word_1_520' title='bbox 1269 3861 1326 3915; x_wconf 86' lang='lat' dir='ltr'><strong><em>in</em></strong></span> <span class='ocrx_word' id='word_1_521' title='bbox 1370 3861 1699 3932; x_wconf 88' lang='lat' dir='ltr'><strong><em>colloquium</em></strong></span> <span class='ocrx_word' id='word_1_522' title='bbox 1739 3868 2024 3916; x_wconf 85' lang='lat' dir='ltr'><strong><em>venerunt.</em></strong></span> 
     </span>
    </p>
   </div>
   <div class='ocr_carea' id='block_1_73' title="bbox 460 3946 2028 4028">
    <p class='ocr_par' dir='ltr' id='par_1_73' title="bbox 460 3946 2028 4028">
     <span class='ocr_line' id='line_1_73' title="bbox 460 3946 2028 4028; baseline -0.004 -15"><span class='ocrx_word' id='word_1_523' title='bbox 460 3946 895 4028; x_wconf 74' lang='lat' dir='ltr'><strong><em>Exspectabatur</em></strong></span> <span class='ocrx_word' id='word_1_524' title='bbox 923 3963 1101 4009; x_wconf 82' lang='lat' dir='ltr'><strong><em>autem</em></strong></span> <span class='ocrx_word' id='word_1_525' title='bbox 1131 3962 1185 4010; x_wconf 87' lang='lat' dir='ltr'><strong><em>et</em></strong></span> <span class='ocrx_word' id='word_1_526' title='bbox 1229 3955 1368 4009; x_wconf 85' lang='lat' dir='ltr'><strong><em>alius</em></strong></span> <span class='ocrx_word' id='word_1_527' title='bbox 1405 3969 1738 4022; x_wconf 82' lang='lat' dir='ltr'><strong><em>congressus</em></strong></span> <span class='ocrx_word' id='word_1_528' title='bbox 1771 3968 1892 4006; x_wconf 90' lang='lat' dir='ltr'><strong><em>cum</em></strong></span> <span class='ocrx_word' id='word_1_529' title='bbox 1943 3967 2028 4006; x_wconf 89' lang='lat' dir='ltr'><strong><em>re-</em></strong></span> 
     </span>
    </p>
   </div>
   <div class='ocr_carea' id='block_1_74' title="bbox 461 4045 2025 4118">
    <p class='ocr_par' dir='ltr' id='par_1_74' title="bbox 461 4045 2025 4118">
     <span class='ocr_line' id='line_1_74' title="bbox 461 4045 2025 4118; baseline -0.004 -14"><span class='ocrx_word' id='word_1_530' title='bbox 461 4049 852 4105; x_wconf 86' lang='lat' dir='ltr'><strong><em>verendlssimo</em></strong></span> <span class='ocrx_word' id='word_1_531' title='bbox 869 4049 1126 4118; x_wconf 82' lang='lat' dir='ltr'><strong><em>episcOpo</em></strong></span> <span class='ocrx_word' id='word_1_532' title='bbox 1147 4047 1450 4109; x_wconf 82' lang='lat' dir='ltr'><strong><em>Eustathio,</em></strong></span> <span class='ocrx_word' id='word_1_533' title='bbox 1483 4062 1715 4116; x_wconf 90' lang='lat' dir='ltr'><strong><em>quocum</em></strong></span> <span class='ocrx_word' id='word_1_534' title='bbox 1747 4045 2025 4116; x_wconf 74' lang='lat' dir='ltr'><strong><em>congressi</em></strong></span> 
     </span>
    </p>
   </div>
   <div class='ocr_carea' id='block_1_75' title="bbox 461 4137 2026 4209">
    <p class='ocr_par' dir='ltr' id='par_1_75' title="bbox 461 4137 2026 4209">
     <span class='ocr_line' id='line_1_75' title="bbox 461 4137 2026 4209; baseline -0.002 -13"><span class='ocrx_word' id='word_1_535' title='bbox 461 4155 672 4196; x_wconf 87' lang='lat' dir='ltr'><strong><em>sumus.</em></strong></span> <span class='ocrx_word' id='word_1_536' title='bbox 709 4137 846 4193; x_wconf 87' lang='lat' dir='ltr'><strong><em>Nam</em></strong></span> <span class='ocrx_word' id='word_1_537' title='bbox 881 4141 1009 4209; x_wconf 90' lang='lat' dir='ltr'><strong><em>quia</em></strong></span> <span class='ocrx_word' id='word_1_538' title='bbox 1039 4141 1193 4192; x_wconf 90' lang='lat' dir='ltr'><strong><em>multi</em></strong></span> <span class='ocrx_word' id='word_1_539' title='bbox 1235 4140 1588 4194; x_wconf 85' lang='lat' dir='ltr'><strong><em>clamitabant</em></strong></span> <span class='ocrx_word' id='word_1_540' title='bbox 1621 4139 1824 4208; x_wconf 88' lang='lat' dir='ltr'><strong><em>aliquid</em></strong></span> <span class='ocrx_word' id='word_1_541' title='bbox 1859 4139 1928 4192; x_wconf 89' lang='lat' dir='ltr'><strong><em>ab</em></strong></span> <span class='ocrx_word' id='word_1_542' title='bbox 1961 4154 2026 4193; x_wconf 88' lang='lat' dir='ltr'><strong><em>eo</em></strong></span> 
     </span>
    </p>
   </div>
   <div class='ocr_carea' id='block_1_76' title="bbox 461 4230 2028 4298">
    <p class='ocr_par' dir='ltr' id='par_1_76' title="bbox 461 4230 2028 4298">
     <span class='ocr_line' id='line_1_76' title="bbox 461 4230 2028 4298; baseline -0.003 -12"><span class='ocrx_word' id='word_1_543' title='bbox 461 4233 520 4286; x_wconf 90' lang='lat' dir='ltr'><strong><em>in</em></strong></span> <span class='ocrx_word' id='word_1_544' title='bbox 549 4231 652 4286; x_wconf 77' lang='lat' dir='ltr'><strong><em>(ide</em></strong></span> <span class='ocrx_word' id='word_1_545' title='bbox 678 4230 972 4286; x_wconf 83' lang='lat' dir='ltr'><strong><em>adulterari</em></strong></span> <span class='ocrx_word' id='word_1_546' title='bbox 991 4270 1006 4292; x_wconf 90' lang='lat'><strong>,</strong></span> <span class='ocrx_word' id='word_1_547' title='bbox 1039 4231 1287 4284; x_wconf 84' lang='lat' dir='ltr'><strong><em>venimus</em></strong></span> <span class='ocrx_word' id='word_1_548' title='bbox 1313 4231 1361 4285; x_wconf 89' lang='lat' dir='ltr'><strong><em>ei</em></strong></span> <span class='ocrx_word' id='word_1_549' title='bbox 1395 4231 1450 4283; x_wconf 91' lang='lat' dir='ltr'><strong><em>in</em></strong></span> <span class='ocrx_word' id='word_1_550' title='bbox 1479 4230 1808 4298; x_wconf 84' lang='lat' dir='ltr'><strong><em>colloquium</em></strong></span> <span class='ocrx_word' id='word_1_551' title='bbox 1833 4269 1848 4294; x_wconf 92' lang='lat'><strong>,</strong></span> <span class='ocrx_word' id='word_1_552' title='bbox 1880 4245 2028 4283; x_wconf 87' lang='lat' dir='ltr'><strong><em>eum-</em></strong></span> 
     </span>
    </p>
   </div>
   <div class='ocr_carea' id='block_1_77' title="bbox 459 4320 2024 4392">
    <p class='ocr_par' dir='ltr' id='par_1_77' title="bbox 459 4320 2024 4392">
     <span class='ocr_line' id='line_1_77' title="bbox 459 4320 2024 4392; baseline -0.002 -17"><span class='ocrx_word' id='word_1_553' title='bbox 459 4338 570 4392; x_wconf 85' lang='lat' dir='ltr'><strong><em>que</em></strong></span> <span class='ocrx_word' id='word_1_554' title='bbox 613 4321 920 4376; x_wconf 86' lang='lat' dir='ltr'><strong><em>invenimus</em></strong></span> <span class='ocrx_word' id='word_1_555' title='bbox 967 4321 1057 4375; x_wconf 88' lang='lat' dir='ltr'><strong><em>Dei</em></strong></span> <span class='ocrx_word' id='word_1_556' title='bbox 1117 4335 1218 4390; x_wconf 91' lang='lat' dir='ltr'><strong><em>ope</em></strong></span> <span class='ocrx_word' id='word_1_557' title='bbox 1261 4321 1328 4374; x_wconf 89' lang='lat' dir='ltr'><strong><em>ad</em></strong></span> <span class='ocrx_word' id='word_1_558' title='bbox 1361 4335 1576 4374; x_wconf 89' lang='lat' dir='ltr'><strong><em>omnem</em></strong></span> <span class='ocrx_word' id='word_1_559' title='bbox 1619 4329 1823 4374; x_wconf 85' lang='lat' dir='ltr'><strong><em>rectam</em></strong></span> <span class='ocrx_word' id='word_1_560' title='bbox 1867 4320 2024 4374; x_wconf 84' lang='lat' dir='ltr'><strong><em>ﬁdem</em></strong></span> 
     </span>
    </p>
   </div>
   <div class='ocr_carea' id='block_1_78' title="bbox 458 4411 2026 4480">
    <p class='ocr_par' dir='ltr' id='par_1_78' title="bbox 458 4411 2026 4480">
     <span class='ocr_line' id='line_1_78' title="bbox 458 4411 2026 4480; baseline -0.002 -13"><span class='ocrx_word' id='word_1_561' title='bbox 458 4413 605 4468; x_wconf 86' lang='lat' dir='ltr'><strong><em>bono</em></strong></span> <span class='ocrx_word' id='word_1_562' title='bbox 642 4412 824 4466; x_wconf 87' lang='lat' dir='ltr'><strong><em>animo</em></strong></span> <span class='ocrx_word' id='word_1_563' title='bbox 870 4419 1256 4466; x_wconf 88' lang='lat' dir='ltr'><strong><em>assectantem.</em></strong></span> <span class='ocrx_word' id='word_1_564' title='bbox 1297 4411 1472 4465; x_wconf 86' lang='lat' dir='ltr'><strong><em>Porro</em></strong></span> <span class='ocrx_word' id='word_1_565' title='bbox 1500 4411 1881 4480; x_wconf 84' lang='lat' dir='ltr'><strong><em>episcoporum</em></strong></span> <span class='ocrx_word' id='word_1_566' title='bbox 1936 4411 2026 4464; x_wconf 85' lang='lat' dir='ltr'><strong><em>lit-</em></strong></span> 
     </span>
    </p>
   </div>
   <div class='ocr_carea' id='block_1_79' title="bbox 459 4503 2024 4576">
    <p class='ocr_par' dir='ltr' id='par_1_79' title="bbox 459 4503 2024 4576">
     <span class='ocr_line' id='line_1_79' title="bbox 459 4503 2024 4576; baseline -0.002 -15"><span class='ocrx_word' id='word_1_567' title='bbox 459 4515 592 4562; x_wconf 70' lang='lat' dir='ltr'><strong><em>tera:</em></strong></span> <span class='ocrx_word' id='word_1_568' title='bbox 635 4506 795 4576; x_wconf 88' lang='lat' dir='ltr'><strong><em>culpa</em></strong></span> <span class='ocrx_word' id='word_1_569' title='bbox 852 4505 1066 4560; x_wconf 89' lang='lat' dir='ltr'><strong><em>illorum</em></strong></span> <span class='ocrx_word' id='word_1_570' title='bbox 1121 4503 1398 4574; x_wconf 83' lang='lat' dir='ltr'><strong><em>ipsorum,</em></strong></span> <span class='ocrx_word' id='word_1_571' title='bbox 1459 4520 1487 4556; x_wconf 88' lang='lat' dir='ltr'><strong><em>a</em></strong></span> <span class='ocrx_word' id='word_1_572' title='bbox 1552 4504 1752 4573; x_wconf 89' lang='lat' dir='ltr'><strong><em>quibus</em></strong></span> <span class='ocrx_word' id='word_1_573' title='bbox 1806 4514 2024 4558; x_wconf 84' lang='lat' dir='ltr'><strong><em>nostras</em></strong></span> 
     </span>
    </p>
   </div>
   <div class='ocr_carea' id='block_1_80' title="bbox 462 4591 2026 4662">
    <p class='ocr_par' dir='ltr' id='par_1_80' title="bbox 462 4591 2026 4662">
     <span class='ocr_line' id='line_1_80' title="bbox 462 4591 2026 4662; baseline -0.001 -14"><span class='ocrx_word' id='word_1_574' title='bbox 462 4593 758 4650; x_wconf 88' lang='lat' dir='ltr'><strong><em>transmitti</em></strong></span> <span class='ocrx_word' id='word_1_575' title='bbox 805 4592 1126 4662; x_wconf 81' lang='lat' dir='ltr'><strong><em>Oportebat,</em></strong></span> <span class='ocrx_word' id='word_1_576' title='bbox 1177 4591 1245 4644; x_wconf 88' lang='lat' dir='ltr'><strong><em>ad</em></strong></span> <span class='ocrx_word' id='word_1_577' title='bbox 1290 4591 1612 4662; x_wconf 82' lang='lat' dir='ltr'><strong><em>dignitatem</em></strong></span> <span class='ocrx_word' id='word_1_578' title='bbox 1649 4599 1797 4645; x_wconf 90' lang='lat' dir='ltr'><strong><em>tuam</em></strong></span> <span class='ocrx_word' id='word_1_579' title='bbox 1841 4593 2026 4647; x_wconf 72' lang='lat' dir='ltr'><strong><em>missae</em></strong></span> 
     </span>
    </p>
   </div>
   <div class='ocr_carea' id='block_1_81' title="bbox 459 4682 2026 4754">
    <p class='ocr_par' dir='ltr' id='par_1_81' title="bbox 459 4682 2026 4754">
     <span class='ocr_line' id='line_1_81' title="bbox 459 4682 2026 4754; baseline -0.005 -10"><span class='ocrx_word' id='word_1_580' title='bbox 459 4702 570 4744; x_wconf 86' lang='lat' dir='ltr'><strong><em>non</em></strong></span> <span class='ocrx_word' id='word_1_581' title='bbox 587 4695 757 4744; x_wconf 79' lang='lat' dir='ltr'><strong><em>sunt:</em></strong></span> <span class='ocrx_word' id='word_1_582' title='bbox 785 4685 879 4740; x_wconf 88' lang='lat' dir='ltr'><strong><em>sed</em></strong></span> <span class='ocrx_word' id='word_1_583' title='bbox 911 4692 966 4740; x_wconf 80' lang='lat' dir='ltr'><strong><em>et</em></strong></span> <span class='ocrx_word' id='word_1_584' title='bbox 999 4700 1084 4739; x_wconf 91' lang='lat' dir='ltr'><strong><em>me</em></strong></span> <span class='ocrx_word' id='word_1_585' title='bbox 1115 4682 1398 4754; x_wconf 82' lang='lat' dir='ltr'><strong><em>fugerunt,</em></strong></span> <span class='ocrx_word' id='word_1_586' title='bbox 1423 4699 1454 4738; x_wconf 89' lang='lat' dir='ltr'><strong><em>e</em></strong></span> <span class='ocrx_word' id='word_1_587' title='bbox 1488 4684 1750 4738; x_wconf 87' lang='lat' dir='ltr'><strong><em>memoria</em></strong></span> <span class='ocrx_word' id='word_1_588' title='bbox 1781 4685 1852 4737; x_wconf 90' lang='lat' dir='ltr'><strong><em>ob</em></strong></span> <span class='ocrx_word' id='word_1_589' title='bbox 1883 4683 2026 4738; x_wconf 83' lang='lat' dir='ltr'><strong><em>assi-</em></strong></span> 
     </span>
    </p>
   </div>
   <div class='ocr_carea' id='block_1_82' title="bbox 457 4773 2021 4845">
    <p class='ocr_par' dir='ltr' id='par_1_82' title="bbox 457 4773 2021 4845">
     <span class='ocr_line' id='line_1_82' title="bbox 457 4773 2021 4845; baseline -0.004 -11"><span class='ocrx_word' id='word_1_590' title='bbox 457 4777 597 4834; x_wconf 89' lang='lat' dir='ltr'><strong><em>duas</em></strong></span> <span class='ocrx_word' id='word_1_591' title='bbox 643 4791 806 4833; x_wconf 87' lang='lat' dir='ltr'><strong><em>curas</em></strong></span> <span class='ocrx_word' id='word_1_592' title='bbox 833 4775 1047 4845; x_wconf 76' lang='lat' dir='ltr'><strong><em>elapsae.</em></strong></span> <span class='ocrx_word' id='word_1_593' title='bbox 1093 4773 1361 4829; x_wconf 76' lang='lat' dir='ltr'><strong><em>Caeterum</em></strong></span> <span class='ocrx_word' id='word_1_594' title='bbox 1423 4773 1648 4828; x_wconf 83' lang='lat' dir='ltr'><strong><em>fratrem</em></strong></span> <span class='ocrx_word' id='word_1_595' title='bbox 1695 4773 2021 4844; x_wconf 75' lang='lat' dir='ltr'><strong><em>Gregorium</em></strong></span> 
     </span>
    </p>
   </div>
   <div class='ocr_carea' id='block_1_83' title="bbox 524 4949 1550 5022">
    <p class='ocr_par' dir='ltr' id='par_1_83' title="bbox 524 4949 1550 5022">
     <span class='ocr_line' id='line_1_83' title="bbox 524 4949 1550 5022; baseline -0.003 -16"><span class='ocrx_word' id='word_1_596' title='bbox 524 4957 548 4979; x_wconf 84' lang='lat'><strong><em>‘</em></strong></span> <span class='ocrx_word' id='word_1_597' title='bbox 586 4953 736 5008; x_wconf 85' lang='lat' dir='ltr'><strong><em>Alias</em></strong></span> <span class='ocrx_word' id='word_1_598' title='bbox 773 4950 999 5008; x_wconf 84' lang='lat' dir='ltr'><strong><em>CCLIX.</em></strong></span> <span class='ocrx_word' id='word_1_599' title='bbox 1031 4951 1234 5022; x_wconf 79' lang='lat' dir='ltr'><strong><em>scripta</em></strong></span> <span class='ocrx_word' id='word_1_600' title='bbox 1261 4964 1405 5005; x_wconf 81' lang='lat' dir='ltr'><strong><em>anno</em></strong></span> <span class='ocrx_word' id='word_1_601' title='bbox 1427 4949 1550 5005; x_wconf 73' lang='lat'><strong><em>372.</em></strong></span> 
     </span>
    </p>
   </div>
   <div class='ocr_carea' id='block_1_84' title="bbox 2131 3677 3716 3751">
    <p class='ocr_par' dir='ltr' id='par_1_84' title="bbox 2131 3677 3716 3751">
     <span class='ocr_line' id='line_1_84' title="bbox 2131 3677 3716 3751; baseline 0.009 -23"><span class='ocrx_word' id='word_1_602' title='bbox 2131 3677 2224 3730; x_wconf 73' lang='lat' dir='ltr'><strong><em>mi.</em></strong></span> <span class='ocrx_word' id='word_1_603' title='bbox 2255 3677 2538 3745; x_wconf 74' lang='grc' dir='ltr'>ἀλλόφυλοι</span> <span class='ocrx_word' id='word_1_604' title='bbox 2592 3679 2726 3750; x_wconf 83' lang='grc' dir='ltr'>πρὸς</span> <span class='ocrx_word' id='word_1_605' title='bbox 2764 3682 2911 3751; x_wconf 78' lang='grc' dir='ltr'>ἡμᾶς</span> <span class='ocrx_word' id='word_1_606' title='bbox 2952 3682 3312 3751; x_wconf 82' lang='grc' dir='ltr'>γεγενῆσθαι·</span> <span class='ocrx_word' id='word_1_607' title='bbox 3358 3683 3408 3736; x_wconf 77' lang='grc' dir='ltr'>οἳ</span> <span class='ocrx_word' id='word_1_608' title='bbox 3449 3687 3716 3743; x_wconf 72' lang='grc' dir='ltr'>τοσοῦτσθ</span> 
     </span>
    </p>
   </div>
   <div class='ocr_carea' id='block_1_85' title="bbox 2130 3768 3718 3848">
    <p class='ocr_par' dir='ltr' id='par_1_85' title="bbox 2130 3768 3718 3848">
     <span class='ocr_line' id='line_1_85' title="bbox 2130 3768 3718 3848; baseline 0.007 -29"><span class='ocrx_word' id='word_1_609' title='bbox 2130 3768 2275 3837; x_wconf 78' lang='grc' dir='ltr'>ἡμᾶς</span> <span class='ocrx_word' id='word_1_610' title='bbox 2307 3769 2613 3848; x_wconf 73' lang='grc' dir='ltr'>ἠγνόησαν,</span> <span class='ocrx_word' id='word_1_611' title='bbox 2667 3770 2790 3822; x_wconf 79' lang='grc' dir='ltr'>ὅσον</span> <span class='ocrx_word' id='word_1_612' title='bbox 2822 3773 2869 3823; x_wconf 88' lang='grc' dir='ltr'><strong><em>οί</em></strong></span> <span class='ocrx_word' id='word_1_613' title='bbox 2903 3772 3036 3840; x_wconf 73' lang='grc' dir='ltr'>μηδὲ</span> <span class='ocrx_word' id='word_1_614' title='bbox 3075 3771 3172 3843; x_wconf 77' lang='grc' dir='ltr'><strong><em>τὴν</em></strong></span> <span class='ocrx_word' id='word_1_615' title='bbox 3220 3774 3393 3845; x_wconf 80' lang='grc' dir='ltr'>ἀρχὴν</span> <span class='ocrx_word' id='word_1_616' title='bbox 3431 3793 3718 3848; x_wconf 72' lang='grc' dir='ltr'>πεπειρα-</span> 
     </span>
    </p>
   </div>
   <div class='ocr_carea' id='block_1_86' title="bbox 2136 3844 3717 3942">
    <p class='ocr_par' dir='ltr' id='par_1_86' title="bbox 2136 3844 3717 3942">
     <span class='ocr_line' id='line_1_86' title="bbox 2136 3844 3717 3942; baseline 0.008 -31"><span class='ocrx_word' id='word_1_617' title='bbox 2136 3859 2283 3928; x_wconf 83' lang='grc' dir='ltr'>μένοι</span> <span class='ocrx_word' id='word_1_618' title='bbox 2300 3861 2429 3929; x_wconf 83' lang='grc'>(90),</span> <span class='ocrx_word' id='word_1_619' title='bbox 2448 3844 2580 3930; x_wconf 79' lang='grc' dir='ltr'><strong><em>μηδέ</em></strong></span> <span class='ocrx_word' id='word_1_620' title='bbox 2598 3863 2675 3924; x_wconf 80' lang='grc' dir='ltr'>εἰς</span> <span class='ocrx_word' id='word_1_621' title='bbox 2695 3862 2880 3930; x_wconf 82' lang='grc' dir='ltr'>λόγους</span> <span class='ocrx_word' id='word_1_622' title='bbox 2901 3863 3027 3915; x_wconf 86' lang='grc' dir='ltr'>ποτὲ</span> <span class='ocrx_word' id='word_1_623' title='bbox 3049 3844 3362 3934; x_wconf 69' lang='grc' dir='ltr'>ἀφικόμενοι</span> <span class='ocrx_word' id='word_1_624' title='bbox 3381 3866 3512 3938; x_wconf 73' lang='grc'>(91).</span> <span class='ocrx_word' id='word_1_625' title='bbox 3526 3844 3633 3942; x_wconf 71' lang='grc' dir='ltr'>Πρι</span> <span class='ocrx_word' id='word_1_626' title='bbox 3643 3889 3717 3924; x_wconf 75' lang='grc' dir='ltr'>σ-</span> 
     </span>
    </p>
   </div>
   <div class='ocr_carea' id='block_1_87' title="bbox 2132 3949 3715 4028">
    <p class='ocr_par' dir='ltr' id='par_1_87' title="bbox 2132 3949 3715 4028">
     <span class='ocr_line' id='line_1_87' title="bbox 2132 3949 3715 4028; baseline 0.009 -27"><span class='ocrx_word' id='word_1_627' title='bbox 2132 3949 2351 4003; x_wconf 84' lang='grc' dir='ltr'>εδοκᾶτο</span> <span class='ocrx_word' id='word_1_628' title='bbox 2383 3951 2440 4003; x_wconf 83' lang='grc' dir='ltr'><strong><em>δέ</em></strong></span> <span class='ocrx_word' id='word_1_629' title='bbox 2482 3953 2575 4005; x_wconf 77' lang='grc' dir='ltr'><strong><em>καὶ</em></strong></span> <span class='ocrx_word' id='word_1_630' title='bbox 2640 3954 2806 4024; x_wconf 77' lang='grc' dir='ltr'>ἑτέρα</span> <span class='ocrx_word' id='word_1_631' title='bbox 2853 3955 3109 4024; x_wconf 82' lang='grc' dir='ltr'>συντυχία</span> <span class='ocrx_word' id='word_1_632' title='bbox 3147 3957 3240 4009; x_wconf 77' lang='grc' dir='ltr'>τοῦ</span> <span class='ocrx_word' id='word_1_633' title='bbox 3270 3959 3715 4028; x_wconf 77' lang='grc' dir='ltr'>αἰδεσιμωτάτου</span> 
     </span>
    </p>
   </div>
   <div class='ocr_carea' id='block_1_88' title="bbox 2131 4041 3717 4119">
    <p class='ocr_par' dir='ltr' id='par_1_88' title="bbox 2131 4041 3717 4119">
     <span class='ocr_line' id='line_1_88' title="bbox 2131 4041 3717 4119; baseline 0.008 -27"><span class='ocrx_word' id='word_1_634' title='bbox 2131 4042 2426 4094; x_wconf 80' lang='grc' dir='ltr'>ἐπισκόπου</span> <span class='ocrx_word' id='word_1_635' title='bbox 2473 4041 2769 4095; x_wconf 74' lang='grc' dir='ltr'>Εὑσταθίου</span> <span class='ocrx_word' id='word_1_636' title='bbox 2796 4084 2810 4107; x_wconf 88' lang='grc'><strong><em>,</em></strong></span> <span class='ocrx_word' id='word_1_637' title='bbox 2853 4045 2884 4113; x_wconf 87' lang='grc' dir='ltr'>ή</span> <span class='ocrx_word' id='word_1_638' title='bbox 2941 4046 3036 4098; x_wconf 76' lang='grc' dir='ltr'>καὶ</span> <span class='ocrx_word' id='word_1_639' title='bbox 3090 4047 3353 4118; x_wconf 85' lang='grc' dir='ltr'>γενομένη</span> <span class='ocrx_word' id='word_1_640' title='bbox 3392 4051 3544 4119; x_wconf 69' lang='grc' dir='ltr'>ἡμῖν.</span> <span class='ocrx_word' id='word_1_641' title='bbox 3599 4053 3717 4109; x_wconf 81' lang='grc' dir='ltr'><strong><em>Διὰ</em></strong></span> 
     </span>
    </p>
   </div>
   <div class='ocr_carea' id='block_1_89' title="bbox 2131 4133 3718 4215">
    <p class='ocr_par' dir='ltr' id='par_1_89' title="bbox 2131 4133 3718 4215">
     <span class='ocr_line' id='line_1_89' title="bbox 2131 4133 3718 4215; baseline 0.009 -30"><span class='ocrx_word' id='word_1_642' title='bbox 2131 4133 2238 4204; x_wconf 81' lang='grc' dir='ltr'>γὰρ</span> <span class='ocrx_word' id='word_1_643' title='bbox 2268 4133 2329 4186; x_wconf 84' lang='grc' dir='ltr'><strong><em>τὸ</em></strong></span> <span class='ocrx_word' id='word_1_644' title='bbox 2363 4137 2514 4206; x_wconf 69' lang='grc' dir='ltr'>παρὰ</span> <span class='ocrx_word' id='word_1_645' title='bbox 2548 4136 2758 4189; x_wconf 84' lang='grc' dir='ltr'>πολλῶν</span> <span class='ocrx_word' id='word_1_646' title='bbox 2794 4138 3164 4192; x_wconf 75' lang='grc' dir='ltr'>καταϐοᾶσθαι</span> <span class='ocrx_word' id='word_1_647' title='bbox 3202 4139 3398 4204; x_wconf 82' lang='grc' dir='ltr'>αὐτὸν,</span> <span class='ocrx_word' id='word_1_648' title='bbox 3449 4141 3526 4206; x_wconf 88' lang='grc' dir='ltr'>ὡς</span> <span class='ocrx_word' id='word_1_649' title='bbox 3570 4147 3718 4215; x_wconf 75' lang='grc' dir='ltr'>περὶ</span> 
     </span>
    </p>
   </div>
   <div class='ocr_carea' id='block_1_90' title="bbox 2129 4225 3717 4306">
    <p class='ocr_par' dir='ltr' id='par_1_90' title="bbox 2129 4225 3717 4306">
     <span class='ocr_line' id='line_1_90' title="bbox 2129 4225 3717 4306; baseline 0.006 -29"><span class='ocrx_word' id='word_1_650' title='bbox 2129 4225 2226 4296; x_wconf 82' lang='grc' dir='ltr'>τὴν</span> <span class='ocrx_word' id='word_1_651' title='bbox 2288 4227 2470 4279; x_wconf 87' lang='grc' dir='ltr'>πίστιν</span> <span class='ocrx_word' id='word_1_652' title='bbox 2526 4228 3020 4298; x_wconf 84' lang='grc' dir='ltr'>παραχαρόισσοντά</span> <span class='ocrx_word' id='word_1_653' title='bbox 3057 4247 3141 4293; x_wconf 88' lang='grc' dir='ltr'>τι,</span> <span class='ocrx_word' id='word_1_654' title='bbox 3190 4231 3498 4302; x_wconf 82' lang='grc' dir='ltr'>ἀφικόμεθα</span> <span class='ocrx_word' id='word_1_655' title='bbox 3547 4235 3717 4306; x_wconf 75' lang='grc' dir='ltr'>αὐτῷ</span> 
     </span>
    </p>
   </div>
   <div class='ocr_carea' id='block_1_91' title="bbox 2130 4315 3714 4393">
    <p class='ocr_par' dir='ltr' id='par_1_91' title="bbox 2130 4315 3714 4393">
     <span class='ocr_line' id='line_1_91' title="bbox 2130 4315 3714 4393; baseline 0.007 -27"><span class='ocrx_word' id='word_1_656' title='bbox 2130 4317 2208 4378; x_wconf 82' lang='grc' dir='ltr'>εἰς</span> <span class='ocrx_word' id='word_1_657' title='bbox 2237 4315 2457 4384; x_wconf 83' lang='grc' dir='ltr'>λόγους,</span> <span class='ocrx_word' id='word_1_658' title='bbox 2489 4319 2584 4369; x_wconf 67' lang='grc' dir='ltr'>καὶ</span> <span class='ocrx_word' id='word_1_659' title='bbox 2621 4317 2852 4388; x_wconf 83' lang='grc' dir='ltr'>εὕρομεν</span> <span class='ocrx_word' id='word_1_660' title='bbox 2886 4321 2980 4371; x_wconf 72' lang='grc' dir='ltr'><strong><em>σὺν</em></strong></span> <span class='ocrx_word' id='word_1_661' title='bbox 3007 4317 3124 4389; x_wconf 83' lang='grc' dir='ltr'>Θεῷ</span> <span class='ocrx_word' id='word_1_662' title='bbox 3156 4321 3292 4390; x_wconf 82' lang='grc' dir='ltr'>πρὸς</span> <span class='ocrx_word' id='word_1_663' title='bbox 3324 4322 3504 4374; x_wconf 80' lang='grc' dir='ltr'>πᾶσαν</span> <span class='ocrx_word' id='word_1_664' title='bbox 3536 4322 3714 4393; x_wconf 83' lang='grc' dir='ltr'>ὀρθό-</span> 
     </span>
    </p>
   </div>
   <div class='ocr_carea' id='block_1_92' title="bbox 2129 4407 3717 4477">
    <p class='ocr_par' dir='ltr' id='par_1_92' title="bbox 2129 4407 3717 4477">
     <span class='ocr_line' id='line_1_92' title="bbox 2129 4407 3717 4477; baseline 0.008 -19"><span class='ocrx_word' id='word_1_665' title='bbox 2129 4422 2266 4476; x_wconf 86' lang='grc' dir='ltr'>τητα</span> <span class='ocrx_word' id='word_1_666' title='bbox 2311 4407 2664 4477; x_wconf 81' lang='grc' dir='ltr'>εὐγνωμόνως</span> <span class='ocrx_word' id='word_1_667' title='bbox 2694 4409 3106 4464; x_wconf 77' lang='grc' dir='ltr'>ἀκολουθοῦντα.</span> <span class='ocrx_word' id='word_1_668' title='bbox 3139 4410 3220 4463; x_wconf 85' lang='grc' dir='ltr'><strong><em>Τὰ</em></strong></span> <span class='ocrx_word' id='word_1_669' title='bbox 3243 4411 3299 4464; x_wconf 81' lang='grc' dir='ltr'>δὲ</span> <span class='ocrx_word' id='word_1_670' title='bbox 3327 4411 3432 4465; x_wconf 82' lang='grc' dir='ltr'>τῶν</span> <span class='ocrx_word' id='word_1_671' title='bbox 3477 4415 3717 4470; x_wconf 80' lang='grc' dir='ltr'>ἐπισκό-</span> 
     </span>
    </p>
   </div>
   <div class='ocr_carea' id='block_1_93' title="bbox 2132 4498 3715 4570">
    <p class='ocr_par' dir='ltr' id='par_1_93' title="bbox 2132 4498 3715 4570">
     <span class='ocr_line' id='line_1_93' title="bbox 2132 4498 3715 4570; baseline 0.008 -22"><span class='ocrx_word' id='word_1_672' title='bbox 2132 4513 2247 4548; x_wconf 84' lang='grc' dir='ltr'><strong><em>πων</em></strong></span> <span class='ocrx_word' id='word_1_673' title='bbox 2288 4498 2589 4568; x_wconf 81' lang='grc' dir='ltr'>γράμματα</span> <span class='ocrx_word' id='word_1_674' title='bbox 2621 4499 2770 4569; x_wconf 80' lang='grc' dir='ltr'>παρὰ</span> <span class='ocrx_word' id='word_1_675' title='bbox 2797 4500 2896 4570; x_wconf 76' lang='grc' dir='ltr'>τὴν</span> <span class='ocrx_word' id='word_1_676' title='bbox 2927 4501 3102 4553; x_wconf 85' lang='grc' dir='ltr'>αἰτίαν</span> <span class='ocrx_word' id='word_1_677' title='bbox 3133 4501 3310 4553; x_wconf 80' lang='grc' dir='ltr'>αὐτῶν</span> <span class='ocrx_word' id='word_1_678' title='bbox 3344 4501 3570 4556; x_wconf 81' lang='grc' dir='ltr'>ἐκείνων</span> <span class='ocrx_word' id='word_1_679' title='bbox 3597 4507 3715 4561; x_wconf 74' lang='grc' dir='ltr'>οὐκ</span> 
     </span>
    </p>
   </div>
   <div class='ocr_carea' id='block_1_94' title="bbox 2130 4589 3716 4664">
    <p class='ocr_par' dir='ltr' id='par_1_94' title="bbox 2130 4589 3716 4664">
     <span class='ocr_line' id='line_1_94' title="bbox 2130 4589 3716 4664; baseline 0.006 -23"><span class='ocrx_word' id='word_1_680' title='bbox 2130 4589 2392 4659; x_wconf 78' lang='grc' dir='ltr'>ἐκομίσθη</span> <span class='ocrx_word' id='word_1_681' title='bbox 2416 4593 2480 4660; x_wconf 84' lang='grc' dir='ltr'>τῇ</span> <span class='ocrx_word' id='word_1_682' title='bbox 2512 4591 2782 4662; x_wconf 86' lang='grc' dir='ltr'>τιμιότητί</span> <span class='ocrx_word' id='word_1_683' title='bbox 2814 4609 2906 4644; x_wconf 89' lang='grc' dir='ltr'><strong><em>σου</em></strong></span> <span class='ocrx_word' id='word_1_684' title='bbox 2929 4631 2944 4653; x_wconf 81' lang='grc'>,</span> <span class='ocrx_word' id='word_1_685' title='bbox 2975 4591 3067 4654; x_wconf 84' lang='grc' dir='ltr'><strong><em>οὒς</em></strong></span> <span class='ocrx_word' id='word_1_686' title='bbox 3093 4592 3258 4662; x_wconf 79' lang='grc' dir='ltr'>ἐχρῆν</span> <span class='ocrx_word' id='word_1_687' title='bbox 3286 4593 3354 4646; x_wconf 80' lang='grc' dir='ltr'><strong><em>τὰ</em></strong></span> <span class='ocrx_word' id='word_1_688' title='bbox 3380 4595 3510 4664; x_wconf 74' lang='grc' dir='ltr'>παρ’</span> <span class='ocrx_word' id='word_1_689' title='bbox 3540 4595 3716 4664; x_wconf 73' lang='grc' dir='ltr'>ἡμῶν</span> 
     </span>
    </p>
   </div>
   <div class='ocr_carea' id='block_1_95' title="bbox 2129 4680 3715 4758">
    <p class='ocr_par' dir='ltr' id='par_1_95' title="bbox 2129 4680 3715 4758">
     <span class='ocr_line' id='line_1_95' title="bbox 2129 4680 3715 4758; baseline 0.004 -26"><span class='ocrx_word' id='word_1_690' title='bbox 2129 4680 2562 4750; x_wconf 69' lang='grc' dir='ltr'>διαπέμψασθαι·</span> <span class='ocrx_word' id='word_1_691' title='bbox 2598 4682 2732 4735; x_wconf 89' lang='grc' dir='ltr'><strong><em>ἀλλά</em></strong></span> <span class='ocrx_word' id='word_1_692' title='bbox 2759 4683 2855 4734; x_wconf 72' lang='grc' dir='ltr'><strong><em>καὶ</em></strong></span> <span class='ocrx_word' id='word_1_693' title='bbox 2896 4682 2996 4752; x_wconf 79' lang='grc' dir='ltr'><strong><em>ἐμὲ</em></strong></span> <span class='ocrx_word' id='word_1_694' title='bbox 3028 4683 3302 4754; x_wconf 84' lang='grc' dir='ltr'>παρῆλθε,</span> <span class='ocrx_word' id='word_1_695' title='bbox 3341 4687 3408 4756; x_wconf 82' lang='grc' dir='ltr'>τῇ</span> <span class='ocrx_word' id='word_1_696' title='bbox 3447 4689 3715 4758; x_wconf 66' lang='grc' dir='ltr'><strong><em>συνεχείᾳ⁵</em></strong></span> 
     </span>
    </p>
   </div>
   <div class='ocr_carea' id='block_1_96' title="bbox 2128 4773 3712 4848">
    <p class='ocr_par' dir='ltr' id='par_1_96' title="bbox 2128 4773 3712 4848">
     <span class='ocr_line' id='line_1_96' title="bbox 2128 4773 3712 4848; baseline 0.005 -24"><span class='ocrx_word' id='word_1_697' title='bbox 2128 4773 2238 4825; x_wconf 83' lang='grc' dir='ltr'><strong><em>τῶν</em></strong></span> <span class='ocrx_word' id='word_1_698' title='bbox 2287 4773 2580 4843; x_wconf 78' lang='grc' dir='ltr'>φροντίδων</span> <span class='ocrx_word' id='word_1_699' title='bbox 2630 4774 3029 4845; x_wconf 83' lang='grc' dir='ltr'>ἐκκρουσθέντα</span> <span class='ocrx_word' id='word_1_700' title='bbox 3072 4777 3170 4846; x_wconf 82' lang='grc' dir='ltr'><strong><em>τῆς</em></strong></span> <span class='ocrx_word' id='word_1_701' title='bbox 3223 4777 3458 4848; x_wconf 81' lang='grc' dir='ltr'>μνήμης.</span> <span class='ocrx_word' id='word_1_702' title='bbox 3491 4777 3597 4830; x_wconf 80' lang='grc' dir='ltr'>Τὸν</span> <span class='ocrx_word' id='word_1_703' title='bbox 3657 4780 3712 4832; x_wconf 79' lang='grc' dir='ltr'>δ’</span> 
     </span>
    </p>
   </div>
   <div class='ocr_carea' id='block_1_97' title="bbox 2128 4951 3713 5020">
    <p class='ocr_par' dir='ltr' id='par_1_97' title="bbox 2128 4951 3713 5020">
     <span class='ocr_line' id='line_1_97' title="bbox 2128 4951 3713 5020; baseline 0.006 -16"><span class='ocrx_word' id='word_1_704' title='bbox 2128 4951 2421 5020; x_wconf 83' lang='lat' dir='ltr'><strong><em>Aliquanto</em></strong></span> <span class='ocrx_word' id='word_1_705' title='bbox 2450 4951 2591 5004; x_wconf 77' lang='lat' dir='ltr'><strong><em>mira</em></strong></span> <span class='ocrx_word' id='word_1_706' title='bbox 2624 4951 2755 5006; x_wconf 88' lang='lat' dir='ltr'><strong><em>editi</em></strong></span> <span class='ocrx_word' id='word_1_707' title='bbox 2783 4951 3144 5018; x_wconf 76' lang='grc' dir='ltr'>ἀντιϐλέπειν,</span> <span class='ocrx_word' id='word_1_708' title='bbox 3194 4960 3304 5010; x_wconf 90' lang='lat' dir='ltr'><strong><em>tres</em></strong></span> <span class='ocrx_word' id='word_1_709' title='bbox 3337 4956 3713 5014; x_wconf 81' lang='lat' dir='ltr'><strong><em>vetustissimi</em></strong></span> 
     </span>
    </p>
   </div>
   <div class='ocr_carea' id='block_1_98' title="bbox 521 5018 2021 5096">
    <p class='ocr_par' dir='ltr' id='par_1_98' title="bbox 521 5018 2016 5096">
     <span class='ocr_line' id='line_1_98' title="bbox 521 5018 2016 5096; baseline -0.003 -18"><span class='ocrx_word' id='word_1_710' title='bbox 521 5024 638 5096; x_wconf 74' lang='grc'>(84)</span> <span class='ocrx_word' id='word_1_711' title='bbox 691 5024 1038 5096; x_wconf 67' lang='grc' dir='ltr'>Ὁσιότητος.</span> <span class='ocrx_word' id='word_1_712' title='bbox 1091 5018 1168 5074; x_wconf 79' lang='lat' dir='ltr'><strong><em>Ita</em></strong></span> <span class='ocrx_word' id='word_1_713' title='bbox 1217 5029 1328 5096; x_wconf 75' lang='lat' dir='ltr'><strong><em>tres</em></strong></span> <span class='ocrx_word' id='word_1_714' title='bbox 1376 5019 1726 5096; x_wconf 80' lang='lat' dir='ltr'><strong><em>vetustissimi</em></strong></span> <span class='ocrx_word' id='word_1_715' title='bbox 1773 5018 2016 5096; x_wconf 81' lang='lat' dir='ltr'><strong><em>codices,</em></strong></span> 
     </span>
    </p>
   </div>
   <div class='ocr_carea' id='block_1_99' title="bbox 2133 5018 2706 5096">
    <p class='ocr_par' dir='ltr' id='par_1_99' title="bbox 2133 5018 2706 5096">
     <span class='ocr_line' id='line_1_99' title="bbox 2133 5018 2706 5096; baseline -0.007 -18"><span class='ocrx_word' id='word_1_716' title='bbox 2133 5018 2343 5096; x_wconf 70' lang='lat' dir='ltr'><strong><em>codices</em></strong></span> <span class='ocrx_word' id='word_1_717' title='bbox 2377 5029 2432 5073; x_wconf 86' lang='lat' dir='ltr'><strong><em>ut</em></strong></span> <span class='ocrx_word' id='word_1_718' title='bbox 2458 5021 2511 5096; x_wconf 83' lang='lat' dir='ltr'><strong><em>in</em></strong></span> <span class='ocrx_word' id='word_1_719' title='bbox 2535 5029 2706 5076; x_wconf 75' lang='lat' dir='ltr'><strong><em>textu.</em></strong></span> 
     </span>
    </p>
   </div>
   <div class='ocr_carea' id='block_1_100' title="bbox 455 5089 2020 5164">
    <p class='ocr_par' dir='ltr' id='par_1_100' title="bbox 455 5089 2020 5164">
     <span class='ocr_line' id='line_1_100' title="bbox 455 5089 2020 5164; baseline -0.004 -15"><span class='ocrx_word' id='word_1_720' title='bbox 455 5089 576 5164; x_wconf 71' lang='lat' dir='ltr'><strong><em>qua:</em></strong></span> <span class='ocrx_word' id='word_1_721' title='bbox 615 5089 886 5163; x_wconf 82' lang='lat' dir='ltr'><strong><em>scriptura</em></strong></span> <span class='ocrx_word' id='word_1_722' title='bbox 908 5089 1126 5146; x_wconf 39' lang='lat' dir='ltr'><strong><em>&#39;videtur</em></strong></span> <span class='ocrx_word' id='word_1_723' title='bbox 1165 5089 1496 5161; x_wconf 66' lang='lat' dir='ltr'><strong><em>praeferenda</em></strong></span> <span class='ocrx_word' id='word_1_724' title='bbox 1535 5091 1767 5160; x_wconf 71' lang='lat' dir='ltr'><strong><em>vulgatae</em></strong></span> <span class='ocrx_word' id='word_1_725' title='bbox 1797 5090 2020 5152; x_wconf 86' lang='grc' dir='ltr'>κοσμιό-</span> 
     </span>
    </p>
   </div>
   <div class='ocr_carea' id='block_1_101' title="bbox 451 5181 630 5218">
    <p class='ocr_par' dir='ltr' id='par_1_101' title="bbox 451 5181 630 5218">
     <span class='ocr_line' id='line_1_101' title="bbox 451 5181 630 5218; baseline -0.011 0"><span class='ocrx_word' id='word_1_726' title='bbox 451 5181 630 5218; x_wconf 77' lang='grc' dir='ltr'>τητος.</span> 
     </span>
    </p>
   </div>
   <div class='ocr_carea' id='block_1_102' title="bbox 485 5181 2022 5303">
    <p class='ocr_par' dir='ltr' id='par_1_102' title="bbox 485 5181 2022 5303">
     <span class='ocr_line' id='line_1_102' title="bbox 485 5181 2022 5303; baseline -0.006 -14"><span class='ocrx_word' id='word_1_727' title='bbox 485 5181 1122 5303; x_wconf 35' lang='lat' dir='ltr'><strong><em>“fgéiﬂapelonr‘dxd</em></strong></span> <span class='ocrx_word' id='word_1_728' title='bbox 1159 5227 1271 5298; x_wconf 82' lang='grc' dir='ltr'>τῆς</span> <span class='ocrx_word' id='word_1_729' title='bbox 1314 5227 1652 5303; x_wconf 56' lang='grc' dir='ltr'>ἐπιθυμίας.</span> <span class='ocrx_word' id='word_1_730' title='bbox 1691 5227 1836 5303; x_wconf 33' lang='grc' dir='ltr'><strong><em>Εᾲῑιί-</em></strong></span> <span class='ocrx_word' id='word_1_731' title='bbox 1881 5245 2022 5303; x_wconf 44' lang='grc' dir='ltr'>παρ--</span> 
     </span>
    </p>
   </div>
   <div class='ocr_carea' id='block_1_103' title="bbox 451 5297 2017 5372">
    <p class='ocr_par' dir='ltr' id='par_1_103' title="bbox 451 5297 2017 5372">
     <span class='ocr_line' id='line_1_103' title="bbox 451 5297 2017 5372; baseline -0.003 -18"><span class='ocrx_word' id='word_1_732' title='bbox 451 5297 906 5372; x_wconf 24' lang='grc' dir='ltr'>είθηνίὺπδίτῆς-</span> <span class='ocrx_word' id='word_1_733' title='bbox 937 5298 1195 5372; x_wconf 50' lang='grc' dir='ltr'><strong><em>ἀθυμίαιςἲ</em></strong></span> <span class='ocrx_word' id='word_1_734' title='bbox 1224 5297 1227 5298; x_wconf 49' lang='grc'><strong><em>⁷</em></strong></span> <span class='ocrx_word' id='word_1_735' title='bbox 1265 5297 1670 5372; x_wconf 25' lang='grc' dir='ltr'>αηίηιομάιιίεσί.</span> <span class='ocrx_word' id='word_1_736' title='bbox 1710 5297 1858 5372; x_wconf 65' lang='grc' dir='ltr'><strong><em>ῌιιΗΪ</em></strong></span> <span class='ocrx_word' id='word_1_737' title='bbox 1908 5297 2017 5350; x_wconf 83' lang='grc' dir='ltr'>ἀπὸ</span> 
     </span>
    </p>
   </div>
   <div class='ocr_carea' id='block_1_104' title="bbox 451 5367 1943 5440">
    <p class='ocr_par' dir='ltr' id='par_1_104' title="bbox 451 5367 1943 5440">
     <span class='ocr_line' id='line_1_104' title="bbox 451 5367 1943 5440; baseline -0.003 -16"><span class='ocrx_word' id='word_1_738' title='bbox 451 5367 1348 5440; x_wconf 15' lang='grc' dir='ltr'>τῆςἀθυμίαςξδοίιυεξΜθιΙὶοωυε</span> <span class='ocrx_word' id='word_1_739' title='bbox 1375 5367 1484 5420; x_wconf 83' lang='grc' dir='ltr'><strong><em>ἀπὸ</em></strong></span> <span class='ocrx_word' id='word_1_740' title='bbox 1509 5369 1604 5438; x_wconf 81' lang='grc' dir='ltr'>τῆς</span> <span class='ocrx_word' id='word_1_741' title='bbox 1631 5367 1943 5438; x_wconf 81' lang='grc' dir='ltr'>ἐπιθυμίας.</span> 
     </span>
    </p>
   </div>
   <div class='ocr_carea' id='block_1_105' title="bbox 524 5437 1121 5510">
    <p class='ocr_par' dir='ltr' id='par_1_105' title="bbox 524 5437 1121 5510">
     <span class='ocr_line' id='line_1_105' title="bbox 524 5437 1121 5510; baseline 0.002 -17"><span class='ocrx_word' id='word_1_742' title='bbox 524 5440 634 5510; x_wconf 85' lang='grc'>(86)</span> <span class='ocrx_word' id='word_1_743' title='bbox 673 5437 810 5510; x_wconf 69' lang='lat' dir='ltr'><strong><em>Vide</em></strong></span> <span class='ocrx_word' id='word_1_744' title='bbox 840 5437 1121 5510; x_wconf 84' lang='lat' dir='ltr'><strong><em>Addenda.</em></strong></span> 
     </span>
    </p>
   </div>
   <div class='ocr_carea' id='block_1_106' title="bbox 523 5505 2012 5577">
    <p class='ocr_par' dir='ltr' id='par_1_106' title="bbox 523 5505 2012 5577">
     <span class='ocr_line' id='line_1_106' title="bbox 523 5505 2012 5577; baseline -0.003 -15"><span class='ocrx_word' id='word_1_745' title='bbox 523 5505 635 5577; x_wconf 82' lang='lat'><strong><em>(87)</em></strong></span> <span class='ocrx_word' id='word_1_746' title='bbox 686 5507 1270 5576; x_wconf 63' lang='grc' dir='ltr'>’Υπομιμνήσκοντω</span> <span class='ocrx_word' id='word_1_747' title='bbox 1326 5505 1418 5560; x_wconf 90' lang='lat' dir='ltr'><strong><em>Sic</em></strong></span> <span class='ocrx_word' id='word_1_748' title='bbox 1461 5519 1595 5577; x_wconf 85' lang='lat' dir='ltr'><strong><em>m_ss.</em></strong></span> <span class='ocrx_word' id='word_1_749' title='bbox 1647 5521 1796 5560; x_wconf 81' lang='lat' dir='ltr'><strong><em>sex:</em></strong></span> <span class='ocrx_word' id='word_1_750' title='bbox 1845 5505 2012 5577; x_wconf 84' lang='lat' dir='ltr'><strong><em>habet</em></strong></span> 
     </span>
    </p>
   </div>
   <div class='ocr_carea' id='block_1_107' title="bbox 453 5574 2012 5645">
    <p class='ocr_par' dir='ltr' id='par_1_107' title="bbox 453 5574 2012 5645">
     <span class='ocr_line' id='line_1_107' title="bbox 453 5574 2012 5645; baseline -0.003 -13"><span class='ocrx_word' id='word_1_751' title='bbox 453 5574 772 5632; x_wconf 63' lang='lat' dir='ltr'><strong><em>Harlaéanus</em></strong></span> <span class='ocrx_word' id='word_1_752' title='bbox 818 5574 984 5631; x_wconf 78' lang='lat' dir='ltr'><strong><em>codex</em></strong></span> <span class='ocrx_word' id='word_1_753' title='bbox 1017 5577 1454 5645; x_wconf 80' lang='grc' dir='ltr'>ὑπομνήσκοντα.</span> <span class='ocrx_word' id='word_1_754' title='bbox 1503 5574 1593 5628; x_wconf 91' lang='lat' dir='ltr'><strong><em>Sic</em></strong></span> <span class='ocrx_word' id='word_1_755' title='bbox 1633 5578 1796 5628; x_wconf 87' lang='lat' dir='ltr'><strong><em>etiam</em></strong></span> <span class='ocrx_word' id='word_1_756' title='bbox 1841 5576 2012 5630; x_wconf 88' lang='lat' dir='ltr'><strong><em>editio</em></strong></span> 
     </span>
    </p>
   </div>
   <div class='ocr_carea' id='block_1_108' title="bbox 453 5645 2005 5721">
    <p class='ocr_par' dir='ltr' id='par_1_108' title="bbox 453 5645 2005 5721">
     <span class='ocr_line' id='line_1_108' title="bbox 453 5645 2005 5721; baseline -0.002 -19"><span class='ocrx_word' id='word_1_757' title='bbox 453 5647 630 5721; x_wconf 86' lang='lat' dir='ltr'><strong><em>prima</em></strong></span> <span class='ocrx_word' id='word_1_758' title='bbox 668 5646 841 5702; x_wconf 82' lang='lat' dir='ltr'><strong><em>Paris.</em></strong></span> <span class='ocrx_word' id='word_1_759' title='bbox 871 5647 942 5700; x_wconf 68' lang='lat' dir='ltr'><strong><em>At</em></strong></span> <span class='ocrx_word' id='word_1_760' title='bbox 986 5646 1042 5700; x_wconf 93' lang='lat' dir='ltr'><strong><em>in</em></strong></span> <span class='ocrx_word' id='word_1_761' title='bbox 1079 5647 1321 5700; x_wconf 81' lang='lat' dir='ltr'><strong><em>secunda</em></strong></span> <span class='ocrx_word' id='word_1_762' title='bbox 1363 5645 1556 5715; x_wconf 79' lang='lat' dir='ltr'><strong><em>legitur</em></strong></span> <span class='ocrx_word' id='word_1_763' title='bbox 1601 5645 2005 5716; x_wconf 75' lang='grc' dir='ltr'>ὑπομνήσοντα.</span> 
     </span>
    </p>
   </div>
   <div class='ocr_carea' id='block_1_109' title="bbox 2203 5091 3237 5162">
    <p class='ocr_par' dir='ltr' id='par_1_109' title="bbox 2203 5091 3237 5162">
     <span class='ocr_line' id='line_1_109' title="bbox 2203 5091 3237 5162; baseline 0.002 -20"><span class='ocrx_word' id='word_1_764' title='bbox 2203 5092 2314 5162; x_wconf 75' lang='grc'>(88)</span> <span class='ocrx_word' id='word_1_765' title='bbox 2347 5092 2676 5162; x_wconf 71' lang='grc' dir='ltr'>Σαμόσατα.</span> <span class='ocrx_word' id='word_1_766' title='bbox 2716 5091 2865 5162; x_wconf 71' lang='lat' dir='ltr'><strong><em>ﬂarl.</em></strong></span> <span class='ocrx_word' id='word_1_767' title='bbox 2891 5093 3237 5162; x_wconf 88' lang='grc' dir='ltr'>Σαμοσάτων.</span> 
     </span>
    </p>
   </div>
   <div class='ocr_carea' id='block_1_110' title="bbox 2202 5159 3714 5231">
    <p class='ocr_par' dir='ltr' id='par_1_110' title="bbox 2202 5159 3714 5231">
     <span class='ocr_line' id='line_1_110' title="bbox 2202 5159 3714 5231; baseline 0.002 -15"><span class='ocrx_word' id='word_1_768' title='bbox 2202 5159 2313 5231; x_wconf 86' lang='grc'>(89)</span> <span class='ocrx_word' id='word_1_769' title='bbox 2343 5161 2531 5224; x_wconf 80' lang='grc' dir='ltr'>Αὐτῷ.</span> <span class='ocrx_word' id='word_1_770' title='bbox 2584 5161 2674 5215; x_wconf 89' lang='lat' dir='ltr'><strong><em>Sic</em></strong></span> <span class='ocrx_word' id='word_1_771' title='bbox 2714 5159 2864 5215; x_wconf 88' lang='lat' dir='ltr'><strong><em>Harl.</em></strong></span> <span class='ocrx_word' id='word_1_772' title='bbox 2901 5159 3071 5230; x_wconf 87' lang='lat' dir='ltr'><strong><em>prima</em></strong></span> <span class='ocrx_word' id='word_1_773' title='bbox 3119 5177 3301 5223; x_wconf 81' lang='lat' dir='ltr'><strong><em>manu,</em></strong></span> <span class='ocrx_word' id='word_1_774' title='bbox 3344 5178 3507 5231; x_wconf 90' lang='lat' dir='ltr'><strong><em>quam</em></strong></span> <span class='ocrx_word' id='word_1_775' title='bbox 3555 5167 3714 5219; x_wconf 78' lang='lat' dir='ltr'><strong><em>scri-</em></strong></span> 
     </span>
    </p>
   </div>
   <div class='ocr_carea' id='block_1_111' title="bbox 2128 5231 3710 5304">
    <p class='ocr_par' dir='ltr' id='par_1_111' title="bbox 2128 5231 3710 5304">
     <span class='ocr_line' id='line_1_111' title="bbox 2128 5231 3710 5304; baseline 0.003 -19"><span class='ocrx_word' id='word_1_776' title='bbox 2128 5232 2442 5304; x_wconf 86' lang='lat' dir='ltr'><strong><em>pturam_in_</em></strong></span> <span class='ocrx_word' id='word_1_777' title='bbox 2471 5239 2674 5304; x_wconf 77' lang='lat' dir='ltr'><strong><em>textum</em></strong></span> <span class='ocrx_word' id='word_1_778' title='bbox 2722 5231 2981 5304; x_wconf 82' lang='lat' dir='ltr'><strong><em>inducere</em></strong></span> <span class='ocrx_word' id='word_1_779' title='bbox 3030 5247 3136 5304; x_wconf 71' lang='lat' dir='ltr'><strong><em>npn</em></strong></span> <span class='ocrx_word' id='word_1_780' title='bbox 3176 5231 3548 5287; x_wconf 83' lang='lat' dir='ltr'><strong><em>dubitavimus</em></strong></span> <span class='ocrx_word' id='word_1_781' title='bbox 3595 5251 3710 5304; x_wconf 87' lang='lat' dir='ltr'><strong><em>pro</em></strong></span> 
     </span>
    </p>
   </div>
   <div class='ocr_carea' id='block_1_112' title="bbox 2126 5299 3110 5368">
    <p class='ocr_par' dir='ltr' id='par_1_112' title="bbox 2126 5299 3110 5368">
     <span class='ocr_line' id='line_1_112' title="bbox 2126 5299 3110 5368; baseline -0.004 -12"><span class='ocrx_word' id='word_1_782' title='bbox 2126 5299 2192 5356; x_wconf 79' lang='lat' dir='ltr'><strong><em>eo</em></strong></span> <span class='ocrx_word' id='word_1_783' title='bbox 2217 5300 2361 5368; x_wconf 81' lang='grc' dir='ltr'>(μιυά</span> <span class='ocrx_word' id='word_1_784' title='bbox 2395 5301 2588 5354; x_wconf 89' lang='lat' dir='ltr'><strong><em>vitiose</em></strong></span> <span class='ocrx_word' id='word_1_785' title='bbox 2615 5301 2892 5368; x_wconf 81' lang='lat' dir='ltr'><strong><em>legebatur</em></strong></span> <span class='ocrx_word' id='word_1_786' title='bbox 2924 5299 3110 5354; x_wconf 82' lang='grc' dir='ltr'>αὐτοῦ.</span> 
     </span>
    </p>
   </div>
   <div class='ocr_carea' id='block_1_113' title="bbox 2195 5368 3702 5442">
    <p class='ocr_par' dir='ltr' id='par_1_113' title="bbox 2195 5368 3702 5442">
     <span class='ocr_line' id='line_1_113' title="bbox 2195 5368 3702 5442; baseline 0.001 -18"><span class='ocrx_word' id='word_1_787' title='bbox 2195 5371 2308 5442; x_wconf 76' lang='lat'><strong><em>(90)</em></strong></span> <span class='ocrx_word' id='word_1_788' title='bbox 2343 5369 2786 5442; x_wconf 52' lang='lat' dir='ltr'><strong><em>Hestetgttnérm.</em></strong></span> <span class='ocrx_word' id='word_1_789' title='bbox 2820 5372 2899 5422; x_wconf 84' lang='lat' dir='ltr'><strong><em>Ita</em></strong></span> <span class='ocrx_word' id='word_1_790' title='bbox 2931 5385 3061 5442; x_wconf 79' lang='lat' dir='ltr'><strong><em>mss.</em></strong></span> <span class='ocrx_word' id='word_1_791' title='bbox 3097 5377 3148 5422; x_wconf 81' lang='lat' dir='ltr'><strong><em>ct</em></strong></span> <span class='ocrx_word' id='word_1_792' title='bbox 3179 5368 3342 5442; x_wconf 79' lang='lat' dir='ltr'><strong><em>paulo</em></strong></span> <span class='ocrx_word' id='word_1_793' title='bbox 3368 5369 3702 5442; x_wconf 66' lang='lat' dir='ltr'><strong><em>postiitlem</em></strong></span> 
     </span>
    </p>
   </div>
   <div class='ocr_carea' id='block_1_114' title="bbox 2121 5437 3707 5522">
    <p class='ocr_par' dir='ltr' id='par_1_114' title="bbox 2121 5437 3707 5522">
     <span class='ocr_line' id='line_1_114' title="bbox 2121 5437 3707 5522; baseline 0 -29"><span class='ocrx_word' id='word_1_794' title='bbox 2121 5437 2462 5522; x_wconf 51' lang='grc' dir='ltr'>ἀφίκόμενοι.</span> <span class='ocrx_word' id='word_1_795' title='bbox 2509 5437 2662 5522; x_wconf 43' lang='lat' dir='ltr'><strong><em>Editi.</em></strong></span> <span class='ocrx_word' id='word_1_796' title='bbox 2700 5439 3130 5522; x_wconf 55' lang='grc' dir='ltr'>πεπερασμένοι</span> <span class='ocrx_word' id='word_1_797' title='bbox 3174 5437 3229 5492; x_wconf 79' lang='lat' dir='ltr'><strong><em>et</em></strong></span> <span class='ocrx_word' id='word_1_798' title='bbox 3279 5437 3707 5522; x_wconf 65' lang='grc' dir='ltr'>ἀφικνούμενα.</span> 
     </span>
    </p>
   </div>
   <div class='ocr_carea' id='block_1_115' title="bbox 2120 5507 3645 5580">
    <p class='ocr_par' dir='ltr' id='par_1_115' title="bbox 2120 5507 3645 5580">
     <span class='ocr_line' id='line_1_115' title="bbox 2120 5507 3645 5580; baseline 0.001 -18"><span class='ocrx_word' id='word_1_799' title='bbox 2120 5507 2304 5580; x_wconf 74' lang='lat' dir='ltr'><strong><em>Habet</em></strong></span> <span class='ocrx_word' id='word_1_800' title='bbox 2325 5516 2506 5580; x_wconf 67' lang='lat' dir='ltr'><strong><em>tamen</em></strong></span> <span class='ocrx_word' id='word_1_801' title='bbox 2523 5508 2702 5580; x_wconf 76' lang='lat' dir='ltr'><strong><em>editio</em></strong></span> <span class='ocrx_word' id='word_1_802' title='bbox 2718 5507 2987 5580; x_wconf 76' lang='lat' dir='ltr'><strong><em>secunda</em></strong></span> <span class='ocrx_word' id='word_1_803' title='bbox 3009 5507 3185 5563; x_wconf 85' lang='lat' dir='ltr'><strong><em>Paris.</em></strong></span> <span class='ocrx_word' id='word_1_804' title='bbox 3219 5507 3645 5580; x_wconf 82' lang='grc' dir='ltr'>πεπειραμένοι.</span> 
     </span>
    </p>
   </div>
   <div class='ocr_carea' id='block_1_116' title="bbox 2189 5575 2790 5648">
    <p class='ocr_par' dir='ltr' id='par_1_116' title="bbox 2189 5575 2790 5648">
     <span class='ocr_line' id='line_1_116' title="bbox 2189 5575 2790 5648; baseline -0.002 -17"><span class='ocrx_word' id='word_1_805' title='bbox 2189 5577 2304 5648; x_wconf 85' lang='grc'>(91)</span> <span class='ocrx_word' id='word_1_806' title='bbox 2347 5575 2482 5632; x_wconf 79' lang='lat' dir='ltr'><strong><em>Vide</em></strong></span> <span class='ocrx_word' id='word_1_807' title='bbox 2505 5576 2790 5632; x_wconf 84' lang='lat' dir='ltr'><strong><em>Addenda.</em></strong></span> 
     </span>
    </p>
   </div>
  </div>
