3868 6218
448 347 555 404 499

1760 355 1820 410 S.
1860 353 2102 410 BASILII
2137 354 2350 412 MAGNI

3572 339 3677 395 500

451 459 648 514 simum
699 458 1017 530 cpiscOpum
1065 459 1415 517 Eustathium
1470 464 1524 518 in
1575 467 2014 523 communionem

2134 485 2196 521 δτι
2250 465 2589 538 ἠνεσχόμεθα
2645 465 2723 528 είς
2777 459 3056 517 κοινωνίαν
3102 454 3194 511 τὸν
3257 449 3679 522 αἰδεσιμώτατον

452 551 715 621 recipere.
750 551 904 619 Quod
938 558 1123 607 autem
1151 555 1395 625 egimus,
1435 563 1519 611 est
1550 557 1840 627 ejusmodi.

522 728 578 782 2.
620 726 811 784 Vocati
838 728 905 784 ad
939 738 1304 799 conventum,
1344 734 1439 802 qui
1472 748 1502 788 a
1548 734 1718 791 fratre
1738 734 2019 791 Theodoto

455 819 775 886 habebatur,
810 836 875 875 ac
900 821 1167 877 charitate
1206 823 1464 894 impulsi,
1498 835 1559 881 ut
1603 829 1822 881 vocanti
1854 828 2017 882 obse-

456 926 773 982 queremur,
820 927 888 966 ne
935 928 1289 984 congressum
1340 916 1651 972 videremur
1705 918 1919 973 irritum
1966 926 2020 972 et

457 1004 706 1057 inutilem
754 1003 1019 1068 reddere,
1054 1005 1306 1061 dedimus
1348 1021 1571 1076 operam
1617 1015 1677 1063 ut
1736 1009 1791 1062 in
1844 1009 2019 1063 collo-

457 1093 648 1163 quium
680 1109 804 1148 cum
842 1096 1103 1164 praedicto
1150 1097 1321 1153 fratre
1349 1098 1636 1154 Eustathio
1687 1101 2016 1156 veniremus.

459 1185 537 1238 Ac
591 1185 668 1238 illi
713 1186 929 1255 quidem
982 1189 1366 1258 proposuimus
1420 1205 1757 1261 quaecunque
1806 1191 1873 1245 de
1920 1191 2022 1245 fide

462 1276 615 1330 illum
637 1277 963 1332 criminatur
988 1278 1156 1334 frater
1182 1280 1529 1348 Theodotus;
1564 1283 1986 1353 rogavimusque
2004 1322 2020 1347 ,

462 1368 508 1424 si
551 1376 755 1423 rectam
788 1368 947 1423 fidem
992 1380 1330 1441 sequeretur,
1367 1372 1716 1429 manifestum
1761 1373 1814 1428 id
1865 1375 2023 1429 nobis

464 1460 775 1526 faceret,ut
812 1476 936 1515 cum
969 1477 1035 1515 eo
1068 1463 1510 1518 communionem
1536 1465 1894 1520 haberemus:
1937 1465 2023 1519 sin

463 1555 646 1604 autem
676 1550 854 1605 alieno
882 1558 1027 1606 esset
1056 1551 1269 1615 animo,
1294 1554 1460 1623 probe
1485 1555 1649 1609 sciret
1674 1569 1773 1609 nos
1807 1570 2024 1625 quoque

465 1640 530 1694 ab
554 1639 674 1709 ipso
696 1640 1063 1696 abalienatum
1094 1641 1181 1695 iri.
1205 1640 1395 1712 Itaque
1423 1658 1547 1697 cum
1578 1644 1781 1701 multos
1825 1660 2025 1701 sermo-

464 1742 562 1783 nes
600 1729 742 1785 inter
774 1746 875 1787 nos
910 1732 1296 1787 habuissemus
1317 1773 1332 1796 ,
1365 1735 1617 1804 diemque
1670 1736 1819 1789 illam
1855 1744 2023 1791 totam

2116 559 2411 613 ἐπίσκοπον
2452 555 2747 610 Εύστάθιον
2788 547 3210 624 παραδέξασθαι.
3249 544 3323 598 Τό
3376 543 3555 614 μέντοι
3582 557 3678 608 γε-

2118 650 2339 719 νόμενον
2369 648 2499 719 παρ’
2531 646 2685 719 ήμῶν
2723 643 2962 698 τοιοῦτόν
2995 642 3164 693 ἐστιν.

2187 717 2240 793 Ξ.
2279 717 2489 810 Ἡμεῖς,
2514 717 2803 808 κληθέντες
2824 737 2900 797 είς
2931 731 3142 786 σύνοδον
3165 724 3313 795 παρὰ
3334 721 3426 777 τοῦ
3453 717 3681 787 ἀδελφοῦ

2117 829 2370 882 Θεοδότου
2403 828 2727 898 τελουμένην
2754 825 2897 896 (99),
2937 825 3032 877 καὶ
3070 824 3407 894 ὁρμήσαντες
3435 818 3501 870 δι’
3543 817 3682 885 ἀγά-

2120 938 2227 990 πην
2254 920 2556 973 ὑπακοῦσαι
2588 921 2653 989 τῇ
2682 919 2890 989 κλήσει,
2922 917 3009 970 ῖνα
3038 914 3110 986 μὴ
3140 914 3375 984 δόξωμεν
3404 911 3685 980 ἄπρακτον

2120 1012 2213 1065 καὶ
2258 1012 2431 1082 ἀργὴν
2469 1010 2736 1063 ποιεῖσθαι
2784 1009 2881 1079 τὴν
2920 1006 3242 1076 συντυχίαν,
3274 1001 3685 1069 ἐσπουδάσαμεν

2121 1105 2199 1165 εἰς
2242 1103 2431 1170 λόγους
2483 1101 2654 1155 ἐλθεῖν
2694 1099 2771 1171 τῷ
2801 1099 3180 1171 προειρημένῳ
3232 1092 3443 1163 ἀδελφῷ
3476 1093 3686 1145 Εύστα-

2123 1193 2239 1264 θίῳ.
2279 1195 2386 1246 Καὶ
2436 1192 2823 1264 προετείναμεν
2866 1190 3103 1263 αύτῷτά
3137 1189 3262 1260 περὶ
3306 1189 3404 1257 τῆς
3451 1183 3689 1244 πίστεως

2123 1283 2438 1352 ἐγκλήματα
2456 1324 2470 1348 ,
2499 1283 2598 1335 ὅσα
2631 1281 2994 1352 προφέρουσιν
3020 1278 3168 1347 αὐτῷ
3193 1280 3240 1330 οῐ
3274 1276 3399 1348 περὶ
3423 1274 3511 1328 τὸν
3536 1271 3691 1326 ἁδελ-

2123 1373 2221 1442 φὺν
2251 1373 2529 1429 Θεόδοτον·
2560 1373 2654 1425 καὶ
2694 1372 3007 1442 ἠξιώσαμεν
3026 1414 3039 1437 ,
3077 1373 3124 1424 εἰ
3157 1370 3251 1441 μὲν
3279 1369 3465 1421 ἕπεται
3495 1369 3560 1437 τῇ
3591 1367 3690 1436 dp—

2124 1464 2190 1535 θῇ
2243 1464 2455 1528 πίστει,
2513 1463 2743 1536 φανερόν
2787 1466 2920 1534 ἡμῖν
2953 1464 3287 1533 καταστῆσαι
3311 1499 3326 1524 ,
3354 1460 3495 1512 ὥστε
3541 1458 3693 1528 ἡμᾶς

2124 1550 2260 1608 εἶναι
2311 1555 2691 1618 κοινωνικούς·
2738 1556 2785 1607 εί
2829 1554 2885 1606 δὲ
2920 1552 3210 1623 ἀλλοτρίως
3259 1551 3370 1621 ἔχει
3395 1589 3409 1612 ,
3446 1547 3694 1619 ἀκριϐῶς

2125 1643 2320 1699 εἰδέναι
2341 1685 2355 1709 ,
2392 1645 2475 1697 ὅτι
2500 1647 2593 1700 καὶ
2622 1647 2781 1716 ἡμεῖς
2807 1644 2998 1713 ἕξομεν
3033 1645 3166 1714 πρὸς
3195 1641 3352 1694 αὐτὸν
3375 1638 3689 1711 ἀλλοτρίως.

2126 1735 2339 1789 Πολλῶν
2373 1736 2549 1789 τοίνυν
2580 1735 2885 1805 γενομένων
2923 1733 3094 1801 λόγων
3127 1732 3259 1802 πρὸς
3287 1731 3567 1802 ἀλλήλους,
3596 1729 3695 1783 καὶ¹

464 1822 519 1875 ἱη
547 1821 634 1876 his
668 1824 1040 1894 expendendis
1084 1824 1604 1896 insumpsissemus;
1648 1827 1789 1883 flexo
1832 1828 1945 1897 jam
1972 1828 2027 1883 in

2134 1825 2308 1895 πάσης
2340 1826 2553 1895 ἐκείνης
2582 1829 2680 1896 τῆς
2706 1824 2917 1895 ἡμέρας
2954 1826 3009 1877 ἐν
3030 1827 3095 1894 τῇ
3122 1822 3469 1893 περὶτούτων
3500 1819 3694 1888 σκέψει

463 1926 747 1981 vesperam
780 1914 867 1969 die
890 1955 906 1980 ,
941 1914 1300 1971 discessimus
1331 1917 1399 1971 ab
1442 1918 1671 1972 invicem
1699 1961 1712 1985 ,
1754 1918 2026 1988 colloquio

465 2000 671 2053 nullam
701 2000 769 2054 ad
801 2009 1007 2056 certam
1044 2002 1455 2058 conclusionem
1484 2004 1765 2072 perducto.
1793 2004 1899 2060 Sed
1922 2006 2025 2059 ile-

465 2109 585 2147 rum
617 2096 866 2164 sequenti
883 2095 970 2149 die
1000 2108 1159 2149 mane
1182 2094 1552 2159 considentes,
1584 2096 1653 2151 de
1684 2095 1878 2151 iisdem
1910 2094 2027 2150 dis-

466 2182 743 2239 seruimus
768 2222 783 2247 ,
821 2182 1112 2238 accedente
1154 2183 1266 2252 jam
1297 2192 1350 2238 et
1380 2182 1548 2238 fratre
1582 2182 1894 2247 Pmmenio,
1932 2180 2031 2237 Se-

463 2274 655 2330 bastiae
684 2275 1006 2346 presbytero
1029 2314 1043 2338 ,
1083 2281 1139 2329 et
1170 2272 1516 2329 vehementer
1535 2275 1903 2331 adversariam
1930 2288 2031 2328 no-

464 2365 552 2421 bis
581 2365 884 2421 doctrinam
930 2364 1273 2421 defendente.
1323 2363 1592 2419 Paulatim
1648 2366 1813 2436 igitur
1861 2372 1914 2422 et
1966 2381 2031 2422 ea

467 2456 862 2521 dissolvimus-,
892 2472 1123 2527 quorum
1176 2454 1396 2511 nomine
1425 2455 1707 2511 videbatur
1754 2472 1841 2512 me
1870 2472 2034 2512 accu-

469 2561 628 2612 sare,
653 2555 707 2602 et
730 2561 825 2602 eos
859 2546 929 2600 ad
961 2544 1369 2602 assentiendum
1404 2544 1473 2598 iis
1494 2559 1615 2614 quae
1638 2560 1669 2598 a
1699 2560 1787 2600 me
1823 2561 2034 2614 quaere-

471 2638 669 2692 bantur
697 2637 934 2702 adduxi,
973 2638 1047 2691 ita
1078 2646 1138 2691 ut
1178 2637 1348 2706 gratia
1402 2634 1617 2689 Domini
1662 2636 2037 2693 inveniremur

476 2743 541 2783 ne
567 2728 634 2783 de
676 2727 835 2799 194
864 2728 1108 2783 minimis
1129 2727 1346 2798 quidem
1369 2727 1532 2782 rebus
1563 2727 1705 2781 inter
1727 2742 1826 2783 nos
1864 2727 2030 2784 dissi-

476 2818 681 2874 dentes.
711 2819 789 2873 lta
814 2819 982 2888 igitur
1005 2818 1152 2873 circa
1181 2832 1382 2872 nonam
1420 2815 1533 2872 fere
1564 2827 1753 2871 noram
1792 2818 2038 2872 surrexi-

476 2923 596 2965 mus
624 2908 692 2963 ad
750 2909 1116 2979 precandum,
1160 2923 1224 2963 ac
1270 2907 1499 2965 Domino
1549 2909 1752 2979 gratias
1791 2910 2034 2979 egimus,

478 3001 638 3057 nobis
666 3002 919 3071 largienti
942 3042 957 3066 ,
990 3001 1129 3057 idem
1162 3011 1220 3056 ut
1271 3003 1597 3056 sentiremus
1618 3041 1632 3064 ,
1664 2999 1913 3071 idemque
1956 3001 2038 3056 lo-

476 3108 786 3162 queremur.
816 3093 896 3148 Ad
924 3093 1037 3148 haec
1078 3093 1365 3164 oportebat
1410 3107 1498 3148 me
1542 3099 1597 3148 et
1633 3093 1892 3163 scriptam
1937 3092 2037 3146 ali-

2127 1913 2526 1985 δαπανηθείσης
2553 1931 2566 1944 ·
2613 1913 3021 1982 καταλαϐούσης
3057 1911 3241 1965 λοιπὸν
3283 1913 3379 1980 τῆς
3428 1908 3693 1979 ἑσπέρας,

2125 2004 2473 2076 διεκρίθημεν
2518 2004 2611 2057 ἀπ’
2646 2003 2918 2074 ἀλλήλων,
2954 2005 3034 2066 εἰς
3066 2002 3215 2054 οὐδὲν
3265 1999 3696 2070 ὁμολογούμενον

2128 2098 2300 2169 πέρας
2328 2097 2419 2148 τὸν
2451 2096 2608 2162 λόγον
2651 2094 3070 2163 προαγαγόντες.
3118 2092 3196 2163 Τῇ
3239 2091 3295 2144 δέ
3338 2089 3464 2160 ἐξῆς
3496 2087 3691 2153 πάλιν,

2129 2190 2295 2243 ἕωθεν
2324 2186 2783 2256 συγκαθεσθέντες
2811 2186 2916 2256 (1),
2952 2184 3079 2256 περὶ
3105 2183 3212 2236 τῶν
3249 2181 3423 2236 αὐτῶν
3456 2177 3698 2248 διελεγό-

2133 2281 2309 2353 μεθα,
2351 2279 2665 2341 ἐπελθόντος
2710 2277 2810 2348 ἤδη
2861 2275 3080 2330 καὶτοῦ
3115 2274 3340 2343 ἀδελφοῦ
3382 2270 3697 2342 Ποιμενίου,

2127 2367 2222 2420 τοῦ
2250 2366 2619 2436 πρεσϐυτέρου
2652 2365 2751 2434 τῆς
2781 2363 3135 2426 Σεδαστείας,
3167 2363 3261 2415 καὶ
3294 2360 3535 2431 σφοδρῶς
3561 2358 3700 2428 ἡμῖν

2128 2461 2220 2515 τὸν
2258 2459 2494 2513 ἐναντίον
2544 2456 2910 2527 γυμνάζοντος
2957 2455 3132 2523 λόγον,
3168 2453 3322 2506 Κατά
3370 2452 3562 2523 μικρὸν
3600 2445 3702 2503 οὖν

2132 2555 2291 2624 ἡμεῖς
2312 2569 2371 2604 τε
2391 2591 2405 2613 ,
2442 2549 2582 2618 ὑπὲρ
2613 2543 2687 2602 ὧν
2714 2548 2891 2614 ἔδοξεν
2922 2550 3050 2619 ἡμῖν
3075 2547 3321 2615 ἐγκαλεῖν
3345 2587 3360 2608 ,
3393 2544 3701 2615 ἀπελυόμεο

2134 2644 2202 2696 θα
2226 2683 2240 2706 ,
2263 2642 2543 2703 κάκείνους
2574 2640 2654 2701 είς
2685 2638 2784 2708 τὴν
2812 2639 2919 2691 τῶν
2950 2636 3387 2709 ἐπιζητουμένων
3418 2635 3507 2702 ὑφ’
3536 2637 3568 2704 ή
3579 2634 3703 2704 μῶν

2136 2731 2524 2802 συγκατάθεσιν
2581 2729 2967 2801 προηγάγομεν
3011 2729 3086 2799 (2)
3114 2746 3125 2758 ·
3179 2728 3320 2782 ὥστε
3370 2727 3549 2798 χάριτι
3600 2724 3703 2778 τοῦ

2133 2823 2337 2893 Κυρίου
2388 2821 2673 2893 εὑρεθῆναι
2725 2823 2870 2892 ἡμᾶς
2916 2820 3049 2891 μηδέ
3097 2822 3177 2883 εἰς
3229 2819 3290 2872 τὸ
3338 2817 3705 2888 σμικρότατον

2135 2913 2270 2985 πρὸς
2312 2912 2571 2983 ἀλλήλους
2637 2912 3078 2983 διαφερομένους.
3141 2909 3297 2964 Οὕτω
3341 2909 3519 2961 τοίνυν
3569 2908 3707 2978 περὶ

2135 3001 2359 3073 ἐννάτην
2408 3019 2510 3055 που
2561 3000 2708 3074 ὥραν
2753 3001 3052 3072 άνέστημεν
3086 2999 3179 3052 ἐπὶ⁹
3221 2998 3318 3060 τάς
3370 2996 3703 3068 προσευχὰς,

2136 3095 2622 3164 εὐχαριστήσαντες
2669 3093 2746 3163 τῷ
2776 3092 2984 3163 Κυρίῳ,
3029 3091 3107 3161 τῷ
3144 3090 3284 3144 δόντι
3320 3091 3448 3161 ἡμῖν
3480 3088 3540 3142 τὸ
3568 3086 3709 3141 αὐτὸ

477 3201 639 3257 quam
668 3186 1071 3241 confessionem
1113 3187 1180 3241 ab
1217 3185 1437 3240 homine
1470 3186 1759 3255 accipere,
1797 3191 1852 3238 ut
1893 3191 1948 3239 et
1974 3184 2031 3238 il-

2140 3188 2386 3255 φρονεῖν,
2439 3184 2533 3237 καὶ
2568 3185 2628 3236 τὸ
2666 3184 2797 3237 αὐτὸ
2833 3183 3028 3252 λέγειν.
3087 3183 3209 3236 Ἐπὶ
3254 3183 3459 3244 τούτοις
3492 3180 3599 3232 ἔδει
3632 3197 3707 3250 με

478 3280 584 3334 lius
615 3277 945 3333 adversariis
979 3278 1267 3334 manifesta
1299 3277 1450 3333 ﬁeret
1505 3276 1620 3331 haec
1664 3278 1912 3333 assensio
1933 3318 1949 3342 ,
1985 3285 2039 3331 et

478 3369 690 3425 caeteris
738 3367 992 3423 idoneum
1042 3375 1283 3424 exstaret
1326 3368 1473 3423 illius
1527 3367 1792 3437 propositi
1847 3382 2041 3422 monu-

479 3468 740 3515 mentum.
779 3458 886 3514 Sed
918 3460 1031 3530 ipse
1055 3460 1200 3513 volui
1237 3459 1306 3512 ob
1335 3458 1625 3527 plurimam
1665 3456 2037 3528 diligentiam,

478 3567 600 3607 cum
637 3550 807 3606 fratre
833 3549 1114 3605 Theodoto
1133 3551 1517 3620 congrediens,
1548 3551 1793 3605 libellum
1823 3551 1944 3605 ﬁdei
1975 3551 2042 3606 ab

481 3642 602 3712 ipso
626 3643 874 3712 accipere
899 3681 914 3705 ,
944 3641 1103 3711 eique
1131 3656 1293 3710 quem
1327 3640 1607 3696 nominavi
1641 3642 1760 3695 viro
1793 3640 1989 3697 offerre
2024 3660 2037 3696 :

480 3738 541 3785 ut
570 3731 679 3786 duo
700 3746 1087 3802 consequerer,
1122 3746 1315 3800 nempe
1345 3738 1403 3784 ut
1426 3738 1479 3785 et
1504 3730 1620 3800 ipse
1647 3729 1808 3784 fidem
1833 3736 2040 3784 rectam

481 3823 855 3886 confiteretur,
886 3834 939 3879 et
976 3823 1062 3878 bis
1083 3823 1375 3879 satisfieret
1399 3863 1414 3886 ,
1463 3823 1668 3877 nullam
1714 3822 2043 3878 habentibus

481 3915 889 3970 contradicendi
944 3917 1264 3979 materiam,
1319 3920 1445 3983 post
1489 3919 1742 3983 acceptas
1796 3913 2042 3983 ipsorum

482 4004 845 4060 conditiones.
889 4004 958 4057 At
1010 4002 1320 4059 Theodotus
1347 4043 1363 4069 ,
1419 4004 1734 4074 priusquam
1764 4002 2044 4058 didicisset

481 4110 646 4165 quam
677 4096 747 4151 ob
771 4110 994 4151 causam
1024 4096 1501 4162 convenissemus,
1533 4106 1585 4151 et
1615 4096 1744 4167 quid
1773 4111 1841 4151 ex
1878 4096 2045 4151 collo-

482 4178 614 4256 quio
636 4188 925 4242 consecuti
979 4203 1257 4252 essemus,
1299 4203 1409 4242 non
1455 4188 1567 4258 jam
1620 4202 1722 4243 nos
1768 4187 1836 4241 ad
1874 4202 2040 4259 syno-

483 4277 613 4331 dum
628 4277 907 4333 vocandos
924 4279 1207 4348 judicavit.
1233 4279 1340 4334 Sed
1362 4295 1392 4334 e
1420 4278 1597 4334 medio
1619 4279 1813 4335 itinere
1837 4278 2042 4335 reversi

485 4383 710 4432 sumus,
743 4368 983 4422 animum
1023 4368 1422 4438 despondentes
1446 4407 1460 4431 ,
1496 4368 1638 4437 quod
1668 4377 1889 4424 nostros
1944 4383 2044 4439 pro

484 4472 618 4527 pace
645 4456 1013 4513 Ecclesiarum
1034 4459 1249 4514 labores
1272 4458 1457 4515 irritos
1492 4458 1762 4514 redderet.

2140 3276 2234 3328 καὶ
2261 3275 2532 3347 ἐγγραφόν
2580 3292 2701 3328 τινα
2735 3275 2883 3345 παρὰ
2914 3272 3008 3325 τοῦ
3050 3272 3239 3343 ἀνδρὸς
3282 3271 3569 3342 ὁμολογίαν
3602 3270 3708 3324 λα-

2140 3364 2291 3429 δεῖν,
2338 3366 2477 3419 ὥστε
2521 3367 2614 3419 καὶ
2648 3368 2754 3429 τοῖς
2806 3364 3231 3434 ἐναντιουμένοις
3272 3361 3420 3431 αὐτῷ
3464 3359 3712 3430 φανερὰν

2139 3458 2388 3527 γενέσθαι
2421 3458 2517 3528 τὴν
2549 3458 2942 3527 συγκατάθεσιν
2962 3497 2977 3521 ,
3014 3456 3107 3508 καὶ
3141 3458 3249 3517 τοῖς
3277 3454 3479 3516 λοιποῖς
3512 3452 3712 3524 ἱκανὴν

2141 3544 2275 3601 εἶναι
2321 3547 2413 3600 τοῦ
2457 3548 2646 3620 ἀνδρὸς
2695 3549 2793 3618 τῆς
2846 3548 3215 3619 προαιρέσεως
3265 3545 3362 3615 τὴν
3410 3543 3712 3609 ἀπόδειξιν.

2155 3639 2291 3693 Ἀλλ’
2326 3638 2623 3710 ἐϐουλήθην
2654 3639 2814 3703 αὐτὸς
2845 3640 2950 3693 ὑπὸ
2984 3638 3180 3707 πολλῆς
3225 3634 3507 3706 ἅκριὸείας
3532 3674 3547 3698 ,
3592 3637 3716 3698 τοῖς

2143 3729 2388 3798 ἀδελφοῖς
2416 3729 2686 3799 συντυχὼν
2729 3733 2841 3793 τοῖς
2875 3731 3001 3800 περὶ
3045 3728 3295 3782 Θεόδοτον
3315 3766 3330 3792 ,
3365 3725 3493 3797 παρ’
3525 3725 3717 3778 αὐτῶν

2141 3819 2326 3873 λαϐεῖν
2372 3823 2742 3891 γραμματεῖον
2791 3821 3057 3884 πίστεως,
3089 3819 3184 3873 καὶ⁹
3238 3816 3372 3872 αὐτὸ
3427 3818 3717 3888 προτεῖναι

2143 3910 2220 3982 τῷ
2251 3912 2658 3983 προειρημένην
2693 3911 2780 3965 ἵνα
2808 3911 3090 3982 ἀμφότερα
3121 3909 3377 3979 γένηται,
3409 3909 3444 3978 ἦ
3472 3924 3533 3960 τε
3572 3906 3720 3979 ὀρθὴ

2144 4002 2325 4065 πίστις
2357 4002 2484 4068 παρ’
2520 4001 2683 4056 αὐτοῦ
2713 4001 3017 4073 ὁμολογηθῇ
3045 4002 3121 4069 ('5)
3141 4039 3156 4063 ,
3199 4000 3295 4053 ml.
3326 3997 3475 4052 αὐτοὶ
3507 3998 3722 4068 πληρο-

2144 4094 2421 4166 φορηθῶσι
2447 4135 2461 4160 ,
2518 4095 2783 4167 μηδεμίαν
2831 4094 3043 4165 ἔχοντες
3096 4092 3400 4162 ἀντιλογίας
3452 4089 3721 4143 ὑπόθεσιν

2144 4187 2211 4238 ἐκ
2260 4186 2355 4238 τοῦ
2407 4185 2506 4250 τὰς
2557 4189 2686 4258 παρ’
2738 4186 2916 4240 αὐτῶν
2961 4186 3253 4258 προτάσεις
3286 4182 3720 4255 Μραδεχθῆναι.

2157 4277 2316 4332 Ἀλλὰ
2362 4278 2492 4349 πρὶν
2529 4279 2717 4350 μαθεῖν
2758 4280 2902 4342 τίνος
2948 4277 3133 4331 ἐνεκεν
3181 4275 3539 4346 συνετύχομεν
3563 4315 3580 4340 ,
3615 4274 3726 4328 καὶ

2144 4371 2197 4423 τί
2251 4373 2380 4443 ἡμῖν
2431 4373 2495 4424 ἐκ
2551 4371 2649 4442 τῆς
2697 4369 2910 4442 ὁμιλίας
2943 4368 3337 4439 κατώρθωται,
3370 4367 3420 4419 οἰ
3461 4364 3591 4435 περὶ
3619 4364 3725 4419 τὸν

2148 4460 2443 4515 ἐπίσκοπον
2495 4460 2741 4514 Θεόδοτον
2795 4459 2976 4512 οὐκέτι
3026 4459 3171 4528 ἡμᾶς
3221 4458 3300 4519 είς
3351 4455 3448 4525 τὴν
3497 4453 3725 4507 σύνοδον

485 4547 892 4617 προτρέψασθαι
938 4548 1299 4619 κατηξίωσαν.
1361 4547 1501 4601 Ἀλλ’
1547 4548 1656 4601 ἀπὸ
1686 4548 1855 4621 μέσης
1903 4547 2269 4619 άνεζεύξαμεν
2311 4549 2383 4621 (4)
2408 4551 2504 4621 τῆς
2552 4549 2671 4602 ὁδοῦ
2697 4590 2712 4615 ,
2755 4548 3167 4618 ἀθυμήσαντες,
3203 4545 3286 4598 ὅτι
3334 4543 3542 4606 ἀτελεῖς
3578 4544 3725 4613 ἡμῖν

484 4636 697 4691 ποιοῦσι
727 4636 852 4700 τοὺς
886 4637 1025 4704 ὑπὲρ
1055 4637 1153 4708 τῆς
1182 4639 1401 4708 εἰρήνης
1431 4636 1538 4690 τῶν
1582 4637 1910 4708 Ἔκκλησιῶν
1947 4639 2242 4709 καμάτους.

555 4731 610 4786 5.
672 4730 867 4785 Postea
912 4730 1080 4801 igitur
1131 4730 1384 4800 imposita
1429 4730 1564 4784 mihi
1609 4731 1938 4787 necessitate
1992 4732 2031 4786 ir

2220 4733 2273 4787 5.
2299 4731 2452 4785 Μετὰ
2482 4731 2650 4786 ταῦτα
2685 4731 2893 4796 τοίνυν,
2927 4728 3110 4799 ἐπειδὴ
3159 4728 3453 4785 κατέλαῦεν
3497 4729 3648 4798 sua;
3686 4744 3726 4801 η

487 4823 802 4877 Armeniam
843 4822 1050 4887 eundi,
1086 4837 1209 4876 cum
1249 4836 1467 4878 nossem
1507 4823 1784 4893 singulare
1814 4823 2031 4878 homini:

2147 4827 2357 4897 ἀνάγκη
2395 4827 2495 4897 τῆς
2527 4826 2617 4880 ἐπὶ
2644 4825 2742 4897 τὴν
2793 4825 3080 4898 Ἀρμενίαν
3108 4823 3226 4878 ὁδοῦ
3246 4864 3262 4888 ,
3294 4822 3449 4885 εἰδὼς
3491 4820 3586 4874 τοῦ
3621 4822 3728 4874 ἀν-

489 4912 766 4982 ingenium
790 4949 809 4979 ,
839 4912 1146 4981 vellemque
1189 4926 1376 4967 coram
1409 4913 1677 4981 locuplete
1735 4919 1875 4967 teste
1925 4929 2031 4966 cun

2147 4916 2272 4989 δρὸς
2299 4919 2359 4971 τὸ
2388 4918 2683 4988 ἰδιότροπον
2703 4961 2717 4983 ,
2743 4917 2836 4971 καὶ
2867 4916 3185 4986 βουλόμενος
3219 4915 3323 4967 ὑπὸ
3374 4913 3611 4985 μάρτυρι
3634 4913 3724 4982 (5)

486 5003 607 5073 ipse
665 5002 936 5058 rationem
989 5017 1177 5058 eorum
1211 5017 1331 5072 qua:
1363 5016 1580 5073 egeram
1637 5001 1898 5065 reddere,
1932 5008 2031 5055 tun

2150 5006 2446 5077 ἀξιοπίστῳ
2478 5007 2636 5071 αὐτός
2677 5023 2737 5058 τε
2782 5006 2919 5076 ὑπὲρ
2947 5004 3054 5057 τῶν
3088 5002 3490 5075 πεπραγμένων
3516 4999 3728 5055 ἀπολο-

561 5154 673 5250 ς99)
711 5153 1102 5250 Τξλουμέτηιν.
1147 5155 1226 5250 Ιιὲ
1274 5169 1409 5210 mss.
1463 5153 1635 5250 nostri
1664 5167 1874 5250 omnes.
1893 5151 2031 5250 1Ειιίι

2152 5158 2276 5215 simi
2313 5159 2661 5250 ὁμολογῆται.

2227 5228 2296 5250 Il\
2376 5228 2647 5250 A--_y__',I-_.

490 5219 903 5298 τελειόυμένηνξ
936 5219 1143 5280 Ibidem
1184 5222 1320 5298 Reg.
1369 5224 1642 5298 secundus
1673 5230 1727 5278 et
1764 5222 1930 5277 Coisl.
1964 5238 2024 5277 se

2225 5228 2298 5297 (4)
2349 5219 2910 5298 ’Ἀνεξεῦξαμενι-Ιῑλ
2960 5224 3093 5298 ﬁeg.
3150 5231 3377 5298 uterque
3434 5228 3491 5275 et
3533 5219 3719 5298 Qpisl.

493 5288 1039 5368 ςιι-ηάιιέ-Θεὸδὼρου,
1074 5296 1220 5368 quod
1269 5288 1618 5368 manifestum
1668 5300 1753 5347 est
1792 5299 2056 5347 erratum.
2160 5288 2391 5368 ntér'que
2419 5288 2541 5353 cum
2574 5288 2737 5362 Me'd.,
2771 5288 3212 5368 V_a_t.,4Clarom.,
3240 5288 3413 5368 Paris.
3448 5288 3721 5368 et_Bigut.

494 5364 661 5438 iidem
706 5365 815 5419 duo
849 5361 1068 5419 codices
1092 5361 1311 5419 habent
1348 5361 1636 5425 κοινωνούς
1678 5377 1776 5432 pro
1818 5378 2031 5415 κοινωνι

2158 5366 2275 5438 Non
2303 5361 2541 5438 'possum
2597 5361 2766 5423 citare
2811 5365 3181 5438 Harlmanum_
3202 5362 3468 5438 codicem,
3494 5361 3562 5438 .in
3596 5377 3725 5438 _quo

494 5434 640 5495 κούς.
1679 5429 1696 5432 “
2158 5429 2344 5490 folium
2380 5437 2534 5493 deest
2562 5438 2666 5492 hoc
2696 5439 2835 5497 loco,
2870 5436 2966 5490 sed
2997 5449 3105 5488 non
3150 5432 3373 5487 dubium
3417 5430 3548 5499 quin
3595 5429 3724 5486 hac

2156 5507 2427 5571 scriptura
2480 5515 2559 5561 tot
2607 5508 2734 5562 nixa
2783 5506 2938 5559 libris
2990 5503 3230 5572 antiquis
3269 5499 3607 5572 praeferenda
3645 5502 3726 5555 sit

2155 5577 2382 5643 vulgata:
2407 5576 2719 5643 ἀνέζευξαν,
2754 5576 2944 5628 τευθτεὶ
2971 5584 3115 5628 sunt.

2230 5594 2240 5628 l
2281 5594 2382 5631 arae
2407 5594 2719 5643 ανεςευςαν,
2754 5594 2943 5628 reversi
2971 5594 3115 5628 sum.

2225 5594 2302 5719 (ξ)
2340 5647 2471 5700 Ὑπὸ
2496 5646 2764 5717 μάρτυρι.
2788 5643 3048 5699 Nonnulli
3078 5657 3212 5698 mss.
3245 5641 3337 5695 ἐπὶ
3371 5639 3632 5711 μάρτυρι.

564 5503 639 5569 (1)
672 5501 809 5556 Vide
839 5500 1120 5557 Addenda.

565 5508 609 5569 (1
677 5508 809 5556 Vide
839 5508 1120 5557 Addenda.

565 5508 640 5641 (ἓξ
673 5570 1113 5641 Προηγ-άγομεν.
1152 5569 1244 5626 Sic
1277 5580 1387 5627 tres
1416 5570 1775 5627 vetustissimi
1813 5569 2052 5626 codices.

493 5636 637 5694 Editi
669 5636 1146 5710 προσηγάγομενζ
1880 5708 1889 5710 4
1964 5654 1976 5668 “

569 5710 646 5781 (5)
688 5708 1069 5779 Ὀμολοτηθῇ
1106 5708 1241 5765 Tres
1269 5724 1402 5766 mss.
1435 5725 1543 5765 non
1573 5716 1751 5765 tamen
1782 5708 2052 5781 antiquis-
