3868 6218
156 288 255 343 501

1074 295 1561 354 EPISTOLABUM
1597 294 1885 355 CLASSIS
1918 302 1981 361 il.
2021 307 2246 368 EPIST.
2286 312 2475 371 XCIX.

3274 325 3382 383 502

154 412 425 483 γήσασθαι
458 452 472 475 ,
528 414 776 467 κάκεῖνον
830 415 1272 488 πληροφορῆσαι,
1321 414 1482 489 ἦλθον
1520 420 1612 474 ἐπὶ
1655 420 1722 473 τά

1837 421 1903 477 illi
1949 429 2302 496 satisfacere,
2335 431 2460 486 veni
2489 429 2685 486 Getasa
2744 432 2798 487 in
2841 448 3028 505 agrum
3078 437 3382 509 religiosis-

155 505 194 556 Γ
199 505 377 573 ήτασα
408 505 499 558 τὸν
527 506 696 577 ἀγρὸν
727 504 820 558 τοῦ
852 506 1261 575 θεοφιλεστάτου
1289 511 1587 564 ἐπισκόπου
1618 512 1723 565 Ms-

155 598 331 650 λετίου
355 639 371 662 ,
411 597 787 668 συμπαρόντος
825 615 915 667 μοι
949 599 1232 653 καὶαύτοῦ
1261 600 1356 654 τοῦ
1395 603 1725 674 προειρημέ-

154 706 247 740 νου
285 688 541 741 Θεοδότου
564 705 579 719 ·
616 691 709 742 καὶ
746 689 917 753 οὕτως
954 692 1100 755 ἐκεῖ,
1133 692 1317 763 ἐπειδὴ
1357 692 1724 765 ἐνεκλήθημεν

156 781 284 851 παρ’
332 779 494 833 αὑτοῦ
541 781 633 833 ἐπὶ
675 784 741 853 τῇ
776 781 851 851 (6)
904 784 1041 852 πρὸς
1086 784 1380 838 Εὐστάθιον
1440 788 1722 858 συναφείᾳ,

155 866 307 924 εἶπον
355 871 416 923 τὸ
456 873 521 925 ἐκ
551 872 650 941 τῆς
697 873 983 943 συντυχίας
1017 876 1378 947 κατόρθωμα,
1412 878 1493 931 ὄτι
1538 876 1724 931 ἔλαϐον

155 963 317 1015 αὐτὸν
370 965 449 1026 είς
495 964 670 1016 πάντα
716 966 849 1034 ἡμῖν
898 965 1271 1035 ὁμοδοξοῦντα.
1324 968 1410 1032 Ὠς
1456 969 1514 1021 δὲ
1549 969 1743 1023 διεϐε-·

155 1053 378 1107 ϐαιοῦτο
412 1052 633 1125 ἔξαρνον
687 1056 1013 1127 γεγενῆσθαι
1071 1058 1209 1127 μετὰ
1259 1059 1356 1131 τὴν
1413 1062 1505 1129 ἀφ’
1567 1062 1725 1132 ἡμῶν

153 1144 501 1217 ἀναχώρησιν
528 1185 541 1209 ,
603 1148 696 1199 καὶ
746 1146 1183 1203 διαϐεϐαιοῦσθαι
1234 1151 1396 1204 αὐτὸν
1432 1155 1543 1217 τοῖς
1578 1153 1725 1219 ίδίοις

160 1236 327 1290 αὐτοῦ
355 1236 654 1307 μαθηταῖς,
687 1233 722 1309 ἦ
765 1237 863 1309 μὲν
888 1241 967 1302 εἰς
1003 1239 1166 1310 μηδὲν
1198 1243 1327 1312 ἡμῖν
1356 1243 1485 1314 περὶ
1511 1244 1610 1315 τῆς
1634 1245 1725 1297 πί-

158 1346 329 1393 στεως
376 1328 779 1391 συντεθεῖσθαι,
809 1330 1064 1401 ἀπήντων
1100 1329 1210 1399 ἐγὼ
1245 1333 1379 1402 πρὸς
1412 1333 1582 1386 ταῦτα
1611 1336 1726 1404 (καὶ

158 1420 389 1483 σκόπει,
432 1419 886 1491 θαυμασιώτατε,
932 1422 981 1474 εἰ
1028 1421 1102 1493 μὴ
1144 1422 1486 1488 δικαιοτάτας
1515 1426 1590 1493 (7)
1633 1426 1728 1479 καὶ⁹

156 1514 584 1584 ἀναντιῤῥήτους
616 1512 911 1587 ἐποιούμην
957 1514 1090 1583 πρὸς
1139 1512 1296 1566 τοῦτο
1347 1515 1445 1577 τὰς
1502 1516 1729 1588 ἀποκρί-

158 1608 301 1668 σεις)
330 1645 346 1668 ,
399 1605 482 1658 ὅτι
533 1604 645 1672 ἐγὼ
694 1607 793 1676 μὲν
854 1605 1191 1677 πέπεισμαι,
1237 1607 1470 1671 εἰκάζων
1521 1609 1587 1661 ἐκ
1630 1609 1729 1679 τῆς

156 1696 353 1768 λοιπῆς
381 1697 698 1760 εὐπαθείας
722 1697 815 1751 τοῦ
849 1697 1039 1770 ἀνδρὸς
1063 1739 1078 1762 ,
1124 1698 1198 1769 μὴ
1219 1698 1390 1763 οὓτως
1418 1700 1578 1753 αὐτὸν
1600 1700 1725 1754 κού-

158 1806 274 1856 φως
303 1789 725 1859 περιτρέπεσθαι
763 1790 897 1861 πρὸς
926 1790 992 1843 τά
1030 1790 1244 1843 ἐναντία
1265 1829 1280 1855 ,
1315 1792 1449 1862 μηδὲ
1497 1790 1592 1844 νῦν
1626 1791 1725 1862 μὲν

156 1880 468 1950 ὁμολογεῖν,
498 1880 609 1933 νῦν·
632 1882 688 1934 δὲ
739 1882 879 1953 ὑπὲρ
918 1878 993 1936 ὧν
1038 1878 1190 1936 εἶπεν
1219 1883 1528 1954 ἀρνεῖσθαι·
1559 1884 1725 1955 ἄνδρα

157 1976 251 2027 καὶ
282 1975 345 2028 τὸ
366 1975 505 2046 ὑπὲρ
527 1975 634 2029 τῶν
658 1975 927 2046 τυχόντων
942 1975 1133 2044 ψεῦδος
1150 2017 1166 2040 ,
1192 1977 1266 2039 ὡς
1298 1975 1546 2047 φοϐερὸν,
1585 1978 1723 2030 ἀπο-

157 2064 426 2134 φεύγοντα
452 2106 467 2129 ,
501 2067 574 2137 μὴ
601 2067 682 2119 ὅτι
708 2083 771 2134 γε
797 2067 926 2137 περὶ
964 2066 1073 2119 τῶν
1108 2067 1437 2136 τηλικούτων
1468 2069 1725 2139 πραγμά-

156 2175 297 2219 των,
339 2160 434 2211 καὶ
460 2158 601 2211 οὕτω
633 2159 784 2229 παρὰ
811 2160 945 2212 πᾶσι
1000 2158 1341 2229 βεϐοημένων
1369 2161 1445 2230 (8)
1464 2203 1479 2226 ,
1512 2162 1725 2216 ἑλέσθαι

158 2249 223 2300 ἄν
253 2265 384 2300 ποτε
439 2248 827 2320 ἐναντιωθῆναι
871 2252 937 2319 τῇ
990 2249 1235 2321 ἀληθείᾳ.
1278 2252 1341 2304 Et
1373 2251 1430 2305 δὲ
1478 2252 1584 2323 ἄρα
1632 2254 1727 2308 καὶ¹

160 2338 335 2408 ἀληθῆ
385 2334 523 2391 εἶναι
584 2339 766 2411 συμϐῇ
818 2340 886 2394 τὰ
940 2339 1310 2410 θρυλλούμενα
1372 2343 1501 2412 παρ’
1551 2343 1724 2413 ὑμῶν,

159 2433 439 2501 προτεῖναι
492 2430 641 2501 αὐτῷ
673 2435 1052 2501 γραμματεῖον
1077 2473 1091 2495 ,
1128 2434 1306 2485 πᾶσαν
1345 2432 1465 2502 ἔχον
1497 2433 1596 2503 τῆς
1631 2435 1726 2506 όρ-

161 2522 259 2591 θῆς
284 2523 520 2584 πίστεως
546 2523 646 2593 τὴν
681 2522 976 2587 ἀπόδειξιν,
1011 2524 1135 2595 χρή.
1179 2523 1301 2576 Ἐὰν
1338 2524 1437 2593 μὲν
1469 2520 1560 2578 οὖν
1584 2524 1729 2596 εὒρω

159 2612 321 2665 αὐτὸν
374 2612 753 2682 συντιθέμενον
784 2613 1075 2693 ἐγγράφως
1100 2652 1113 2675 ,
1151 2612 1392 2682 ἐπιμενῶ
1431 2616 1495 2685 τῇ
1541 2631 1728 2667 κοινω-
1760 2633 1766 2647 '-

160 2706 248 2776 νίᾳ
266 2721 279 2733 ⁸
318 2704 415 2757 ἐὰν
447 2704 503 2758 δὲ
532 2704 680 2758 λάϐω
710 2705 1071 2774 ἀναδυόμενον
1096 2746 1111 2770 ,
1145 2706 1522 2776 ἀποστήσομαι
1563 2706 1726 2759 αὐτοῦ

158 2798 257 2866 τῆς
290 2797 602 2865 συναφείας.
643 2796 1069 2867 Ἀποδεξαμένου
1098 2798 1172 2866 (9)
1201 2798 1290 2850 τὸν
1316 2797 1469 2865 λόγον
1491 2797 1583 2850 τοῦ
1612 2800 1730 2851 ἐπι-

163 2888 367 2940 σκόπου
407 2888 668 2941 Μελετίου
692 2930 707 2953 ,
753 2888 844 2941 καὶ
902 2889 993 2942 τοῦ
1042 2889 1271 2958 ἀδελφοῦ
1328 2888 1592 2961 Διοδώρου
1634 2889 1727 2943 τοῦ

162 2978 647 3051 συμπρεσϐυτέρου
680 2979 883 3050 (παρῆν
912 2980 1019 3052 γὰρ
1056 2984 1171 3044 τοῖς
1213 2982 1568 3050 γινομένοις),
1606 2998 1729 3035 συν-

1826 516 1949 570 simi
1993 519 2233 589 episcopi
2297 520 2526 587 Meletii,
2564 521 2655 576 ubi
2710 531 2765 577 et
2817 524 2964 594 ipse,
3012 541 3172 597 quem
3230 531 3379 598 dixi,

1826 607 2139 667 Theodotus
2176 627 2384 666 mecum
2429 613 2717 670 interfuit:
2753 616 2939 685 sicque
2978 619 3051 673 ibi
3089 632 3384 681 accusatus

1825 700 1893 755 ab
1929 716 1995 756 eo
2025 702 2094 757 ob
2138 702 2584 772 conjunctionem
2638 721 2761 761 cum
2802 706 3123 776 Eustathio,
3154 710 3268 766 dixi
3316 730 3384 768 ex

1824 805 2120 861 congressu
2164 801 2518 849 consecutum
2560 810 2646 851 me
2687 811 2840 861 esse,
2864 807 2925 853 ut
2971 814 3095 855 eum
3129 802 3184 856 in
3208 807 3384 858 omni-

1824 882 1927 936 bus
1957 882 2098 938 idem
2130 898 2193 939 ac
2227 901 2328 940 nos
2357 887 2681 942 sentientem
2718 888 2993 946 haberem.
3029 891 3168 947 Cum
3201 904 3381 949 autem

1826 983 2163 1029 asseveraret
2207 974 2550 1031 Eustathium
2586 994 2815 1049 negasse
2839 1019 2854 1044 ,
2893 990 3180 1052 postquam
3219 985 3286 1039 ab
3319 1000 3383 1039 eo

1825 1067 2212 1137 discessimus,
2246 1070 2471 1142 suisque
2500 1073 2734 1143 propriis
2768 1075 2947 1146 ipsum
2977 1076 3266 1146 discipulis
3306 1075 3388 1130 af-

1827 1158 2077 1223 ﬁrmare,
2111 1175 2170 1215 se
2203 1162 2350 1215 nulla
2396 1177 2625 1232 prorsus
2661 1163 2713 1218 in
2745 1180 2803 1220 re
2837 1166 3122 1220 nobiscum
3161 1166 3229 1221 de
3281 1165 3387 1222 ﬁde

1826 1253 2175 1308 consensisse
2195 1292 2211 1317 ,
2247 1254 2313 1311 ad
2356 1254 2470 1310 haec
2500 1270 2601 1325 ego
2626 1257 2977 1312 occurrebam
3010 1256 3096 1328 (ac
3113 1258 3270 1321 vide.
3302 1258 3387 1313 vir

1828 1341 1881 1395 in
1916 1344 2108 1412 primis
2138 1344 2483 1410 admirande,
2526 1362 2593 1401 an
2629 1364 2738 1401 non
2772 1347 3111 1418 justissimas
3148 1349 3273 1403 huic
3307 1351 3386 1405 rei

1827 1442 1880 1488 et
1911 1435 2301 1492 invictissimas
2319 1440 2708 1508 responsiones
2733 1439 3096 1511 attulerimus)
3118 1480 3132 1497 .
3159 1455 3386 1510 persua-

1827 1541 1947 1580 sum
1972 1527 2105 1581 mihi
2137 1544 2259 1584 esse
2289 1531 2660 1599 conjecturam
2707 1530 2924 1587 facienti
2951 1547 3014 1587 ex
3047 1531 3254 1602 reliqua
3284 1532 3386 1586 viri

1827 1620 2169 1681 constantia,
2204 1620 2383 1690 ipsum
2448 1621 2592 1676 haud
2638 1622 2714 1676 ita
2761 1622 2953 1677 leviter
3009 1622 3066 1677 in
3110 1622 3388 1677 contraria

1829 1709 2204 1774 circumferri,
2239 1727 2417 1781 neque
2456 1713 2863 1783 nunc'quidem
2907 1714 3192 1777 confiteri,
3241 1728 3388 1767 nunc

1834 1814 1963 1854 vero
1988 1815 2189 1871 negare
2221 1816 2341 1871 quae
2374 1802 2607 1868 dixerit;
2648 1802 2919 1857 hominem
2952 1803 3293 1857 mendacium
3333 1804 3389 1856 in

1832 1891 1993 1946 rebus
2021 1892 2262 1948 minimis
2283 1932 2298 1956 ,
2323 1901 2381 1947 ιιι
2406 1893 2666 1949 horribile
2697 1893 2953 1963 quiddam
2978 1932 2994 1958 ,
3023 1901 3386 1955 aversantem,

1831 1982 2030 2037 nedum
2079 1985 2135 2039 in
2191 1985 2355 2042 rebus
2409 1986 2547 2040 tanti
2602 1986 2865 2041 momenti
2920 2001 2983 2041 ac
3019 1987 3092 2041 ita
3142 1986 3387 2040 omnium

1831 2074 1976 2129 fama
2024 2076 2316 2133 celebratis
2376 2076 2590 2132 veritati
2638 2093 2879 2148 unquam
2915 2078 3191 2135 adversari
3233 2078 3385 2134 velit.

1832 2161 1987 2230 Quod
2019 2165 2065 2221 si
2096 2181 2224 2221 vera
2251 2182 2375 2223 esse
2404 2168 2686 2237 contingat
2723 2182 2843 2237 quae
2883 2182 2914 2221 a
2941 2169 3094 2225 vobis
3129 2169 3386 2224 dictitan-

1833 2267 1942 2322 tur,
1978 2260 2373 2329 preponendus
2401 2270 2486 2316 est
2514 2262 2562 2317 ei
2594 2262 2812 2317 libellus
2835 2303 2850 2328 ,
2883 2263 2975 2333 qui
3018 2278 3179 2319 omne
3229 2271 3391 2319 rectae

1834 2350 1957 2407 ﬁdei
1980 2353 2252 2421 specimen
2287 2356 2697 2425 complectatur.
2726 2354 2880 2422 Quod
2918 2356 2962 2410 si
2994 2370 3116 2410 eum
3149 2355 3391 2411 subscri-

1833 2445 2011 2500 bendo
2063 2446 2317 2501 assentiri
2356 2462 2643 2517 reperero,
2683 2449 2914 2503 manebo
2959 2449 3012 2501 in
3052 2447 3197 2503 illius
3242 2461 3393 2502 coms

1836 2537 2125 2592 munione:
2161 2539 2245 2594 sin
2272 2545 2452 2593 autem
2482 2539 2891 2606 deprehendero
2915 2546 3287 2604 recusantem,
3322 2539 3393 2595 ab

1834 2627 1982 2683 illius
1997 2629 2382 2699 conjunctione
2408 2631 2709 2686 discedam.
2742 2630 2877 2686 Cum
2907 2641 3086 2685 autem
3123 2631 3236 2685 haec
3266 2645 3393 2700 pro-

1836 2719 2097 2775 barentur
2128 2722 2387 2791 episcopo
2424 2721 2642 2777 Meletio
2662 2763 2676 2787 ,
2708 2729 2764 2777 et
2817 2721 2970 2776 fratri
3004 2722 3239 2776 Diodoro
3268 2736 3392 2791 pre-

1836 2810 2056 2882 sbytero
2084 2812 2231 2881 (nam
2268 2813 2336 2867 iis
2367 2828 2488 2882 quae
2528 2812 2732 2867 fiebant
2760 2812 3071 2881 intererat),
3111 2811 3223 2866 illic
3261 2826 3394 2866 sane

1834 2917 1997 2972 quam
2028 2904 2358 2958 reverendus
2405 2903 2573 2958 frater
2616 2902 2931 2959 Theodotus
2966 2919 3225 2959 assensus
3275 2912 3391 2969 est;

1835 3008 2067 3065 cumque
2102 2994 2423 3051 adhortatus
2453 3003 2599 3051 esset
2624 3034 2639 3058 ,
2671 3003 2729 3050 ut
2751 2995 3205 3049 descenderemus
3231 2991 3393 3047 Nico-

160 3066 390 3139 θέμενος
440 3070 471 3122 ὁ
519 3069 940 3139 αἰδεσιμώτατος
993 3071 1218 3138 ἀδελφὸς
1278 3071 1526 3137 Θεόδοτος
1594 3074 1726 3135 ἐκεῖ,

1837 3085 2033 3152 polim.
2081 3091 2194 3137 tum
2251 3092 2309 3138 ut
2396 3083 2698 3137 Ecclesiam
2757 3083 2931 3154 ipsius
2995 3083 3390 3143 inviseremus,

160 3161 255 3214 mi.
311 3158 700 3232 παρακαλέσας
758 3164 903 3233 ἡμᾶς
957 3163 1235 3218 κατελθεῖν
1273 3164 1364 3217 ἐπὶ
1419 3165 1730 3228 Νικόπολιν,

163 3252 250 3304 ἵνα
288 3252 385 3305 καὶ
422 3253 521 3322 τὴν
555 3252 878 3324 Ἐκκλησίαν
928 3254 1092 3306 αὐτοῦ
1141 3254 1566 3326 ἐπισκεψώμεθα
1590 3297 1604 3320 ,
1640 3256 1732 3310 καὶ

161 3342 324 3393 αὐτὸν
354 3340 607 3411 λάϐωμεν
637 3341 737 3411 τῆς
791 3341 950 3412 μέχρι
994 3344 1246 3397 Σατάλων
1277 3344 1579 3414 ὁδοιπορίας
1611 3362 1734 3398 συν-

161 3432 439 3501 έμπορον,
470 3431 780 3485 καταλιπὼν
826 3434 934 3504 (10)
965 3436 1110 3504 ἡμᾶς
1154 3437 1211 3488 ἐν
1241 3434 1522 3506 Γητάσοις,
1548 3437 1731 3509 ἐπειδὴ

164 3522 534 3593 κατελάϐομεν
566 3525 679 3592 (Η)
726 3524 823 3595 τὴν
857 3525 1182 3588 Νικόπολιν,
1228 3527 1616 3598 ἐπιλαθόμενος
1658 3522 1732 3582 ὧν

161 3629 221 3665 τε
251 3615 381 3683 παρ’
404 3612 538 3683 ἐμοῦ
567 3614 793 3685 ἤκουσεν
813 3615 945 3686 (i2),
971 3611 1045 3669 ὧν
1067 3634 1124 3670 τε
1152 3618 1402 3673 συνέθετο
1423 3623 1575 3690 ἡμῖν,
1599 3621 1735 3674 ἐκεί-

169 3721 290 3767 ναις
330 3707 453 3769 ταῖς
486 3705 674 3776 ὕϐρεσι
707 3709 801 3760 καῖ⁹
826 3711 945 3772 ταῖς
976 3710 1249 3778 ἀτιμίαις,
1281 3710 1346 3774 ἂς
1382 3711 1560 3783 μικρῷ
1602 3713 1708 3784 πρό

168 3794 293 3847 σθεν
326 3795 675 3866 διηγησάμην
696 3840 709 3860 ,
745 3799 1106 3868 καταισχύνας
1137 3801 1281 3871 ἡμᾶς
1313 3801 1622 3872 ἀπέπεμψε.

233 3885 288 3937 ι.
336 3885 462 3949 Πῶς
495 3883 588 3939 οὖν
629 3882 697 3958 ἦν
736 3887 957 3943 δυνατόν
1002 3907 1112 3960 μοι,
1151 3893 1449 3963 τιμιωτάτη
1502 3893 1731 3964 κεφαλὴ,

164 3975 391 4044 ποιῆσαί
423 3994 474 4028 τι
500 3975 608 4031 τῶν
635 3979 1121 4050 προστεταγμένων
1140 4021 1153 4045 ,
1185 3981 1277 4033 καὶ
1304 3980 1485 4036 δοῦναι
1512 3983 1732 4035 ἐπισκό-

167 4083 301 4129 πους
338 4069 405 4138 τῇ
434 4068 722 4140 Ἀρμενίᾳ;
763 4069 903 4123 οὕτω
949 4070 1083 4142 πρὸς
1124 4072 1190 4142 μὲ
1212 4071 1304 4124 τοῦ
1348 4072 1601 4126 κοινωνοῦ
1635 4073 1734 4143 τῆς

167 4159 449 4227 φροντίδος
473 4159 827 4224 διατεθέντος,
860 4165 990 4233 παρ’
1016 4157 1075 4217 οὗ
1107 4162 1218 4230 ἐγὼ
1244 4164 1585 4236 προσεδόκων
1610 4167 1735 4229 τοὺς

164 4250 505 4321 ἐπιτηδείους
524 4250 716 4322 ἄνδρας
733 4253 1004 4324 εὑρήσειν,
1037 4253 1124 4307 διὰ
1157 4254 1219 4306 τὸ
1244 4250 1381 4308 εῖναι
1409 4258 1465 4309 ἐν
1494 4258 1560 4327 τῇ
1596 4274 1735 4327 παρ-

163 4341 312 4411 οικία
355 4340 522 4394 αὐτοῦ
571 4342 664 4394 καὶ
709 4342 976 4407 εὐλαϐεῖς,
1057 4346 1151 4397 καὶ
1187 4347 1455 4409 συνετοὺς,
1501 4347 1594 4399 καὶ
1637 4348 1735 4418 τῆς

1835 3180 1948 3227 tum
1985 3173 2140 3245 195
2172 3183 2225 3229 et
2256 3174 2432 3245 ipsum
2459 3175 2670 3229 itineris
2693 3175 2942 3228 comitem
2973 3173 3187 3227 Satalos
3221 3186 3395 3241 usque

1833 3266 2198 3332 haberemus,
2231 3281 2296 3320 ac
2342 3282 2444 3321 nos
2476 3265 2689 3321 Getasis
2723 3264 3032 3334 reliquisset
3058 3307 3073 3330 ,
3106 3263 3197 3317 ubi
3229 3261 3395 3317 Nico-

1833 3359 1996 3428 polim
2034 3360 2313 3423 venimus,
2348 3360 2553 3415 oblitus
2574 3374 2761 3414 eorum
2795 3373 2914 3427 qua:
2935 3364 2989 3412 et
3018 3372 3046 3410 a
3081 3372 3166 3411 me
3207 3355 3394 3409 audie-

1832 3457 1945 3511 rat,
1977 3457 2030 3503 et
2062 3466 2183 3520 quae
2207 3451 2494 3507 nobiscum
2520 3458 2713 3521 pactus
2745 3449 2920 3504 fuerat
2941 3488 2954 3511 ,
2988 3463 3089 3503 nos
3123 3448 3190 3501 iis
3217 3487 3231 3509 ,
3257 3460 3395 3515 quas

1833 3542 1996 3611 paulo
2025 3549 2151 3596 ante
2175 3543 2373 3607 retuli,
2407 3541 2756 3597 contumeliis
2784 3555 2848 3595 ac
2899 3538 3217 3609 ignominiis
3264 3535 3395 3591 affo-

1833 3640 1951 3687 ctos
1977 3632 2201 3688 dimisit.

1902 3889 1954 3943 4.
1980 3887 2262 3955 Quomodo
2280 3903 2409 3959 ergo
2430 3902 2661 3958 possem.
2683 3894 2844 3956 caput
2860 3884 3393 3955 praestantissimum,

1833 3980 2209 4035 mandatorum
2224 3979 2518 4050 quidquam
2538 3978 2813 4049 perficere,
2832 3986 2884 4033 et
2899 3977 3184 4047 episcopos
3200 3977 3393 4032 Arme-

1833 4073 1937 4128 nia:
1957 4073 2124 4129 dare?
2161 4073 2241 4129 sic
2260 4088 2386 4143 erga
2424 4087 2510 4125 me
2530 4070 2721 4127 affecto
2746 4085 3000 4125 curarum
3025 4069 3196 4133 socio,
3234 4066 3396 4139 cujus

1834 4179 1998 4233 opera
2010 4164 2291 4235 sperabam
2307 4179 2389 4217 me
2403 4164 2626 4219 idoneos
2640 4163 2784 4219 viros
2799 4162 3236 4227 inventurum,eo
3249 4160 3394 4230 quod

1834 4255 1890 4308 in
1922 4255 2042 4324 ejus
2064 4255 2300 4325 parmcia
2332 4270 2443 4309 non
2482 4254 2663 4310 desint
2700 4262 2755 4309 et
2784 4253 3045 4322 religiosi,
3072 4261 3126 4306 et
3157 4252 3395 4322 pruden-

1834 4354 1938 4414 tes,
1969 4354 2023 4401 et
2067 4348 2264 4418 lingua:
2311 4346 2499 4418 periti,
2541 4357 2593 4402 et
2629 4347 2722 4417 qui
2770 4344 3006 4415 reliquos
3052 4360 3185 4399 usus
3220 4344 3396 4416 gentis

163 4429 414 4504 γλώττης
458 4434 783 4504 ἐμπείρους,
846 4434 939 4487 καὶ
985 4435 1054 4487 τὰ
1117 4434 1278 4488 λοιπά
1322 4434 1583 4506 ἰδιώματα
1637 4436 1726 4490 τοῦ

1837 4438 2086 4508 pr0prios
2132 4438 2346 4503 sciant;
2390 4451 2622 4507 quorum
2657 4434 2876 4491 nomina
2904 4449 3027 4489 cum
3061 4435 3228 4489 sciam
3251 4472 3266 4497 ,
3298 4449 3396 4488 vo-

164 4524 353 4588 ῐθνους
382 4525 793 4594 ἐπισταμένους·
816 4519 890 4580 ὧν
916 4525 1071 4588 εἰδὼς
1092 4526 1159 4579 τὰ
1180 4527 1437 4597 ὀνόματα,
1461 4527 1602 4582 ἑκὼν
1623 4528 1668 4598 (‘l
1678 4527 1732 4590 '5)

166 4617 551 4689 σιωπήσομαι,
584 4617 671 4671 ἵνα
698 4619 771 4689 μή
801 4635 854 4670 τι
886 4618 1140 4688 ἐμπόδιον
1167 4618 1390 4689 γένηται
1420 4620 1555 4690 πρὸς
1587 4619 1646 4674 τὸ
1678 4622 1734 4674 ἐν

164 4707 340 4780 ἑτέρῳ
390 4708 522 4777 γοῦν
570 4707 746 4778 χρόνῳ
800 4708 1228 4781 χρησιμευθῆναι
1278 4710 1378 4781 τὴν
1422 4711 1731 4781 Ἀρμενίαν.

162 4800 275 4855 Καὶ
327 4799 426 4853 νῦν
464 4799 750 4870 γενόμενος
794 4799 954 4870 μέχρι
988 4799 1238 4852 Σατάλων
1270 4801 1328 4854 ἐν
1366 4805 1590 4873 τοιούτῳ
1633 4802 1736 4856 σώ-

167 4909 321 4963 ματι,
345 4891 416 4945 τά
437 4892 534 4962 μὲν
553 4892 715 4946 λοιπὰ
736 4892 888 4959 ἔδοξα
902 4895 967 4964 τῇ
989 4890 1082 4945 τοῦ
1097 4891 1229 4945 Θεοῦ
1251 4892 1430 4965 χάριτι
1451 4893 1731 4966 καθιστᾷν,

165 4984 488 5057 είρηνεύσας
518 4985 642 5048 τοὺς
676 4984 772 5056 τὴς
796 4984 1080 5056 Ἀρμενίας
1114 4985 1440 5049 ἐπισκόπους
1458 5028 1472 5052 ,
1504 4988 1597 5040 καὶ
1621 4986 1735 5041 δια-

236 5143 315 5215 (6)
356 5143 483 5215 Ἐπὶ
630 5141 886 5215 Nonnulli
916 5158 1049 5199 mss.
1076 5143 1202 5215 περὶ
1228 5144 1392 5215 τῆς...
1421 5146 1730 5212 συναφείας.

166 5214 374 5286 [bidem
416 5212 588 5267 Coisl.
639 5214 850 5286 primus
885 5222 952 5286 _et
1004 5212 1158 5286 Med.
1195 5212 1290 5286 τά
1316 5215 1731 5286 κατορθώματα.

165 5282 338 5337 Paulo
363 5290 492 5351 post
520 5283 767 5354 nonnulli
801 5283 1020 5354 codices
1050 5283 1244 5354 ἑαυτοῦ
1278 5282 1562 5354 μαθηταῖς.

237 5354 315 5425 (7)
347 5352 753 5425 Δικαωτάτας.
814 5351 944 5422 Reg.
988 5353 1221 5425 primus
1260 5351 1322 5425 et,
1366 5351 1540 5424 Bignt.
1597 5356 1735 5409 alter

162 5421 523 5497 δικαιοτάτως
569 5421 1135 5497 καὶλάναντιῤῥήτως.
1192 5422 1364 5479 Paulo
1425 5421 1549 5496 post
1602 5426 1732 5481 editi

165 5494 506 5565 perabsurde
531 5492 839 5565 αὐθαδείας.

238 5564 314 5632 (8)
347 5564 752 5632 Βεϐοημένων.
784 5562 863 5617 lla
894 5578 1027 5619 mss.
1060 5578 1175 5618 sex.
1205 5561 1344 5629 Editi
1378 5562 1733 5636 διαϐεϐοημέ-

162 5653 294 5688 νων.

240 5705 317 5777 (9)
360 5700 847 5771 ’Δπώεξαμένοω
895 5700 1030 5758 Tres
1059 5717 1190 5759 mss.
1229 5718 1335 5759 non
1371 5704 1729 5761 vetustissimi

1835 4530 1953 4584 lens
1981 4530 2192 4593 tacebo,
2224 4545 2294 4584 ne
2320 4529 2449 4599 quid
2475 4529 2841 4599 impedimenti
2872 4535 3152 4587 nascatur,
3183 4525 3398 4594 quomi-

1836 4635 1939 4675 nus
1971 4620 2078 4674 alio
2117 4621 2305 4676 saltem
2346 4628 2590 4690 tempore
2617 4619 2886 4675 Armeniae
2913 4617 3120 4672 utiliter
3144 4614 3399 4671 consula-

1834 4719 1944 4766 tur.
1992 4711 2058 4765 Et
2093 4727 2236 4767 nunc
2277 4727 2400 4767 cum
2440 4712 2619 4765 Satala
2653 4726 2824 4781 usque
2870 4725 2993 4764 cum
3037 4708 3129 4762 tali
3168 4720 3395 4775 corpore

1834 4804 2224 4875 pervenissem,
2255 4803 2464 4872 reliqua
2496 4801 2712 4872 quidem
2745 4800 2895 4854 visus
2922 4811 3043 4852 sum
3086 4795 3179 4849 Dei
3224 4792 3397 4864 gratia

1834 4893 2202 4957 constituere;
2233 4906 2355 4946 cum
2380 4906 2564 4961 pacem
2595 4886 2991 4957 composuerim
3018 4886 3157 4939 inter
3184 4884 3399 4953 episco-

1834 4997 1934 5052 pos
1965 4981 2256 5045 Armeniae,
2287 4995 2520 5051 eosque,
2552 4988 2610 5033 ut
2644 4994 2741 5050 par
2766 4985 2917 5041 erat,
2962 4977 3231 5030 allocutus
3261 4974 3392 5037 sim,

1836 5140 2043 5196 addunt
2074 5134 2187 5193 οὖν.

1909 5210 2021 5280 (10)
2048 5207 2452 5280 Συνέμπορον,
2505 5203 2867 5280 καταλιπών.
2922 5203 3002 5256 Ita
3063 5214 3197 5255 mss.
3248 5205 3394 5253 octo.

1834 5276 1975 5337 Editi
2004 5276 2337 5350 ’συνέκπορον
2363 5276 2754 5350 καταλιπόντα.
3207 5345 3217 5350 Δ
3302 5339 3334 5350 ξ,

1907 5351 2016 5422 (Η)
2050 5343 2480 5422 Κατείίᾶϐομεγ.
2523 5343 2772 5422 Quatuor
2822 5356 2958 5422 mss.
2991 5355 3103 5395 non
3135 5343 3399 5394 vetustis-

1835 5413 1958 5477 simi
1990 5413 2305 5478 κατέλαϐεν,
2340 5413 2433 5488 Sed
2465 5416 2647 5488 minus
2666 5413 2972 5488 commode.
3256 5478 3292 5488 _

1906 5490 2015 5559 (12)
2051 5491 2362 5559 Ἤκουσεν.
2399 5484 2478 5539 lta
2514 5485 2708 5559 optimi
2759 5483 3003 5559 quinque
3054 5494 3189 5533 mss.
3251 5478 3395 5559 iﬁditi

1831 5550 2097 5631 ἥκουσαν.Δ
2121 5557 2292 5610 Paulo
2326 5564 2449 5627 post
2482 5550 2620 5611 male
2648 5556 2703 5610 in
2729 5553 2893 5610 editis
2915 5550 3394 5623 προτεταγμένων.

1833 5628 1964 5687 Mss.
2000 5638 2061 5682 ut
2087 5628 2141 5681 in
2170 5634 2341 5681 textu.

1911 5699 2023 5771 (15)
2069 5696 2265 5753 Ἐχών.
2291 5698 2370 5751 Ita
2397 5696 2641 5769 plerique
2669 5709 2801 5751 mss.
2830 5691 2973 5749 Editi
2997 5687 3279 5754 ἑκουσίως.
