3868 6218
170 306 293 371 ’5θὸ

1181 309 1668 369 EPISTOLARUM
1703 310 1990 370 CLASSIS
2025 312 2092 370 ll.
2133 311 2352 368 EPIST.
2391 312 2479 370 Cl.

3319 315 3425 374 508

177 428 335 498 γοῦν,
370 428 466 483 ἐὰν
554 426 797 489 δυνατὸν.
829 426 1251 500 παρακαλοῦμεν
1283 428 1377 481 ἐπὶ
1405 428 1504 498 τῆς
1535 426 1753 482 συνόδου

1857 426 2030 482 moria
2062 424 2363 481 beatissimi
2397 423 2655 496 martyris
2676 423 2971 497 Eupsycbil
2997 425 3114 495 jam
3136 428 3424 499 appropin-

179 519 537 590 γενέσθαι,ἢν
567 520 635 573 δι’
672 520 826 583 ἔτους
858 519 1063 588 ἄγομεν
1096 520 1188 572 ἐπὶ
1214 521 1279 589 τῇ
1312 520 1496 590 μνήμῃ
1529 518 1624 571 τοῦ
1657 536 1761 589 μα-

178 611 378 681 καρίου
409 611 521 680 (2i)
564 610 835 682 μάρτυρος
873 609 1143 680 Εὐψυχίου
1182 607 1615 680 προσεγγιζούσῃ
1651 608 1760 662 λοι-

178 705 285 757 πδν
320 704 464 756 κατά
491 703 588 773 τὴν
626 703 857 774 ἐϐδὸμην
896 703 1103 774 ἡμέραν
1130 702 1222 755 τοῦ
1252 701 1620 773 Σεπτεμϐρίου
1653 718 1761 772 μη-

176 793 290 857 νός.
341 794 454 846 Καὶ
495 794 602 864 γὰρ
646 793 741 846 καὶ⁸
785 792 1061 863 φροντίδος
1105 791 1229 855 ἄξια
1273 793 1401 861 ἡμῖν
1453 789 1756 859 περίκειται

179 883 489 956 πράγματα
509 884 610 954 τῆς
645 885 793 955 παρά
823 883 917 937 σοῦ
947 884 1058 953 (2⁵3)
1091 882 1318 953 δεόμενα
1343 881 1649 952 συνεργίας,
1679 881 1759 945 εἷς

176 991 239 1028 τε
268 976 602 1030 κατάστασιν
635 975 947 1029 ἐπισκόπων
977 976 1069 1028 καὶ
1101 975 1179 1038 είς
1216 973 1407 1043 βουλὴν
1443 973 1536 1026 καὶ
1570 971 1758 1041 σκέψιν

176 1065 289 1119 τῶν
319 1066 708 1137 μελετωμένων
732 1066 851 1121 καθ’
884 1069 916 1138 ὴ
928 1066 1042 1137 μῶν
1076 1067 1226 1136 παρὰ
1261 1065 1359 1134 τῆς
1396 1064 1761 1135 χρηστότητος

1857 525 2083 589 quante,
2114 517 2203 573 die
2235 517 2464 587 septima
2508 517 2714 574 mensis
2753 515 3105 588 Septembris.
3143 517 3278 573 Nam
3314 521 3424 575 cir-

1857 617 2131 665 cumstant
2152 623 2252 663 nos
2269 607 2431 679 digna
2453 609 2820 664 sollicitudine
2842 611 3054 680 negotia
3080 651 3097 677 ,
3125 625 3245 681 qua:
3269 613 3425 668 auxi-

1857 701 1932 754 lio
1978 708 2073 755 tuo
2099 699 2364 770 indigent,
2395 707 2510 753 tum
2541 700 2608 755 ad
2655 700 3097 756 constitutionem
3138 702 3423 771 episcopo-

1857 807 2014 856 rum,
2067 802 2200 845 tum.
2227 791 2295 846 ad
2338 792 2782 847 deliberationem
2833 799 2886 847 et
2930 791 3420 847 considerationem

1857 896 2068 947 eorum,
2097 897 2219 951 qua:
2241 881 2295 934 in
2324 896 2426 935 nos
2453 882 2749 937 meditatur
2774 880 3018 952 Gregorii
3047 882 3276 954 Nysseni
3296 883 3422 938 sim-

1859 973 2110 1044 plicitas;
2142 975 2236 1043 qui
2272 972 2513 1044 synodos
2539 974 2683 1043 cogit
2710 974 2960 1045 Ancyrze,
2995 989 3096 1030 nec
3118 975 3298 1029 ullum
3321 989 3421 1029 no-

1861 1065 1946 1120 bis
1973 1064 2269 1120 insidiandi
2297 1065 2516 1119 modum
2548 1066 2929 1134 pnetermittit.

175 1157 484 1233 Γρηγορίου
513 1161 623 1232 (25)
654 1160 747 1214 τοῦ
771 1160 1084 1224 Νυσσαέως,
1146 1160 1205 1224 ὃς
1261 1158 1507 1219 συνόδους
1537 1161 1824 1229 συγκροτεῖ
1859 1158 2002 1213 κατά
2028 1159 2126 1230 τὴν
2155 1157 2425 1230 Ἀγκύραν
2444 1196 2459 1220 ,
2494 1158 2586 1213 καὶ⁵
2613 1158 2800 1212 οὐδένα
2827 1160 3022 1231 τρόπον
3059 1157 3419 1213 ἐπιϐουλεύων

180 1255 317 1324 ἡμῖν
339 1255 586 1324 ἀφίησιν.

815 1388 1157 1443 ΕΠΙΣΤΟΛΗ
1204 1388 1327 1440 PA'.

2400 1383 2735 1438 EPISTOLA
2767 1387 2859 1443 Cl‘

184 1503 357 1553 Redin:
379 1514 445 1554 ea:
466 1499 695 1552 Armia
715 1499 926 1551 Basilius
948 1513 1057 1550 cum
1077 1498 1327 1550 didicisset
1343 1499 1406 1550 de
1425 1504 1575 1566 morte
1596 1493 1798 1562 insignis
1818 1495 2026 1566 «yicnjus
2049 1508 2286 1566 personae,
2309 1495 2581 1547 consolatur
2604 1496 2695 1546 hac
2712 1495 2914 1559 epistola
2933 1509 3060 1559 eum,
3082 1509 3222 1563 quem
3237 1495 3416 1561 praeci-

1364 1574 1458 1624 pue
1481 1560 1569 1610 hoc
1592 1557 1755 1611 eventu
1778 1557 2005 1625 afﬂictum
2035 1557 2225 1608 sciebat.

655 1667 1111 1757 Hapayvﬁnttxti
1144 1667 1278 1739 (24).

245 1782 430 1853 Εὐχῆς
463 1782 611 1847 ἄξιον
639 1777 734 1853 ἦν,
770 1781 991 1854 πρώτην
1026 1781 1499 1852 διαπεμπομένους
1529 1781 1745 1833 ἐπιστο-

174 1876 302 1946 ὶὴν,
337 1875 705 1946 εὐθυμοτέραν
736 1875 875 1946 ἔχειν
903 1877 1001 1947 τὴν
1034 1875 1142 1928 τῶν
1173 1874 1511 1946 γραμμάτων
1554 1871 1747 1925 ὑπόθε-

177 1983 284 2023 σιν.
325 1966 484 2019 Οὕτω
524 1966 632 2037 γὰρ
682 1967 747 2019 ἂν
787 1967 915 2037 ἡμῖν
952 1966 1022 2019 τὰ
1064 1967 1204 2020 κατά
1241 1964 1463 2036 γνώμην
1506 1963 1742 2035 ὑπῆρξε,

176 2058 311 2111 διότι
344 2059 477 2110 πᾶσι
508 2056 805 2127 βουλόμεθα
831 2060 942 2120 τοῖς
964 2059 1023 2110 ἐν
1048 2055 1301 2127 εὐσεϐείᾳ
1330 2054 1427 2125 ζῇν
1456 2071 1747 2126 προαιρου-

178 2147 364 2217 μένοις
408 2147 585 2199 πάντα
616 2145 707 2197 τὸν
746 2145 857 2215 βίον
898 2149 977 2209 εἰς
1011 2145 1211 2214 ἀγαθὸν
1243 2144 1572 2198 εὐοδοῦσθαι.
1607 2142 1745 2197 Ἀλλ’

176 2236 366 2304 ἐπειδὴ
395 2237 424 2287 ὁ
457 2234 671 2288 διοικῶν
703 2235 801 2304 τὴν
844 2234 986 2305 ζωὴν
1014 2233 1171 2306 ἡμῶν
1206 2233 1435 2304 Κύριος,
1473 2232 1615 2285 κατά
1650 2232 1747 2303 τὴν

176 2327 417 2395 άρρητον
437 2325 601 2378 αὐτοῦ
634 2325 824 2393 σοφίαν
860 2326 1073 2388 πάντως
1106 2324 1241 2396 πρὸς
1259 2324 1321 2378 τὸ
1341 2325 1615 2394 συμφέρον
1639 2323 1747 2376 τῶν

177 2414 368 2485 φυχῶν
392 2414 500 2467 τῶν
530 2414 815 2485 ἡμετέρων
844 2414 1014 2468 ταῦτα
1037 2415 1351 2486 ᾠκονόμησε
1377 2413 1646 2482 γενέσθαι,
1680 2414 1746 2467 δι’

180 2501 254 2561 ὧν
286 2525 371 2561 σοι
411 2509 511 2579 μὲν
545 2508 806 2581 ὀδυνηρὰν
840 2509 1139 2580 κατέστησε
1158 2509 1252 2581 τὴν
1286 2508 1453 2583 ζωὴν,
1487 2512 1634 2581 ἡμᾶς
1667 2509 1745 2577 δέ,

178 2602 305 2664 τούς
326 2603 394 2671 τῇ
424 2601 565 2654 κατά
598 2600 729 2652 Θεὸν
758 2601 946 2673 ἀγάπῃ
978 2601 1378 2671 συνημμένους,
1414 2602 1494 2663 εἰς
1528 2600 1747 2671 συμπά·

181 2692 333 2746 θειαν
361 2692 565 2761 ἤγαγε,
601 2690 868 2761 μαθόντας
898 2691 1046 2763 παρά
1073 2691 1179 2745 τῶν
1209 2691 1449 2760 ἀδελφῶν
1480 2692 1663 2762 ἡμῶν,
1690 2693 1748 2745 ἐν

181 2779 262 2846 οἷς
287 2783 539 2850 γέγονας·
570 2783 860 2849 ἀναγκαῖον
887 2784 1015 2853 ἡμῖν
1047 2783 1247 2853 ἐφάνη,
1278 2782 1374 2852 τὴν
1400 2782 1750 2853 ἐνδεχομένην

182 2873 532 2944 παράκλησιν
559 2874 923 2942 προσαγαγεῖν
961 2889 1063 2926 σοι.
1094 2874 1158 2926 Ei
1191 2873 1289 2943 μὲν
1318 2869 1409 2926 οὖν
1435 2869 1503 2941 ἦν
1528 2874 1749 2928 δυνατὸν

181 2965 274 3017 καὶ
292 2963 544 3033 διαϐῆναι
575 2964 732 3033 μέχρι
761 2963 854 3016 τοῦ
881 2963 1046 3017 τόπου
1078 2965 1135 3016 ἐν
1236 2963 1517 3033 συμϐαίνει
1545 2963 1749 3033 διάγειν

2436 1661 2830 1720 Consolatoria.

1919 1778 2228 1848 Uptandum
2268 1787 2407 1841 erat,
2439 1779 2721 1848 epistolam
2757 1778 2987 1848 primam
3018 1776 3405 1843 scribentibus,

1850 1870 2108 1926 laetiorem
2159 1870 2355 1926 habere
2406 1867 3062 1931 litterarumvntateriam.
3115 1870 3249 1926 Nam
3302 1873 3407 1929 hoc

1850 1970 2008 2032 pacto
2036 1976 2123 2016 res
2147 1961 2305 2016 nobis
2326 1977 2392 2015 ex
2416 1961 2684 2016 sententia
2711 1962 3125 2027 successissent,
3143 1963 3270 2033 quia
3288 1977 3404 2018 om-

1851 2053 2012 2107 nibus
2068 2053 2319 2106 volumus
2365 2052 2583 2121 pietatis
2630 2051 2937 2106 institutum
2990 2050 3407 2121 profitentibus,

1851 2148 2019 2194 totam
2044 2141 2211 2195 vitam
2256 2140 2322 2194 ad
2372 2153 2660 2210 prosperos
2695 2154 2984 2194 successus
3026 2140 3268 2209 perduci.
3306 2140 3413 2197 Sed

1850 2246 1974 2291 cum
2006 2231 2130 2285 vita:
2155 2240 2355 2285 nostrae
2381 2235 2690 2285 moderator
2713 2229 2972 2285 Dominus
2992 2245 3091 2300 pro
3116 2246 3225 2285 non
3252 2245 3415 2285 enar-

1853 2323 2010 2378 rabili
2040 2338 2139 2378 sua
2168 2322 2431 2393 sapientia
2456 2363 2472 2389 ,
2503 2323 2727 2376 omnino
2770 2321 2838 2375 ad
2870 2322 3156 2377 utilitatem
3203 2322 3413 2376 anima-

1852 2431 1971 2469 rum
2001 2423 2316 2469 nostrarum
2339 2414 2440 2469 hos
2468 2420 2694 2469 eventus
2716 2412 3128 2484 dispensaverit,
3157 2428 3252 2483 per
3272 2427 3412 2483 quos

1853 2508 1949 2561 tibi
1976 2506 2193 2577 quidem
2226 2506 2507 2560 molestam
2531 2505 2693 2558 vitam
2721 2505 3021 2568 constituit,
3047 2519 3148 2559 nos
3169 2518 3297 2559 vero
3315 2505 3408 2573 qui

1852 2600 1949 2655 tibi
1992 2598 2257 2653 cbaritate
2283 2598 2338 2650 in
2365 2595 2476 2651 Deo
2507 2595 2785 2665 conjuncti
2831 2610 3048 2658 sumus,
3087 2609 3118 2647 a
3152 2592 3414 2649 fratribus

1852 2693 2078 2758 nostris,
2110 2690 2217 2761 quo
2246 2692 2298 2745 in
2326 2706 2508 2746 rerum
2536 2698 2680 2746 statu
2709 2691 2806 2756 sis,
2838 2689 3063 2745 eductos
3093 2688 3161 2743 ad
3189 2689 3415 2746 commi-

1853 2788 2180 2840 serationem
2214 2782 2473 2846 adduxit;
2506 2784 2874 2837 necessarium
2910 2782 3068 2836 nobis
3095 2783 3271 2838 visum
3307 2787 3414 2847 est,

1854 2875 2133 2937 solatium,
2160 2874 2306 2945 quod
2335 2873 2391 2927 in
2417 2873 2576 2928 nobis
2603 2874 2768 2928 situm
2799 2881 2905 2937 est,
2941 2873 3038 2928 tibi
3065 2871 3277 2928 aﬂ‘erre.
3305 2871 3413 2927 ita-

1855 2981 1960 3036 que
1988 2966 2103 3020 ﬁeri
2135 2966 2181 3020 si
2215 2972 2420 3035 posset,
2455 2974 2513 3018 ut
2540 2964 2607 3019 ad
2635 2980 2757 3020 eum
2790 2981 2961 3036 usque
2995 2965 3196 3026 locum.
3225 2965 3280 3019 in
3307 2980 3419 3036 quo
3495 2949 3500 2953 ’

183 3071 275 3106 σου
302 3052 403 3123 τὴν
427 3053 720 3121 εὐγένειαν,
742 3053 870 3121 περὶ
890 3052 1088 3116 παντὸς
1116 3052 1181 3105 ἂν
1203 3052 1360 3106 τοῦτο
1385 3053 1746 3122 ἐποιησάμην·

1857 3067 1955 3111 tuae
1983 3057 2253 3111 nobilitati
2297 3057 2502 3111 versari
2546 3058 2840 3126 contingit,
2874 3057 3274 3125 proﬁciscerer,
3310 3057 3416 3113 uti-

179 3146 305 3199 ἐπεὶ
334 3145 393 3199 δὲ
422 3146 514 3199 καὶ
544 3146 573 3213 ἡ
603 3144 698 3197 τοῦ
731 3142 979 3214 σώματος
1010 3143 1309 3215 ἀρρωστία,
1363 3144 1458 3197 καὶ
1488 3143 1597 3197 τῶν
1628 3161 1751 3197 συν-

181 3240 415 3311 εχόντων
434 3240 579 3309 ἡμᾶς
596 3237 933 3309 πραγμάτων
965 3237 1026 3289 τὸ
1054 3236 1275 3308 πλῆθος,
1308 3236 1402 3289 καὶ
1429 3236 1597 3307 αὐτὴν
1620 3234 1751 3289 ταύ-

180 3350 279 3402 την
301 3333 370 3403 ἣν
399 3331 710 3399 ὑπέστημεν
738 3329 852 3382 ὁδὸν
875 3329 965 3381 ἐπὶ¹
993 3328 1158 3399 πολλῇ
1185 3331 1292 3382 τῶν
1313 3327 1432 3382 καθ’
1462 3330 1608 3399 ἡμᾶς
1631 3329 1754 3381 Ἐκ-

181 3423 425 3492 κλησιῶν
451 3421 622 3492 ζημίᾳ
642 3419 1039 3491 παρεσκεύασε’
1059 3420 1146 3472 διὰ
1167 3420 1507 3490 γραμμάτων
1534 3418 1754 3472 ἐπισκέ-

181 3510 388 3580 ψασθαί
436 3525 528 3562 σου
569 3509 669 3580 τὴν
720 3509 1021 3577 σεμνότητα
1073 3508 1559 3581 προεθυμήθημεν,
1619 3507 1753 3561 ὐπο-

187 3601 608 3671 μιμνήσκοντες,
639 3600 721 3652 ὅτι
753 3599 809 3651 αἱ
846 3597 1051 3666 θλίψεις
1088 3592 1246 3652 αὗται
1283 3601 1382 3652 οὐκ
1422 3598 1608 3670 ἀργῶς
1642 3600 1755 3662 τοῖς

185 3693 392 3754 δούλοις
425 3690 519 3743 τοῦ
547 3690 680 3743 Θεοῦ
706 3691 852 3763 παρά
881 3690 974 3744 τοῦ
1015 3689 1439 3752 ὲπισκοποῦντος
1475 3690 1618 3760 ἡμᾶς
1650 3690 1759 3741 Κυ-

186 3785 301 3855 ρίου
325 3783 589 3851 γίνονται,
623 3781 757 3835 ἀλλὰ
786 3783 878 3836 ἐπὶ
902 3782 1195 3853 δοκιμασία
1223 3781 1323 3852 τῆς
1342 3780 1597 3852 ἀληθινῆς
1620 3780 1756 3847 πρὸς

186 3877 276 3928 τὸν
298 3875 561 3927 κτίσαντα
586 3874 731 3943 ἡμᾶς
762 3873 891 3926 Θεὸν
920 3874 1157 3943 ἀγάπης.
1187 3873 1275 3935 Ὠς
1306 3871 1413 3942 γὰρ
1444 3873 1567 3935 τοὺς
1592 3872 1750 3942 ἀθλη-

186 3968 283 4031 τάς
320 3950 376 4019 οί
406 3965 518 4018 τῶν
578 3964 803 4034 ἀγώνων
853 3966 1088 4036 κάματοι
1123 3967 1234 4028 τοῖς
1267 3964 1548 4034 στεφάνοις
1592 3981 1760 4036 προσ-

191 4060 452 4126 άγουσιν,
493 4055 636 4110 οὕτω
678 4057 773 4110 καὶ
806 4058 930 4121 τοὺς
963 4058 1316 4128 Χριστιανοὺς
1345 4059 1377 4126 ἡ
1403 4058 1457 4109 ἐν
1503 4059 1614 4120 τοῖς
1647 4055 1756 4126 (‘25)

190 4150 513 4220 πειρασμοῖς
548 4147 841 4217 δοκιμασία
875 4146 1009 4218 πρὸς
1047 4147 1143 4218 τὴν
1170 4146 1447 4199 τελείωσιν
1476 4144 1627 4213 ἄγει,
1663 4143 1759 4197 ἐὰν

193 4237 332 4308 μετά
358 4239 458 4306 τῆς
477 4237 790 4307 πρεπούσης
814 4238 1087 4308 ὑπομονῆς
1106 4239 1163 4290 ἐν
1186 4237 1500 4309 εὐχαριστίᾳ
1521 4240 1666 4309 πάσῃ
1691 4236 1759 4290 τὰ

1850 3163 1956 3218 que
1992 3148 2128 3202 nihil
2158 3148 2312 3218 prius
2342 3147 2613 3202 fecissem.
2636 3146 2904 3215 Quoniam
2933 3163 3063 3204 vero
3085 3158 3140 3204 et
3168 3151 3417 3220 corporis

1852 3239 2081 3294 adversa
2111 3240 2387 3304 valetudo,
2421 3247 2475 3294 et
2495 3242 2835 3311 negotiorum
2864 3240 3064 3311 quibus
3091 3240 3416 3296 distinemur

1853 3329 2166 3393 multitudo,
2200 3328 2356 3399 197
2379 3329 2482 3383 hoc
2508 3331 2683 3400 ipsum
2712 3330 2831 3395 iter,
2860 3330 3004 3400 quod
3035 3331 3321 3394 subiimus,
3346 3330 3415 3386 ad

1855 3435 2109 3492 magnum
2144 3419 2511 3475 Ecelesiarum
2548 3429 2855 3476 nostrarum
2890 3421 3147 3476 damnum
3188 3438 3418 3479 conver-

1853 3512 1951 3577 tit;
1998 3526 2092 3580 per
2119 3510 2330 3566 litteras
2360 3504 2728 3581 praestantiam
2762 3521 2910 3568 tuam
2942 3512 3175 3566 invisere
3205 3512 3259 3565 in
3298 3511 3418 3565 ani-

1855 3617 2004 3655 mum
2032 3601 2367 3664 induximns,
2392 3602 3112 3658 admonentes.calamitates
3139 3602 3285 3671 ipsas
3309 3617 3417 3656 non

1856 3694 2057 3748 frustra
2108 3693 2203 3748 Dei
2248 3694 2421 3749 servis
2473 3708 2502 3746 a
2543 3692 2807 3758 Domino,
2854 3693 2947 3762 qui
2993 3707 3095 3748 nos
3134 3692 3417 3763 gubernat,

1856 3783 2124 3847 accidere,
2160 3781 2257 3838 sed
2284 3782 2352 3837 ad
2387 3782 2761 3852 probationem
2785 3797 2926 3837 verae
2949 3782 3002 3836 in
3036 3782 3205 3837 Deum
3233 3782 3420 3838 condi-

1856 3882 2030 3929 torem
2076 3882 2328 3929 nostrum
2383 3875 2712 3945 dilectionis.
2763 3874 3223 3940 Quemadmodum
3275 3878 3420 3931 enim

1856 3966 2214 4040 certaminum
2254 3966 2410 4019 labor
2454 3966 2686 4021 athletas
2717 3966 2785 4019 ad
2823 3980 3081 4020 coronam
3103 4005 3118 4030 ,
3151 3967 3226 4020 ita
3257 3966 3420 4021 etiam

1857 4057 2202 4112 Christianos
2275 4056 2523 4125 probatio
2570 4056 2626 4110 in
2685 4056 3076 4117 tentationibus
3121 4055 3189 4111 ad
3242 4055 3423 4127 perfe-

1858 4145 2093 4201 ctionem
2123 4146 2342 4201 adducit
2367 4163 2382 4211 ;
2419 4146 2464 4199 si
2488 4146 2650 4201 modo
2674 4162 2737 4201 ea
2762 4161 2882 4217 qua:
2898 4161 2927 4199 a
2951 4145 3179 4202 Domino
3203 4148 3421 4218 dispen-

1859 4248 2069 4303 santur,
2107 4253 2235 4297 cum
2261 4237 2442 4292 debita
2465 4239 2722 4308 patientia
2752 4239 2974 4294 inomni
3004 4241 3301 4311 gratiarum
3329 4256 3421 4297 ac-

190 4327 617 4398 οἰκονομούμενα
633 4327 782 4400 παρά
799 4327 891 4381 τοῦ
912 4329 1114 4399 Κυρίου
1138 4328 1572 4400 καταδεξὼμεθα.
1600 4330 1753 4396 Ἀγα-

1862 4331 2009 4385 tione
2064 4328 2450 4400 suscipiamus.
2497 4330 2712 4385 Domini
2758 4330 2999 4386 bonitate
3051 4332 3424 4403 gubernantur

262 4460 377 4529 (2|)
412 4460 745 4526 Mazaplov.
807 4462 886 4514 ita
935 4467 1049 4516 tres
1104 4460 1461 4515 vetustissimi
1511 4460 1749 4515 codices.

193 4528 337 4583 Editi
368 4531 812 4600 μακαριωτάτου.

269 4598 384 4670 (22)
422 4598 536 4665 Τῆς
556 4599 716 4670 παρᾲ
747 4600 882 4654 σοῦ.
920 4599 1198 4670 Articulus
1233 4599 1450 4655 additus
1482 4616 1549 4655 ex
1581 4600 1757 4656 tribus

193 4668 592 4726 vetustissimis
619 4669 904 4724 codicibus
932 4678 986 4723 et
1023 4668 1142 4722 Vat.

265 4740 381 4808 (23)
416 4741 767 4806 Γρηγορίου.
807 4738 975 4792 Nemo
1026 4754 1158 4793 sane
1196 4753 1302 4792 non
1349 4738 1577 4792 miretur
1618 4737 1751 4793 Gre-

191 4812 409 4879 gorium
461 4809 764 4878 Nyssenum
804 4808 1034 4863 concilia
1073 4808 1321 4879 coegisse
1367 4808 1752 4879 contraBasi-

198 4877 355 4942 lium,
385 4877 545 4946 eique
568 4879 795 4932 insidias
825 4879 1115 4934 struxisse.
1152 4877 1255 4933 Sed
1287 4878 1414 4946 quia
1441 4878 1676 4933 Basilius
1704 4879 1756 4933 id

199 4948 429 5003 ast-ribit
481 4949 815 5016 simplicitati
874 4948 1155 5016 Gregorii,
1216 4949 1376 5002 facile
1426 4950 1758 5017 perspicitur

199 5033 309 5071 non
341 5017 546 5087 malum
575 5018 837 5082 animum,
872 5019 966 5073 sed
1003 5019 1184 5087 potius
1206 5017 1620 5072 immoderatum
1647 5017 1758 5072 fra-

199 5090 299 5142 tris
342 5085 570 5157 juvandi
617 5089 855 5141 studiqu
906 5085 1251 5157 reprehendi.
1287 5086 1421 5140 Nam
1453 5104 1578 5142 cum
1612 5100 1758 5143 esset

196 5156 496 5224 Gregorius
532 5156 692 5208 homo
729 5156 1237 5226 minime’astutus,
1282 5166 1335 5211 et
1368 5157 1432 5211 ad
1468 5158 1754 5226 suspican-

198 5227 323 5279 dam
349 5228 406 5278 in
438 5226 559 5278 aliis
591 5225 833 5280 fraudem
869 5228 1236 5292 tardissimus,
1264 5228 1457 5280 merito
1483 5225 1759 5283 metuebat

197 5293 433 5350 Basilius
458 5312 546 5357 ne,
576 5295 701 5349 dum
726 5297 772 5350 is
803 5313 925 5350 cum
951 5297 1262 5355 hominibus
1285 5297 1593 5351 vaferrimis
1624 5312 1754 5353 eou-

198 5368 432 5425 siliatur,
467 5371 518 5417 et
542 5381 599 5419 se
632 5373 685 5418 et
718 5364 940 5420 fratrem
974 5368 1028 5420 in
1059 5382 1146 5419 res
1178 5365 1593 5421 molestissimas
1620 5381 1753 5422 con-

198 5434 409 5505 iicere}.
436 5433 555 5487 Non
588 5434 758 5487 multo
791 5436 966 5490 lenius
987 5436 1219 5505 castigat
1246 5436 1395 5489 illius
1433 5436 1754 5502 simplicita-

198 5518 301 5575 ,ειη
354 5503 591 5575 Basilius
634 5505 689 5557 in
732 5507 894 5574 epist.
929 5506 1019 5575 58,
1061 5503 1417 5575 queriturque
1461 5507 1603 5574 quod
1652 5508 1753 5560 sibi

198 5574 398 5644 pellunt
436 5574 676 5644 indicat;
713 5575 837 5642 quia
865 5590 986 5630 sese
1012 5574 1552 5644 in'pacificationem,
1587 5575 1755 5631 invito

198 5640 420 5704 Basilio,
462 5640 861 5712 interponebat,
894 5652 950 5699 et
993 5645 1046 5698 in
1089 5640 1465 5713 componendo
1492 5642 1751 5700 Basilium

197 5712 338 5766 inter
369 5720 425 5768 et
455 5714 783 5768 avunculum
831 5714 1057 5771 dissidio
1098 5712 1278 5769 minus
1313 5721 1471 5769 caute
1500 5715 1753 5769 versaba-

1860 4472 1969 4517 tur.
1994 4460 2213 4516 Iusidia:
2233 4475 2362 4529 ergo
2384 4460 2486 4515 illa:
2513 4468 2566 4515 et
2587 4463 2819 4516 concilia
2847 4463 3109 4518 adversus
3135 4462 3421 4529 Basilium,

1863 4533 2051 4587 eodem
2083 4548 2245 4586 sensu
2272 4531 2608 4600 accipienda,
2635 4548 2698 4585 ac
2727 4534 2923 4585 bellum
2960 4535 3012 4585 in
3043 4535 3269 4601 epistola
3298 4549 3420 4588 mox

1865 4604 2029 4725 citati:
2057 4611 2445 4722 lmemoratum,
2483 4609 2667 4672 utpote
2699 4619 2764 4657 ex
2797 4604 2984 4658 eadem
3012 4603 3254 4672 profecta
3286 4604 3420 4658 sim-

1865 4687 1891 4725 ο
1920 4687 1989 4724 ιρι
2024 4686 2051 4722 a
2081 4685 2130 4724 e.

1920 4673 2130 4724 icitate.

1857 4687 2549 4811 Ρῃὲὶῖἳὶξιραμυθητική.
2606 4739 2744 4794 Editi
2794 4740 3000 4795 addunt
3048 4743 3114 4811 τῇ
3167 4738 3421 4811 ὁμοζύγῳ

1874 4808 2197 4882 Ἀρινθαίου.
2236 4810 2343 4882 Qui
2380 4810 2600 4882 quidem
2645 4811 2834 4882 titulus
2870 4811 3013 4882 unde
3056 4808 3422 4882 sumptusa‘it

1865 4878 2233 4951 ignoresl‘lzec
2260 4879 2402 4932 enim
2428 4880 2624 4951 desunt
2652 4880 2705 4932 in
2730 4881 3006 4951 omnibus,
3037 4878 3420 4951 quos’qujdem

1858 4945 2358 5020 viderinrus,gmss.
2404 4950 2709 5020 codicibus,
2752 4950 2918 5020 Coisl.
2956 4945 3418 5020 utroquefﬂarlq

1859 5020 2024 5081 Med.,
2078 5017 2252 5086 Regio
2299 5025 2550 5086 utroque,
2612 5015 2757 5082 Vat.,
2812 5015 3420 5088 Clarom.,'Bigotiano

1858 5099 2108 5158 utroque.
2142 5088 2283 5153 Quin
2322 5088 2485 5140 etiam
2518 5089 2706 5158 titulus
2747 5091 3130 5143 nonnullorum
3167 5089 3418 5143 codicum

1859 5157 2318 5225 hancepistolam
2366 5172 2474 5211 non
2523 5157 2590 5209 ad
2641 5158 2946 5222 mulierem,
3004 5160 3096 5213 sed
3137 5159 3202 5212 ad
3239 5159 3418 5211 virum

1860 5231 2097 5299 aliquem
2129 5227 2403 5299 scriptam_
2422 5241 2544 5299 esse
2587 5228 2797 5299 probat.
2838 5226 2930 5282 Sic
2958 5230 3100 5282 enim
3133 5228 3291 5281 habet
3316 5227 3421 5282 lle-

1857 5295 1987 5369 gius
2004 5296 2278 5369 secundus
2311 5295 2498 5369 :__IIpd;
2532 5313 2653 5369 τινα
2682 5296 2923 5365 θλίψεσιν
2951 5299 3237 5366 ἀδοκήτοις
3262 5313 3420 5369 περι-

1860 5364 2114 5436 πεσόντα,
2160 5364 2252 5436 Adi
2276 5364 2502 5433 aliquem
2538 5367 2594 5418 in
2629 5364 2894 5420 wruninas
2925 5364 3304 5436 inexspectatus
3333 5364 3419 5420 fa-

1855 5454 2027 5506 psum.
2063 5433 2153 5487 Sic
2186 5435 2347 5506 etiam
2382 5436 2435 5486 in
2468 5449 2576 5489 uno
2606 5436 2779 5501 Bigot.
2812 5437 2983 5491 :‘th
3021 5433 3262 5506 θλίψεσιν
3299 5436 3421 5490 ἀδο-

1858 5503 2042 5578 κήτοις
2077 5521 2142 5578 πε
2152 5503 2442 5578 ριπεσόντι.

1856 5609 1861 5613 ρ
1918 5574 2035 5646 ’(25)
2082 5574 2141 5646 '_H
2181 5574 2252 5626 ἐν
2281 5574 2611 5646 τοῒςηγΕάἱιί
2645 5574 2847 5630 addunt
2885 5575 3087 5641 αὐτοῖς,
3131 5574 3279 5646 quod
3308 5588 3420 5631 non

1862 5642 2061 5714 legitur
2088 5643 2144 5696 in
2185 5659 2316 5714 mss.
2353 5642 2652 5701 codicibus.

1925 5713 1943 5739 7‘
1972 5715 2121 5770 Alias
2151 5713 2301 5779 CCII,
2334 5713 2535 5785 scripta
2570 5732 2712 5770 anno
2740 5713 2861 5770 372.
