  <div class='ocr_page' id='page_1' title='image "/cluster/home/n/w/nwhite01/storage/ocr_20150623/32/nnc1.0046978879/309.png"; bbox 0 0 3868 6218; ppageno 0'>
   <div class='ocr_carea' id='block_1_1' title="bbox 437 289 560 352">
    <p class='ocr_par' dir='ltr' id='par_1_1' title="bbox 437 289 560 352">
     <span class='ocr_line' id='line_1_1' title="bbox 437 289 560 352; baseline -0.033 0"><span class='ocrx_word' id='word_1_1' title='bbox 437 289 560 352; x_wconf 61' lang='grc'><strong>’507</strong></span> 
     </span>
    </p>
   </div>
   <div class='ocr_carea' id='block_1_2' title="bbox 1795 285 2386 349">
    <p class='ocr_par' dir='ltr' id='par_1_2' title="bbox 1795 285 2386 349">
     <span class='ocr_line' id='line_1_2' title="bbox 1795 285 2386 349; baseline -0.012 0"><span class='ocrx_word' id='word_1_2' title='bbox 1795 293 1855 349; x_wconf 81' lang='lat'><strong>8.</strong></span> <span class='ocrx_word' id='word_1_3' title='bbox 1893 289 2135 347; x_wconf 80' lang='lat' dir='ltr'><strong>BASILII</strong></span> <span class='ocrx_word' id='word_1_4' title='bbox 2171 285 2386 345; x_wconf 76' lang='lat' dir='ltr'><strong>MAGNI</strong></span> 
     </span>
    </p>
   </div>
   <div class='ocr_carea' id='block_1_3' title="bbox 3585 277 3686 334">
    <p class='ocr_par' dir='ltr' id='par_1_3' title="bbox 3585 277 3686 334">
     <span class='ocr_line' id='line_1_3' title="bbox 3585 277 3686 334; baseline 0.01 -1"><span class='ocrx_word' id='word_1_5' title='bbox 3585 277 3686 334; x_wconf 79' lang='lat'><strong>508</strong></span> 
     </span>
    </p>
   </div>
   <div class='ocr_carea' id='block_1_4' title="bbox 463 391 2035 475">
    <p class='ocr_par' dir='ltr' id='par_1_4' title="bbox 463 402 2030 475">
     <span class='ocr_line' id='line_1_4' title="bbox 463 402 2030 475; baseline 0.001 -17"><span class='ocrx_word' id='word_1_6' title='bbox 463 419 669 459; x_wconf 79' lang='lat' dir='ltr'><strong>omnia.</strong></span> <span class='ocrx_word' id='word_1_7' title='bbox 699 403 842 459; x_wconf 78' lang='lat' dir='ltr'><strong>Nihil</strong></span> <span class='ocrx_word' id='word_1_8' title='bbox 877 418 1066 461; x_wconf 82' lang='lat' dir='ltr'><strong>eorum</strong></span> <span class='ocrx_word' id='word_1_9' title='bbox 1097 418 1218 475; x_wconf 65' lang='lat' dir='ltr'><strong>quae</strong></span> <span class='ocrx_word' id='word_1_10' title='bbox 1260 403 1419 458; x_wconf 88' lang='lat' dir='ltr'><strong>nobis</strong></span> <span class='ocrx_word' id='word_1_11' title='bbox 1454 402 1708 458; x_wconf 85' lang='lat' dir='ltr'><strong>accidunt</strong></span> <span class='ocrx_word' id='word_1_12' title='bbox 1754 412 1813 457; x_wconf 91' lang='lat' dir='ltr'><strong>ut</strong></span> <span class='ocrx_word' id='word_1_13' title='bbox 1860 406 2030 459; x_wconf 85' lang='lat' dir='ltr'><strong>mole-</strong></span> 
     </span>
    </p>
   </div>
   <div class='ocr_carea' id='block_1_5' title="bbox 2141 391 3689 475">
    <p class='ocr_par' dir='ltr' id='par_1_5' title="bbox 2141 391 3689 472">
     <span class='ocr_line' id='line_1_5' title="bbox 2141 391 3689 472; baseline -0.008 -17"><span class='ocrx_word' id='word_1_14' title='bbox 2141 402 2315 472; x_wconf 82' lang='grc' dir='ltr'>θότητι</span> <span class='ocrx_word' id='word_1_15' title='bbox 2365 399 2632 453; x_wconf 83' lang='grc' dir='ltr'>Δεσπότου</span> <span class='ocrx_word' id='word_1_16' title='bbox 2680 398 2959 451; x_wconf 85' lang='grc' dir='ltr'>οιοικεῖται</span> <span class='ocrx_word' id='word_1_17' title='bbox 3002 395 3074 450; x_wconf 81' lang='grc' dir='ltr'>τὰ</span> <span class='ocrx_word' id='word_1_18' title='bbox 3119 392 3315 448; x_wconf 85' lang='grc' dir='ltr'>πάντα.</span> <span class='ocrx_word' id='word_1_19' title='bbox 3372 391 3536 447; x_wconf 82' lang='grc' dir='ltr'>Οὑδέν</span> <span class='ocrx_word' id='word_1_20' title='bbox 3584 392 3689 444; x_wconf 85' lang='grc' dir='ltr'><strong>τῶν</strong></span> 
     </span>
    </p>
   </div>
   <div class='ocr_carea' id='block_1_6' title="bbox 458 496 2023 567">
    <p class='ocr_par' dir='ltr' id='par_1_6' title="bbox 458 496 2023 567">
     <span class='ocr_line' id='line_1_6' title="bbox 458 496 2023 567; baseline -0.001 -16"><span class='ocrx_word' id='word_1_21' title='bbox 458 507 605 551; x_wconf 84' lang='lat' dir='ltr'><strong>stum</strong></span> <span class='ocrx_word' id='word_1_22' title='bbox 653 499 901 567; x_wconf 78' lang='lat' dir='ltr'><strong>accipere</strong></span> <span class='ocrx_word' id='word_1_23' title='bbox 932 505 1171 567; x_wconf 75' lang='lat' dir='ltr'><strong>oportet,</strong></span> <span class='ocrx_word' id='word_1_24' title='bbox 1202 497 1413 552; x_wconf 86' lang='lat' dir='ltr'><strong>etiamsi</strong></span> <span class='ocrx_word' id='word_1_25' title='bbox 1447 496 1499 550; x_wconf 88' lang='lat' dir='ltr'><strong>in</strong></span> <span class='ocrx_word' id='word_1_26' title='bbox 1543 497 1827 566; x_wconf 68' lang='lat' dir='ltr'><strong>praesentia</strong></span> <span class='ocrx_word' id='word_1_27' title='bbox 1870 496 2023 550; x_wconf 79' lang='lat' dir='ltr'><strong>inﬁr-</strong></span> 
     </span>
    </p>
   </div>
   <div class='ocr_carea' id='block_1_7' title="bbox 454 587 2027 658">
    <p class='ocr_par' dir='ltr' id='par_1_7' title="bbox 454 587 2027 658">
     <span class='ocr_line' id='line_1_7' title="bbox 454 587 2027 658; baseline -0.001 -15"><span class='ocrx_word' id='word_1_28' title='bbox 454 590 697 643; x_wconf 88' lang='lat' dir='ltr'><strong>mitatem</strong></span> <span class='ocrx_word' id='word_1_29' title='bbox 729 595 971 643; x_wconf 89' lang='lat' dir='ltr'><strong>nostram</strong></span> <span class='ocrx_word' id='word_1_30' title='bbox 1000 596 1205 658; x_wconf 88' lang='lat' dir='ltr'><strong>tangat.</strong></span> <span class='ocrx_word' id='word_1_31' title='bbox 1237 587 1349 642; x_wconf 85' lang='lat' dir='ltr'><strong>Etsi</strong></span> <span class='ocrx_word' id='word_1_32' title='bbox 1373 588 1518 642; x_wconf 92' lang='lat' dir='ltr'><strong>enim</strong></span> <span class='ocrx_word' id='word_1_33' title='bbox 1546 588 1785 642; x_wconf 82' lang='lat' dir='ltr'><strong>rationes</strong></span> <span class='ocrx_word' id='word_1_34' title='bbox 1809 588 2027 657; x_wconf 87' lang='lat' dir='ltr'><strong>ignora-</strong></span> 
     </span>
    </p>
   </div>
   <div class='ocr_carea' id='block_1_8' title="bbox 455 679 2022 750">
    <p class='ocr_par' dir='ltr' id='par_1_8' title="bbox 455 679 2022 750">
     <span class='ocr_line' id='line_1_8' title="bbox 455 679 2022 750; baseline -0.001 -18"><span class='ocrx_word' id='word_1_35' title='bbox 455 694 598 741; x_wconf 85' lang='lat' dir='ltr'><strong>mus,</strong></span> <span class='ocrx_word' id='word_1_36' title='bbox 622 680 692 734; x_wconf 92' lang='lat' dir='ltr'><strong>ob</strong></span> <span class='ocrx_word' id='word_1_37' title='bbox 713 695 850 749; x_wconf 87' lang='lat' dir='ltr'><strong>quas</strong></span> <span class='ocrx_word' id='word_1_38' title='bbox 876 681 1303 750; x_wconf 87' lang='lat' dir='ltr'><strong>unumquodque</strong></span> <span class='ocrx_word' id='word_1_39' title='bbox 1327 694 1515 732; x_wconf 90' lang='lat' dir='ltr'><strong>eorum</strong></span> <span class='ocrx_word' id='word_1_40' title='bbox 1540 693 1660 747; x_wconf 66' lang='lat' dir='ltr'><strong>quae</strong></span> <span class='ocrx_word' id='word_1_41' title='bbox 1679 679 2022 748; x_wconf 84' lang='lat' dir='ltr'><strong>contingunt,</strong></span> 
     </span>
    </p>
   </div>
   <div class='ocr_carea' id='block_1_9' title="bbox 455 769 2024 837">
    <p class='ocr_par' dir='ltr' id='par_1_9' title="bbox 455 769 2024 837">
     <span class='ocr_line' id='line_1_9' title="bbox 455 769 2024 837; baseline 0.001 -16"><span class='ocrx_word' id='word_1_42' title='bbox 455 769 623 837; x_wconf 49' lang='lat' dir='ltr'><strong>velati</strong></span> <span class='ocrx_word' id='word_1_43' title='bbox 672 770 875 825; x_wconf 90' lang='lat' dir='ltr'><strong>bonum</strong></span> <span class='ocrx_word' id='word_1_44' title='bbox 920 786 952 825; x_wconf 89' lang='lat' dir='ltr'><strong>a</strong></span> <span class='ocrx_word' id='word_1_45' title='bbox 998 771 1227 825; x_wconf 88' lang='lat' dir='ltr'><strong>Domino</strong></span> <span class='ocrx_word' id='word_1_46' title='bbox 1274 770 1432 824; x_wconf 86' lang='lat' dir='ltr'><strong>nobis</strong></span> <span class='ocrx_word' id='word_1_47' title='bbox 1479 769 1795 833; x_wconf 76' lang='lat' dir='ltr'><strong>exhibetur,</strong></span> <span class='ocrx_word' id='word_1_48' title='bbox 1845 778 2024 823; x_wconf 87' lang='lat' dir='ltr'><strong>tamen</strong></span> 
     </span>
    </p>
   </div>
   <div class='ocr_carea' id='block_1_10' title="bbox 455 860 2025 930">
    <p class='ocr_par' dir='ltr' id='par_1_10' title="bbox 455 860 2025 930">
     <span class='ocr_line' id='line_1_10' title="bbox 455 860 2025 930; baseline 0 -15"><span class='ocrx_word' id='word_1_49' title='bbox 455 860 561 916; x_wconf 90' lang='lat' dir='ltr'><strong>hoc</strong></span> <span class='ocrx_word' id='word_1_50' title='bbox 594 862 756 917; x_wconf 91' lang='lat' dir='ltr'><strong>nobis</strong></span> <span class='ocrx_word' id='word_1_51' title='bbox 788 877 1108 930; x_wconf 84' lang='lat' dir='ltr'><strong>persuasum</strong></span> <span class='ocrx_word' id='word_1_52' title='bbox 1131 878 1253 917; x_wconf 88' lang='lat' dir='ltr'><strong>esse</strong></span> <span class='ocrx_word' id='word_1_53' title='bbox 1273 861 1453 924; x_wconf 90' lang='lat' dir='ltr'><strong>debet,</strong></span> <span class='ocrx_word' id='word_1_54' title='bbox 1477 860 1701 914; x_wconf 85' lang='lat' dir='ltr'><strong>omnino</strong></span> <span class='ocrx_word' id='word_1_55' title='bbox 1745 860 1878 914; x_wconf 89' lang='lat' dir='ltr'><strong>utile</strong></span> <span class='ocrx_word' id='word_1_56' title='bbox 1904 876 2025 915; x_wconf 89' lang='lat' dir='ltr'><strong>esse</strong></span> 
     </span>
    </p>
   </div>
   <div class='ocr_carea' id='block_1_11' title="bbox 456 951 2020 1023">
    <p class='ocr_par' dir='ltr' id='par_1_11' title="bbox 456 951 2020 1023">
     <span class='ocr_line' id='line_1_11' title="bbox 456 951 2020 1023; baseline -0.001 -18"><span class='ocrx_word' id='word_1_57' title='bbox 456 954 602 1023; x_wconf 84' lang='lat' dir='ltr'><strong>quod</strong></span> <span class='ocrx_word' id='word_1_58' title='bbox 636 956 845 1018; x_wconf 85' lang='lat' dir='ltr'><strong>evenit,</strong></span> <span class='ocrx_word' id='word_1_59' title='bbox 893 955 1007 1011; x_wconf 83' lang='lat' dir='ltr'><strong>sive</strong></span> <span class='ocrx_word' id='word_1_60' title='bbox 1051 955 1212 1009; x_wconf 91' lang='lat' dir='ltr'><strong>nobis</strong></span> <span class='ocrx_word' id='word_1_61' title='bbox 1256 954 1327 1008; x_wconf 92' lang='lat' dir='ltr'><strong>ob</strong></span> <span class='ocrx_word' id='word_1_62' title='bbox 1366 953 1642 1023; x_wconf 67' lang='lat' dir='ltr'><strong>patientiae</strong></span> <span class='ocrx_word' id='word_1_63' title='bbox 1682 951 2020 1016; x_wconf 85' lang='lat' dir='ltr'><strong>mercedem,</strong></span> 
     </span>
    </p>
   </div>
   <div class='ocr_carea' id='block_1_12' title="bbox 460 1045 2025 1115">
    <p class='ocr_par' dir='ltr' id='par_1_12' title="bbox 460 1045 2025 1115">
     <span class='ocr_line' id='line_1_12' title="bbox 460 1045 2025 1115; baseline -0.002 -14"><span class='ocrx_word' id='word_1_64' title='bbox 460 1047 575 1101; x_wconf 85' lang='lat' dir='ltr'><strong>sive</strong></span> <span class='ocrx_word' id='word_1_65' title='bbox 610 1048 805 1101; x_wconf 67' lang='lat' dir='ltr'><strong>animae</strong></span> <span class='ocrx_word' id='word_1_66' title='bbox 838 1054 1130 1115; x_wconf 68' lang='lat' dir='ltr'><strong>assumptze</strong></span> <span class='ocrx_word' id='word_1_67' title='bbox 1154 1087 1168 1112; x_wconf 92' lang='lat'><strong>,</strong></span> <span class='ocrx_word' id='word_1_68' title='bbox 1200 1062 1267 1101; x_wconf 89' lang='lat' dir='ltr'><strong>ne</strong></span> <span class='ocrx_word' id='word_1_69' title='bbox 1298 1047 1503 1101; x_wconf 78' lang='lat' dir='ltr'><strong>diutius</strong></span> <span class='ocrx_word' id='word_1_70' title='bbox 1548 1046 1603 1099; x_wconf 94' lang='lat' dir='ltr'><strong>in</strong></span> <span class='ocrx_word' id='word_1_71' title='bbox 1648 1045 1749 1100; x_wconf 93' lang='lat' dir='ltr'><strong>hac</strong></span> <span class='ocrx_word' id='word_1_72' title='bbox 1781 1046 1890 1099; x_wconf 84' lang='lat' dir='ltr'><strong>vita</strong></span> <span class='ocrx_word' id='word_1_73' title='bbox 1923 1046 2025 1098; x_wconf 90' lang='lat' dir='ltr'><strong>im-</strong></span> 
     </span>
    </p>
   </div>
   <div class='ocr_carea' id='block_1_13' title="bbox 460 1135 2020 1206">
    <p class='ocr_par' dir='ltr' id='par_1_13' title="bbox 460 1135 2020 1206">
     <span class='ocr_line' id='line_1_13' title="bbox 460 1135 2020 1206; baseline -0.001 -18"><span class='ocrx_word' id='word_1_74' title='bbox 460 1151 682 1190; x_wconf 77' lang='lat' dir='ltr'><strong>moraris</strong></span> <span class='ocrx_word' id='word_1_75' title='bbox 706 1176 721 1201; x_wconf 90' lang='lat'><strong>,</strong></span> <span class='ocrx_word' id='word_1_76' title='bbox 748 1136 961 1206; x_wconf 81' lang='lat' dir='ltr'><strong>vigente</strong></span> <span class='ocrx_word' id='word_1_77' title='bbox 991 1136 1045 1190; x_wconf 91' lang='lat' dir='ltr'><strong>in</strong></span> <span class='ocrx_word' id='word_1_78' title='bbox 1079 1137 1182 1190; x_wconf 91' lang='lat' dir='ltr'><strong>hoc</strong></span> <span class='ocrx_word' id='word_1_79' title='bbox 1221 1135 1426 1189; x_wconf 92' lang='lat' dir='ltr'><strong>mundo</strong></span> <span class='ocrx_word' id='word_1_80' title='bbox 1468 1136 1672 1189; x_wconf 91' lang='lat' dir='ltr'><strong>malitia</strong></span> <span class='ocrx_word' id='word_1_81' title='bbox 1701 1136 2020 1204; x_wconf 85' lang='lat' dir='ltr'><strong>repleretur.</strong></span> 
     </span>
    </p>
   </div>
   <div class='ocr_carea' id='block_1_14' title="bbox 461 1223 2022 1282">
    <p class='ocr_par' dir='ltr' id='par_1_14' title="bbox 461 1223 2022 1282">
     <span class='ocr_line' id='line_1_14' title="bbox 461 1223 2022 1282; baseline -0.001 -3"><span class='ocrx_word' id='word_1_82' title='bbox 461 1223 519 1279; x_wconf 81' lang='lat' dir='ltr'><strong>Si</strong></span> <span class='ocrx_word' id='word_1_83' title='bbox 548 1227 693 1280; x_wconf 89' lang='lat' dir='ltr'><strong>enim</strong></span> <span class='ocrx_word' id='word_1_84' title='bbox 728 1227 829 1281; x_wconf 90' lang='lat' dir='ltr'><strong>hac</strong></span> <span class='ocrx_word' id='word_1_85' title='bbox 867 1227 977 1280; x_wconf 90' lang='lat' dir='ltr'><strong>vita</strong></span> <span class='ocrx_word' id='word_1_86' title='bbox 1015 1227 1557 1281; x_wconf 90' lang='lat' dir='ltr'><strong>circumscriberetur</strong></span> <span class='ocrx_word' id='word_1_87' title='bbox 1588 1226 2022 1282; x_wconf 86' lang='lat' dir='ltr'><strong>Christianorum</strong></span> 
     </span>
    </p>
   </div>
   <div class='ocr_carea' id='block_1_15' title="bbox 460 1317 2024 1387">
    <p class='ocr_par' dir='ltr' id='par_1_15' title="bbox 460 1317 2024 1387">
     <span class='ocr_line' id='line_1_15' title="bbox 460 1317 2024 1387; baseline 0 -15"><span class='ocrx_word' id='word_1_88' title='bbox 460 1332 613 1387; x_wconf 87' lang='lat' dir='ltr'><strong>spes,</strong></span> <span class='ocrx_word' id='word_1_89' title='bbox 646 1332 754 1371; x_wconf 87' lang='lat' dir='ltr'><strong>non</strong></span> <span class='ocrx_word' id='word_1_90' title='bbox 787 1318 1057 1372; x_wconf 85' lang='lat' dir='ltr'><strong>immerito</strong></span> <span class='ocrx_word' id='word_1_91' title='bbox 1082 1334 1212 1372; x_wconf 82' lang='lat' dir='ltr'><strong>sane</strong></span> <span class='ocrx_word' id='word_1_92' title='bbox 1241 1318 1530 1372; x_wconf 89' lang='lat' dir='ltr'><strong>molestum</strong></span> <span class='ocrx_word' id='word_1_93' title='bbox 1560 1317 1834 1371; x_wconf 88' lang='lat' dir='ltr'><strong>videretur</strong></span> <span class='ocrx_word' id='word_1_94' title='bbox 1861 1319 2024 1372; x_wconf 91' lang='lat' dir='ltr'><strong>citius</strong></span> 
     </span>
    </p>
   </div>
   <div class='ocr_carea' id='block_1_16' title="bbox 458 1411 2020 1484">
    <p class='ocr_par' dir='ltr' id='par_1_16' title="bbox 458 1411 2020 1484">
     <span class='ocr_line' id='line_1_16' title="bbox 458 1411 2020 1484; baseline -0.002 -18"><span class='ocrx_word' id='word_1_95' title='bbox 458 1428 489 1466; x_wconf 91' lang='lat' dir='ltr'><strong>a</strong></span> <span class='ocrx_word' id='word_1_96' title='bbox 513 1427 741 1482; x_wconf 89' lang='lat' dir='ltr'><strong>corpore</strong></span> <span class='ocrx_word' id='word_1_97' title='bbox 764 1412 1003 1484; x_wconf 89' lang='lat' dir='ltr'><strong>disjungi</strong></span> <span class='ocrx_word' id='word_1_98' title='bbox 1026 1433 1038 1466; x_wconf 90' lang='lat'>:</span> <span class='ocrx_word' id='word_1_99' title='bbox 1065 1414 1148 1467; x_wconf 92' lang='lat' dir='ltr'><strong>sin</strong></span> <span class='ocrx_word' id='word_1_100' title='bbox 1169 1419 1348 1466; x_wconf 89' lang='lat' dir='ltr'><strong>autem</strong></span> <span class='ocrx_word' id='word_1_101' title='bbox 1375 1426 1513 1465; x_wconf 69' lang='lat' dir='ltr'><strong>vera:</strong></span> <span class='ocrx_word' id='word_1_102' title='bbox 1536 1412 1659 1465; x_wconf 85' lang='lat' dir='ltr'><strong>vitae</strong></span> <span class='ocrx_word' id='word_1_103' title='bbox 1686 1411 1896 1465; x_wconf 87' lang='lat' dir='ltr'><strong>initium</strong></span> <span class='ocrx_word' id='word_1_104' title='bbox 1920 1421 2020 1476; x_wconf 90' lang='lat' dir='ltr'><strong>est,</strong></span> 
     </span>
    </p>
   </div>
   <div class='ocr_carea' id='block_1_17' title="bbox 458 1501 2024 1574">
    <p class='ocr_par' dir='ltr' id='par_1_17' title="bbox 458 1501 2024 1574">
     <span class='ocr_line' id='line_1_17' title="bbox 458 1501 2024 1574; baseline -0.001 -17"><span class='ocrx_word' id='word_1_105' title='bbox 458 1505 527 1560; x_wconf 90' lang='lat' dir='ltr'><strong>iis</strong></span> <span class='ocrx_word' id='word_1_106' title='bbox 561 1504 652 1574; x_wconf 89' lang='lat' dir='ltr'><strong>qui</strong></span> <span class='ocrx_word' id='word_1_107' title='bbox 684 1505 984 1559; x_wconf 90' lang='lat' dir='ltr'><strong>secundum</strong></span> <span class='ocrx_word' id='word_1_108' title='bbox 1021 1502 1185 1557; x_wconf 86' lang='lat' dir='ltr'><strong>Deum</strong></span> <span class='ocrx_word' id='word_1_109' title='bbox 1218 1504 1443 1566; x_wconf 84' lang='lat' dir='ltr'><strong>vivunt,</strong></span> <span class='ocrx_word' id='word_1_110' title='bbox 1473 1502 1667 1556; x_wconf 69' lang='lat' dir='ltr'><strong>animae</strong></span> <span class='ocrx_word' id='word_1_111' title='bbox 1703 1516 1733 1556; x_wconf 91' lang='lat' dir='ltr'><strong>e</strong></span> <span class='ocrx_word' id='word_1_112' title='bbox 1778 1501 2024 1571; x_wconf 88' lang='lat' dir='ltr'><strong>corporis</strong></span> 
     </span>
    </p>
   </div>
   <div class='ocr_carea' id='block_1_18' title="bbox 458 1592 2023 1664">
    <p class='ocr_par' dir='ltr' id='par_1_18' title="bbox 458 1592 2023 1664">
     <span class='ocr_line' id='line_1_18' title="bbox 458 1592 2023 1664; baseline -0.002 -16"><span class='ocrx_word' id='word_1_113' title='bbox 458 1595 690 1651; x_wconf 91' lang='lat' dir='ltr'><strong>vinculis</strong></span> <span class='ocrx_word' id='word_1_114' title='bbox 720 1596 952 1662; x_wconf 82' lang='lat' dir='ltr'><strong>solutio;</strong></span> <span class='ocrx_word' id='word_1_115' title='bbox 989 1594 1116 1664; x_wconf 90' lang='lat' dir='ltr'><strong>quid</strong></span> <span class='ocrx_word' id='word_1_116' title='bbox 1149 1595 1367 1649; x_wconf 85' lang='lat' dir='ltr'><strong>tristitia</strong></span> <span class='ocrx_word' id='word_1_117' title='bbox 1393 1593 1689 1660; x_wconf 78' lang='lat' dir='ltr'><strong>aﬂicimur,</strong></span> <span class='ocrx_word' id='word_1_118' title='bbox 1724 1593 1866 1647; x_wconf 92' lang='lat' dir='ltr'><strong>sicut</strong></span> <span class='ocrx_word' id='word_1_119' title='bbox 1896 1599 1951 1646; x_wconf 90' lang='lat' dir='ltr'><strong>et</strong></span> <span class='ocrx_word' id='word_1_120' title='bbox 1988 1592 2023 1645; x_wconf 94' lang='lat' dir='ltr'><strong>ii</strong></span> 
     </span>
    </p>
   </div>
   <div class='ocr_carea' id='block_1_19' title="bbox 457 1687 2023 1759">
    <p class='ocr_par' dir='ltr' id='par_1_19' title="bbox 457 1687 2023 1759">
     <span class='ocr_line' id='line_1_19' title="bbox 457 1687 2023 1759; baseline -0.003 -17"><span class='ocrx_word' id='word_1_121' title='bbox 457 1690 549 1759; x_wconf 88' lang='lat' dir='ltr'><strong>qui</strong></span> <span class='ocrx_word' id='word_1_122' title='bbox 576 1704 725 1758; x_wconf 91' lang='lat' dir='ltr'><strong>spem</strong></span> <span class='ocrx_word' id='word_1_123' title='bbox 753 1704 858 1743; x_wconf 89' lang='lat' dir='ltr'><strong>nou</strong></span> <span class='ocrx_word' id='word_1_124' title='bbox 889 1688 1187 1742; x_wconf 79' lang='lat' dir='ltr'><strong>habent&quot;?</strong></span> <span class='ocrx_word' id='word_1_125' title='bbox 1219 1687 1329 1743; x_wconf 85' lang='lat' dir='ltr'><strong>Fac</strong></span> <span class='ocrx_word' id='word_1_126' title='bbox 1351 1688 1515 1759; x_wconf 90' lang='lat' dir='ltr'><strong>igitur</strong></span> <span class='ocrx_word' id='word_1_127' title='bbox 1546 1687 1764 1740; x_wconf 90' lang='lat' dir='ltr'><strong>hortatu</strong></span> <span class='ocrx_word' id='word_1_128' title='bbox 1792 1700 1932 1749; x_wconf 89' lang='lat' dir='ltr'><strong>meo,</strong></span> <span class='ocrx_word' id='word_1_129' title='bbox 1964 1692 2023 1737; x_wconf 90' lang='lat' dir='ltr'><strong>ut</strong></span> 
     </span>
    </p>
   </div>
   <div class='ocr_carea' id='block_1_20' title="bbox 2125 483 3690 565">
    <p class='ocr_par' dir='ltr' id='par_1_20' title="bbox 2125 483 3690 565">
     <span class='ocr_line' id='line_1_20' title="bbox 2125 483 3690 565; baseline -0.007 -18"><span class='ocrx_word' id='word_1_130' title='bbox 2125 491 2523 565; x_wconf 74' lang='grc' dir='ltr'>συμϐαινόντων</span> <span class='ocrx_word' id='word_1_131' title='bbox 2549 492 2678 562; x_wconf 81' lang='grc' dir='ltr'>ἡμῖν</span> <span class='ocrx_word' id='word_1_132' title='bbox 2701 489 2776 553; x_wconf 87' lang='grc' dir='ltr'>ὼς</span> <span class='ocrx_word' id='word_1_133' title='bbox 2800 487 3041 559; x_wconf 77' lang='grc' dir='ltr'>λυπηρὸν</span> <span class='ocrx_word' id='word_1_134' title='bbox 3064 485 3415 555; x_wconf 86' lang='grc' dir='ltr'>ὑποδέχεσθαι</span> <span class='ocrx_word' id='word_1_135' title='bbox 3434 484 3564 555; x_wconf 83' lang='grc' dir='ltr'>χρὴ,</span> <span class='ocrx_word' id='word_1_136' title='bbox 3591 483 3690 537; x_wconf 81' lang='grc' dir='ltr'>κᾶν</span> 
     </span>
    </p>
   </div>
   <div class='ocr_carea' id='block_1_21' title="bbox 2124 580 3691 657">
    <p class='ocr_par' dir='ltr' id='par_1_21' title="bbox 2124 580 3691 657">
     <span class='ocr_line' id='line_1_21' title="bbox 2124 580 3691 657; baseline -0.004 -18"><span class='ocrx_word' id='word_1_137' title='bbox 2124 585 2261 657; x_wconf 79' lang='grc' dir='ltr'>πρὸς</span> <span class='ocrx_word' id='word_1_138' title='bbox 2284 584 2346 639; x_wconf 82' lang='grc' dir='ltr'>τὸ</span> <span class='ocrx_word' id='word_1_139' title='bbox 2368 584 2538 656; x_wconf 81' lang='grc' dir='ltr'>παρὸν</span> <span class='ocrx_word' id='word_1_140' title='bbox 2569 583 2805 655; x_wconf 75' lang='grc' dir='ltr'>ἅπτηται</span> <span class='ocrx_word' id='word_1_141' title='bbox 2837 584 2936 655; x_wconf 82' lang='grc' dir='ltr'>τῆς</span> <span class='ocrx_word' id='word_1_142' title='bbox 2969 581 3248 645; x_wconf 81' lang='grc' dir='ltr'><strong>ἀσθενείας</strong></span> <span class='ocrx_word' id='word_1_143' title='bbox 3281 580 3457 651; x_wconf 83' lang='grc' dir='ltr'>ἡμῶν.</span> <span class='ocrx_word' id='word_1_144' title='bbox 3491 581 3554 633; x_wconf 86' lang='lat' dir='ltr'><strong>Ei.</strong></span> <span class='ocrx_word' id='word_1_145' title='bbox 3583 581 3691 650; x_wconf 77' lang='grc' dir='ltr'><strong>γάρ</strong></span> 
     </span>
    </p>
   </div>
   <div class='ocr_carea' id='block_1_22' title="bbox 2124 672 3691 751">
    <p class='ocr_par' dir='ltr' id='par_1_22' title="bbox 2124 672 3691 751">
     <span class='ocr_line' id='line_1_22' title="bbox 2124 672 3691 751; baseline -0.004 -21"><span class='ocrx_word' id='word_1_146' title='bbox 2124 679 2217 730; x_wconf 66' lang='grc' dir='ltr'><strong>καὶ¹</strong></span> <span class='ocrx_word' id='word_1_147' title='bbox 2255 677 2384 740; x_wconf 82' lang='grc' dir='ltr'>τοὺς</span> <span class='ocrx_word' id='word_1_148' title='bbox 2419 675 2610 744; x_wconf 86' lang='grc' dir='ltr'>λόγους</span> <span class='ocrx_word' id='word_1_149' title='bbox 2644 674 2965 745; x_wconf 83' lang='grc' dir='ltr'>ἀγνοοῦμεν,</span> <span class='ocrx_word' id='word_1_150' title='bbox 3012 674 3132 727; x_wconf 88' lang='grc' dir='ltr'>καθ’</span> <span class='ocrx_word' id='word_1_151' title='bbox 3175 672 3269 737; x_wconf 81' lang='grc' dir='ltr'>οὓς</span> <span class='ocrx_word' id='word_1_152' title='bbox 3313 672 3541 751; x_wconf 76' lang='grc' dir='ltr'>ἐκαστον</span> <span class='ocrx_word' id='word_1_153' title='bbox 3584 672 3691 723; x_wconf 88' lang='grc' dir='ltr'><strong>τῶν</strong></span> 
     </span>
    </p>
   </div>
   <div class='ocr_carea' id='block_1_23' title="bbox 2123 763 3692 838">
    <p class='ocr_par' dir='ltr' id='par_1_23' title="bbox 2123 763 3692 838">
     <span class='ocr_line' id='line_1_23' title="bbox 2123 763 3692 838; baseline -0.003 -19"><span class='ocrx_word' id='word_1_154' title='bbox 2123 767 2421 838; x_wconf 82' lang='grc' dir='ltr'>γινομένων</span> <span class='ocrx_word' id='word_1_155' title='bbox 2448 767 2524 830; x_wconf 83' lang='grc' dir='ltr'>ὡς</span> <span class='ocrx_word' id='word_1_156' title='bbox 2548 766 2708 819; x_wconf 84' lang='grc' dir='ltr'>καλὸν</span> <span class='ocrx_word' id='word_1_157' title='bbox 2744 765 2892 837; x_wconf 83' lang='grc' dir='ltr'>παρὰ</span> <span class='ocrx_word' id='word_1_158' title='bbox 2918 764 3011 817; x_wconf 91' lang='grc' dir='ltr'><strong>τοῦ</strong></span> <span class='ocrx_word' id='word_1_159' title='bbox 3039 764 3305 816; x_wconf 88' lang='grc' dir='ltr'>Δεσπότου</span> <span class='ocrx_word' id='word_1_160' title='bbox 3333 765 3462 833; x_wconf 77' lang='grc' dir='ltr'>ἡμῖν</span> <span class='ocrx_word' id='word_1_161' title='bbox 3492 763 3692 830; x_wconf 80' lang='grc' dir='ltr'>ἐπάγε-</span> 
     </span>
    </p>
   </div>
   <div class='ocr_carea' id='block_1_24' title="bbox 2121 852 3689 923">
    <p class='ocr_par' dir='ltr' id='par_1_24' title="bbox 2121 852 3689 923">
     <span class='ocr_line' id='line_1_24' title="bbox 2121 852 3689 923; baseline -0.004 -13"><span class='ocrx_word' id='word_1_162' title='bbox 2121 873 2231 910; x_wconf 86' lang='grc' dir='ltr'><strong>ται·</strong></span> <span class='ocrx_word' id='word_1_163' title='bbox 2280 855 2392 909; x_wconf 84' lang='grc' dir='ltr'>ἁλλ’</span> <span class='ocrx_word' id='word_1_164' title='bbox 2438 858 2609 908; x_wconf 81' lang='grc' dir='ltr'>ἐκεῖνο</span> <span class='ocrx_word' id='word_1_165' title='bbox 2651 855 2939 908; x_wconf 87' lang='grc' dir='ltr'>πεπεῖσθαι</span> <span class='ocrx_word' id='word_1_166' title='bbox 2987 853 3292 923; x_wconf 83' lang='grc' dir='ltr'><strong>ὀφείλομεν,</strong></span> <span class='ocrx_word' id='word_1_167' title='bbox 3342 854 3423 905; x_wconf 78' lang='grc' dir='ltr'>ὅτι</span> <span class='ocrx_word' id='word_1_168' title='bbox 3475 852 3689 914; x_wconf 79' lang='grc' dir='ltr'>πάντως</span> 
     </span>
    </p>
   </div>
   <div class='ocr_carea' id='block_1_25' title="bbox 2126 944 3693 1020">
    <p class='ocr_par' dir='ltr' id='par_1_25' title="bbox 2126 944 3693 1020">
     <span class='ocr_line' id='line_1_25' title="bbox 2126 944 3693 1020; baseline -0.004 -18"><span class='ocrx_word' id='word_1_169' title='bbox 2126 948 2392 1020; x_wconf 81' lang='grc' dir='ltr'>συμφέρει</span> <span class='ocrx_word' id='word_1_170' title='bbox 2420 949 2479 1007; x_wconf 80' lang='grc' dir='ltr'>τὸ</span> <span class='ocrx_word' id='word_1_171' title='bbox 2503 948 2783 1018; x_wconf 87' lang='grc' dir='ltr'>γινόμενον</span> <span class='ocrx_word' id='word_1_172' title='bbox 2820 947 2852 1018; x_wconf 77' lang='grc' dir='ltr'>ἢ</span> <span class='ocrx_word' id='word_1_173' title='bbox 2892 948 3021 1017; x_wconf 81' lang='grc' dir='ltr'>ἡμῖν</span> <span class='ocrx_word' id='word_1_174' title='bbox 3054 946 3142 999; x_wconf 86' lang='grc' dir='ltr'><strong>διὰ</strong></span> <span class='ocrx_word' id='word_1_175' title='bbox 3177 946 3267 1000; x_wconf 86' lang='grc' dir='ltr'>τὸν</span> <span class='ocrx_word' id='word_1_176' title='bbox 3297 946 3393 1015; x_wconf 84' lang='grc' dir='ltr'>τῆς</span> <span class='ocrx_word' id='word_1_177' title='bbox 3422 944 3693 1014; x_wconf 84' lang='grc' dir='ltr'>ὑπομονῆς</span> 
     </span>
    </p>
   </div>
   <div class='ocr_carea' id='block_1_26' title="bbox 2127 1035 3693 1111">
    <p class='ocr_par' dir='ltr' id='par_1_26' title="bbox 2127 1035 3693 1111">
     <span class='ocr_line' id='line_1_26' title="bbox 2127 1035 3693 1111; baseline -0.004 -18"><span class='ocrx_word' id='word_1_178' title='bbox 2127 1039 2390 1111; x_wconf 80' lang='grc' dir='ltr'>μισθὸν,ἢ</span> <span class='ocrx_word' id='word_1_179' title='bbox 2424 1042 2487 1110; x_wconf 78' lang='grc' dir='ltr'><strong>τῇ</strong></span> <span class='ocrx_word' id='word_1_180' title='bbox 2520 1038 2937 1111; x_wconf 83' lang='grc' dir='ltr'>παραληφθείσῃ</span> <span class='ocrx_word' id='word_1_181' title='bbox 2965 1039 3131 1108; x_wconf 71' lang='grc' dir='ltr'>ψυχῇ,</span> <span class='ocrx_word' id='word_1_182' title='bbox 3166 1038 3253 1091; x_wconf 85' lang='grc' dir='ltr'><strong>ἴνα</strong></span> <span class='ocrx_word' id='word_1_183' title='bbox 3286 1036 3380 1107; x_wconf 81' lang='grc' dir='ltr'>μὴ,</span> <span class='ocrx_word' id='word_1_184' title='bbox 3414 1037 3505 1090; x_wconf 71' lang='grc' dir='ltr'>ἐπὶ</span> <span class='ocrx_word' id='word_1_185' title='bbox 3533 1035 3693 1088; x_wconf 85' lang='grc' dir='ltr'>πλέον</span> 
     </span>
    </p>
   </div>
   <div class='ocr_carea' id='block_1_27' title="bbox 2123 1126 3695 1201">
    <p class='ocr_par' dir='ltr' id='par_1_27' title="bbox 2123 1126 3695 1201">
     <span class='ocr_line' id='line_1_27' title="bbox 2123 1126 3695 1201; baseline -0.004 -18"><span class='ocrx_word' id='word_1_186' title='bbox 2123 1134 2188 1201; x_wconf 79' lang='grc' dir='ltr'><strong>τῇ</strong></span> <span class='ocrx_word' id='word_1_187' title='bbox 2233 1131 2344 1201; x_wconf 79' lang='grc' dir='ltr'><strong>ζωῇ</strong></span> <span class='ocrx_word' id='word_1_188' title='bbox 2384 1131 2550 1201; x_wconf 83' lang='grc' dir='ltr'>ταύτῃ</span> <span class='ocrx_word' id='word_1_189' title='bbox 2598 1129 3025 1201; x_wconf 79' lang='grc' dir='ltr'>ἐπιϐραδύνασα,</span> <span class='ocrx_word' id='word_1_190' title='bbox 3063 1129 3161 1197; x_wconf 82' lang='grc' dir='ltr'>τῆς</span> <span class='ocrx_word' id='word_1_191' title='bbox 3206 1126 3695 1198; x_wconf 72' lang='grc' dir='ltr'>ἐμπολιτευομένης</span> 
     </span>
    </p>
   </div>
   <div class='ocr_carea' id='block_1_28' title="bbox 2123 1218 3694 1293">
    <p class='ocr_par' dir='ltr' id='par_1_28' title="bbox 2123 1218 3694 1293">
     <span class='ocr_line' id='line_1_28' title="bbox 2123 1218 3694 1293; baseline -0.003 -18"><span class='ocrx_word' id='word_1_192' title='bbox 2123 1223 2201 1293; x_wconf 85' lang='grc' dir='ltr'>τῷ</span> <span class='ocrx_word' id='word_1_193' title='bbox 2247 1222 2346 1293; x_wconf 84' lang='grc' dir='ltr'><strong>βίῳ</strong></span> <span class='ocrx_word' id='word_1_194' title='bbox 2380 1223 2575 1284; x_wconf 64' lang='grc' dir='ltr'>κακίας</span> <span class='ocrx_word' id='word_1_195' title='bbox 2608 1221 2947 1292; x_wconf 84' lang='grc' dir='ltr'>ἀναπλησθῇ.</span> <span class='ocrx_word' id='word_1_196' title='bbox 2992 1220 3055 1273; x_wconf 80' lang='grc' dir='ltr'><strong>Εἰ</strong></span> <span class='ocrx_word' id='word_1_197' title='bbox 3097 1220 3193 1290; x_wconf 89' lang='grc' dir='ltr'><strong>μέν</strong></span> <span class='ocrx_word' id='word_1_198' title='bbox 3235 1219 3341 1290; x_wconf 83' lang='grc' dir='ltr'>γὰρ</span> <span class='ocrx_word' id='word_1_199' title='bbox 3381 1221 3437 1272; x_wconf 83' lang='grc' dir='ltr'><strong>ἐν</strong></span> <span class='ocrx_word' id='word_1_200' title='bbox 3475 1221 3540 1288; x_wconf 79' lang='grc' dir='ltr'><strong>τῇ</strong></span> <span class='ocrx_word' id='word_1_201' title='bbox 3581 1218 3694 1289; x_wconf 76' lang='grc' dir='ltr'><strong>ζωῇ</strong></span> 
     </span>
    </p>
   </div>
   <div class='ocr_carea' id='block_1_29' title="bbox 2123 1310 3696 1387">
    <p class='ocr_par' dir='ltr' id='par_1_29' title="bbox 2123 1310 3696 1387">
     <span class='ocr_line' id='line_1_29' title="bbox 2123 1310 3696 1387; baseline -0.002 -21"><span class='ocrx_word' id='word_1_202' title='bbox 2123 1314 2296 1387; x_wconf 84' lang='grc' dir='ltr'>ταύτῃ</span> <span class='ocrx_word' id='word_1_203' title='bbox 2334 1315 2366 1385; x_wconf 84' lang='grc' dir='ltr'>ἡ</span> <span class='ocrx_word' id='word_1_204' title='bbox 2395 1314 2503 1366; x_wconf 90' lang='grc' dir='ltr'><strong>τῶν</strong></span> <span class='ocrx_word' id='word_1_205' title='bbox 2537 1313 2876 1385; x_wconf 79' lang='grc' dir='ltr'><strong>Χριστιανῶν</strong></span> <span class='ocrx_word' id='word_1_206' title='bbox 2910 1313 3061 1376; x_wconf 72' lang='grc' dir='ltr'>ἐλπὶς</span> <span class='ocrx_word' id='word_1_207' title='bbox 3092 1311 3436 1382; x_wconf 82' lang='grc' dir='ltr'>περιώριστο,</span> <span class='ocrx_word' id='word_1_208' title='bbox 3468 1310 3696 1374; x_wconf 81' lang='grc' dir='ltr'><strong>εἰκότως</strong></span> 
     </span>
    </p>
   </div>
   <div class='ocr_carea' id='block_1_30' title="bbox 2124 1399 3695 1475">
    <p class='ocr_par' dir='ltr' id='par_1_30' title="bbox 2124 1399 3695 1475">
     <span class='ocr_line' id='line_1_30' title="bbox 2124 1399 3695 1475; baseline -0.003 -19"><span class='ocrx_word' id='word_1_209' title='bbox 2124 1404 2354 1475; x_wconf 82' lang='grc' dir='ltr'>χαλεπὸν</span> <span class='ocrx_word' id='word_1_210' title='bbox 2402 1403 2467 1457; x_wconf 86' lang='grc' dir='ltr'>ἂν</span> <span class='ocrx_word' id='word_1_211' title='bbox 2513 1403 2771 1473; x_wconf 75' lang='grc' dir='ltr'><strong>ἐνομίσθη</strong></span> <span class='ocrx_word' id='word_1_212' title='bbox 2817 1402 2880 1454; x_wconf 79' lang='grc' dir='ltr'>τὸ</span> <span class='ocrx_word' id='word_1_213' title='bbox 2933 1402 3121 1455; x_wconf 79' lang='grc' dir='ltr'>θᾶττον</span> <span class='ocrx_word' id='word_1_214' title='bbox 3180 1400 3556 1470; x_wconf 79' lang='grc' dir='ltr'><strong>διαζευχθῆναι</strong></span> <span class='ocrx_word' id='word_1_215' title='bbox 3601 1399 3695 1452; x_wconf 89' lang='grc' dir='ltr'><strong>τοῦ</strong></span> 
     </span>
    </p>
   </div>
   <div class='ocr_carea' id='block_1_31' title="bbox 2126 1488 3698 1563">
    <p class='ocr_par' dir='ltr' id='par_1_31' title="bbox 2126 1488 3698 1563">
     <span class='ocr_line' id='line_1_31' title="bbox 2126 1488 3698 1563; baseline -0.002 -19"><span class='ocrx_word' id='word_1_216' title='bbox 2126 1491 2396 1562; x_wconf 68' lang='grc' dir='ltr'>σώματος*</span> <span class='ocrx_word' id='word_1_217' title='bbox 2445 1493 2493 1544; x_wconf 86' lang='grc' dir='ltr'><strong>εί</strong></span> <span class='ocrx_word' id='word_1_218' title='bbox 2526 1492 2583 1544; x_wconf 85' lang='grc' dir='ltr'>δὲ</span> <span class='ocrx_word' id='word_1_219' title='bbox 2629 1490 2768 1563; x_wconf 80' lang='grc' dir='ltr'>ἀρχὴ</span> <span class='ocrx_word' id='word_1_220' title='bbox 2816 1489 2909 1543; x_wconf 89' lang='grc' dir='ltr'><strong>τοῦ</strong></span> <span class='ocrx_word' id='word_1_221' title='bbox 2955 1489 3205 1562; x_wconf 77' lang='grc' dir='ltr'>ἀληθινοῦ</span> <span class='ocrx_word' id='word_1_222' title='bbox 3255 1489 3367 1560; x_wconf 85' lang='grc' dir='ltr'>βίου</span> <span class='ocrx_word' id='word_1_223' title='bbox 3404 1492 3517 1553; x_wconf 81' lang='grc' dir='ltr'>τοῖς</span> <span class='ocrx_word' id='word_1_224' title='bbox 3556 1488 3698 1542; x_wconf 75' lang='grc' dir='ltr'>κατὰ</span> 
     </span>
    </p>
   </div>
   <div class='ocr_carea' id='block_1_32' title="bbox 2124 1580 3702 1651">
    <p class='ocr_par' dir='ltr' id='par_1_32' title="bbox 2124 1580 3702 1651">
     <span class='ocr_line' id='line_1_32' title="bbox 2124 1580 3702 1651; baseline -0.002 -16"><span class='ocrx_word' id='word_1_225' title='bbox 2124 1582 2254 1635; x_wconf 79' lang='grc' dir='ltr'>Θεὸν</span> <span class='ocrx_word' id='word_1_226' title='bbox 2276 1580 2438 1645; x_wconf 80' lang='grc' dir='ltr'>ζῶσίν</span> <span class='ocrx_word' id='word_1_227' title='bbox 2472 1584 2585 1634; x_wconf 86' lang='grc' dir='ltr'>ἐστι</span> <span class='ocrx_word' id='word_1_228' title='bbox 2614 1582 2672 1634; x_wconf 78' lang='grc' dir='ltr'><strong>τὸ</strong></span> <span class='ocrx_word' id='word_1_229' title='bbox 2701 1581 2811 1634; x_wconf 88' lang='grc' dir='ltr'><strong>τῶν</strong></span> <span class='ocrx_word' id='word_1_230' title='bbox 2842 1580 3053 1651; x_wconf 84' lang='grc' dir='ltr'>δεσμῶν</span> <span class='ocrx_word' id='word_1_231' title='bbox 3080 1581 3283 1635; x_wconf 78' lang='grc' dir='ltr'>τούτων</span> <span class='ocrx_word' id='word_1_232' title='bbox 3314 1580 3420 1633; x_wconf 89' lang='grc' dir='ltr'><strong>τῶν</strong></span> <span class='ocrx_word' id='word_1_233' title='bbox 3455 1596 3702 1651; x_wconf 86' lang='grc' dir='ltr'>σωματι-</span> 
     </span>
    </p>
   </div>
   <div class='ocr_carea' id='block_1_33' title="bbox 2126 1667 3700 1741">
    <p class='ocr_par' dir='ltr' id='par_1_33' title="bbox 2126 1667 3700 1741">
     <span class='ocr_line' id='line_1_33' title="bbox 2126 1667 3700 1741; baseline -0.003 -18"><span class='ocrx_word' id='word_1_234' title='bbox 2126 1670 2236 1723; x_wconf 86' lang='grc' dir='ltr'>κῶν</span> <span class='ocrx_word' id='word_1_235' title='bbox 2266 1669 2362 1740; x_wconf 82' lang='grc' dir='ltr'>τὴν</span> <span class='ocrx_word' id='word_1_236' title='bbox 2396 1669 2569 1741; x_wconf 78' lang='grc' dir='ltr'>ψυχὴν</span> <span class='ocrx_word' id='word_1_237' title='bbox 2614 1669 2922 1738; x_wconf 78' lang='grc' dir='ltr'>ἐκλυθῆναι,</span> <span class='ocrx_word' id='word_1_238' title='bbox 2961 1668 3014 1721; x_wconf 84' lang='grc' dir='ltr'><strong>τί</strong></span> <span class='ocrx_word' id='word_1_239' title='bbox 3052 1668 3384 1740; x_wconf 88' lang='grc' dir='ltr'>λυπούμεθα,</span> <span class='ocrx_word' id='word_1_240' title='bbox 3415 1667 3492 1731; x_wconf 87' lang='grc' dir='ltr'><strong>ὡς</strong></span> <span class='ocrx_word' id='word_1_241' title='bbox 3529 1668 3621 1721; x_wconf 75' lang='grc' dir='ltr'>καὶ</span> <span class='ocrx_word' id='word_1_242' title='bbox 3650 1669 3700 1720; x_wconf 75' lang='lat' dir='ltr'><strong>oi</strong></span> 
     </span>
    </p>
   </div>
   <div class='ocr_carea' id='block_1_34' title="bbox 458 1750 2035 1843">
    <p class='ocr_par' dir='ltr' id='par_1_34' title="bbox 458 1776 2026 1843">
     <span class='ocr_line' id='line_1_34' title="bbox 458 1776 2026 1843; baseline -0.001 -13"><span class='ocrx_word' id='word_1_243' title='bbox 458 1776 740 1832; x_wconf 84' lang='lat' dir='ltr'><strong>doloribus</strong></span> <span class='ocrx_word' id='word_1_244' title='bbox 771 1792 877 1830; x_wconf 93' lang='lat' dir='ltr'><strong>non</strong></span> <span class='ocrx_word' id='word_1_245' title='bbox 911 1779 1259 1843; x_wconf 83' lang='lat' dir='ltr'><strong>succumbas,</strong></span> <span class='ocrx_word' id='word_1_246' title='bbox 1296 1778 1390 1832; x_wconf 87' lang='lat' dir='ltr'><strong>sed</strong></span> <span class='ocrx_word' id='word_1_247' title='bbox 1424 1777 1509 1832; x_wconf 86' lang='lat' dir='ltr'><strong>his</strong></span> <span class='ocrx_word' id='word_1_248' title='bbox 1542 1784 1595 1831; x_wconf 90' lang='lat' dir='ltr'><strong>te</strong></span> <span class='ocrx_word' id='word_1_249' title='bbox 1623 1776 1906 1831; x_wconf 88' lang='lat' dir='ltr'><strong>celsiorem</strong></span> <span class='ocrx_word' id='word_1_250' title='bbox 1933 1789 2026 1829; x_wconf 89' lang='lat' dir='ltr'><strong>su-</strong></span> 
     </span>
    </p>
   </div>
   <div class='ocr_carea' id='block_1_35' title="bbox 2141 1750 3702 1843">
    <p class='ocr_par' dir='ltr' id='par_1_35' title="bbox 2141 1757 3702 1833">
     <span class='ocr_line' id='line_1_35' title="bbox 2141 1757 3702 1833; baseline -0.001 -19"><span class='ocrx_word' id='word_1_251' title='bbox 2141 1761 2205 1832; x_wconf 69' lang='grc' dir='ltr'>μὴ</span> <span class='ocrx_word' id='word_1_252' title='bbox 2238 1761 2453 1831; x_wconf 74' lang='grc' dir='ltr'>ἔχοντες</span> <span class='ocrx_word' id='word_1_253' title='bbox 2489 1760 2706 1825; x_wconf 74' lang='grc' dir='ltr'>ἐλπίδας</span> <span class='ocrx_word' id='word_1_254' title='bbox 2745 1760 3128 1833; x_wconf 81' lang='grc' dir='ltr'>Παρακλήθητι</span> <span class='ocrx_word' id='word_1_255' title='bbox 3164 1757 3256 1815; x_wconf 79' lang='grc' dir='ltr'><strong>οῦν</strong></span> <span class='ocrx_word' id='word_1_256' title='bbox 3292 1761 3364 1831; x_wconf 85' lang='grc' dir='ltr'>μὴ</span> <span class='ocrx_word' id='word_1_257' title='bbox 3409 1760 3702 1812; x_wconf 80' lang='grc' dir='ltr'>ὑποπεσεῖν</span> 
     </span>
    </p>
   </div>
   <div class='ocr_carea' id='block_1_36' title="bbox 458 1866 1147 1937">
    <p class='ocr_par' dir='ltr' id='par_1_36' title="bbox 458 1866 1147 1937">
     <span class='ocr_line' id='line_1_36' title="bbox 458 1866 1147 1937; baseline -0.001 -16"><span class='ocrx_word' id='word_1_258' title='bbox 458 1867 838 1937; x_wconf 87' lang='lat' dir='ltr'><strong>perioremque</strong></span> <span class='ocrx_word' id='word_1_259' title='bbox 867 1866 1147 1921; x_wconf 86' lang='lat' dir='ltr'><strong>ostendas.</strong></span> 
     </span>
    </p>
   </div>
   <div class='ocr_carea' id='block_1_37' title="bbox 989 2033 1496 2090">
    <p class='ocr_par' dir='ltr' id='par_1_37' title="bbox 989 2033 1496 2090">
     <span class='ocr_line' id='line_1_37' title="bbox 989 2033 1496 2090; baseline -0.004 0"><span class='ocrx_word' id='word_1_260' title='bbox 989 2035 1327 2090; x_wconf 75' lang='lat' dir='ltr'><strong>EPISTOLA</strong></span> <span class='ocrx_word' id='word_1_261' title='bbox 1364 2033 1496 2089; x_wconf 69' lang='lat' dir='ltr'><strong>CII“.</strong></span> 
     </span>
    </p>
   </div>
   <div class='ocr_carea' id='block_1_38' title="bbox 2129 1851 3704 1924">
    <p class='ocr_par' dir='ltr' id='par_1_38' title="bbox 2129 1851 3704 1924">
     <span class='ocr_line' id='line_1_38' title="bbox 2129 1851 3704 1924; baseline -0.002 -18"><span class='ocrx_word' id='word_1_262' title='bbox 2129 1856 2241 1917; x_wconf 86' lang='grc' dir='ltr'>τοῖς</span> <span class='ocrx_word' id='word_1_263' title='bbox 2273 1852 2528 1920; x_wconf 86' lang='grc' dir='ltr'>πάθεσιν,</span> <span class='ocrx_word' id='word_1_264' title='bbox 2553 1852 2689 1907; x_wconf 77' lang='grc' dir='ltr'>ἀλλὰ</span> <span class='ocrx_word' id='word_1_265' title='bbox 2704 1852 2893 1920; x_wconf 77' lang='grc' dir='ltr'>δεῖξαι,</span> <span class='ocrx_word' id='word_1_266' title='bbox 2935 1854 3021 1906; x_wconf 89' lang='grc' dir='ltr'>ὃτι</span> <span class='ocrx_word' id='word_1_267' title='bbox 3053 1853 3374 1924; x_wconf 77' lang='grc' dir='ltr'>ὑπέρκεισαι</span> <span class='ocrx_word' id='word_1_268' title='bbox 3413 1851 3507 1904; x_wconf 68' lang='grc' dir='ltr'>καὶ</span> <span class='ocrx_word' id='word_1_269' title='bbox 3535 1852 3704 1922; x_wconf 64' lang='grc' dir='ltr'>ὑπερ-</span> 
     </span>
    </p>
   </div>
   <div class='ocr_carea' id='block_1_39' title="bbox 2129 1944 2287 2015">
    <p class='ocr_par' dir='ltr' id='par_1_39' title="bbox 2129 1944 2287 2015">
     <span class='ocr_line' id='line_1_39' title="bbox 2129 1944 2287 2015; baseline 0.006 -1"><span class='ocrx_word' id='word_1_270' title='bbox 2129 1944 2287 2015; x_wconf 79' lang='grc' dir='ltr'>ἤρας-</span> 
     </span>
    </p>
   </div>
   <div class='ocr_carea' id='block_1_40' title="bbox 2658 2035 3159 2089">
    <p class='ocr_par' dir='ltr' id='par_1_40' title="bbox 2658 2035 3159 2089">
     <span class='ocr_line' id='line_1_40' title="bbox 2658 2035 3159 2089; baseline -0.006 0"><span class='ocrx_word' id='word_1_271' title='bbox 2658 2035 3002 2089; x_wconf 83' lang='grc' dir='ltr'><strong>ΕΠΙΣΤΟΛΗ</strong></span> <span class='ocrx_word' id='word_1_272' title='bbox 3040 2035 3159 2087; x_wconf 83' lang='lat' dir='ltr'><strong>PB&#39;.</strong></span> 
     </span>
    </p>
   </div>
   <div class='ocr_carea' id='block_1_41' title="bbox 462 2141 3705 2217">
    <p class='ocr_par' dir='ltr' id='par_1_41' title="bbox 462 2141 3705 2217">
     <span class='ocr_line' id='line_1_41' title="bbox 462 2141 3705 2217; baseline -0.001 -13"><span class='ocrx_word' id='word_1_273' title='bbox 462 2153 699 2209; x_wconf 79' lang='lat' dir='ltr'><strong>Certiores</strong></span> <span class='ocrx_word' id='word_1_274' title='bbox 719 2151 852 2217; x_wconf 79' lang='lat' dir='ltr'><strong>facit,</strong></span> <span class='ocrx_word' id='word_1_275' title='bbox 873 2141 1123 2217; x_wconf 61' lang='lat' dir='ltr'><strong>premint)</strong></span> <span class='ocrx_word' id='word_1_276' title='bbox 1149 2152 1191 2200; x_wconf 83' lang='grc' dir='ltr'><em>Ν</em></span> <span class='ocrx_word' id='word_1_277' title='bbox 1200 2146 1637 2217; x_wconf 41' lang='grc' dir='ltr'><strong>ἱεξηκίῖηιίιιεηεειςι</strong></span> <span class='ocrx_word' id='word_1_278' title='bbox 1648 2160 1709 2217; x_wconf 61' lang='lat' dir='ltr'><strong>se</strong></span> <span class='ocrx_word' id='word_1_279' title='bbox 1727 2158 1893 2217; x_wconf 70' lang='lat' dir='ltr'><strong>eorum</strong></span> <span class='ocrx_word' id='word_1_280' title='bbox 1914 2145 2135 2210; x_wconf 69' lang='lat' dir='ltr'><strong>precibus</strong></span> <span class='ocrx_word' id='word_1_281' title='bbox 2152 2145 2578 2217; x_wconf 36' lang='lat' dir='ltr'><strong>adductum‘esse,‘</strong></span> <span class='ocrx_word' id='word_1_282' title='bbox 2595 2154 2646 2198; x_wconf 86' lang='lat' dir='ltr'><strong>ut</strong></span> <span class='ocrx_word' id='word_1_283' title='bbox 2665 2146 2736 2217; x_wconf 71' lang='lat' dir='ltr'><strong>eis</strong></span> <span class='ocrx_word' id='word_1_284' title='bbox 2756 2146 3299 2217; x_wconf 39' lang='lat' dir='ltr'><strong>consanguinemlsuum,</strong></span> <span class='ocrx_word' id='word_1_285' title='bbox 3320 2153 3364 2197; x_wconf 84' lang='lat' dir='ltr'><strong>et</strong></span> <span class='ocrx_word' id='word_1_286' title='bbox 3387 2145 3477 2197; x_wconf 73' lang='lat' dir='ltr'><strong>sibi</strong></span> <span class='ocrx_word' id='word_1_287' title='bbox 3496 2154 3541 2198; x_wconf 82' lang='lat' dir='ltr'><strong>et</strong></span> <span class='ocrx_word' id='word_1_288' title='bbox 3560 2153 3705 2204; x_wconf 77' lang='lat' dir='ltr'><strong>matri</strong></span> 
     </span>
    </p>
   </div>
   <div class='ocr_carea' id='block_1_42' title="bbox 892 2207 3252 2276">
    <p class='ocr_par' dir='ltr' id='par_1_42' title="bbox 892 2207 3252 2276">
     <span class='ocr_line' id='line_1_42' title="bbox 892 2207 3252 2276; baseline -0.003 -12"><span class='ocrx_word' id='word_1_289' title='bbox 892 2220 939 2264; x_wconf 82' lang='lat' dir='ltr'><strong>et</strong></span> <span class='ocrx_word' id='word_1_290' title='bbox 963 2216 1139 2276; x_wconf 78' lang='lat' dir='ltr'><strong>populo</strong></span> <span class='ocrx_word' id='word_1_291' title='bbox 1159 2207 1486 2269; x_wconf 65' lang='lat' dir='ltr'><strong>carisiimum,</strong></span> <span class='ocrx_word' id='word_1_292' title='bbox 1511 2209 1728 2260; x_wconf 68' lang='lat' dir='ltr'><strong>omnibus</strong></span> <span class='ocrx_word' id='word_1_293' title='bbox 1753 2209 1894 2260; x_wconf 72' lang='lat' dir='ltr'><strong>rebus</strong></span> <span class='ocrx_word' id='word_1_294' title='bbox 1914 2207 2084 2260; x_wconf 73' lang='lat' dir='ltr'><strong>eorum</strong></span> <span class='ocrx_word' id='word_1_295' title='bbox 2108 2208 2301 2259; x_wconf 75' lang='lat' dir='ltr'><strong>utilitati</strong></span> <span class='ocrx_word' id='word_1_296' title='bbox 2323 2210 2621 2273; x_wconf 74' lang='lat' dir='ltr'><strong>posthabitis,</strong></span> <span class='ocrx_word' id='word_1_297' title='bbox 2655 2207 3252 2276; x_wconf 65' lang='lat' dir='ltr'><strong>episcopum&#39;coucederet.</strong></span> 
     </span>
    </p>
   </div>
   <div class='ocr_carea' id='block_1_43' title="bbox 972 2318 1509 2376">
    <p class='ocr_par' dir='ltr' id='par_1_43' title="bbox 972 2318 1509 2376">
     <span class='ocr_line' id='line_1_43' title="bbox 972 2318 1509 2376; baseline -0.006 0"><span class='ocrx_word' id='word_1_298' title='bbox 972 2319 1181 2376; x_wconf 76' lang='lat' dir='ltr'><strong>Civibus</strong></span> <span class='ocrx_word' id='word_1_299' title='bbox 1222 2318 1509 2374; x_wconf 75' lang='lat' dir='ltr'><strong>Satalenis.</strong></span> 
     </span>
    </p>
   </div>
   <div class='ocr_carea' id='block_1_44' title="bbox 532 2413 2036 2485">
    <p class='ocr_par' dir='ltr' id='par_1_44' title="bbox 532 2413 2036 2485">
     <span class='ocr_line' id='line_1_44' title="bbox 532 2413 2036 2485; baseline -0.001 -16"><span class='ocrx_word' id='word_1_300' title='bbox 532 2413 647 2485; x_wconf 85' lang='lat' dir='ltr'><strong>Ego</strong></span> <span class='ocrx_word' id='word_1_301' title='bbox 673 2422 788 2469; x_wconf 87' lang='lat' dir='ltr'><strong>tum</strong></span> <span class='ocrx_word' id='word_1_302' title='bbox 816 2415 1015 2470; x_wconf 88' lang='lat' dir='ltr'><strong>vestris</strong></span> <span class='ocrx_word' id='word_1_303' title='bbox 1042 2421 1156 2467; x_wconf 93' lang='lat' dir='ltr'><strong>tum</strong></span> <span class='ocrx_word' id='word_1_304' title='bbox 1187 2413 1372 2483; x_wconf 67' lang='lat' dir='ltr'><strong>populi</strong></span> <span class='ocrx_word' id='word_1_305' title='bbox 1403 2415 1571 2468; x_wconf 89' lang='lat' dir='ltr'><strong>totius</strong></span> <span class='ocrx_word' id='word_1_306' title='bbox 1601 2413 1856 2483; x_wconf 88' lang='lat' dir='ltr'><strong>precibus</strong></span> <span class='ocrx_word' id='word_1_307' title='bbox 1888 2430 2036 2470; x_wconf 85' lang='lat' dir='ltr'><strong>com-</strong></span> 
     </span>
    </p>
   </div>
   <div class='ocr_carea' id='block_1_45' title="bbox 463 2504 2037 2573">
    <p class='ocr_par' dir='ltr' id='par_1_45' title="bbox 463 2504 2037 2573">
     <span class='ocr_line' id='line_1_45' title="bbox 463 2504 2037 2573; baseline -0.001 -12"><span class='ocrx_word' id='word_1_308' title='bbox 463 2513 667 2567; x_wconf 84' lang='lat' dir='ltr'><strong>motus,</strong></span> <span class='ocrx_word' id='word_1_309' title='bbox 695 2513 749 2559; x_wconf 89' lang='lat' dir='ltr'><strong>et</strong></span> <span class='ocrx_word' id='word_1_310' title='bbox 780 2505 1035 2559; x_wconf 45' lang='lat' dir='ltr'><strong>Ecclesiae</strong></span> <span class='ocrx_word' id='word_1_311' title='bbox 1064 2510 1258 2558; x_wconf 64' lang='lat' dir='ltr'><strong>vestrae</strong></span> <span class='ocrx_word' id='word_1_312' title='bbox 1294 2518 1482 2557; x_wconf 89' lang='lat' dir='ltr'><strong>curam</strong></span> <span class='ocrx_word' id='word_1_313' title='bbox 1520 2504 1759 2573; x_wconf 86' lang='lat' dir='ltr'><strong>suscepi,</strong></span> <span class='ocrx_word' id='word_1_314' title='bbox 1792 2512 1846 2559; x_wconf 93' lang='lat' dir='ltr'><strong>et</strong></span> <span class='ocrx_word' id='word_1_315' title='bbox 1884 2505 2037 2559; x_wconf 87' lang='lat' dir='ltr'><strong>vobis</strong></span> 
     </span>
    </p>
   </div>
   <div class='ocr_carea' id='block_1_46' title="bbox 444 2592 2037 2664">
    <p class='ocr_par' dir='ltr' id='par_1_46' title="bbox 444 2592 2037 2664">
     <span class='ocr_line' id='line_1_46' title="bbox 444 2592 2037 2664; baseline -0.001 -13"><span class='ocrx_word' id='word_1_316' title='bbox 444 2607 648 2653; x_wconf 80' lang='lat' dir='ltr'><strong>&#39;coram</strong></span> <span class='ocrx_word' id='word_1_317' title='bbox 690 2595 917 2649; x_wconf 84' lang='lat' dir='ltr'><strong>Domino</strong></span> <span class='ocrx_word' id='word_1_318' title='bbox 944 2594 1220 2664; x_wconf 88' lang='lat' dir='ltr'><strong>pollicitus</strong></span> <span class='ocrx_word' id='word_1_319' title='bbox 1251 2608 1392 2656; x_wconf 91' lang='lat' dir='ltr'><strong>sum,</strong></span> <span class='ocrx_word' id='word_1_320' title='bbox 1426 2592 1563 2646; x_wconf 91' lang='lat' dir='ltr'><strong>nihil</strong></span> <span class='ocrx_word' id='word_1_321' title='bbox 1593 2609 1677 2647; x_wconf 88' lang='lat' dir='ltr'><strong>me</strong></span> <span class='ocrx_word' id='word_1_322' title='bbox 1708 2596 2037 2662; x_wconf 71' lang='lat' dir='ltr'><strong>praetermis-</strong></span> 
     </span>
    </p>
   </div>
   <div class='ocr_carea' id='block_1_47' title="bbox 466 2684 2038 2755">
    <p class='ocr_par' dir='ltr' id='par_1_47' title="bbox 466 2684 2038 2755">
     <span class='ocr_line' id='line_1_47' title="bbox 466 2684 2038 2755; baseline -0.003 -13"><span class='ocrx_word' id='word_1_323' title='bbox 466 2701 654 2742; x_wconf 73' lang='lat' dir='ltr'><strong>Sll‘llm</strong></span> <span class='ocrx_word' id='word_1_324' title='bbox 703 2700 893 2740; x_wconf 91' lang='lat' dir='ltr'><strong>eorum</strong></span> <span class='ocrx_word' id='word_1_325' title='bbox 931 2699 1052 2754; x_wconf 69' lang='lat' dir='ltr'><strong>quae</strong></span> <span class='ocrx_word' id='word_1_326' title='bbox 1103 2698 1270 2752; x_wconf 87' lang='lat' dir='ltr'><strong>penes</strong></span> <span class='ocrx_word' id='word_1_327' title='bbox 1316 2699 1402 2739; x_wconf 90' lang='lat' dir='ltr'><strong>me</strong></span> <span class='ocrx_word' id='word_1_328' title='bbox 1449 2684 1647 2740; x_wconf 69' lang='lat' dir='ltr'><strong>forent.</strong></span> <span class='ocrx_word' id='word_1_329' title='bbox 1697 2684 2038 2755; x_wconf 88' lang='lat' dir='ltr'><strong>Quapropter</strong></span> 
     </span>
    </p>
   </div>
   <div class='ocr_carea' id='block_1_48' title="bbox 467 2777 2036 2847">
    <p class='ocr_par' dir='ltr' id='par_1_48' title="bbox 467 2777 2036 2847">
     <span class='ocr_line' id='line_1_48' title="bbox 467 2777 2036 2847; baseline -0.001 -15"><span class='ocrx_word' id='word_1_330' title='bbox 467 2785 691 2832; x_wconf 76' lang='lat' dir='ltr'><strong>coactus</strong></span> <span class='ocrx_word' id='word_1_331' title='bbox 721 2791 864 2837; x_wconf 89' lang='lat' dir='ltr'><strong>sum,</strong></span> <span class='ocrx_word' id='word_1_332' title='bbox 888 2777 964 2830; x_wconf 92' lang='lat' dir='ltr'><strong>uti</strong></span> <span class='ocrx_word' id='word_1_333' title='bbox 999 2777 1261 2846; x_wconf 89' lang='lat' dir='ltr'><strong>scriptum</strong></span> <span class='ocrx_word' id='word_1_334' title='bbox 1292 2784 1396 2837; x_wconf 90' lang='lat' dir='ltr'><strong>est,</strong></span> <span class='ocrx_word' id='word_1_335' title='bbox 1424 2780 1578 2846; x_wconf 85' lang='lat' dir='ltr'><strong>quasi</strong></span> <span class='ocrx_word' id='word_1_336' title='bbox 1606 2778 1861 2847; x_wconf 88' lang='lat' dir='ltr'><strong>pupillam</strong></span> <span class='ocrx_word' id='word_1_337' title='bbox 1892 2778 2036 2831; x_wconf 88' lang='lat' dir='ltr'><strong>oculi</strong></span> 
     </span>
    </p>
   </div>
   <div class='ocr_carea' id='block_1_49' title="bbox 468 2867 2036 2937">
    <p class='ocr_par' dir='ltr' id='par_1_49' title="bbox 468 2867 2036 2937">
     <span class='ocr_line' id='line_1_49' title="bbox 468 2867 2036 2937; baseline 0 -14"><span class='ocrx_word' id='word_1_338' title='bbox 468 2885 522 2923; x_wconf 76' lang='lat' dir='ltr'><strong>na</strong></span> <span class='ocrx_word' id='word_1_339' title='bbox 558 2869 574 2922; x_wconf 94' lang='lat' dir='ltr'><strong>i</strong></span> <span class='ocrx_word' id='word_1_340' title='bbox 609 2876 831 2937; x_wconf 81' lang='lat' dir='ltr'><strong>tangere</strong></span> <span class='ocrx_word' id='word_1_341' title='bbox 860 2868 924 2924; x_wconf 83' lang='lat'><strong>“.</strong></span> <span class='ocrx_word' id='word_1_342' title='bbox 961 2867 1110 2923; x_wconf 81' lang='lat' dir='ltr'><strong>Adeo</strong></span> <span class='ocrx_word' id='word_1_343' title='bbox 1145 2868 1322 2921; x_wconf 88' lang='lat' dir='ltr'><strong>honor</strong></span> <span class='ocrx_word' id='word_1_344' title='bbox 1355 2883 1515 2937; x_wconf 91' lang='lat' dir='ltr'><strong>quem</strong></span> <span class='ocrx_word' id='word_1_345' title='bbox 1547 2869 1700 2922; x_wconf 84' lang='lat' dir='ltr'><strong>vobis</strong></span> <span class='ocrx_word' id='word_1_346' title='bbox 1739 2871 2036 2923; x_wconf 82' lang='lat' dir='ltr'><strong>maximum</strong></span> 
     </span>
    </p>
   </div>
   <div class='ocr_carea' id='block_1_50' title="bbox 469 2959 2035 3024">
    <p class='ocr_par' dir='ltr' id='par_1_50' title="bbox 469 2959 2035 3024">
     <span class='ocr_line' id='line_1_50' title="bbox 469 2959 2035 3024; baseline 0 -10"><span class='ocrx_word' id='word_1_347' title='bbox 469 2960 665 3021; x_wconf 66' lang='lat' dir='ltr'><strong>habeo,</strong></span> <span class='ocrx_word' id='word_1_348' title='bbox 698 2959 777 3013; x_wconf 90' lang='lat' dir='ltr'><strong>rei</strong></span> <span class='ocrx_word' id='word_1_349' title='bbox 807 2959 1010 3013; x_wconf 90' lang='lat' dir='ltr'><strong>nullius</strong></span> <span class='ocrx_word' id='word_1_350' title='bbox 1040 2959 1321 3014; x_wconf 89' lang='lat' dir='ltr'><strong>recordari</strong></span> <span class='ocrx_word' id='word_1_351' title='bbox 1353 2973 1439 3013; x_wconf 90' lang='lat' dir='ltr'><strong>me</strong></span> <span class='ocrx_word' id='word_1_352' title='bbox 1472 2960 1632 3024; x_wconf 87' lang='lat' dir='ltr'><strong>sivit,</strong></span> <span class='ocrx_word' id='word_1_353' title='bbox 1661 2975 1766 3013; x_wconf 91' lang='lat' dir='ltr'><strong>non</strong></span> <span class='ocrx_word' id='word_1_354' title='bbox 1798 2975 2035 3015; x_wconf 85' lang='lat' dir='ltr'><strong>consan-</strong></span> 
     </span>
    </p>
   </div>
   <div class='ocr_carea' id='block_1_51' title="bbox 468 3048 2038 3121">
    <p class='ocr_par' dir='ltr' id='par_1_51' title="bbox 468 3048 2038 3121">
     <span class='ocr_line' id='line_1_51' title="bbox 468 3048 2038 3121; baseline 0 -17"><span class='ocrx_word' id='word_1_355' title='bbox 468 3048 772 3121; x_wconf 80' lang='lat' dir='ltr'><strong>guinitatis,</strong></span> <span class='ocrx_word' id='word_1_356' title='bbox 805 3064 914 3103; x_wconf 90' lang='lat' dir='ltr'><strong>non</strong></span> <span class='ocrx_word' id='word_1_357' title='bbox 948 3050 1383 3115; x_wconf 89' lang='lat' dir='ltr'><strong>consuetudinis,</strong></span> <span class='ocrx_word' id='word_1_358' title='bbox 1418 3066 1537 3119; x_wconf 65' lang='lat' dir='ltr'><strong>quae</strong></span> <span class='ocrx_word' id='word_1_359' title='bbox 1568 3051 1700 3104; x_wconf 90' lang='lat' dir='ltr'><strong>mihi</strong></span> <span class='ocrx_word' id='word_1_360' title='bbox 1727 3067 1893 3121; x_wconf 90' lang='lat' dir='ltr'><strong>puero</strong></span> <span class='ocrx_word' id='word_1_361' title='bbox 1915 3067 2038 3106; x_wconf 91' lang='lat' dir='ltr'><strong>cum</strong></span> 
     </span>
    </p>
   </div>
   <div class='ocr_carea' id='block_1_52' title="bbox 471 3141 2039 3211">
    <p class='ocr_par' dir='ltr' id='par_1_52' title="bbox 471 3141 2039 3211">
     <span class='ocr_line' id='line_1_52' title="bbox 471 3141 2039 3211; baseline 0.003 -18"><span class='ocrx_word' id='word_1_362' title='bbox 471 3143 589 3195; x_wconf 80' lang='lat' dir='ltr'><strong>viro</strong></span> <span class='ocrx_word' id='word_1_363' title='bbox 634 3141 875 3200; x_wconf 75' lang='lat' dir='ltr'><strong>exstitit,</strong></span> <span class='ocrx_word' id='word_1_364' title='bbox 914 3156 1023 3210; x_wconf 65' lang='lat' dir='ltr'><strong>prae</strong></span> <span class='ocrx_word' id='word_1_365' title='bbox 1065 3142 1264 3195; x_wconf 89' lang='lat' dir='ltr'><strong>vestris</strong></span> <span class='ocrx_word' id='word_1_366' title='bbox 1300 3143 1623 3211; x_wconf 84' lang='lat' dir='ltr'><strong>postulatis;</strong></span> <span class='ocrx_word' id='word_1_367' title='bbox 1663 3145 1756 3198; x_wconf 87' lang='lat' dir='ltr'><strong>sed</strong></span> <span class='ocrx_word' id='word_1_368' title='bbox 1800 3144 2039 3198; x_wconf 87' lang='lat' dir='ltr'><strong>omnium</strong></span> 
     </span>
    </p>
   </div>
   <div class='ocr_carea' id='block_1_53' title="bbox 472 3232 2042 3304">
    <p class='ocr_par' dir='ltr' id='par_1_53' title="bbox 472 3232 2042 3304">
     <span class='ocr_line' id='line_1_53' title="bbox 472 3232 2042 3304; baseline 0.001 -18"><span class='ocrx_word' id='word_1_369' title='bbox 472 3247 594 3302; x_wconf 67' lang='lat' dir='ltr'><strong>quae</strong></span> <span class='ocrx_word' id='word_1_370' title='bbox 623 3232 759 3285; x_wconf 89' lang='lat' dir='ltr'><strong>mihi</strong></span> <span class='ocrx_word' id='word_1_371' title='bbox 792 3232 1043 3301; x_wconf 86' lang='lat' dir='ltr'><strong>privatim</strong></span> <span class='ocrx_word' id='word_1_372' title='bbox 1083 3246 1207 3285; x_wconf 91' lang='lat' dir='ltr'><strong>cum</strong></span> <span class='ocrx_word' id='word_1_373' title='bbox 1255 3248 1321 3287; x_wconf 91' lang='lat' dir='ltr'><strong>eo</strong></span> <span class='ocrx_word' id='word_1_374' title='bbox 1369 3233 1436 3287; x_wconf 89' lang='lat' dir='ltr'><strong>ad</strong></span> <span class='ocrx_word' id='word_1_375' title='bbox 1478 3234 1920 3304; x_wconf 86' lang='lat' dir='ltr'><strong>conjunctionem</strong></span> <span class='ocrx_word' id='word_1_376' title='bbox 1957 3236 2042 3288; x_wconf 86' lang='lat' dir='ltr'><strong>iu-</strong></span> 
     </span>
    </p>
   </div>
   <div class='ocr_carea' id='block_1_54' title="bbox 473 3323 2039 3397">
    <p class='ocr_par' dir='ltr' id='par_1_54' title="bbox 473 3323 2039 3397">
     <span class='ocr_line' id='line_1_54' title="bbox 473 3323 2039 3397; baseline 0.001 -18"><span class='ocrx_word' id='word_1_377' title='bbox 473 3326 776 3385; x_wconf 84' lang='lat' dir='ltr'><strong>tercedtmt,</strong></span> <span class='ocrx_word' id='word_1_378' title='bbox 801 3323 1023 3385; x_wconf 89' lang='lat' dir='ltr'><strong>oblitus,</strong></span> <span class='ocrx_word' id='word_1_379' title='bbox 1054 3337 1164 3376; x_wconf 94' lang='lat' dir='ltr'><strong>non</strong></span> <span class='ocrx_word' id='word_1_380' title='bbox 1194 3333 1449 3392; x_wconf 76' lang='lat' dir='ltr'><strong>reputans</strong></span> <span class='ocrx_word' id='word_1_381' title='bbox 1477 3327 1774 3394; x_wconf 85' lang='lat' dir='ltr'><strong>gemituum</strong></span> <span class='ocrx_word' id='word_1_382' title='bbox 1804 3327 2039 3397; x_wconf 87' lang='lat' dir='ltr'><strong>copiam,</strong></span> 
     </span>
    </p>
   </div>
   <div class='ocr_carea' id='block_1_55' title="bbox 472 3414 2041 3486">
    <p class='ocr_par' dir='ltr' id='par_1_55' title="bbox 472 3414 2041 3486">
     <span class='ocr_line' id='line_1_55' title="bbox 472 3414 2041 3486; baseline 0 -16"><span class='ocrx_word' id='word_1_383' title='bbox 472 3430 635 3486; x_wconf 88' lang='lat' dir='ltr'><strong>quam</strong></span> <span class='ocrx_word' id='word_1_384' title='bbox 661 3415 896 3485; x_wconf 91' lang='lat' dir='ltr'><strong>populus</strong></span> <span class='ocrx_word' id='word_1_385' title='bbox 931 3429 1087 3468; x_wconf 90' lang='lat' dir='ltr'><strong>meus</strong></span> <span class='ocrx_word' id='word_1_386' title='bbox 1116 3414 1221 3467; x_wconf 88' lang='lat' dir='ltr'><strong>isto</strong></span> <span class='ocrx_word' id='word_1_387' title='bbox 1259 3418 1549 3483; x_wconf 62' lang='lat' dir='ltr'><strong>prmposito</strong></span> <span class='ocrx_word' id='word_1_388' title='bbox 1575 3416 1869 3471; x_wconf 92' lang='lat' dir='ltr'><strong>destitutus</strong></span> <span class='ocrx_word' id='word_1_389' title='bbox 1900 3418 2041 3481; x_wconf 84' lang='lat' dir='ltr'><strong>edet,</strong></span> 
     </span>
    </p>
   </div>
   <div class='ocr_carea' id='block_1_56' title="bbox 475 3507 2044 3577">
    <p class='ocr_par' dir='ltr' id='par_1_56' title="bbox 475 3507 2044 3577">
     <span class='ocr_line' id='line_1_56' title="bbox 475 3507 2044 3577; baseline 0.001 -15"><span class='ocrx_word' id='word_1_390' title='bbox 475 3523 583 3563; x_wconf 82' lang='lat' dir='ltr'><strong>non</strong></span> <span class='ocrx_word' id='word_1_391' title='bbox 608 3508 877 3577; x_wconf 84' lang='lat' dir='ltr'><strong>lacrymas</strong></span> <span class='ocrx_word' id='word_1_392' title='bbox 899 3507 1167 3563; x_wconf 62' lang='lat' dir='ltr'><strong>universae</strong></span> <span class='ocrx_word' id='word_1_393' title='bbox 1187 3509 1334 3562; x_wconf 88' lang='lat' dir='ltr'><strong>illius</strong></span> <span class='ocrx_word' id='word_1_394' title='bbox 1355 3507 1717 3576; x_wconf 88' lang='lat' dir='ltr'><strong>cognationis,</strong></span> <span class='ocrx_word' id='word_1_395' title='bbox 1747 3522 1853 3560; x_wconf 86' lang='lat' dir='ltr'><strong>non</strong></span> <span class='ocrx_word' id='word_1_396' title='bbox 1872 3509 2044 3577; x_wconf 87' lang='lat' dir='ltr'><strong>ipsius</strong></span> 
     </span>
    </p>
   </div>
   <div class='ocr_carea' id='block_1_57' title="bbox 476 3597 2043 3667">
    <p class='ocr_par' dir='ltr' id='par_1_57' title="bbox 476 3597 2043 3667">
     <span class='ocr_line' id='line_1_57' title="bbox 476 3597 2043 3667; baseline 0 -16"><span class='ocrx_word' id='word_1_397' title='bbox 476 3598 665 3651; x_wconf 91' lang='lat' dir='ltr'><strong>matris</strong></span> <span class='ocrx_word' id='word_1_398' title='bbox 682 3597 794 3665; x_wconf 89' lang='lat' dir='ltr'><strong>jam</strong></span> <span class='ocrx_word' id='word_1_399' title='bbox 819 3598 987 3659; x_wconf 86' lang='lat' dir='ltr'><strong>senis,</strong></span> <span class='ocrx_word' id='word_1_400' title='bbox 1018 3613 1138 3667; x_wconf 76' lang='lat' dir='ltr'><strong>qua:</strong></span> <span class='ocrx_word' id='word_1_401' title='bbox 1163 3598 1278 3653; x_wconf 88' lang='lat' dir='ltr'><strong>solo</strong></span> <span class='ocrx_word' id='word_1_402' title='bbox 1308 3598 1453 3651; x_wconf 89' lang='lat' dir='ltr'><strong>illius</strong></span> <span class='ocrx_word' id='word_1_403' title='bbox 1476 3597 1678 3651; x_wconf 87' lang='lat' dir='ltr'><strong>auxilio</strong></span> <span class='ocrx_word' id='word_1_404' title='bbox 1708 3598 2043 3663; x_wconf 86' lang='lat' dir='ltr'><strong>sublevatur,</strong></span> 
     </span>
    </p>
   </div>
   <div class='ocr_carea' id='block_1_58' title="bbox 376 3687 2047 3759">
    <p class='ocr_par' dir='ltr' id='par_1_58' title="bbox 376 3687 2047 3759">
     <span class='ocr_line' id='line_1_58' title="bbox 376 3687 2047 3759; baseline 0.002 -18"><span class='ocrx_word' id='word_1_405' title='bbox 376 3744 387 3747; x_wconf 86' lang='lat'>_</span> <span class='ocrx_word' id='word_1_406' title='bbox 477 3687 795 3742; x_wconf 65' lang='lat' dir='ltr'><strong>maestitiam</strong></span> <span class='ocrx_word' id='word_1_407' title='bbox 841 3690 1165 3754; x_wconf 89' lang='lat' dir='ltr'><strong>attendens;</strong></span> <span class='ocrx_word' id='word_1_408' title='bbox 1198 3689 1389 3742; x_wconf 89' lang='lat' dir='ltr'><strong>horum</strong></span> <span class='ocrx_word' id='word_1_409' title='bbox 1433 3688 1594 3743; x_wconf 87' lang='lat' dir='ltr'><strong>simul</strong></span> <span class='ocrx_word' id='word_1_410' title='bbox 1625 3687 1891 3753; x_wconf 87' lang='lat' dir='ltr'><strong>omnium,</strong></span> <span class='ocrx_word' id='word_1_411' title='bbox 1927 3705 2047 3759; x_wconf 64' lang='lat' dir='ltr'><strong>quae</strong></span> 
     </span>
    </p>
   </div>
   <div class='ocr_carea' id='block_1_59' title="bbox 479 3778 2045 3842">
    <p class='ocr_par' dir='ltr' id='par_1_59' title="bbox 479 3778 2045 3842">
     <span class='ocr_line' id='line_1_59' title="bbox 479 3778 2045 3842; baseline 0.003 -11"><span class='ocrx_word' id='word_1_412' title='bbox 479 3778 610 3831; x_wconf 88' lang='lat' dir='ltr'><strong>talia</strong></span> <span class='ocrx_word' id='word_1_413' title='bbox 643 3787 697 3833; x_wconf 90' lang='lat' dir='ltr'><strong>et</strong></span> <span class='ocrx_word' id='word_1_414' title='bbox 726 3786 878 3832; x_wconf 91' lang='lat' dir='ltr'><strong>tanta</strong></span> <span class='ocrx_word' id='word_1_415' title='bbox 901 3786 1062 3841; x_wconf 88' lang='lat' dir='ltr'><strong>sunt,</strong></span> <span class='ocrx_word' id='word_1_416' title='bbox 1087 3779 1351 3833; x_wconf 90' lang='lat' dir='ltr'><strong>rationem</strong></span> <span class='ocrx_word' id='word_1_417' title='bbox 1386 3794 1493 3832; x_wconf 89' lang='lat' dir='ltr'><strong>non</strong></span> <span class='ocrx_word' id='word_1_418' title='bbox 1533 3780 1768 3842; x_wconf 88' lang='lat' dir='ltr'><strong>habens,</strong></span> <span class='ocrx_word' id='word_1_419' title='bbox 1794 3780 1846 3833; x_wconf 93' lang='lat' dir='ltr'><strong>id</strong></span> <span class='ocrx_word' id='word_1_420' title='bbox 1878 3797 2045 3835; x_wconf 87' lang='lat' dir='ltr'><strong>unum</strong></span> 
     </span>
    </p>
   </div>
   <div class='ocr_carea' id='block_1_60' title="bbox 480 3870 2047 3943">
    <p class='ocr_par' dir='ltr' id='par_1_60' title="bbox 480 3870 2047 3943">
     <span class='ocr_line' id='line_1_60' title="bbox 480 3870 2047 3943; baseline 0.003 -19"><span class='ocrx_word' id='word_1_421' title='bbox 480 3871 742 3940; x_wconf 83' lang='lat' dir='ltr'><strong>spectavi,</strong></span> <span class='ocrx_word' id='word_1_422' title='bbox 771 3878 829 3924; x_wconf 94' lang='lat' dir='ltr'><strong>ut</strong></span> <span class='ocrx_word' id='word_1_423' title='bbox 862 3870 1159 3926; x_wconf 86' lang='lat' dir='ltr'><strong>Ecclesiam</strong></span> <span class='ocrx_word' id='word_1_424' title='bbox 1187 3881 1419 3927; x_wconf 84' lang='lat' dir='ltr'><strong>vestram</strong></span> <span class='ocrx_word' id='word_1_425' title='bbox 1448 3872 1546 3925; x_wconf 88' lang='lat' dir='ltr'><strong>viri</strong></span> <span class='ocrx_word' id='word_1_426' title='bbox 1569 3874 1699 3927; x_wconf 86' lang='lat' dir='ltr'><strong>tanti</strong></span> <span class='ocrx_word' id='word_1_427' title='bbox 1729 3873 2047 3943; x_wconf 64' lang='lat' dir='ltr'><strong>prarfectura</strong></span> 
     </span>
    </p>
   </div>
   <div class='ocr_carea' id='block_1_61' title="bbox 479 3962 2046 4032">
    <p class='ocr_par' dir='ltr' id='par_1_61' title="bbox 479 3962 2046 4032">
     <span class='ocr_line' id='line_1_61' title="bbox 479 3962 2046 4032; baseline 0.003 -16"><span class='ocrx_word' id='word_1_428' title='bbox 479 3975 765 4022; x_wconf 86' lang='lat' dir='ltr'><strong>ornarem,</strong></span> <span class='ocrx_word' id='word_1_429' title='bbox 801 3962 959 4031; x_wconf 88' lang='lat' dir='ltr'><strong>eique</strong></span> <span class='ocrx_word' id='word_1_430' title='bbox 1004 3978 1420 4029; x_wconf 72' lang='lat' dir='ltr'><strong>succurrerent,</strong></span> <span class='ocrx_word' id='word_1_431' title='bbox 1462 3964 1574 4032; x_wconf 88' lang='lat' dir='ltr'><strong>jam</strong></span> <span class='ocrx_word' id='word_1_432' title='bbox 1626 3966 1698 4019; x_wconf 92' lang='lat' dir='ltr'><strong>ob</strong></span> <span class='ocrx_word' id='word_1_433' title='bbox 1733 3965 2046 4021; x_wconf 89' lang='lat' dir='ltr'><strong>diuturnam</strong></span> 
     </span>
    </p>
   </div>
   <div class='ocr_carea' id='block_1_62' title="bbox 482 4052 2049 4125">
    <p class='ocr_par' dir='ltr' id='par_1_62' title="bbox 482 4052 2049 4125">
     <span class='ocr_line' id='line_1_62' title="bbox 482 4052 2049 4125; baseline 0.004 -19"><span class='ocrx_word' id='word_1_434' title='bbox 482 4052 758 4122; x_wconf 70' lang='grc' dir='ltr'>ιιι-ιεροεὶιὶ</span> <span class='ocrx_word' id='word_1_435' title='bbox 786 4054 1143 4122; x_wconf 86' lang='lat' dir='ltr'><strong>privationem</strong></span> <span class='ocrx_word' id='word_1_436' title='bbox 1175 4056 1229 4108; x_wconf 92' lang='lat' dir='ltr'><strong>in</strong></span> <span class='ocrx_word' id='word_1_437' title='bbox 1253 4070 1426 4125; x_wconf 89' lang='lat' dir='ltr'><strong>genua</strong></span> <span class='ocrx_word' id='word_1_438' title='bbox 1450 4057 1766 4125; x_wconf 79' lang='lat' dir='ltr'><strong>provolutae,</strong></span> <span class='ocrx_word' id='word_1_439' title='bbox 1797 4065 1849 4111; x_wconf 92' lang='lat' dir='ltr'><strong>et</strong></span> <span class='ocrx_word' id='word_1_440' title='bbox 1880 4059 2049 4112; x_wconf 89' lang='lat' dir='ltr'><strong>multo</strong></span> 
     </span>
    </p>
   </div>
   <div class='ocr_carea' id='block_1_63' title="bbox 488 4143 2044 4217">
    <p class='ocr_par' dir='ltr' id='par_1_63' title="bbox 488 4143 2044 4217">
     <span class='ocr_line' id='line_1_63' title="bbox 488 4143 2044 4217; baseline 0.004 -20"><span class='ocrx_word' id='word_1_441' title='bbox 488 4143 648 4214; x_wconf 74' lang='lat'><strong>198</strong></span> <span class='ocrx_word' id='word_1_442' title='bbox 680 4160 743 4198; x_wconf 89' lang='lat' dir='ltr'><strong>ac</strong></span> <span class='ocrx_word' id='word_1_443' title='bbox 773 4145 953 4200; x_wconf 89' lang='lat' dir='ltr'><strong>valido</strong></span> <span class='ocrx_word' id='word_1_444' title='bbox 985 4145 1336 4210; x_wconf 88' lang='lat' dir='ltr'><strong>adminiculo,</strong></span> <span class='ocrx_word' id='word_1_445' title='bbox 1371 4154 1431 4198; x_wconf 91' lang='lat' dir='ltr'><strong>ut</strong></span> <span class='ocrx_word' id='word_1_446' title='bbox 1463 4147 1723 4215; x_wconf 76' lang='lat' dir='ltr'><strong>erigatur,</strong></span> <span class='ocrx_word' id='word_1_447' title='bbox 1762 4148 2044 4217; x_wconf 85' lang='lat' dir='ltr'><strong>indigenti.</strong></span> 
     </span>
    </p>
   </div>
   <div class='ocr_carea' id='block_1_64' title="bbox 483 4232 2050 4305">
    <p class='ocr_par' dir='ltr' id='par_1_64' title="bbox 483 4232 2050 4305">
     <span class='ocr_line' id='line_1_64' title="bbox 483 4232 2050 4305; baseline 0.003 -19"><span class='ocrx_word' id='word_1_448' title='bbox 483 4232 680 4287; x_wconf 75' lang='lat' dir='ltr'><strong>Nostra</strong></span> <span class='ocrx_word' id='word_1_449' title='bbox 710 4234 893 4303; x_wconf 84' lang='lat' dir='ltr'><strong>itaque</strong></span> <span class='ocrx_word' id='word_1_450' title='bbox 921 4234 1002 4289; x_wconf 88' lang='lat' dir='ltr'><strong>sic</strong></span> <span class='ocrx_word' id='word_1_451' title='bbox 1028 4250 1088 4289; x_wconf 89' lang='lat' dir='ltr'><strong>se</strong></span> <span class='ocrx_word' id='word_1_452' title='bbox 1117 4235 1338 4289; x_wconf 90' lang='lat' dir='ltr'><strong>habent.</strong></span> <span class='ocrx_word' id='word_1_453' title='bbox 1374 4233 1569 4289; x_wconf 79' lang='lat' dir='ltr'><strong>Vestra</strong></span> <span class='ocrx_word' id='word_1_454' title='bbox 1604 4244 1782 4290; x_wconf 85' lang='lat' dir='ltr'><strong>autem</strong></span> <span class='ocrx_word' id='word_1_455' title='bbox 1824 4236 1933 4305; x_wconf 84' lang='lat' dir='ltr'><strong>jam</strong></span> <span class='ocrx_word' id='word_1_456' title='bbox 1966 4252 2050 4291; x_wconf 82' lang='lat' dir='ltr'><strong>re-</strong></span> 
     </span>
    </p>
   </div>
   <div class='ocr_carea' id='block_1_65' title="bbox 2597 2321 3243 2386">
    <p class='ocr_par' dir='ltr' id='par_1_65' title="bbox 2597 2321 3243 2386">
     <span class='ocr_line' id='line_1_65' title="bbox 2597 2321 3243 2386; baseline -0.002 -9"><span class='ocrx_word' id='word_1_457' title='bbox 2597 2323 2932 2377; x_wconf 78' lang='grc' dir='ltr'>Σαταλεῦσι</span> <span class='ocrx_word' id='word_1_458' title='bbox 2952 2321 3243 2386; x_wconf 77' lang='grc' dir='ltr'>πολίταις.</span> 
     </span>
    </p>
   </div>
   <div class='ocr_carea' id='block_1_66' title="bbox 2209 2411 3709 2485">
    <p class='ocr_par' dir='ltr' id='par_1_66' title="bbox 2209 2411 3709 2485">
     <span class='ocr_line' id='line_1_66' title="bbox 2209 2411 3709 2485; baseline -0.001 -17"><span class='ocrx_word' id='word_1_459' title='bbox 2209 2414 2370 2485; x_wconf 83' lang='grc' dir='ltr'>Ἐγὼ,</span> <span class='ocrx_word' id='word_1_460' title='bbox 2397 2415 2494 2479; x_wconf 88' lang='grc' dir='ltr'><strong>τάς</strong></span> <span class='ocrx_word' id='word_1_461' title='bbox 2516 2432 2575 2468; x_wconf 87' lang='grc' dir='ltr'><strong>τε</strong></span> <span class='ocrx_word' id='word_1_462' title='bbox 2607 2414 2741 2476; x_wconf 78' lang='grc' dir='ltr'>ιδίας</span> <span class='ocrx_word' id='word_1_463' title='bbox 2780 2412 2933 2483; x_wconf 89' lang='grc' dir='ltr'>ὑμῶν</span> <span class='ocrx_word' id='word_1_464' title='bbox 2969 2412 3336 2483; x_wconf 84' lang='grc' dir='ltr'>παρακλήσεις</span> <span class='ocrx_word' id='word_1_465' title='bbox 3370 2412 3460 2464; x_wconf 69' lang='grc' dir='ltr'>καὶ</span> <span class='ocrx_word' id='word_1_466' title='bbox 3485 2411 3584 2475; x_wconf 74' lang='grc' dir='ltr'><strong>τὰς</strong></span> <span class='ocrx_word' id='word_1_467' title='bbox 3610 2412 3709 2467; x_wconf 88' lang='grc' dir='ltr'><strong>τοῦ</strong></span> 
     </span>
    </p>
   </div>
   <div class='ocr_carea' id='block_1_67' title="bbox 2136 2503 3710 2576">
    <p class='ocr_par' dir='ltr' id='par_1_67' title="bbox 2136 2503 3710 2576">
     <span class='ocr_line' id='line_1_67' title="bbox 2136 2503 3710 2576; baseline -0.003 -16"><span class='ocrx_word' id='word_1_468' title='bbox 2136 2508 2263 2560; x_wconf 90' lang='grc' dir='ltr'>λαοῦ</span> <span class='ocrx_word' id='word_1_469' title='bbox 2318 2508 2518 2571; x_wconf 75' lang='grc' dir='ltr'>παντὸς</span> <span class='ocrx_word' id='word_1_470' title='bbox 2568 2505 2941 2576; x_wconf 71' lang='grc' dir='ltr'>δυσωπηθεὶς,</span> <span class='ocrx_word' id='word_1_471' title='bbox 2986 2506 3079 2558; x_wconf 78' lang='grc' dir='ltr'>καὶ</span> <span class='ocrx_word' id='word_1_472' title='bbox 3128 2503 3391 2574; x_wconf 80' lang='grc' dir='ltr'>ἐδεξάμην</span> <span class='ocrx_word' id='word_1_473' title='bbox 3442 2503 3550 2574; x_wconf 76' lang='lat'><strong>(26)</strong></span> <span class='ocrx_word' id='word_1_474' title='bbox 3607 2505 3710 2575; x_wconf 82' lang='grc' dir='ltr'>τὴν</span> 
     </span>
    </p>
   </div>
   <div class='ocr_carea' id='block_1_68' title="bbox 2137 2594 3711 2668">
    <p class='ocr_par' dir='ltr' id='par_1_68' title="bbox 2137 2594 3711 2668">
     <span class='ocr_line' id='line_1_68' title="bbox 2137 2594 3711 2668; baseline -0.003 -17"><span class='ocrx_word' id='word_1_475' title='bbox 2137 2597 2391 2668; x_wconf 82' lang='grc' dir='ltr'>φροντίδα</span> <span class='ocrx_word' id='word_1_476' title='bbox 2421 2598 2520 2668; x_wconf 82' lang='grc' dir='ltr'>τῆς</span> <span class='ocrx_word' id='word_1_477' title='bbox 2551 2596 2674 2650; x_wconf 80' lang='grc' dir='ltr'>καθ’</span> <span class='ocrx_word' id='word_1_478' title='bbox 2712 2597 2853 2667; x_wconf 83' lang='grc' dir='ltr'>ὑμᾶς</span> <span class='ocrx_word' id='word_1_479' title='bbox 2893 2595 3238 2666; x_wconf 83' lang='grc' dir='ltr'>Ἐκκλησίας,</span> <span class='ocrx_word' id='word_1_480' title='bbox 3274 2596 3365 2647; x_wconf 84' lang='grc' dir='ltr'>καὶ</span> <span class='ocrx_word' id='word_1_481' title='bbox 3394 2594 3711 2665; x_wconf 79' lang='grc' dir='ltr'>ὑπεσχόμην</span> 
     </span>
    </p>
   </div>
   <div class='ocr_carea' id='block_1_69' title="bbox 2137 2687 3714 2760">
    <p class='ocr_par' dir='ltr' id='par_1_69' title="bbox 2137 2687 3714 2760">
     <span class='ocr_line' id='line_1_69' title="bbox 2137 2687 3714 2760; baseline -0.002 -18"><span class='ocrx_word' id='word_1_482' title='bbox 2137 2691 2264 2759; x_wconf 87' lang='grc' dir='ltr'>ὑμῖν</span> <span class='ocrx_word' id='word_1_483' title='bbox 2295 2689 2522 2742; x_wconf 83' lang='grc' dir='ltr'>ἐνώπιον</span> <span class='ocrx_word' id='word_1_484' title='bbox 2547 2690 2749 2760; x_wconf 83' lang='grc' dir='ltr'>Κυρίου</span> <span class='ocrx_word' id='word_1_485' title='bbox 2784 2689 2947 2759; x_wconf 77' lang='grc' dir='ltr'>μηδὲν</span> <span class='ocrx_word' id='word_1_486' title='bbox 2970 2688 3230 2757; x_wconf 63' lang='grc' dir='ltr'>ἐλλείψειν</span> <span class='ocrx_word' id='word_1_487' title='bbox 3258 2688 3363 2741; x_wconf 88' lang='grc' dir='ltr'><strong>τῶν</strong></span> <span class='ocrx_word' id='word_1_488' title='bbox 3390 2689 3468 2751; x_wconf 87' lang='grc' dir='ltr'><strong>είς</strong></span> <span class='ocrx_word' id='word_1_489' title='bbox 3482 2687 3714 2757; x_wconf 84' lang='grc' dir='ltr'>δύναμιν</span> 
     </span>
    </p>
   </div>
   <div class='ocr_carea' id='block_1_70' title="bbox 2132 2779 3712 2851">
    <p class='ocr_par' dir='ltr' id='par_1_70' title="bbox 2132 2779 3712 2851">
     <span class='ocr_line' id='line_1_70' title="bbox 2132 2779 3712 2851; baseline -0.002 -17"><span class='ocrx_word' id='word_1_490' title='bbox 2132 2783 2270 2851; x_wconf 78' lang='grc' dir='ltr'>ἐμὴν</span> <span class='ocrx_word' id='word_1_491' title='bbox 2298 2781 2559 2851; x_wconf 77' lang='grc' dir='ltr'><strong>ἡκόντων.</strong></span> <span class='ocrx_word' id='word_1_492' title='bbox 2598 2780 2686 2833; x_wconf 77' lang='grc' dir='ltr'><strong>Διὸ</strong></span> <span class='ocrx_word' id='word_1_493' title='bbox 2709 2779 3058 2850; x_wconf 72' lang='grc' dir='ltr'>ἠναγκάσθην</span> <span class='ocrx_word' id='word_1_494' title='bbox 3079 2819 3092 2841; x_wconf 90' lang='grc'><strong>,</strong></span> <span class='ocrx_word' id='word_1_495' title='bbox 3124 2779 3262 2833; x_wconf 80' lang='grc' dir='ltr'>κατὰ</span> <span class='ocrx_word' id='word_1_496' title='bbox 3289 2780 3353 2833; x_wconf 85' lang='grc' dir='ltr'>τὸ</span> <span class='ocrx_word' id='word_1_497' title='bbox 3386 2779 3712 2849; x_wconf 81' lang='grc' dir='ltr'>γεγραμμέ-</span> 
     </span>
    </p>
   </div>
   <div class='ocr_carea' id='block_1_71' title="bbox 2132 2867 3711 2944">
    <p class='ocr_par' dir='ltr' id='par_1_71' title="bbox 2132 2867 3711 2944">
     <span class='ocr_line' id='line_1_71' title="bbox 2132 2867 3711 2944; baseline -0.001 -18"><span class='ocrx_word' id='word_1_498' title='bbox 2132 2891 2218 2926; x_wconf 88' lang='grc' dir='ltr'><strong>νον</strong></span> <span class='ocrx_word' id='word_1_499' title='bbox 2247 2873 2377 2944; x_wconf 83' lang='lat'><strong>(27),</strong></span> <span class='ocrx_word' id='word_1_500' title='bbox 2404 2867 2515 2926; x_wconf 80' lang='grc' dir='ltr'>οἷον</span> <span class='ocrx_word' id='word_1_501' title='bbox 2543 2874 2639 2942; x_wconf 82' lang='grc' dir='ltr'>τῆς</span> <span class='ocrx_word' id='word_1_502' title='bbox 2670 2874 2836 2943; x_wconf 82' lang='grc' dir='ltr'>κόρης</span> <span class='ocrx_word' id='word_1_503' title='bbox 2857 2870 2951 2924; x_wconf 92' lang='grc' dir='ltr'><strong>τοῦ</strong></span> <span class='ocrx_word' id='word_1_504' title='bbox 2980 2871 3114 2941; x_wconf 82' lang='grc' dir='ltr'>ἐμοῦ</span> <span class='ocrx_word' id='word_1_505' title='bbox 3143 2870 3421 2941; x_wconf 76' lang='grc' dir='ltr'>ὀφθαλμοῦ</span> <span class='ocrx_word' id='word_1_506' title='bbox 3446 2869 3711 2940; x_wconf 56' lang='grc' dir='ltr'>ἅψασθαι.</span> 
     </span>
    </p>
   </div>
   <div class='ocr_carea' id='block_1_72' title="bbox 2139 2961 3717 3035">
    <p class='ocr_par' dir='ltr' id='par_1_72' title="bbox 2139 2961 3717 3035">
     <span class='ocr_line' id='line_1_72' title="bbox 2139 2961 3717 3035; baseline -0.004 -15"><span class='ocrx_word' id='word_1_507' title='bbox 2139 2967 2323 3031; x_wconf 70' lang='grc' dir='ltr'>Οὕτως</span> <span class='ocrx_word' id='word_1_508' title='bbox 2358 2967 2417 3019; x_wconf 84' lang='grc' dir='ltr'>τὸ</span> <span class='ocrx_word' id='word_1_509' title='bbox 2449 2964 2782 3035; x_wconf 69' lang='grc' dir='ltr'>ὑπερϐάλλον</span> <span class='ocrx_word' id='word_1_510' title='bbox 2823 2963 2924 3031; x_wconf 78' lang='grc' dir='ltr'>τῆς</span> <span class='ocrx_word' id='word_1_511' title='bbox 2962 2961 3084 3015; x_wconf 86' lang='grc' dir='ltr'>καθ’</span> <span class='ocrx_word' id='word_1_512' title='bbox 3125 2962 3268 3031; x_wconf 77' lang='grc' dir='ltr'>ὑμᾶς</span> <span class='ocrx_word' id='word_1_513' title='bbox 3310 2961 3473 3032; x_wconf 82' lang='grc' dir='ltr'>τιμῆς</span> <span class='ocrx_word' id='word_1_514' title='bbox 3504 2961 3717 3023; x_wconf 77' lang='grc' dir='ltr'>οὐδενός</span> 
     </span>
    </p>
   </div>
   <div class='ocr_carea' id='block_1_73' title="bbox 2146 3048 3713 3127">
    <p class='ocr_par' dir='ltr' id='par_1_73' title="bbox 2146 3048 3713 3127">
     <span class='ocr_line' id='line_1_73' title="bbox 2146 3048 3713 3127; baseline -0.005 -18"><span class='ocrx_word' id='word_1_515' title='bbox 2146 3074 2233 3127; x_wconf 89' lang='grc' dir='ltr'><strong>μοι</strong></span> <span class='ocrx_word' id='word_1_516' title='bbox 2278 3054 2649 3126; x_wconf 78' lang='grc' dir='ltr'>συνεχώρησεν</span> <span class='ocrx_word' id='word_1_517' title='bbox 2678 3056 2756 3116; x_wconf 82' lang='grc' dir='ltr'><strong>είς</strong></span> <span class='ocrx_word' id='word_1_518' title='bbox 2788 3056 3003 3122; x_wconf 81' lang='grc' dir='ltr'>μνήμην</span> <span class='ocrx_word' id='word_1_519' title='bbox 3037 3051 3228 3116; x_wconf 86' lang='grc' dir='ltr'>ἐλθεῖν,</span> <span class='ocrx_word' id='word_1_520' title='bbox 3271 3052 3331 3103; x_wconf 90' lang='grc' dir='ltr'><strong>οὑ</strong></span> <span class='ocrx_word' id='word_1_521' title='bbox 3372 3048 3713 3120; x_wconf 81' lang='grc' dir='ltr'>συγγενείας,</span> 
     </span>
    </p>
   </div>
   <div class='ocr_carea' id='block_1_74' title="bbox 2139 3142 3717 3218">
    <p class='ocr_par' dir='ltr' id='par_1_74' title="bbox 2139 3142 3717 3218">
     <span class='ocr_line' id='line_1_74' title="bbox 2139 3142 3717 3218; baseline -0.004 -18"><span class='ocrx_word' id='word_1_522' title='bbox 2139 3149 2198 3200; x_wconf 88' lang='grc' dir='ltr'><strong>οὑ</strong></span> <span class='ocrx_word' id='word_1_523' title='bbox 2228 3148 2325 3218; x_wconf 83' lang='grc' dir='ltr'>τῆς</span> <span class='ocrx_word' id='word_1_524' title='bbox 2348 3149 2411 3199; x_wconf 88' lang='grc' dir='ltr'><strong>ἐκ</strong></span> <span class='ocrx_word' id='word_1_525' title='bbox 2441 3146 2629 3208; x_wconf 86' lang='grc' dir='ltr'>παιδὸς</span> <span class='ocrx_word' id='word_1_526' title='bbox 2659 3143 2939 3213; x_wconf 87' lang='grc' dir='ltr'>συνηθείας</span> <span class='ocrx_word' id='word_1_527' title='bbox 2960 3144 3059 3212; x_wconf 81' lang='grc' dir='ltr'>τῆς</span> <span class='ocrx_word' id='word_1_528' title='bbox 3083 3142 3429 3214; x_wconf 81' lang='grc' dir='ltr'>ὑπαρχούσης</span> <span class='ocrx_word' id='word_1_529' title='bbox 3461 3160 3549 3212; x_wconf 87' lang='grc' dir='ltr'><strong>μοι</strong></span> <span class='ocrx_word' id='word_1_530' title='bbox 3579 3143 3717 3212; x_wconf 85' lang='grc' dir='ltr'>πρὸς</span> 
     </span>
    </p>
   </div>
   <div class='ocr_carea' id='block_1_75' title="bbox 2140 3230 3720 3308">
    <p class='ocr_par' dir='ltr' id='par_1_75' title="bbox 2140 3230 3720 3308">
     <span class='ocr_line' id='line_1_75' title="bbox 2140 3230 3720 3308; baseline -0.005 -17"><span class='ocrx_word' id='word_1_531' title='bbox 2140 3239 2230 3291; x_wconf 82' lang='grc' dir='ltr'>τὸν</span> <span class='ocrx_word' id='word_1_532' title='bbox 2277 3238 2471 3308; x_wconf 84' lang='grc' dir='ltr'>ἄνδρα,</span> <span class='ocrx_word' id='word_1_533' title='bbox 2518 3236 2624 3307; x_wconf 85' lang='grc' dir='ltr'>πρὸ</span> <span class='ocrx_word' id='word_1_534' title='bbox 2669 3235 2775 3287; x_wconf 88' lang='grc' dir='ltr'><strong>τῶν</strong></span> <span class='ocrx_word' id='word_1_535' title='bbox 2825 3234 2952 3304; x_wconf 91' lang='grc' dir='ltr'>παρ’</span> <span class='ocrx_word' id='word_1_536' title='bbox 3003 3232 3155 3303; x_wconf 86' lang='grc' dir='ltr'>ὑμῶν</span> <span class='ocrx_word' id='word_1_537' title='bbox 3190 3231 3538 3303; x_wconf 86' lang='grc' dir='ltr'>αίτηθὲντων·</span> <span class='ocrx_word' id='word_1_538' title='bbox 3580 3230 3720 3283; x_wconf 75' lang='grc' dir='ltr'>ἀλλὰ</span> 
     </span>
    </p>
   </div>
   <div class='ocr_carea' id='block_1_76' title="bbox 2142 3322 3721 3399">
    <p class='ocr_par' dir='ltr' id='par_1_76' title="bbox 2142 3322 3721 3399">
     <span class='ocr_line' id='line_1_76' title="bbox 2142 3322 3721 3399; baseline -0.004 -18"><span class='ocrx_word' id='word_1_539' title='bbox 2142 3331 2357 3383; x_wconf 86' lang='grc' dir='ltr'>πάντων</span> <span class='ocrx_word' id='word_1_540' title='bbox 2386 3330 2482 3399; x_wconf 85' lang='grc' dir='ltr'>μὲν</span> <span class='ocrx_word' id='word_1_541' title='bbox 2508 3328 2613 3380; x_wconf 85' lang='grc' dir='ltr'><strong>τῶν</strong></span> <span class='ocrx_word' id='word_1_542' title='bbox 2647 3327 2752 3396; x_wconf 76' lang='grc' dir='ltr'>ἰδίᾳ</span> <span class='ocrx_word' id='word_1_543' title='bbox 2785 3343 2873 3396; x_wconf 89' lang='grc' dir='ltr'><strong>μοι</strong></span> <span class='ocrx_word' id='word_1_544' title='bbox 2904 3325 3255 3394; x_wconf 83' lang='grc' dir='ltr'>ὑπαρχόντων</span> <span class='ocrx_word' id='word_1_545' title='bbox 3284 3324 3418 3394; x_wconf 81' lang='grc' dir='ltr'>πρὸς</span> <span class='ocrx_word' id='word_1_546' title='bbox 3451 3322 3612 3375; x_wconf 76' lang='grc' dir='ltr'>αὑτὸν</span> <span class='ocrx_word' id='word_1_547' title='bbox 3636 3324 3721 3385; x_wconf 80' lang='grc' dir='ltr'><strong>είς</strong></span> 
     </span>
    </p>
   </div>
   <div class='ocr_carea' id='block_1_77' title="bbox 2142 3410 3722 3487">
    <p class='ocr_par' dir='ltr' id='par_1_77' title="bbox 2142 3410 3722 3487">
     <span class='ocr_line' id='line_1_77' title="bbox 2142 3410 3722 3487; baseline -0.008 -15"><span class='ocrx_word' id='word_1_548' title='bbox 2142 3420 2465 3487; x_wconf 77' lang='grc' dir='ltr'>οἰκειότητος</span> <span class='ocrx_word' id='word_1_549' title='bbox 2496 3418 2649 3485; x_wconf 91' lang='grc' dir='ltr'>λόγον</span> <span class='ocrx_word' id='word_1_550' title='bbox 2682 3415 3097 3484; x_wconf 84' lang='grc' dir='ltr'>ἐπιλαθόμενος,</span> <span class='ocrx_word' id='word_1_551' title='bbox 3134 3412 3206 3483; x_wconf 86' lang='grc' dir='ltr'>μὴ</span> <span class='ocrx_word' id='word_1_552' title='bbox 3252 3410 3722 3481; x_wconf 83' lang='grc' dir='ltr'>ὑπολογισάμενος</span> 
     </span>
    </p>
   </div>
   <div class='ocr_carea' id='block_1_78' title="bbox 2142 3501 3724 3581">
    <p class='ocr_par' dir='ltr' id='par_1_78' title="bbox 2142 3501 3724 3581">
     <span class='ocr_line' id='line_1_78' title="bbox 2142 3501 3724 3581; baseline -0.008 -17"><span class='ocrx_word' id='word_1_553' title='bbox 2142 3510 2199 3564; x_wconf 83' lang='grc' dir='ltr'>δὲ</span> <span class='ocrx_word' id='word_1_554' title='bbox 2244 3509 2375 3581; x_wconf 78' lang='grc' dir='ltr'><strong>μηδέ</strong></span> <span class='ocrx_word' id='word_1_555' title='bbox 2420 3507 2511 3561; x_wconf 91' lang='grc' dir='ltr'><strong>τοῦ</strong></span> <span class='ocrx_word' id='word_1_556' title='bbox 2554 3505 2856 3576; x_wconf 85' lang='grc' dir='ltr'>στεναγμοῦ</span> <span class='ocrx_word' id='word_1_557' title='bbox 2897 3506 2958 3558; x_wconf 78' lang='grc' dir='ltr'>τὸ</span> <span class='ocrx_word' id='word_1_558' title='bbox 2991 3504 3210 3575; x_wconf 77' lang='grc' dir='ltr'>πλῆθος,</span> <span class='ocrx_word' id='word_1_559' title='bbox 3254 3502 3281 3555; x_wconf 80' lang='grc' dir='ltr'><strong>ὃ</strong></span> <span class='ocrx_word' id='word_1_560' title='bbox 3333 3501 3724 3565; x_wconf 83' lang='grc' dir='ltr'>καταστενάξει</span> 
     </span>
    </p>
   </div>
   <div class='ocr_carea' id='block_1_79' title="bbox 2147 3593 3724 3673">
    <p class='ocr_par' dir='ltr' id='par_1_79' title="bbox 2147 3593 3724 3673">
     <span class='ocr_line' id='line_1_79' title="bbox 2147 3593 3724 3673; baseline -0.006 -20"><span class='ocrx_word' id='word_1_561' title='bbox 2147 3618 2247 3673; x_wconf 89' lang='grc' dir='ltr'><strong>μου</strong></span> <span class='ocrx_word' id='word_1_562' title='bbox 2284 3603 2311 3654; x_wconf 89' lang='grc' dir='ltr'>ὁ</span> <span class='ocrx_word' id='word_1_563' title='bbox 2346 3600 2471 3662; x_wconf 83' lang='grc' dir='ltr'>λαὸς</span> <span class='ocrx_word' id='word_1_564' title='bbox 2509 3601 2537 3652; x_wconf 93' lang='grc' dir='ltr'><strong>ό</strong></span> <span class='ocrx_word' id='word_1_565' title='bbox 2574 3598 2671 3669; x_wconf 83' lang='grc' dir='ltr'>τὴν</span> <span class='ocrx_word' id='word_1_566' title='bbox 2712 3598 3043 3669; x_wconf 80' lang='grc' dir='ltr'>προστασίαν</span> <span class='ocrx_word' id='word_1_567' title='bbox 3081 3595 3244 3649; x_wconf 87' lang='grc' dir='ltr'>αὑτοῦ</span> <span class='ocrx_word' id='word_1_568' title='bbox 3291 3593 3606 3663; x_wconf 72' lang='grc' dir='ltr'>ζημιωθεὶς,</span> <span class='ocrx_word' id='word_1_569' title='bbox 3643 3593 3724 3663; x_wconf 82' lang='grc' dir='ltr'><strong>μὴ</strong></span> 
     </span>
    </p>
   </div>
   <div class='ocr_carea' id='block_1_80' title="bbox 2145 3684 3726 3761">
    <p class='ocr_par' dir='ltr' id='par_1_80' title="bbox 2145 3684 3726 3761">
     <span class='ocr_line' id='line_1_80' title="bbox 2145 3684 3726 3761; baseline -0.008 -16"><span class='ocrx_word' id='word_1_570' title='bbox 2145 3692 2324 3761; x_wconf 83' lang='grc' dir='ltr'>πάσης</span> <span class='ocrx_word' id='word_1_571' title='bbox 2348 3688 2509 3744; x_wconf 88' lang='grc' dir='ltr'>αὑτοῦ</span> <span class='ocrx_word' id='word_1_572' title='bbox 2532 3690 2629 3760; x_wconf 81' lang='grc' dir='ltr'>τῆς</span> <span class='ocrx_word' id='word_1_573' title='bbox 2660 3689 2976 3756; x_wconf 84' lang='grc' dir='ltr'>συγγενείας</span> <span class='ocrx_word' id='word_1_574' title='bbox 3005 3688 3069 3740; x_wconf 85' lang='grc' dir='ltr'>τὸ</span> <span class='ocrx_word' id='word_1_575' title='bbox 3106 3688 3338 3758; x_wconf 87' lang='grc' dir='ltr'>δάκρυον</span> <span class='ocrx_word' id='word_1_576' title='bbox 3359 3725 3374 3749; x_wconf 87' lang='grc'><strong>,</strong></span> <span class='ocrx_word' id='word_1_577' title='bbox 3413 3685 3487 3755; x_wconf 84' lang='grc' dir='ltr'>μὴ</span> <span class='ocrx_word' id='word_1_578' title='bbox 3515 3684 3726 3753; x_wconf 79' lang='grc' dir='ltr'>μητρὸς</span> 
     </span>
    </p>
   </div>
   <div class='ocr_carea' id='block_1_81' title="bbox 2147 3774 3729 3853">
    <p class='ocr_par' dir='ltr' id='par_1_81' title="bbox 2147 3774 3729 3853">
     <span class='ocr_line' id='line_1_81' title="bbox 2147 3774 3729 3853; baseline -0.007 -17"><span class='ocrx_word' id='word_1_579' title='bbox 2147 3782 2307 3838; x_wconf 84' lang='grc' dir='ltr'>αὑτοῦ</span> <span class='ocrx_word' id='word_1_580' title='bbox 2338 3782 2569 3852; x_wconf 72' lang='grc' dir='ltr'>γηραιᾶς</span> <span class='ocrx_word' id='word_1_581' title='bbox 2592 3780 2685 3833; x_wconf 73' lang='grc' dir='ltr'>καὶ</span> <span class='ocrx_word' id='word_1_582' title='bbox 2713 3780 2803 3831; x_wconf 77' lang='grc' dir='ltr'>ἐπὶ</span> <span class='ocrx_word' id='word_1_583' title='bbox 2836 3781 2971 3853; x_wconf 83' lang='grc' dir='ltr'>μόνῃ</span> <span class='ocrx_word' id='word_1_584' title='bbox 3002 3781 3067 3850; x_wconf 81' lang='grc' dir='ltr'><strong>τῇ</strong></span> <span class='ocrx_word' id='word_1_585' title='bbox 3096 3778 3223 3847; x_wconf 75' lang='grc' dir='ltr'>παρ’</span> <span class='ocrx_word' id='word_1_586' title='bbox 3256 3776 3421 3829; x_wconf 83' lang='grc' dir='ltr'>αὑτοῦ</span> <span class='ocrx_word' id='word_1_587' title='bbox 3456 3774 3729 3845; x_wconf 73' lang='grc' dir='ltr'>θεραπείᾳ</span> 
     </span>
    </p>
   </div>
   <div class='ocr_carea' id='block_1_82' title="bbox 2149 3864 3729 3942">
    <p class='ocr_par' dir='ltr' id='par_1_82' title="bbox 2149 3864 3729 3942">
     <span class='ocr_line' id='line_1_82' title="bbox 2149 3864 3729 3942; baseline -0.004 -16"><span class='ocrx_word' id='word_1_588' title='bbox 2149 3871 2482 3942; x_wconf 83' lang='grc' dir='ltr'>σαλευούσης</span> <span class='ocrx_word' id='word_1_589' title='bbox 2516 3872 2614 3941; x_wconf 73' lang='grc' dir='ltr'>τὴν</span> <span class='ocrx_word' id='word_1_590' title='bbox 2658 3869 2835 3938; x_wconf 73' lang='grc' dir='ltr'>θλίψιν</span> <span class='ocrx_word' id='word_1_591' title='bbox 2879 3872 2956 3932; x_wconf 87' lang='grc' dir='ltr'><strong>εἰς</strong></span> <span class='ocrx_word' id='word_1_592' title='bbox 2997 3869 3221 3939; x_wconf 86' lang='grc' dir='ltr'>καρδίαν</span> <span class='ocrx_word' id='word_1_593' title='bbox 3262 3865 3461 3920; x_wconf 79' lang='grc' dir='ltr'><strong>λαὸὠψ</strong></span> <span class='ocrx_word' id='word_1_594' title='bbox 3506 3864 3729 3919; x_wconf 81' lang='grc' dir='ltr'>πάντων</span> 
     </span>
    </p>
   </div>
   <div class='ocr_carea' id='block_1_83' title="bbox 2147 3959 3726 4033">
    <p class='ocr_par' dir='ltr' id='par_1_83' title="bbox 2147 3959 3726 4033">
     <span class='ocr_line' id='line_1_83' title="bbox 2147 3959 3726 4033; baseline -0.006 -16"><span class='ocrx_word' id='word_1_595' title='bbox 2147 3962 2280 4033; x_wconf 82' lang='grc' dir='ltr'>ὁμοῦ</span> <span class='ocrx_word' id='word_1_596' title='bbox 2326 3962 2578 4015; x_wconf 83' lang='grc' dir='ltr'>τοιούτων</span> <span class='ocrx_word' id='word_1_597' title='bbox 2618 3963 2782 4015; x_wconf 80' lang='grc' dir='ltr'>ὄντων</span> <span class='ocrx_word' id='word_1_598' title='bbox 2828 3962 2937 4032; x_wconf 73' lang='lat'><strong>(28)</strong></span> <span class='ocrx_word' id='word_1_599' title='bbox 2984 3964 3077 4015; x_wconf 76' lang='grc' dir='ltr'>καὶ</span> <span class='ocrx_word' id='word_1_600' title='bbox 3114 3959 3380 4014; x_wconf 80' lang='grc' dir='ltr'>τοσούτων</span> <span class='ocrx_word' id='word_1_601' title='bbox 3428 3959 3726 4026; x_wconf 83' lang='grc' dir='ltr'>ἀλογήσας,</span> 
     </span>
    </p>
   </div>
   <div class='ocr_carea' id='block_1_84' title="bbox 2149 4048 3733 4124">
    <p class='ocr_par' dir='ltr' id='par_1_84' title="bbox 2149 4048 3733 4124">
     <span class='ocr_line' id='line_1_84' title="bbox 2149 4048 3733 4124; baseline -0.003 -19"><span class='ocrx_word' id='word_1_602' title='bbox 2149 4053 2263 4116; x_wconf 85' lang='grc' dir='ltr'>ἐνὸς</span> <span class='ocrx_word' id='word_1_603' title='bbox 2291 4052 2551 4123; x_wconf 81' lang='grc' dir='ltr'>ἐγενόμην</span> <span class='ocrx_word' id='word_1_604' title='bbox 2567 4092 2581 4116; x_wconf 86' lang='grc'><strong>,</strong></span> <span class='ocrx_word' id='word_1_605' title='bbox 2613 4053 2703 4106; x_wconf 91' lang='grc' dir='ltr'><strong>τοῦ</strong></span> <span class='ocrx_word' id='word_1_606' title='bbox 2726 4054 2823 4124; x_wconf 80' lang='grc' dir='ltr'>τὴν</span> <span class='ocrx_word' id='word_1_607' title='bbox 2846 4053 3114 4123; x_wconf 79' lang='grc' dir='ltr'>ὑμετέραν</span> <span class='ocrx_word' id='word_1_608' title='bbox 3148 4048 3470 4120; x_wconf 77' lang='grc' dir='ltr'>Ἐκκλησίαν</span> <span class='ocrx_word' id='word_1_609' title='bbox 3496 4064 3733 4101; x_wconf 88' lang='grc' dir='ltr'>κατακο-</span> 
     </span>
    </p>
   </div>
   <div class='ocr_carea' id='block_1_85' title="bbox 2152 4137 3733 4212">
    <p class='ocr_par' dir='ltr' id='par_1_85' title="bbox 2152 4137 3733 4212">
     <span class='ocr_line' id='line_1_85' title="bbox 2152 4137 3733 4212; baseline -0.003 -20"><span class='ocrx_word' id='word_1_610' title='bbox 2152 4142 2355 4211; x_wconf 84' lang='grc' dir='ltr'>σμῆσαι</span> <span class='ocrx_word' id='word_1_611' title='bbox 2410 4141 2507 4211; x_wconf 84' lang='grc' dir='ltr'>μὲν</span> <span class='ocrx_word' id='word_1_612' title='bbox 2546 4145 2611 4212; x_wconf 80' lang='grc' dir='ltr'>τῇ</span> <span class='ocrx_word' id='word_1_613' title='bbox 2655 4142 2747 4193; x_wconf 90' lang='grc' dir='ltr'><strong>τοῦ</strong></span> <span class='ocrx_word' id='word_1_614' title='bbox 2791 4141 3103 4212; x_wconf 76' lang='grc' dir='ltr'>τηλικούτου</span> <span class='ocrx_word' id='word_1_615' title='bbox 3165 4139 3353 4209; x_wconf 74' lang='grc' dir='ltr'>ἀνδρὸς</span> <span class='ocrx_word' id='word_1_616' title='bbox 3403 4137 3733 4209; x_wconf 67' lang='grc' dir='ltr'>προστασία,</span> 
     </span>
    </p>
   </div>
   <div class='ocr_carea' id='block_1_86' title="bbox 2153 4227 3734 4304">
    <p class='ocr_par' dir='ltr' id='par_1_86' title="bbox 2153 4227 3734 4304">
     <span class='ocr_line' id='line_1_86' title="bbox 2153 4227 3734 4304; baseline -0.002 -22"><span class='ocrx_word' id='word_1_617' title='bbox 2153 4230 2410 4301; x_wconf 81' lang='grc' dir='ltr'>βοηθῆσαι</span> <span class='ocrx_word' id='word_1_618' title='bbox 2438 4231 2493 4283; x_wconf 86' lang='grc' dir='ltr'><strong>δέ</strong></span> <span class='ocrx_word' id='word_1_619' title='bbox 2520 4233 2655 4303; x_wconf 82' lang='grc' dir='ltr'>αὑτῇ</span> <span class='ocrx_word' id='word_1_620' title='bbox 2683 4236 2745 4285; x_wconf 89' lang='grc' dir='ltr'><strong>ἐκ</strong></span> <span class='ocrx_word' id='word_1_621' title='bbox 2765 4234 2862 4301; x_wconf 76' lang='grc' dir='ltr'>τῆς</span> <span class='ocrx_word' id='word_1_622' title='bbox 2888 4233 3105 4304; x_wconf 79' lang='grc' dir='ltr'>χρονίας</span> <span class='ocrx_word' id='word_1_623' title='bbox 3123 4229 3489 4300; x_wconf 78' lang='grc' dir='ltr'>ἁπροστασίαε</span> <span class='ocrx_word' id='word_1_624' title='bbox 3506 4230 3583 4289; x_wconf 81' lang='grc' dir='ltr'><strong>είς</strong></span> <span class='ocrx_word' id='word_1_625' title='bbox 3596 4227 3734 4293; x_wconf 90' lang='grc' dir='ltr'>γόνυ</span> 
     </span>
    </p>
   </div>
   <div class='ocr_carea' id='block_1_87' title="bbox 486 4316 2035 4405">
    <p class='ocr_par' dir='ltr' id='par_1_87' title="bbox 486 4324 2035 4396">
     <span class='ocr_line' id='line_1_87' title="bbox 486 4324 2035 4396; baseline 0.003 -19"><span class='ocrx_word' id='word_1_626' title='bbox 486 4324 769 4394; x_wconf 88' lang='lat' dir='ltr'><strong>poscimus</strong></span> <span class='ocrx_word' id='word_1_627' title='bbox 789 4363 804 4387; x_wconf 90' lang='lat'><strong>,</strong></span> <span class='ocrx_word' id='word_1_628' title='bbox 835 4340 903 4380; x_wconf 87' lang='lat' dir='ltr'><strong>ne</strong></span> <span class='ocrx_word' id='word_1_629' title='bbox 937 4326 1150 4379; x_wconf 89' lang='lat' dir='ltr'><strong>minora</strong></span> <span class='ocrx_word' id='word_1_630' title='bbox 1180 4326 1468 4380; x_wconf 84' lang='lat' dir='ltr'><strong>videantur</strong></span> <span class='ocrx_word' id='word_1_631' title='bbox 1504 4342 1598 4396; x_wconf 92' lang='lat' dir='ltr'><strong>spe</strong></span> <span class='ocrx_word' id='word_1_632' title='bbox 1627 4337 1812 4382; x_wconf 89' lang='lat' dir='ltr'><strong>nostra</strong></span> <span class='ocrx_word' id='word_1_633' title='bbox 1840 4338 1896 4383; x_wconf 90' lang='lat' dir='ltr'><strong>et</strong></span> <span class='ocrx_word' id='word_1_634' title='bbox 1928 4330 2035 4384; x_wconf 64' lang='lat' dir='ltr'><strong>Iich</strong></span> 
     </span>
    </p>
   </div>
   <div class='ocr_carea' id='block_1_88' title="bbox 2141 4316 3735 4405">
    <p class='ocr_par' dir='ltr' id='par_1_88' title="bbox 2153 4316 3735 4392">
     <span class='ocr_line' id='line_1_88' title="bbox 2153 4316 3735 4392; baseline -0.006 -17"><span class='ocrx_word' id='word_1_635' title='bbox 2153 4322 2337 4375; x_wconf 84' lang='grc' dir='ltr'>λοιπὸν</span> <span class='ocrx_word' id='word_1_636' title='bbox 2355 4320 2616 4392; x_wconf 82' lang='grc' dir='ltr'>κλιθείσῃ,</span> <span class='ocrx_word' id='word_1_637' title='bbox 2642 4323 2735 4375; x_wconf 73' lang='grc' dir='ltr'>καὶ</span> <span class='ocrx_word' id='word_1_638' title='bbox 2763 4322 2962 4392; x_wconf 83' lang='grc' dir='ltr'>πολλῆς</span> <span class='ocrx_word' id='word_1_639' title='bbox 2985 4324 3076 4374; x_wconf 70' lang='grc' dir='ltr'><strong>καὶ</strong></span> <span class='ocrx_word' id='word_1_640' title='bbox 3098 4321 3327 4389; x_wconf 78' lang='grc' dir='ltr'>δυνατῆς</span> <span class='ocrx_word' id='word_1_641' title='bbox 3357 4316 3735 4388; x_wconf 85' lang='grc' dir='ltr'>χειραγωγίας</span> 
     </span>
    </p>
   </div>
   <div class='ocr_carea' id='block_1_89' title="bbox 487 4410 2035 4491">
    <p class='ocr_par' dir='ltr' id='par_1_89' title="bbox 487 4415 2035 4491">
     <span class='ocr_line' id='line_1_89' title="bbox 487 4415 2035 4491; baseline 0.006 -24"><span class='ocrx_word' id='word_1_642' title='bbox 487 4430 649 4484; x_wconf 87' lang='lat' dir='ltr'><strong>quam</strong></span> <span class='ocrx_word' id='word_1_643' title='bbox 680 4415 799 4469; x_wconf 86' lang='lat' dir='ltr'><strong>viro</strong></span> <span class='ocrx_word' id='word_1_644' title='bbox 828 4417 951 4472; x_wconf 85' lang='lat' dir='ltr'><strong>dcdi</strong></span> <span class='ocrx_word' id='word_1_645' title='bbox 971 4457 986 4481; x_wconf 94' lang='lat'><strong>,</strong></span> <span class='ocrx_word' id='word_1_646' title='bbox 1017 4418 1167 4470; x_wconf 92' lang='lat' dir='ltr'><strong>illum</strong></span> <span class='ocrx_word' id='word_1_647' title='bbox 1198 4432 1229 4470; x_wconf 90' lang='lat' dir='ltr'><strong>a</strong></span> <span class='ocrx_word' id='word_1_648' title='bbox 1267 4433 1354 4472; x_wconf 89' lang='lat' dir='ltr'><strong>me</strong></span> <span class='ocrx_word' id='word_1_649' title='bbox 1383 4418 1448 4472; x_wconf 90' lang='lat' dir='ltr'><strong>ad</strong></span> <span class='ocrx_word' id='word_1_650' title='bbox 1488 4420 1694 4475; x_wconf 91' lang='lat' dir='ltr'><strong>amicos</strong></span> <span class='ocrx_word' id='word_1_651' title='bbox 1737 4436 2035 4491; x_wconf 81' lang='lat' dir='ltr'><strong>mecumqm</strong></span> 
     </span>
    </p>
   </div>
   <div class='ocr_carea' id='block_1_90' title="bbox 2141 4410 3737 4491">
    <p class='ocr_par' dir='ltr' id='par_1_90' title="bbox 2158 4410 3737 4487">
     <span class='ocr_line' id='line_1_90' title="bbox 2158 4410 3737 4487; baseline -0.004 -19"><span class='ocrx_word' id='word_1_652' title='bbox 2158 4418 2237 4480; x_wconf 80' lang='grc' dir='ltr'>εἰς</span> <span class='ocrx_word' id='word_1_653' title='bbox 2258 4418 2317 4470; x_wconf 84' lang='grc' dir='ltr'>τὸ</span> <span class='ocrx_word' id='word_1_654' title='bbox 2346 4417 2688 4487; x_wconf 72' lang='grc' dir='ltr'>διαναστῆναι</span> <span class='ocrx_word' id='word_1_655' title='bbox 2704 4415 2931 4486; x_wconf 80' lang='grc' dir='ltr'>δεομένῃ</span> <span class='ocrx_word' id='word_1_656' title='bbox 2950 4414 3080 4485; x_wconf 77' lang='lat'><strong>(29).</strong></span> <span class='ocrx_word' id='word_1_657' title='bbox 3110 4413 3192 4465; x_wconf 78' lang='grc' dir='ltr'><strong>Τὰ</strong></span> <span class='ocrx_word' id='word_1_658' title='bbox 3225 4415 3320 4484; x_wconf 80' lang='grc' dir='ltr'>μὲν</span> <span class='ocrx_word' id='word_1_659' title='bbox 3356 4410 3447 4467; x_wconf 79' lang='grc' dir='ltr'>οὖν</span> <span class='ocrx_word' id='word_1_660' title='bbox 3484 4412 3737 4482; x_wconf 81' lang='grc' dir='ltr'>ἡμέτερα</span> 
     </span>
    </p>
   </div>
   <div class='ocr_carea' id='block_1_91' title="bbox 488 4503 2035 4587">
    <p class='ocr_par' dir='ltr' id='par_1_91' title="bbox 488 4503 2035 4587">
     <span class='ocr_line' id='line_1_91' title="bbox 488 4503 2035 4587; baseline 0.003 -27"><span class='ocrx_word' id='word_1_661' title='bbox 488 4503 969 4573; x_wconf 74' lang='lat' dir='ltr'><strong>coniunctissimos</strong></span> <span class='ocrx_word' id='word_1_662' title='bbox 1025 4506 1207 4569; x_wconf 91' lang='lat' dir='ltr'><strong>mitti,</strong></span> <span class='ocrx_word' id='word_1_663' title='bbox 1266 4507 1359 4560; x_wconf 88' lang='lat' dir='ltr'><strong>sed</strong></span> <span class='ocrx_word' id='word_1_664' title='bbox 1416 4514 1475 4559; x_wconf 94' lang='lat' dir='ltr'><strong>ut</strong></span> <span class='ocrx_word' id='word_1_665' title='bbox 1536 4508 1768 4577; x_wconf 89' lang='lat' dir='ltr'><strong>quisque</strong></span> <span class='ocrx_word' id='word_1_666' title='bbox 1816 4518 2035 4587; x_wconf 58' lang='lat' dir='ltr'><strong>vegtrun</strong></span> 
     </span>
    </p>
   </div>
   <div class='ocr_carea' id='block_1_92' title="bbox 2141 4503 3735 4587">
    <p class='ocr_par' dir='ltr' id='par_1_92' title="bbox 2156 4504 3735 4578">
     <span class='ocr_line' id='line_1_92' title="bbox 2156 4504 3735 4578; baseline -0.001 -20"><span class='ocrx_word' id='word_1_667' title='bbox 2156 4506 2396 4560; x_wconf 89' lang='grc' dir='ltr'>τοιαῦτα.</span> <span class='ocrx_word' id='word_1_668' title='bbox 2442 4506 2520 4559; x_wconf 83' lang='grc' dir='ltr'>Τὰ</span> <span class='ocrx_word' id='word_1_669' title='bbox 2555 4508 2612 4560; x_wconf 80' lang='grc' dir='ltr'>δὲ</span> <span class='ocrx_word' id='word_1_670' title='bbox 2655 4507 2781 4577; x_wconf 86' lang='grc' dir='ltr'>παρ’</span> <span class='ocrx_word' id='word_1_671' title='bbox 2829 4507 2982 4578; x_wconf 56' lang='grc' dir='ltr'>ὑμῶν</span> <span class='ocrx_word' id='word_1_672' title='bbox 3028 4507 3366 4576; x_wconf 86' lang='grc' dir='ltr'>ἀπαιτοῦμεν</span> <span class='ocrx_word' id='word_1_673' title='bbox 3413 4504 3597 4558; x_wconf 86' lang='grc' dir='ltr'>λοιπὸν</span> <span class='ocrx_word' id='word_1_674' title='bbox 3654 4504 3735 4574; x_wconf 82' lang='grc' dir='ltr'>μὴ</span> 
     </span>
    </p>
   </div>
   <div class='ocr_carea' id='block_1_93' title="bbox 490 4594 2035 4669">
    <p class='ocr_par' dir='ltr' id='par_1_93' title="bbox 490 4595 2035 4669">
     <span class='ocr_line' id='line_1_93' title="bbox 490 4595 2035 4669; baseline 0.001 -20"><span class='ocrx_word' id='word_1_675' title='bbox 490 4595 631 4650; x_wconf 82' lang='lat' dir='ltr'><strong>alius</strong></span> <span class='ocrx_word' id='word_1_676' title='bbox 657 4596 822 4649; x_wconf 91' lang='lat' dir='ltr'><strong>alium</strong></span> <span class='ocrx_word' id='word_1_677' title='bbox 849 4611 949 4650; x_wconf 89' lang='lat' dir='ltr'><strong>suo</strong></span> <span class='ocrx_word' id='word_1_678' title='bbox 979 4596 1034 4649; x_wconf 91' lang='lat' dir='ltr'><strong>in</strong></span> <span class='ocrx_word' id='word_1_679' title='bbox 1063 4597 1238 4649; x_wconf 89' lang='lat' dir='ltr'><strong>virum</strong></span> <span class='ocrx_word' id='word_1_680' title='bbox 1272 4597 1453 4651; x_wconf 90' lang='lat' dir='ltr'><strong>studio</strong></span> <span class='ocrx_word' id='word_1_681' title='bbox 1490 4612 1553 4651; x_wconf 91' lang='lat' dir='ltr'><strong>ac</strong></span> <span class='ocrx_word' id='word_1_682' title='bbox 1583 4606 1768 4654; x_wconf 79' lang='lat' dir='ltr'><strong>autore</strong></span> <span class='ocrx_word' id='word_1_683' title='bbox 1800 4615 2035 4669; x_wconf 66' lang='lat' dir='ltr'><strong>superari</strong></span> 
     </span>
    </p>
   </div>
   <div class='ocr_carea' id='block_1_94' title="bbox 2141 4594 3736 4669">
    <p class='ocr_par' dir='ltr' id='par_1_94' title="bbox 2159 4594 3736 4669">
     <span class='ocr_line' id='line_1_94' title="bbox 2159 4594 3736 4669; baseline 0.001 -21"><span class='ocrx_word' id='word_1_684' title='bbox 2159 4596 2416 4650; x_wconf 89' lang='grc' dir='ltr'>ἐλάττονα</span> <span class='ocrx_word' id='word_1_685' title='bbox 2465 4598 2697 4668; x_wconf 83' lang='grc' dir='ltr'>φανῆναι</span> <span class='ocrx_word' id='word_1_686' title='bbox 2742 4598 2841 4668; x_wconf 83' lang='grc' dir='ltr'>τῆς</span> <span class='ocrx_word' id='word_1_687' title='bbox 2885 4598 3161 4669; x_wconf 80' lang='grc' dir='ltr'>ἡμετέρας</span> <span class='ocrx_word' id='word_1_688' title='bbox 3202 4597 3441 4659; x_wconf 73' lang='grc' dir='ltr'>ἐλπίδος,</span> <span class='ocrx_word' id='word_1_689' title='bbox 3486 4594 3582 4649; x_wconf 74' lang='grc' dir='ltr'>καὶ</span> <span class='ocrx_word' id='word_1_690' title='bbox 3620 4594 3736 4649; x_wconf 87' lang='grc' dir='ltr'><strong>τῶν</strong></span> 
     </span>
    </p>
   </div>
   <div class='ocr_carea' id='block_1_95' title="bbox 492 4684 2035 4761">
    <p class='ocr_par' dir='ltr' id='par_1_95' title="bbox 492 4684 2031 4755">
     <span class='ocr_line' id='line_1_95' title="bbox 492 4684 2031 4755; baseline 0.003 -16"><span class='ocrx_word' id='word_1_691' title='bbox 492 4693 745 4740; x_wconf 90' lang='lat' dir='ltr'><strong>conetur.</strong></span> <span class='ocrx_word' id='word_1_692' title='bbox 783 4684 1066 4740; x_wconf 88' lang='lat' dir='ltr'><strong>Ostendite</strong></span> <span class='ocrx_word' id='word_1_693' title='bbox 1112 4686 1275 4755; x_wconf 83' lang='lat' dir='ltr'><strong>igitur</strong></span> <span class='ocrx_word' id='word_1_694' title='bbox 1317 4686 1631 4755; x_wconf 65' lang='lat' dir='ltr'><strong>praeclaram</strong></span> <span class='ocrx_word' id='word_1_695' title='bbox 1663 4689 1808 4741; x_wconf 90' lang='lat' dir='ltr'><strong>illam</strong></span> <span class='ocrx_word' id='word_1_696' title='bbox 1836 4699 2031 4744; x_wconf 86' lang='lat' dir='ltr'><strong>conten</strong></span> 
     </span>
    </p>
   </div>
   <div class='ocr_carea' id='block_1_96' title="bbox 2141 4684 3735 4761">
    <p class='ocr_par' dir='ltr' id='par_1_96' title="bbox 2160 4687 3735 4761">
     <span class='ocr_line' id='line_1_96' title="bbox 2160 4687 3735 4761; baseline -0.001 -20"><span class='ocrx_word' id='word_1_697' title='bbox 2160 4689 2501 4760; x_wconf 84' lang='grc' dir='ltr'>ὑποσχέσεων</span> <span class='ocrx_word' id='word_1_698' title='bbox 2540 4689 2606 4754; x_wconf 79' lang='grc' dir='ltr'>ἃς</span> <span class='ocrx_word' id='word_1_699' title='bbox 2647 4690 2990 4761; x_wconf 86' lang='grc' dir='ltr'>πεποιήμεθα</span> <span class='ocrx_word' id='word_1_700' title='bbox 3028 4689 3105 4760; x_wconf 79' lang='grc' dir='ltr'>τῷ</span> <span class='ocrx_word' id='word_1_701' title='bbox 3146 4690 3321 4760; x_wconf 83' lang='grc' dir='ltr'>ἀνδρὶ,</span> <span class='ocrx_word' id='word_1_702' title='bbox 3364 4689 3444 4741; x_wconf 86' lang='grc' dir='ltr'>ὃτι</span> <span class='ocrx_word' id='word_1_703' title='bbox 3482 4687 3617 4758; x_wconf 85' lang='grc' dir='ltr'>πρὸς</span> <span class='ocrx_word' id='word_1_704' title='bbox 3651 4689 3735 4740; x_wconf 81' lang='lat' dir='ltr'><strong>ol—</strong></span> 
     </span>
    </p>
   </div>
   <div class='ocr_carea' id='block_1_97' title="bbox 490 4774 2035 4854">
    <p class='ocr_par' dir='ltr' id='par_1_97' title="bbox 490 4774 2035 4844">
     <span class='ocr_line' id='line_1_97' title="bbox 490 4774 2035 4844; baseline 0.003 -16"><span class='ocrx_word' id='word_1_705' title='bbox 490 4780 716 4837; x_wconf 89' lang='lat' dir='ltr'><strong>tionem,</strong></span> <span class='ocrx_word' id='word_1_706' title='bbox 750 4790 815 4829; x_wconf 89' lang='lat' dir='ltr'><strong>ac</strong></span> <span class='ocrx_word' id='word_1_707' title='bbox 854 4774 1229 4844; x_wconf 85' lang='lat' dir='ltr'><strong>magnitudine</strong></span> <span class='ocrx_word' id='word_1_708' title='bbox 1266 4774 1513 4843; x_wconf 87' lang='lat' dir='ltr'><strong>obsequii</strong></span> <span class='ocrx_word' id='word_1_709' title='bbox 1556 4790 1653 4830; x_wconf 93' lang='lat' dir='ltr'><strong>cor</strong></span> <span class='ocrx_word' id='word_1_710' title='bbox 1678 4777 1824 4832; x_wconf 90' lang='lat' dir='ltr'><strong>illius</strong></span> <span class='ocrx_word' id='word_1_711' title='bbox 1846 4778 2035 4833; x_wconf 83' lang='lat' dir='ltr'><strong>demul</strong></span> 
     </span>
    </p>
   </div>
   <div class='ocr_carea' id='block_1_98' title="bbox 2141 4774 3734 4854">
    <p class='ocr_par' dir='ltr' id='par_1_98' title="bbox 2161 4778 3734 4854">
     <span class='ocr_line' id='line_1_98' title="bbox 2161 4778 3734 4854; baseline -0.004 -18"><span class='ocrx_word' id='word_1_712' title='bbox 2161 4783 2340 4846; x_wconf 85' lang='grc' dir='ltr'>κείους</span> <span class='ocrx_word' id='word_1_713' title='bbox 2365 4784 2458 4835; x_wconf 76' lang='grc' dir='ltr'>καὶ</span> <span class='ocrx_word' id='word_1_714' title='bbox 2479 4782 2662 4852; x_wconf 88' lang='grc' dir='ltr'>φίλους</span> <span class='ocrx_word' id='word_1_715' title='bbox 2694 4783 2855 4835; x_wconf 81' lang='grc' dir='ltr'>αὑτὸν</span> <span class='ocrx_word' id='word_1_716' title='bbox 2880 4782 3285 4854; x_wconf 73' lang='grc' dir='ltr'>ἐξεπέμψαμεν,</span> <span class='ocrx_word' id='word_1_717' title='bbox 3317 4781 3547 4834; x_wconf 85' lang='grc' dir='ltr'>ἐκάστου</span> <span class='ocrx_word' id='word_1_718' title='bbox 3576 4778 3734 4848; x_wconf 88' lang='grc' dir='ltr'>ὑμῶν</span> 
     </span>
    </p>
   </div>
   <div class='ocr_carea' id='block_1_99' title="bbox 491 4866 2035 4944">
    <p class='ocr_par' dir='ltr' id='par_1_99' title="bbox 491 4866 2030 4940">
     <span class='ocr_line' id='line_1_99' title="bbox 491 4866 2030 4940; baseline 0.003 -19"><span class='ocrx_word' id='word_1_719' title='bbox 491 4874 612 4921; x_wconf 89' lang='lat' dir='ltr'><strong>cete</strong></span> <span class='ocrx_word' id='word_1_720' title='bbox 632 4906 647 4929; x_wconf 90' lang='lat'><strong>,</strong></span> <span class='ocrx_word' id='word_1_721' title='bbox 679 4874 741 4920; x_wconf 90' lang='lat' dir='ltr'><strong>ut</strong></span> <span class='ocrx_word' id='word_1_722' title='bbox 767 4882 892 4921; x_wconf 91' lang='lat' dir='ltr'><strong>eum</strong></span> <span class='ocrx_word' id='word_1_723' title='bbox 935 4867 1116 4934; x_wconf 90' lang='lat' dir='ltr'><strong>capiat</strong></span> <span class='ocrx_word' id='word_1_724' title='bbox 1154 4866 1354 4921; x_wconf 89' lang='lat' dir='ltr'><strong>oblivio</strong></span> <span class='ocrx_word' id='word_1_725' title='bbox 1386 4869 1604 4937; x_wconf 70' lang='lat' dir='ltr'><strong>patriae,</strong></span> <span class='ocrx_word' id='word_1_726' title='bbox 1631 4869 1835 4923; x_wconf 83' lang='lat' dir='ltr'><strong>oblivio</strong></span> <span class='ocrx_word' id='word_1_727' title='bbox 1857 4884 2030 4940; x_wconf 84' lang='lat' dir='ltr'><strong>cogna</strong></span> 
     </span>
    </p>
   </div>
   <div class='ocr_carea' id='block_1_100' title="bbox 2141 4866 3734 4944">
    <p class='ocr_par' dir='ltr' id='par_1_100' title="bbox 2164 4867 3734 4944">
     <span class='ocr_line' id='line_1_100' title="bbox 2164 4867 3734 4944; baseline -0.002 -19"><span class='ocrx_word' id='word_1_728' title='bbox 2164 4872 2561 4944; x_wconf 77' lang='grc' dir='ltr'>ὑπερόαλὲσθαι</span> <span class='ocrx_word' id='word_1_729' title='bbox 2587 4873 2675 4925; x_wconf 81' lang='grc' dir='ltr'>τὸν</span> <span class='ocrx_word' id='word_1_730' title='bbox 2695 4874 2879 4944; x_wconf 80' lang='grc' dir='ltr'>ἓτερον</span> <span class='ocrx_word' id='word_1_731' title='bbox 2897 4875 2953 4926; x_wconf 87' lang='grc' dir='ltr'><strong>ἐν</strong></span> <span class='ocrx_word' id='word_1_732' title='bbox 2978 4876 3043 4943; x_wconf 82' lang='grc' dir='ltr'>τῇ</span> <span class='ocrx_word' id='word_1_733' title='bbox 3079 4872 3205 4941; x_wconf 77' lang='grc' dir='ltr'>περὶ</span> <span class='ocrx_word' id='word_1_734' title='bbox 3225 4871 3314 4923; x_wconf 87' lang='grc' dir='ltr'>τὸν</span> <span class='ocrx_word' id='word_1_735' title='bbox 3335 4868 3503 4940; x_wconf 80' lang='grc' dir='ltr'>ἄνδρα</span> <span class='ocrx_word' id='word_1_736' title='bbox 3526 4867 3734 4938; x_wconf 79' lang='grc' dir='ltr'>σπουδῇ</span> 
     </span>
    </p>
   </div>
   <div class='ocr_carea' id='block_1_101' title="bbox 493 4956 2035 5038">
    <p class='ocr_par' dir='ltr' id='par_1_101' title="bbox 493 4956 2032 5030">
     <span class='ocr_line' id='line_1_101' title="bbox 493 4956 2032 5030; baseline 0.005 -21"><span class='ocrx_word' id='word_1_737' title='bbox 493 4963 695 5019; x_wconf 87' lang='lat' dir='ltr'><strong>torum,</strong></span> <span class='ocrx_word' id='word_1_738' title='bbox 732 4956 935 5010; x_wconf 88' lang='lat' dir='ltr'><strong>oblivio</strong></span> <span class='ocrx_word' id='word_1_739' title='bbox 962 4956 1144 5026; x_wconf 90' lang='lat' dir='ltr'><strong>populi</strong></span> <span class='ocrx_word' id='word_1_740' title='bbox 1173 4964 1385 5011; x_wconf 86' lang='lat' dir='ltr'><strong>tantum</strong></span> <span class='ocrx_word' id='word_1_741' title='bbox 1413 4957 1699 5026; x_wconf 88' lang='lat' dir='ltr'><strong>pendentis</strong></span> <span class='ocrx_word' id='word_1_742' title='bbox 1730 4961 1797 5014; x_wconf 89' lang='lat' dir='ltr'><strong>ab</strong></span> <span class='ocrx_word' id='word_1_743' title='bbox 1825 4960 1945 5030; x_wconf 83' lang='lat' dir='ltr'><strong>ejus</strong></span> <span class='ocrx_word' id='word_1_744' title='bbox 1976 4977 2032 5016; x_wconf 90' lang='lat' dir='ltr'><strong>re</strong></span> 
     </span>
    </p>
   </div>
   <div class='ocr_carea' id='block_1_102' title="bbox 2141 4956 3737 5038">
    <p class='ocr_par' dir='ltr' id='par_1_102' title="bbox 2158 4957 3737 5038">
     <span class='ocr_line' id='line_1_102' title="bbox 2158 4957 3737 5038; baseline -0.005 -19"><span class='ocrx_word' id='word_1_745' title='bbox 2158 4966 2251 5019; x_wconf 73' lang='lat' dir='ltr'><strong>mi.</strong></span> <span class='ocrx_word' id='word_1_746' title='bbox 2303 4965 2491 5037; x_wconf 77' lang='grc' dir='ltr'>ἀγάπῃ</span> <span class='ocrx_word' id='word_1_747' title='bbox 2551 4964 3016 5038; x_wconf 87' lang='grc' dir='ltr'>προθυμουμένου.</span> <span class='ocrx_word' id='word_1_748' title='bbox 3070 4964 3257 5027; x_wconf 85' lang='grc' dir='ltr'>Ὅπως</span> <span class='ocrx_word' id='word_1_749' title='bbox 3318 4957 3412 5014; x_wconf 86' lang='grc' dir='ltr'><strong>οῦν</strong></span> <span class='ocrx_word' id='word_1_750' title='bbox 3465 4957 3737 5030; x_wconf 79' lang='grc' dir='ltr'>ἐπιδείξη-</span> 
     </span>
    </p>
   </div>
   <div class='ocr_carea' id='block_1_103' title="bbox 494 5047 2035 5127">
    <p class='ocr_par' dir='ltr' id='par_1_103' title="bbox 494 5047 2033 5117">
     <span class='ocr_line' id='line_1_103' title="bbox 494 5047 2033 5117; baseline 0.005 -18"><span class='ocrx_word' id='word_1_751' title='bbox 494 5047 714 5117; x_wconf 89' lang='lat' dir='ltr'><strong>gimine,</strong></span> <span class='ocrx_word' id='word_1_752' title='bbox 740 5056 1004 5117; x_wconf 89' lang='lat' dir='ltr'><strong>quantum</strong></span> <span class='ocrx_word' id='word_1_753' title='bbox 1037 5047 1217 5103; x_wconf 79' lang='lat' dir='ltr'><strong>infans</strong></span> <span class='ocrx_word' id='word_1_754' title='bbox 1242 5064 1434 5104; x_wconf 83' lang='lat' dir='ltr'><strong>recens</strong></span> <span class='ocrx_word' id='word_1_755' title='bbox 1462 5057 1622 5105; x_wconf 91' lang='lat' dir='ltr'><strong>natus</strong></span> <span class='ocrx_word' id='word_1_756' title='bbox 1651 5051 1720 5105; x_wconf 90' lang='lat' dir='ltr'><strong>ab</strong></span> <span class='ocrx_word' id='word_1_757' title='bbox 1754 5052 1917 5107; x_wconf 89' lang='lat' dir='ltr'><strong>ubere</strong></span> <span class='ocrx_word' id='word_1_758' title='bbox 1947 5067 2033 5107; x_wconf 92' lang='lat' dir='ltr'><strong>ma</strong></span> 
     </span>
    </p>
   </div>
   <div class='ocr_carea' id='block_1_104' title="bbox 2141 5047 3737 5127">
    <p class='ocr_par' dir='ltr' id='par_1_104' title="bbox 2162 5049 3737 5127">
     <span class='ocr_line' id='line_1_104' title="bbox 2162 5049 3737 5127; baseline -0.004 -19"><span class='ocrx_word' id='word_1_759' title='bbox 2162 5055 2254 5108; x_wconf 91' lang='grc' dir='ltr'><strong>σθε</strong></span> <span class='ocrx_word' id='word_1_760' title='bbox 2285 5056 2397 5124; x_wconf 73' lang='grc'><strong>(50)</strong></span> <span class='ocrx_word' id='word_1_761' title='bbox 2419 5058 2517 5127; x_wconf 84' lang='grc' dir='ltr'>τὴν</span> <span class='ocrx_word' id='word_1_762' title='bbox 2543 5056 2710 5126; x_wconf 77' lang='grc' dir='ltr'>καλὴν</span> <span class='ocrx_word' id='word_1_763' title='bbox 2734 5056 2937 5125; x_wconf 86' lang='grc' dir='ltr'>ταύτην</span> <span class='ocrx_word' id='word_1_764' title='bbox 2967 5054 3271 5124; x_wconf 86' lang='grc' dir='ltr'>φιλοτιμίαν</span> <span class='ocrx_word' id='word_1_765' title='bbox 3289 5091 3303 5116; x_wconf 88' lang='grc'><strong>,</strong></span> <span class='ocrx_word' id='word_1_766' title='bbox 3333 5051 3428 5105; x_wconf 77' lang='grc' dir='ltr'>καὶ</span> <span class='ocrx_word' id='word_1_767' title='bbox 3453 5049 3533 5120; x_wconf 81' lang='grc' dir='ltr'>τῷ</span> <span class='ocrx_word' id='word_1_768' title='bbox 3566 5050 3737 5119; x_wconf 88' lang='grc' dir='ltr'>ὑπερ-</span> 
     </span>
    </p>
   </div>
   <div class='ocr_carea' id='block_1_105' title="bbox 496 5136 2035 5220">
    <p class='ocr_par' dir='ltr' id='par_1_105' title="bbox 496 5136 2035 5213">
     <span class='ocr_line' id='line_1_105' title="bbox 496 5136 2035 5213; baseline 0.003 -21"><span class='ocrx_word' id='word_1_769' title='bbox 496 5147 671 5194; x_wconf 85' lang='lat' dir='ltr'><strong>terno.</strong></span> <span class='ocrx_word' id='word_1_770' title='bbox 709 5136 1079 5195; x_wconf 67' lang='lat' dir='ltr'><strong>Praemisimus</strong></span> <span class='ocrx_word' id='word_1_771' title='bbox 1117 5149 1297 5194; x_wconf 89' lang='lat' dir='ltr'><strong>autem</strong></span> <span class='ocrx_word' id='word_1_772' title='bbox 1329 5138 1538 5196; x_wconf 80' lang='lat' dir='ltr'><strong>Niciam</strong></span> <span class='ocrx_word' id='word_1_773' title='bbox 1559 5181 1573 5203; x_wconf 87' lang='lat'><strong>,</strong></span> <span class='ocrx_word' id='word_1_774' title='bbox 1609 5152 1663 5195; x_wconf 86' lang='lat' dir='ltr'><strong>ut</strong></span> <span class='ocrx_word' id='word_1_775' title='bbox 1700 5157 1763 5197; x_wconf 88' lang='lat' dir='ltr'><strong>ea</strong></span> <span class='ocrx_word' id='word_1_776' title='bbox 1788 5158 1909 5213; x_wconf 70' lang='lat' dir='ltr'><strong>quae</strong></span> <span class='ocrx_word' id='word_1_777' title='bbox 1941 5155 2035 5200; x_wconf 75' lang='lat' dir='ltr'><strong>act:</strong></span> 
     </span>
    </p>
   </div>
   <div class='ocr_carea' id='block_1_106' title="bbox 2141 5136 3738 5220">
    <p class='ocr_par' dir='ltr' id='par_1_106' title="bbox 2165 5140 3738 5220">
     <span class='ocr_line' id='line_1_106' title="bbox 2165 5140 3738 5220; baseline -0.003 -22"><span class='ocrx_word' id='word_1_778' title='bbox 2165 5146 2410 5200; x_wconf 79' lang='grc' dir='ltr'>ϐάλλοντι</span> <span class='ocrx_word' id='word_1_779' title='bbox 2436 5146 2535 5217; x_wconf 80' lang='grc' dir='ltr'>τῆς</span> <span class='ocrx_word' id='word_1_780' title='bbox 2551 5147 2844 5220; x_wconf 84' lang='grc' dir='ltr'>θεραπείας</span> <span class='ocrx_word' id='word_1_781' title='bbox 2866 5146 3277 5219; x_wconf 81' lang='grc' dir='ltr'>παρακαλέσητε</span> <span class='ocrx_word' id='word_1_782' title='bbox 3297 5140 3462 5197; x_wconf 87' lang='grc' dir='ltr'>αὑτοῦ</span> <span class='ocrx_word' id='word_1_783' title='bbox 3482 5140 3581 5210; x_wconf 81' lang='grc' dir='ltr'>τὴν</span> <span class='ocrx_word' id='word_1_784' title='bbox 3600 5158 3738 5212; x_wconf 72' lang='grc' dir='ltr'>καρι-</span> 
     </span>
    </p>
   </div>
   <div class='ocr_carea' id='block_1_107' title="bbox 573 5293 1659 5357">
    <p class='ocr_par' dir='ltr' id='par_1_107' title="bbox 573 5293 1659 5357">
     <span class='ocr_line' id='line_1_107' title="bbox 573 5293 1659 5357; baseline 0.002 -10"><span class='ocrx_word' id='word_1_785' title='bbox 573 5295 616 5325; x_wconf 81' lang='grc'><strong>¹⁶</strong></span> <span class='ocrx_word' id='word_1_786' title='bbox 648 5294 663 5347; x_wconf 97' lang='lat' dir='ltr'><strong>I</strong></span> <span class='ocrx_word' id='word_1_787' title='bbox 696 5295 889 5350; x_wconf 88' lang='lat' dir='ltr'><strong>&#39;l&#39;hess.</strong></span> <span class='ocrx_word' id='word_1_788' title='bbox 924 5309 995 5356; x_wconf 89' lang='lat' dir='ltr'><strong>tv,</strong></span> <span class='ocrx_word' id='word_1_789' title='bbox 1024 5293 1107 5347; x_wconf 86' lang='lat' dir='ltr'><strong>I2.</strong></span> <span class='ocrx_word' id='word_1_790' title='bbox 1189 5295 1228 5325; x_wconf 87' lang='grc'><strong>¹¹</strong></span> <span class='ocrx_word' id='word_1_791' title='bbox 1258 5293 1488 5348; x_wconf 87' lang='lat' dir='ltr'><strong>Zachar.</strong></span> <span class='ocrx_word' id='word_1_792' title='bbox 1516 5310 1576 5357; x_wconf 72' lang='grc' dir='ltr'><strong>ιι,</strong></span> <span class='ocrx_word' id='word_1_793' title='bbox 1606 5294 1659 5349; x_wconf 90' lang='grc'><strong>8.</strong></span> 
     </span>
    </p>
   </div>
   <div class='ocr_carea' id='block_1_108' title="bbox 496 5408 1688 5480">
    <p class='ocr_par' dir='ltr' id='par_1_108' title="bbox 496 5408 1688 5480">
     <span class='ocr_line' id='line_1_108' title="bbox 496 5408 1688 5480; baseline 0.001 -16"><span class='ocrx_word' id='word_1_794' title='bbox 496 5458 502 5464; x_wconf 92' lang='grc'><em>.</em></span> <span class='ocrx_word' id='word_1_795' title='bbox 571 5413 588 5432; x_wconf 83' lang='grc'><strong>’</strong></span> <span class='ocrx_word' id='word_1_796' title='bbox 615 5410 765 5462; x_wconf 81' lang='lat' dir='ltr'><strong>Alias</strong></span> <span class='ocrx_word' id='word_1_797' title='bbox 794 5408 1121 5480; x_wconf 72' lang='lat' dir='ltr'><strong>CLXXXIII,</strong></span> <span class='ocrx_word' id='word_1_798' title='bbox 1161 5414 1363 5480; x_wconf 90' lang='lat' dir='ltr'><strong>scripta</strong></span> <span class='ocrx_word' id='word_1_799' title='bbox 1394 5426 1537 5464; x_wconf 83' lang='lat' dir='ltr'><strong>anno</strong></span> <span class='ocrx_word' id='word_1_800' title='bbox 1565 5412 1688 5465; x_wconf 78' lang='lat'><strong>372.</strong></span> 
     </span>
    </p>
   </div>
   <div class='ocr_carea' id='block_1_109' title="bbox 572 5479 1781 5553">
    <p class='ocr_par' dir='ltr' id='par_1_109' title="bbox 572 5479 1781 5553">
     <span class='ocr_line' id='line_1_109' title="bbox 572 5479 1781 5553; baseline 0.003 -22"><span class='ocrx_word' id='word_1_801' title='bbox 572 5480 684 5553; x_wconf 55' lang='grc' dir='ltr'><strong>(ἓξ)</strong></span> <span class='ocrx_word' id='word_1_802' title='bbox 717 5479 829 5553; x_wconf 76' lang='grc' dir='ltr'><strong>Κᾳὶ</strong></span> <span class='ocrx_word' id='word_1_803' title='bbox 854 5479 1174 5553; x_wconf 70' lang='grc' dir='ltr'>ἐδεξάμην.</span> <span class='ocrx_word' id='word_1_804' title='bbox 1209 5479 1356 5553; x_wconf 66' lang='lat' dir='ltr'><strong>Harl.</strong></span> <span class='ocrx_word' id='word_1_805' title='bbox 1391 5481 1781 5553; x_wconf 26' lang='lat' dir='ltr'><strong>xataﬁag‘dtitnv.</strong></span> 
     </span>
    </p>
   </div>
   <div class='ocr_carea' id='block_1_110' title="bbox 575 5548 2065 5623">
    <p class='ocr_par' dir='ltr' id='par_1_110' title="bbox 575 5548 2065 5623">
     <span class='ocr_line' id='line_1_110' title="bbox 575 5548 2065 5623; baseline 0.002 -23"><span class='ocrx_word' id='word_1_806' title='bbox 575 5548 685 5623; x_wconf 63' lang='grc' dir='ltr'><strong>(Ξῖ)</strong></span> <span class='ocrx_word' id='word_1_807' title='bbox 726 5551 797 5623; x_wconf 64' lang='lat' dir='ltr'><strong>Td</strong></span> <span class='ocrx_word' id='word_1_808' title='bbox 831 5548 1445 5623; x_wconf 45' lang='grc' dir='ltr'>γεγραμμένογηΗειξι.</span> <span class='ocrx_word' id='word_1_809' title='bbox 1487 5558 1540 5605; x_wconf 87' lang='lat' dir='ltr'><strong>et</strong></span> <span class='ocrx_word' id='word_1_810' title='bbox 1575 5548 1808 5623; x_wconf 62' lang='lat' dir='ltr'><strong>hie.de</strong></span> <span class='ocrx_word' id='word_1_811' title='bbox 1832 5550 2065 5623; x_wconf 57' lang='lat' dir='ltr'><strong>simiai-</strong></span> 
     </span>
    </p>
   </div>
   <div class='ocr_carea' id='block_1_111' title="bbox 507 5615 2027 5692">
    <p class='ocr_par' dir='ltr' id='par_1_111' title="bbox 507 5615 2027 5692">
     <span class='ocr_line' id='line_1_111' title="bbox 507 5615 2027 5692; baseline 0.002 -22"><span class='ocrx_word' id='word_1_812' title='bbox 507 5633 628 5692; x_wconf 53' lang='grc' dir='ltr'><strong>νον1</strong></span> <span class='ocrx_word' id='word_1_813' title='bbox 642 5615 809 5692; x_wconf 49' lang='lat' dir='ltr'><strong>Ballio</strong></span> <span class='ocrx_word' id='word_1_814' title='bbox 838 5615 960 5692; x_wconf 74' lang='lat' dir='ltr'><strong>post</strong></span> <span class='ocrx_word' id='word_1_815' title='bbox 993 5615 1134 5692; x_wconf 74' lang='lat' dir='ltr'><strong>idem</strong></span> <span class='ocrx_word' id='word_1_816' title='bbox 1170 5620 1451 5692; x_wconf 66' lang='lat' dir='ltr'><strong>Med._&#39;rtiiv</strong></span> <span class='ocrx_word' id='word_1_817' title='bbox 1477 5615 2027 5692; x_wconf 15' lang='lat' dir='ltr'><strong>oixEtdenrogAM&#39;ym‘y.</strong></span> 
     </span>
    </p>
   </div>
   <div class='ocr_carea' id='block_1_112' title="bbox 578 5686 2061 5759">
    <p class='ocr_par' dir='ltr' id='par_1_112' title="bbox 578 5686 2061 5759">
     <span class='ocr_line' id='line_1_112' title="bbox 578 5686 2061 5759; baseline 0.002 -19"><span class='ocrx_word' id='word_1_818' title='bbox 578 5686 691 5759; x_wconf 84' lang='lat'><strong>(28)</strong></span> <span class='ocrx_word' id='word_1_819' title='bbox 734 5686 1019 5743; x_wconf 79' lang='grc' dir='ltr'>Τοιούτων</span> <span class='ocrx_word' id='word_1_820' title='bbox 1065 5690 1272 5743; x_wconf 77' lang='grc' dir='ltr'><strong>ὄντων.</strong></span> <span class='ocrx_word' id='word_1_821' title='bbox 1319 5690 1455 5746; x_wconf 80' lang='lat' dir='ltr'><strong>Med.</strong></span> <span class='ocrx_word' id='word_1_822' title='bbox 1497 5686 1751 5744; x_wconf 84' lang='grc' dir='ltr'>τοιούτων</span> <span class='ocrx_word' id='word_1_823' title='bbox 1781 5686 2061 5759; x_wconf 79' lang='grc' dir='ltr'>ἀλγεινῶν.</span> 
     </span>
    </p>
   </div>
   <div class='ocr_carea' id='block_1_113' title="bbox 2230 5412 3736 5486">
    <p class='ocr_par' dir='ltr' id='par_1_113' title="bbox 2230 5412 3736 5486">
     <span class='ocr_line' id='line_1_113' title="bbox 2230 5412 3736 5486; baseline -0.002 -18"><span class='ocrx_word' id='word_1_824' title='bbox 2230 5415 2354 5486; x_wconf 14' lang='grc'>(29),</span> <span class='ocrx_word' id='word_1_825' title='bbox 2386 5415 2664 5483; x_wconf 80' lang='grc' dir='ltr'>Δεομένῃ.</span> <span class='ocrx_word' id='word_1_826' title='bbox 2700 5412 2835 5467; x_wconf 83' lang='lat' dir='ltr'><strong>Male</strong></span> <span class='ocrx_word' id='word_1_827' title='bbox 2868 5415 2921 5467; x_wconf 90' lang='lat' dir='ltr'><strong>in</strong></span> <span class='ocrx_word' id='word_1_828' title='bbox 2975 5413 3138 5469; x_wconf 89' lang='lat' dir='ltr'><strong>editis</strong></span> <span class='ocrx_word' id='word_1_829' title='bbox 3166 5413 3444 5486; x_wconf 84' lang='grc' dir='ltr'>δεομένης.</span> <span class='ocrx_word' id='word_1_830' title='bbox 3485 5413 3736 5468; x_wconf 86' lang='lat' dir='ltr'><strong>Erratum</strong></span> 
     </span>
    </p>
   </div>
   <div class='ocr_carea' id='block_1_114' title="bbox 2162 5485 2945 5554">
    <p class='ocr_par' dir='ltr' id='par_1_114' title="bbox 2162 5485 2945 5554">
     <span class='ocr_line' id='line_1_114' title="bbox 2162 5485 2945 5554; baseline -0.004 -13"><span class='ocrx_word' id='word_1_831' title='bbox 2162 5485 2359 5541; x_wconf 84' lang='lat' dir='ltr'><strong>sustuli</strong></span> <span class='ocrx_word' id='word_1_832' title='bbox 2390 5500 2491 5554; x_wconf 84' lang='lat' dir='ltr'><strong>ope</strong></span> <span class='ocrx_word' id='word_1_833' title='bbox 2524 5486 2772 5538; x_wconf 87' lang='lat' dir='ltr'><strong>codicum</strong></span> <span class='ocrx_word' id='word_1_834' title='bbox 2812 5500 2945 5554; x_wconf 83' lang='lat' dir='ltr'><strong>mss.</strong></span> 
     </span>
    </p>
   </div>
   <div class='ocr_carea' id='block_1_115' title="bbox 2233 5552 3739 5624">
    <p class='ocr_par' dir='ltr' id='par_1_115' title="bbox 2233 5552 3739 5624">
     <span class='ocr_line' id='line_1_115' title="bbox 2233 5552 3739 5624; baseline -0.003 -14"><span class='ocrx_word' id='word_1_835' title='bbox 2233 5556 2343 5624; x_wconf 76' lang='lat'><strong>(50)</strong></span> <span class='ocrx_word' id='word_1_836' title='bbox 2385 5552 2583 5619; x_wconf 84' lang='grc' dir='ltr'>Ὅπως</span> <span class='ocrx_word' id='word_1_837' title='bbox 2636 5554 2763 5624; x_wconf 62' lang='lat' dir='ltr'><strong>oin:</strong></span> <span class='ocrx_word' id='word_1_838' title='bbox 2787 5553 3201 5624; x_wconf 66' lang='lat' dir='ltr'><strong>_é:rt6.el£nq08.</strong></span> <span class='ocrx_word' id='word_1_839' title='bbox 3248 5552 3498 5624; x_wconf 78' lang='lat' dir='ltr'><strong>lta__ms_s.</strong></span> <span class='ocrx_word' id='word_1_840' title='bbox 3561 5559 3739 5607; x_wconf 79' lang='lat' dir='ltr'><strong>nostri</strong></span> 
     </span>
    </p>
   </div>
   <div class='ocr_carea' id='block_1_116' title="bbox 2162 5620 3504 5687">
    <p class='ocr_par' dir='ltr' id='par_1_116' title="bbox 2162 5620 3504 5687">
     <span class='ocr_line' id='line_1_116' title="bbox 2162 5620 3504 5687; baseline -0.007 -4"><span class='ocrx_word' id='word_1_841' title='bbox 2162 5620 2376 5683; x_wconf 73' lang='lat' dir='ltr'><strong>summo</strong></span> <span class='ocrx_word' id='word_1_842' title='bbox 2402 5638 2696 5681; x_wconf 85' lang='lat' dir='ltr'><strong>consensu.</strong></span> <span class='ocrx_word' id='word_1_843' title='bbox 2726 5622 2866 5677; x_wconf 86' lang='lat' dir='ltr'><strong>Editi</strong></span> <span class='ocrx_word' id='word_1_844' title='bbox 2885 5624 3032 5687; x_wconf 80' lang='grc' dir='ltr'>ὅπως</span> <span class='ocrx_word' id='word_1_845' title='bbox 3054 5620 3144 5678; x_wconf 77' lang='grc' dir='ltr'>οὖν</span> <span class='ocrx_word' id='word_1_846' title='bbox 3173 5621 3504 5687; x_wconf 79' lang='grc' dir='ltr'>ὲπιδείξεσθε</span> 
     </span>
    </p>
   </div>
  </div>
