3868 6218
156 308 271 368 $09

1131 312 1619 369 EPISTULARUM
1656 313 1942 370 CLASSIS
1977 312 2040 369 ll.
2081 312 2300 369 EPIST.
2340 313 2477 370 CIV.

3296 309 3407 370 5l0

162 426 301 482 δίαν.
335 426 481 495 ὥστε,
522 428 692 500 λήθην
737 429 837 501 μὲν
883 430 1031 502 αὐτῷ
1077 431 1393 500 ἐγγενέσθαι
1446 434 1725 504 πατρίδος,

1851 443 1957 489 aunt
1985 434 2239 505 dignitati
2280 441 2478 489 vestrae
2524 440 2652 488 nota
2696 431 2888 498 faciat,
2921 439 2976 487 et
3012 430 3156 486 diem
3205 428 3405 488 festum

163 518 329 590 λήθην
349 519 407 573 δὲ
429 520 701 589 συγγενῶν
716 522 853 592 (31),
880 522 1047 594 λήθην
1071 523 1127 576 δὲ
1148 522 1275 576 λαοῦ
1296 523 1549 578 τοσοῦτον
1575 524 1735 596 ὲξηρ-

161 610 399 680 τημένου
422 612 524 681 τῆς
553 613 887 682 προστασίας
915 614 1109 679 αὑτοῦ,
1142 615 1265 667 ὅσον
1304 614 1513 668 παιδίον
1544 617 1735 687 νεαρὸν

159 701 258 770 τῆς
305 700 566 773 μητρῴας
612 702 800 773 θηλῆς.
862 703 1371 775 Προαπεστείλαμεν
1406 706 1463 758 δὲ
1508 706 1734 773 Νικίαν,

1838 524 2013 594 agitis
2043 526 2097 577 in
2130 532 2507 587 antecessum,
2534 537 2598 576 ac
2629 521 2878 585 Domino,
2914 521 3005 591 qui
3029 534 3193 590 opera
3219 528 3407 573 uestra

1842 626 2084 671 vestrum
2117 623 2302 670 votum
2338 615 2635 686 adimplere
2665 612 2923 685 dignatus
2951 621 3055 675 est,
3086 611 3289 682 gratias
3323 625 3411 665 rc-

1845 708 2115 778 petulatis.

158 790 301 844 ὥστε
334 793 404 844 τὰ
431 794 695 863 γενόμενα
732 795 938 867 φανερὰ
977 795 1316 865 καταστῆσαι
1357 799 1423 867 τῇ
1463 798 1734 868 τιμιότητι
1775 799 1958 869 ὑμῶν,
2020 800 2115 852 καὶ⁵
2178 798 2544 870 προλαϐόντας
2580 798 2721 869 ὑμᾶς
2762 795 3038 867 ἑορτάζειν
3070 792 3163 847 καὶ
3192 784 3413 862 εὐχῶρι·

162 886 309 937 στεῖν
337 884 416 955 τῷ
442 887 629 958 Κυρίῳ
653 887 731 956 τῷ
755 888 823 941 δι’
854 891 883 955 ἡ
892 889 1009 957 μῶν
1031 889 1425 953 καταξιώσαντι
1445 890 1541 962 τὴν
1571 891 1735 962 εὐχὴν
1772 890 1925 962 ὑμῶν
1960 890 2398 962 έκπληρωθῆναι.

690 1003 1035 1056 ΕΠΙΣΤΟΛΗ
1073 1005 1191 1059 Pl".

2367 1002 2703 1058 EPISTOLA
2739 1002 2892 1057 Clll'.

802 1115 1007 1167 Nuntiat
1031 1117 1359 1168 Salalensilms
1382 1116 1540 1167 virum
1564 1116 2017 1182 prwstantissimum
2038 1131 2069 1167 a
2087 1132 2138 1169 se
2163 1115 2439 1182 episcopum
2463 1114 2561 1166 illis
2582 1113 2801 1166 concedi.

682 1219 1057 1272 Σαταλεῦσιν
1089 1221 1198 1291 (32)
1210 1266 1221 1274 .

231 1336 481 1402 Ἥγαγεν
524 1335 602 1396 είς
648 1332 806 1403 ἔργον
853 1333 883 1385 ό
925 1334 1130 1404 Κύριος
1172 1334 1264 1388 τοῦ
1301 1334 1428 1389 λαοῦ
1472 1335 1634 1389 αὑτοῦ
1673 1335 1742 1389 τὰ

155 1429 461 1498 αἰτήματα,
504 1425 597 1478 καὶ
639 1423 837 1478 ἔδωκεν
878 1424 1028 1494 αὐτῷ
1072 1426 1160 1480 διὰ
1195 1427 1292 1497 τῆς
1330 1426 1601 1497 ἡμετέρας
1647 1443 1743 1480 τα-

2427 1221 2815 1275 Satalensibus.

1905 1331 2168 1388 Perduxit
2224 1333 2295 1388 ad
2351 1334 2558 1388 exitum
2618 1332 2879 1388 Dominus
2913 1332 3101 1402 populi
3152 1332 3236 1388 sui
3267 1334 3411 1404 peti-

1837 1425 2033 1492 tiones,
2086 1426 2244 1495 eique
2279 1441 2375 1495 per
2435 1437 2679 1480 nostram
2736 1426 3089 1480 humilitatem
3133 1433 3409 1494 pastorem

158 1518 475 1581 πεινὼσεως
509 1517 741 1587 ποιμένα
780 1516 930 1582 ἄξιον
964 1518 1065 1588 μὲν
1103 1518 1195 1571 τοῦ
1229 1520 1507 1589 ὀνόματος,
1550 1520 1643 1572 καὶ
1677 1520 1738 1572 οὐ

1851 1516 2015 1582 ledit,
2059 1518 2278 1589 dignum
2320 1519 2576 1581 nomine,
2620 1532 2720 1573 nec
2752 1518 3008 1584 verbum,
3055 1527 3115 1573 ut
3167 1518 3413 1588 plerique

156 1609 301 1662 κατὰ
324 1610 453 1672 τοὺς
486 1607 709 1671 πολλοὺς
747 1608 1126 1678 καπηλεύοντα
1160 1610 1250 1662 τὸν
1290 1609 1468 1678 λόγον,
1507 1610 1739 1680 δυνάμε-

156 1719 247 1754 νον
271 1701 330 1754 δὲ
356 1700 451 1754 καὶ
477 1701 605 1768 ὑμῖν
633 1700 742 1769 (33)
767 1703 880 1764 τοῖς
906 1701 1004 1772 τὴν
1024 1701 1292 1773 ὀρθότητα
1324 1701 1416 1754 τοῦ
1447 1700 1736 1772 κηρύγμα-

156 1810 251 1854 τος
285 1792 566 1859 ἀγαπῶσι,
606 1791 699 1844 καὶ
726 1791 825 1861 τὴν
851 1791 970 1844 κατ’
1003 1791 1222 1852 ἐντολὰς
1248 1789 1341 1844 τοῦ
1371 1791 1572 1863 Κυρίου
1596 1792 1738 1861 ζωὴν

156 1880 617 1950 καταδεξαμένοις
639 1880 767 1950 (54),
793 1882 1047 1950 ἀρέσκειν
1084 1881 1204 1934 καθ’
1244 1879 1546 1951 ὑπερϐολὴν
1576 1882 1633 1933 ὲν
1663 1879 1740 1950 τῷ

154 1973 387 2043 ὀνόματι
410 1971 521 2043 (55)
553 1970 646 2024 τοῦ
675 1972 877 2042 Κυρίου
902 1971 995 2024 τοῦ
1026 1971 1413 2043 πληρώσαντος
1446 1972 1606 2027 αὑτὸν
1630 1972 1738 2025 τῶν

158 2061 555 2133 πνευματικῶν
579 2061 741 2115 αὐτοῦ
774 2063 1149 2133 χαρισμάτων.

690 2175 1039 2229 ΕΠΙΣΤΟΛΗ
1075 2175 1194 2227 ΡΔ’.

159 2292 287 2345 (tm
302 2291 368 2341 ad
390 2290 515 2343 alias
542 2291 866 2355 Cappadocia:
888 2289 1181 2355 calamitates
1202 2288 1328 2340 illud
1352 2289 1645 2355 accessisset,
1667 2293 1901 2355 ntemnas
1922 2288 2150 2341 Ecclesia:
2169 2286 2396 2355 ministri
2405 2285 2568 2355 censui
2581 2285 2933 2355 subjicerentur
2949 2323 2962 2347 ,
2986 2296 3105 2352 roga

1840 1610 2040 1675 solent,
2091 1618 2488 1680 cauponantem
2516 1651 2530 1675 ,
2584 1609 2679 1664 sed
2728 1609 2821 1681 qui
2863 1610 3018 1664 vobis
3052 1619 3252 1663 rectam
3313 1610 3413 1664 do-

1840 1701 2075 1754 ctrinam
2114 1699 2465 1771 diligentibus
2491 1742 2505 1765 ,
2549 1701 2823 1771 vitamque
2872 1698 3082 1753 Domini
3130 1700 3412 1771 praeceptis

1841 1800 2263 1846 consentaneam
2314 1790 2694 1862 proﬁtentibus
2723 1831 2737 1854 ,
2795 1791 3007 1861 placere
3052 1792 3308 1860 majorem
3356 1791 3413 1844 in

1840 1883 2059 1937 modum
2089 1884 2264 1952 possit
2303 1884 2359 1938 in
2409 1884 2630 1938 nomine
2659 1881 2893 1948 Domini,
2927 1882 3022 1953 qui
3087 1883 3239 1936 illum
3297 1881 3412 1952 spi-

1841 1974 2133 2030 ritualibns
2163 1975 2280 2030 suis
2309 1975 2469 2032 donis
2496 1974 2830 2045 adimplevit.

2372 2169 2708 2227 EPISTOLA
2744 2169 2918 2226 CIV“.

3107 2284 3415 2337 ιιιοαισιωιι

654 2352 885 2411 Basilius,
906 2359 957 2402 ut
981 2351 1325 2403 immunitatem
1344 2352 1560 2414 aliquam
1585 2364 1680 2401 non
1703 2350 1924 2417 deneget,
1952 2364 2153 2416 eamque
2181 2348 2396 2415 episcopi
2419 2346 2622 2400 arbitrio
2644 2346 2919 2398 cbnmtitlal.

654 2456 937 2523 Μοδέστῳ
964 2455 1226 2525 ὑπάρχῳ.

233 2570 378 2624 Αὐτὸ
408 2570 470 2623 τὸ
497 2571 726 2641 γράφειν
757 2570 890 2640 πρὸς
919 2570 1085 2641 ἄνδρα
1116 2568 1397 2633 τοσοῦτον,
1433 2568 1536 2623 κᾶν
1568 2570 1735 2640 μηδε-

163 2664 268 2734 μία
302 2664 573 2736 πρόφασις
610 2662 773 2734 ἑτέρα
818 2665 1015 2733 προσῇ,
1067 2661 1319 2731 μέγιστόν
1357 2662 1471 2713 ἐστι
1510 2660 1618 2713 τῶν
1659 2662 1740 2723 είς

156 2754 333 2824 τιμὴν
375 2752 652 2824 φερόντων
704 2754 816 2815 τοῖς
862 2750 1287 2821 αἰσθανομένοις
1336 2749 1469 2803 διότι
1503 2751 1556 2801 αἱ
1606 2748 1740 2819 πρὸς

157 2847 290 2909 τοὺς
321 2843 645 2915 παμπληθὲς
669 2844 779 2914 (56)
801 2844 908 2896 τῶν
932 2842 1133 2895 λοιπῶν
1157 2842 1519 2913 ὑπερέχοντας
1536 2839 1741 2910 ὁμιλίαι

163 2934 433 3005 μεγίστην
459 2938 571 2998 τοίς
602 2934 939 3004 ἀξιουμένοις
972 2935 1325 3005 περιφάνειαν
1370 2930 1737 3003 προξενοῦσιν.

171 3026 334 3095 Ἐμοὶ
364 3024 407 3077 δ’
440 3024 580 3096 ὑπὲρ
623 3024 876 3096 πατρίδος
913 3026 1093 3093 πάσης
1130 3022 1436 3091 ἁγωνιῶντι
1466 3022 1737 3091 ἀναγκαία

160 3118 303 3188 πρὸς
348 3116 448 3187 τὴν
491 3117 588 3187 σὴν
637 3115 988 3186 μεγαλόνοιαν
1021 3118 1055 3186 ἡ
1099 3114 1366 3178 ἔντευξις,
1407 3108 1475 3185 ἧς
1513 3112 1738 3165 ἱκετεύω

160 3206 361 3276 πράως
386 3206 480 3259 καὶ
509 3206 648 3259 κατὰ
674 3207 765 3259 τὸν
789 3204 1012 3259 σεαυτοῦ
1042 3206 1242 3276 τρόπον
1271 3202 1616 3274 ἀνασχέσθαι.
1645 3204 1739 3256 καὶ

158 3300 325 3368 χεῖρα
371 3297 555 3367 ὀρέξαι
602 3300 668 3368 τῇ
719 3297 937 3367 πατρίδι
988 3296 1144 3368 ἡμῶν
1193 3297 1273 3359 εἰς
1324 3296 1452 3364 γόνυ
1491 3295 1588 3366 ἤδη
1634 3292 1742 3347 κλι-

158 3388 323 3459 Θείσῃ
352 3389 483 3458 (57).
504 3389 657 3442 Ἔστι
687 3389 742 3441 δὲ
765 3390 903 3460 ὑπὲρ
922 3384 980 3443 οὗ
1005 3387 1317 3458 ἱκετεύομέν
1338 3404 1397 3440 σε
1423 3386 1484 3439 τὸ
1511 3387 1741 3457 πρᾶγμα

161 3480 428 3535 τοιοῦτον.
455 3481 591 3542 Τοὺς
618 3480 697 3550 τῷ
727 3479 845 3550 Θεῷ
880 3479 1035 3549 ἡμῶν
1067 3478 1411 3549 ἱερωμένους,
1445 3475 1744 3549 πρεσϐυτέ-

167 3585 300 3640 ρους
334 3569 432 3623 καὶ
461 3569 740 3632 διακόνους
782 3568 917 3637 (38),
956 3568 985 3619 ό
1032 3567 1260 3631 παλαιὸς
1307 3567 1501 3637 κῆνσος
1536 3565 1744 3628 ἀτελεῖς

165 3660 382 3730 ἀφῆκεν
412 3659 546 3731 (59).
579 3661 645 3713 Ui.
683 3658 741 3712 δὲ
784 3658 878 3712 νῦν
916 3658 1387 3731 ἀπογραψάμενοι,
1428 3658 1503 3722 ὡς
1544 3659 1603 3709 οὒ
1648 3656 1744 3709 λα-

246 3813 359 3882 (51)
391 3811 727 3883 Συγγενῶν.
759 3813 839 3868 lta
891 3828 1081 3868 omnes
1118 3812 1291 3867 nostri
1319 3812 1560 3868 codices.
1603 3812 1745 3869 Editi

170 3884 514 3954 συγγενείας.
559 3884 674 3937 Sub
701 3883 858 3938 linem
886 3890 1141 3954 corrupte
1179 3884 1234 3937 in
1289 3883 1447 3938 editis
1476 3884 1542 3936 δι’
1575 3885 1743 3954 ἡμᾶς.

170 3951 305 4008 Mss.
344 3964 405 4007 ut
440 3954 494 4006 in
532 3961 703 4006 textu.

245 4023 357 4092 (52)
398 4024 793 4078 Σατανιεῦσιν.
850 4023 907 4078 In
953 4023 1236 4080 codicibus
1274 4020 1423 4076 llarl.
1466 4031 1521 4077 et
1574 4023 1744 4079 Coisl.

171 4095 355 4163 primo
384 4093 499 4146 haec
525 4095 749 4161 cpistola
774 4095 975 4159 dicitur
1003 4093 1391 4162 ἀνεπίγραφος,
1426 4094 1536 4146 sine
1560 4094 1750 4148 inscri—

169 4165 371 4286 ﬁtione.
415 4163 472 4215 In
527 4165 650 4218 aliis
680 4166 853 4219 tribus
898 4166 1093 4235 legitur
1142 4165 1254 4226 τοῖς
1290 4165 1491 4224 αὐτοῖς,
1539 4163 1744 4217 iisdem.

224 4248 385 4286 evera
411 4234 523 4286 haec
564 4236 791 4286 eoistola
815 4251 1080 4286 summam
1107 4233 1267 4286 habet
1291 4234 1744 4286 necessitudinem

224 4248 385 4287 evera
411 4234 523 4286 haec
564 4236 791 4301 epistola
815 4233 1080 4289 summam
1107 4233 1267 4286 habet
1291 4234 1747 4288 necessitudinem

170 4318 303 4356 cum
359 4300 715 4372 praecedenti;
766 4320 865 4357 nec
920 4306 1083 4358 alium
1145 4301 1424 4357 Pennenio
1481 4300 1748 4359 Satalensi

170 4372 391 4427 videtur
422 4373 709 4441 designare
742 4373 997 4435 Basilius,
1029 4373 1157 4427 dum
1210 4373 1285 4425 ait
1332 4379 1605 4442 pastorem
1650 4390 1749 4428 no-

172 4444 328 4495 mine
361 4444 583 4512 dignum
620 4446 817 4513 populo
849 4446 1036 4497 datum
1072 4442 1258 4496 fuisse.

270 4513 362 4580 55)
404 4514 513 4566 Kal
551 4511 714 4581 ὑμῖνζ
743 4512 820 4566 lta
850 4530 944 4568 sex
978 4528 1109 4567 mss.
1141 4512 1279 4565 Editi
1302 4511 1395 4565 καὶ
1421 4513 1576 4581 ἡμῖν.

270 4519 362 4580 55)
404 4519 513 4566 Kal
551 4519 714 4581 ὑμῖν.
743 4519 817 4566 lta

176 4604 181 4607 ’
246 4519 362 4653 (54)
401 4583 817 4652 Καταδεξαμέν

176 4738 362 4793 μενοςο

414 4791 696 4872 ξρνόματιε
716 4790 803 4872 _lta
830 4808 1022 4872 omnes
1056 4790 1364 4872 mss.“Edi_ti
1390 4792 1616 4872 ῥήματι.

405 4860 783 4931 Πιιμέτληθές.
844 4863 922 4917 Ita
981 4879 1115 4918 mss.
1190 4861 1330 4915 Editi
1386 4860 1749 4932 παμπληθεῖς.

173 4928 297 5016 Non
325 4928 504 4986 multo
514 4941 632 5003 post
648 4928 890 5003 quatuor
917 4949 1050 4990 mss.
1085 4933 1420 4989 recentiores
1446 4928 1513 4984 δι’
1543 4928 1613 5002 ἦς
1639 4934 1751 4985 ἱκε-

173 5018 236 5055 τε
243 5020 340 5055 υω.

251 5066 364 5144 (57)
402 5072 709 5144 κλιθεισῃ.
748 5070 853 5144 _Sic
910 5089 1101 5129 omnes
1176 5087 1310 5129 mss.
1365 5086 1464 5142 pro
1495 5084 1561 5124 eo
1606 5072 1752 5141 quod

173 5141 301 5214 erat
326 5145 379 5196 in
410 5143 571 5197 editis
609 5141 857 5214 ἐλθούσῃ.

249 5213 359 5283 (58)
384 5202 949 5279 Πρεσϐυτέρουςτκαὶ
975 5214 1309 5278 διακόνους.
1336 5211 1612 5281 Leguntur
1637 5210 1751 5266 haec

175 5281 532 5363 inomnibus
582 5285 865 5364 codicibus
916 5300 1049 5364 mss.
1268 5292 1446 5336 tamen
1505 5283 1752 5362 videntur

176 5354 355 5420 primo
410 5354 653 5422 apposita
691 5354 757 5406 ad
792 5356 1090 5423 marginem
1132 5355 1321 5415 fuisse,
1358 5360 1416 5405 ut
1448 5354 1749 5418 explicare-

176 5433 269 5495 tur
300 5423 431 5476 illud
459 5422 785 5495 ἱερωμένους
805 5463 823 5495 ,ν
851 5425 1065 5487 deinde,
1091 5431 1149 5477 ut
1178 5438 1319 5492 saepe
1346 5422 1477 5495 alias
1500 5420 1747 5495 conligit,

178 5492 236 5563 in
270 5491 605 5548 contextum
633 5494 942 5563 irrepsisse.
988 5495 1041 5548 l°
1081 5491 1313 5548 Basilius
1365 5492 1452 5545 his
1497 5491 1746 5556 vocibus,

178 5562 533 5635 ἱερωμένους,
578 5562 902 5634 ἱερατικούς,
949 5581 1058 5620 non
1103 5565 1449 5635 presbyteros
1494 5564 1749 5635 solumnet

177 5632 467 5695 diaconos,
508 5636 603 5688 sed
632 5632 791 5690 alios
821 5638 981 5690 etiam
1044 5632 1282 5691 clericos
1313 5632 1745 5703 comprehendit,

179 5711 242 5758 ut
284 5704 694 5762 observavimus
720 5706 785 5762 ad
818 5708 977 5778 epist.
1014 5706 1101 5763 54.
1150 5707 1207 5760 2°
1232 5706 1468 5777 Antiqua
1502 5705 1589 5758 illa
1637 5706 1745 5771 lex,

2356 2450 2594 2506 Modesto
2624 2450 2868 2520 pra’fecto

1914 2566 2016 2626 Ad.
2059 2567 2233 2621 virum
2298 2572 2506 2619 tantum
2562 2565 2649 2620 vel
2716 2565 2926 2620 litteras
2977 2565 3140 2629 dare,
3200 2561 3415 2619 etiamsi

1842 2657 1992 2711 nulla
2039 2656 2144 2708 alia
2213 2654 2286 2710 sit
2354 2666 2541 2720 causa,
2602 2654 2838 2707 maximo
2874 2663 2955 2708 est
2988 2652 3181 2707 honori
3210 2652 3415 2708 intelli-

1841 2746 2091 2813 gentibus
2122 2764 2145 2813 ς»
2201 2746 2329 2816 quia
2368 2744 2641 2814 colloquia
2680 2760 2803 2799 cum
2850 2745 2983 2800 viris
3021 2744 3284 2815 dignitate
3316 2759 3416 2799 caa-

1842 2845 1990 2893 teros
2049 2838 2207 2903 longe
2271 2837 2703 2907 superantibus,
2771 2836 3064 2906 plurimum
3105 2836 3414 2905 splendoris

1843 2930 1911 2985 iis
1940 2969 1956 2994 ,
1994 2931 2193 3000 quibus
2226 2929 2280 2984 id
2334 2929 2607 2999 obtigerit,
2653 2928 2905 2984 all'erunt.
2945 2928 3073 2982 Mihi
3108 2935 3287 2982 autem
3317 2943 3416 2999 pro

1845 3024 2093 3078 universa
2125 3023 2298 3091 patria
2337 3022 2605 3077 laboranti
2635 3021 2944 3077 necessaria
2971 3026 3055 3075 est
3087 3020 3229 3090 apud
3261 3027 3411 3074 tuam

1842 3113 2340 3183 magnanimitatem
2393 3111 2735 3181 deprecatio,
2810 3125 2973 3181 quam
3025 3125 3155 3179 rogo
3222 3109 3417 3164 leniter

1840 3214 1894 3262 et
1960 3212 2053 3259 tuo
2089 3219 2238 3259 more
2297 3203 2558 3274 perferas,
2608 3218 2672 3257 ac
2712 3203 2901 3283 patriae
2962 3211 3162 3255 nostra:
3188 3201 3302 3271 jam
3359 3202 3415 3255 in

1840 3312 2015 3372 genua
2053 3297 2323 3351 inclinata:
2356 3310 2576 3349 manum
2624 3294 2890 3365 porrigas.
2930 3291 3212 3363 Negotium
3254 3305 3417 3361 porro

1842 3392 2001 3461 cujus
2041 3405 2206 3446 causa
2247 3398 2300 3444 te
2330 3403 2636 3460 precamur,
2694 3386 2965 3455 ejusmodi
3028 3390 3131 3439 est.
3169 3381 3275 3438 Eos
3321 3379 3415 3453 qui

1841 3482 1951 3537 Deo
2003 3491 2191 3536 nostro
2255 3480 2592 3541 ministrant,
2655 3478 3006 3549 presbyteros
3063 3475 3314 3529 videlicet
3361 3480 3416 3528 et

1842 3574 2124 3637 diaconos,
2169 3578 2328 3626 vetus
2352 3586 2554 3624 census
2587 3569 2858 3623 immunes
2892 3566 3129 3636 reliquit.
3160 3563 3264 3632 Qui
3313 3579 3416 3617 au-

1843 3673 1951 3719 tem
1998 3677 2145 3717 nunc
2193 3660 2498 3717 recensioni
2536 3659 2698 3730 199
2728 3673 2949 3729 operam
3009 3656 3173 3722 dant,
3218 3655 3291 3722 ii,
3359 3664 3412 3709 ut

1844 3821 2168 3889 quamicitat
2194 3817 2459 3889 Basilius,
2484 3824 2665 3889 exstat
2693 3816 2746 3889 in
2778 3811 3408 3889 codice_Theodosiano,

1847 3883 1978 3945 tom.
2019 3887 2109 3952 Vl,
2152 3889 2233 3942 tit.
2269 3888 2325 3949 2,
2363 3904 2416 3958 p.
2452 3888 2546 3958 ‘54.
2594 3885 2670 3940 lbi
2710 3884 3061 3958 Constantius
3103 3883 3417 3958 immunita-

1846 3970 1953 4015 tem
1994 3974 2024 4011 a
2072 3958 2307 4013 sordidis
2340 3952 2687 4012 muneribus.
2722 3970 2751 4007 a
2784 3956 3070 4008 collatione
3105 3952 3311 4006 lustrali
3362 3958 3418 4007 et

1849 4047 1877 4085 a
1902 4030 2158 4083 censibus
2188 4029 2439 4083 concedit
2475 4043 2582 4081 non
2621 4026 2795 4079 solum
2835 4023 3165 4094 presbyteris
3203 4030 3259 4076 et
3293 4022 3415 4076 dia-

1847 4100 2025 4162 conis,
2060 4099 2153 4152 sed
2182 4099 2343 4151 etiam
2375 4098 2497 4152 aliis
2522 4096 2736 4151 clericis
2770 4103 2823 4147 et
2849 4094 3162 4162 juvenibus,
3192 4106 3416 4162 eorum—

1848 4185 1953 4239 que
1996 4161 2315 4239 eonjugibus
2358 4176 2412 4221 et
2443 4168 2626 4239 liberis
2649 4176 2706 4239 et
2753 4164 3087 4239 ministeriis.
3116 4161 3251 4239 Hinc
3281 4161 3418 4239 Gre:

1851 4232 2037 4309 gorius
2078 4232 2452 4293 Naiianzenus
2495 4237 2549 4289 in
2578 4232 2955 4309 epistola_l(36
2995 4237 3241 4309 queritur
3272 4232 3418 4302 quod

1856 4303 2060 4370 clerici,
2096 4310 2186 4378 qui
2227 4323 2410 4361 secum
2442 4303 2690 4378 erantet
2721 4303 2967 4378 in__domo
2991 4319 3110 4366 sua,
3144 4304 3417 4378 immunes

1856 4395 1964 4433 non
2014 4373 2144 4441 sint,
2180 4393 2303 4431 cum
2332 4378 2385 4431 in
2429 4378 2549 4430 aliis
2594 4373 2893 4429 civitatibus
2932 4390 3107 4427 omnes
3140 4374 3229 4441 qui
3274 4373 3419 4426 circa

1856 4450 2151 4503 sacrarium
2175 4459 2451 4501 versantur
2472 4446 2679 4508 πάντας
2705 4446 2831 4506 τοὺς
2859 4444 2985 4515 περὶ
3020 4443 3083 4515 τὸ
3115 4443 3284 4514 βῆμα,
3314 4443 3417 4515 hoc

1856 4520 2522 4593 beneﬁcioperfruantur.
2560 4516 2615 4593 ὅς’
2655 4515 2909 4593 Basilius,
2935 4512 3127 4593 qui__i1_i
3167 4512 3267 4591 hac
3296 4512 3414 4593 epit

819 4601 929 4658 _0_t_c_-
956 4583 1045 4658 lla_
1069 4583 1216 4658 Ηξιΐιο
1248 4576 1500 4658 εει-(ἷοίέῖο
1545 4581 1755 4658 Primus
1856 4591 1995 4644 stola
2040 4576 2172 4658 petii
2199 4597 2257 4641 ut
2289 4602 2549 4642 concessa
2593 4576 2907 4658 immunitas
2945 4576 3153 4658 judicio
3173 4576 3416 4658 episcopi
3490 4576 3510 4595 ⁸

172 4651 306 4707 cuin
338 4651 460 4706 aliis
486 4651 751 4723 pluribus.
786 4654 965 4708 Editio
1011 4652 1187 4707 Paris.
1232 4653 1410 4722 prima
1460 4651 1756 4715 καταδεξά-
1790 4698 1794 4703 .

1853 4652 2218 4730 dispensanda
2244 4660 2605 4730 permittatur,
2633 4669 2738 4709 non
2752 4652 2963 4730 videtur
2989 4654 3120 4708 solis
3137 4652 3419 4730 presbyte-

1855 4722 2014 4785 ris-et
2049 4722 2294 4783 diaconis
2340 4727 2734 4780 immunitatem
2788 4725 3045 4793 petiisse;
3078 4722 3416 4793 cumipsius

1853 4799 2141 4853 interesset
2193 4805 2254 4851 ut
2282 4797 2397 4850 haec
2438 4796 2733 4850 liberalitas
2770 4790 2835 4847 ad
2865 4810 2959 4849 eos
2995 4794 3157 4848 etiam
3186 4790 3415 4847 clericos

1853 4884 1990 4939 quos
2021 4867 2166 4922 domi
2197 4882 2309 4922 suae
2342 4867 2590 4939 habebat,
2617 4874 2671 4920 et
2696 4863 2761 4916 ad
2774 4865 2935 4939 _ali_os
2962 4861 3335 4939 pauperrimos
3362 4867 3417 4914 et

1853 4932 2097 4992 omnium
2119 4952 2317 5006 egenas
2347 4936 2748 5006 extenderetur.
2774 4932 3038 4988 Videntur
3062 4932 3196 5006 ergo
3213 4933 3294 4984 hac
3321 4944 3415 4985 vo-

1853 5024 1963 5070 ces,
1995 5002 2395 5079 πρεσϐὐτέρους
2423 5006 2516 5079 καὶ
2542 5002 2818 5079 διακόνους
2837 5042 2852 5067 ,
2883 5003 3248 5079 expungendaa
3268 5015 3416 5079 ;__nee

1853 5069 2053 5133 tamen'
2083 5078 2213 5130 mihi
2261 5069 2401 5129 hanc
2457 5075 2731 5130 licentiam
2775 5069 3004 5144 sumpsi,
3031 5069 3159 5144 quia
3200 5069 3417 5126 codices

1851 5163 1983 5202 mss.
2020 5146 2408 5217 repugnabant.

1922 5218 2029 5287 (59)
2068 5212 2346 5285 ’Agaﬁxer.
2370 5212 2507 5268 Male
2528 5214 2597 5287 in
2614 5212 2780 5287 editis
2790 5212 3253 5287 ΔᾆιςρῆκανΑροῃῑιξξι
3297 5224 3410 5287 om-

1851 5279 2291 5341 nium'cod'icum
2338 5299 2471 5338 mss.
2532 5283 2709 5337 ﬁdem.
2764 5279 2961 5336 lbidein
3023 5279 3412 5338 Gothofredus.

1849 5359 1970 5411 cod.
2002 5355 2228 5421 Theod.,
2259 5363 2366 5407 tom
2399 5352 2487 5416 Vl,
2529 5356 2668 5422 pag.|
2695 5353 2788 5422 55,
2830 5351 3111 5422 legendum
3144 5357 3295 5419 putat
3339 5349 3417 5407 ὡς

1850 5427 2120 5490 λαϐόντες,
2151 5436 2207 5479 ut
2228 5433 2434 5491 accepto
2461 5420 2731 5476 mandato.
2768 5420 2869 5475 Sed
2889 5420 3201 5491 repugnant
3225 5433 3415 5491 omnes

1850 5489 2255 5560 cmlices’mss“
2300 5489 2399 5547 nec
2428 5493 2633 5547 levibus
2673 5493 2857 5547 causis
2896 5489 3109 5561 vulgata
3140 5489 3411 5558 scriptura

1850 5567 2060 5620 nititur.
2116 5565 2249 5619 Nam
2292 5562 2593 5617 Constantii
2649 5563 2781 5630 legis
2848 5578 2953 5614 non
3014 5561 3250 5615 maxima
3298 5564 3417 5614 erat

1919 5642 1935 5659 '
1969 5637 2118 5690 Alias
2152 5631 2661 5703 CCXCVl,Wscripta
2708 5648 2851 5686 anno
2889 5631 3012 5703 37%.

1919 5712 1961 5729 "
1998 5706 2147 5761 Alias
2172 5702 2495 5771 CCLXXIX,
2532 5699 2732 5775 scripta
2760 5704 2911 5758 anuo'
2935 5699 3058 5757 372.
