3868 6218
428 308 542 365 ’δη
1772 317 1830 375 S.
1871 317 2119 375 BASlLll
2158 318 2374 377 MAGNI
3594 318 3697 373 51‘!

443 426 598 481 nullo
633 441 665 480 a
725 428 947 484 sublimi
986 437 1079 485 tua
1147 441 1416 502 potestate
1478 442 1702 505 accepto
1742 434 2015 500 mandato,

2156 435 2307 499 όντες
2360 434 2511 507 παρά
2560 435 2661 507 τῆς
2708 430 3017 506 ὑπερφυοῦς
3073 448 3169 486 σου
3227 430 3475 496 ἐξουσίας
3530 432 3700 502 πρόσ-

443 531 542 571 eos
593 532 961 586 recensuere,
1016 522 1123 578 nisi
1186 523 1328 578 forte
1401 526 1623 595 quidam
1683 525 1903 580 aliunde
1958 526 2027 579 ab

2154 546 2311 599 ταγμα
2334 529 2467 600 (40),
2507 527 2913 599 ἀπεγράψαντο,
2953 525 3091 595 πλὴν
3122 527 3171 579 εί
3198 528 3270 596 μή
3305 524 3406 577 πού
3432 538 3579 586 τινες
3606 523 3705 577 ἀλ-

444 619 607 665 tetate
658 611 1058 667 immunitatem
1101 615 1381 670 haberent.
1423 614 1700 685 Rogamus
1743 617 1930 684 igitur,
1972 622 2030 669 ut

2154 637 2233 683 ,ως
2265 616 2410 690 εἷχον
2443 620 2548 673 ὑπὸ
2581 623 2678 690 τῆς
2716 618 2929 688 ἡλικίας
2962 616 3060 689 τὴν
3096 618 3305 686 ἄφεσιν.
3337 615 3581 686 Δεόμεθα
3611 611 3705 668 οὖν

447 700 553 755 hoc
582 703 738 758 nobis
768 712 874 759 tuae
895 706 1261 762 beneficentia:
1287 717 1696 761 monumentum
1726 708 2023 777 relinquas,

446 792 597 861 quod
667 802 897 850 venturo
944 797 1094 851 omni
1150 814 1264 853 aevo
1317 799 1514 853 bonam
1576 797 1656 852 tui
1709 798 2027 852 memoriam

448 895 756 951 conservet,
816 888 1084 958 nobisque
1152 890 1457 955 concedas,
1516 888 1819 944 secundum
1854 889 2027 957 legem

449 975 727 1044 antiquam
767 992 988 1041 census,
1058 993 1246 1033 sacros
1296 979 1606 1040 ministros;
1653 993 1753 1032 nec
1786 978 1840 1031 iu
1898 991 2027 1046 per-

450 1077 618 1119 sonas
667 1079 877 1130 eorum,
933 1068 1025 1135 qui
1066 1083 1213 1121 nunc
1250 1067 1473 1136 ascripti
1514 1075 1661 1131 sunt,
1717 1067 2031 1121 conferatur

449 1153 703 1208 remissio
732 1153 835 1221 (sic
871 1157 1016 1209 enim
1061 1155 1385 1210 beneﬁcium
1431 1157 1792 1209 transiturum
1834 1152 1917 1210 est
1960 1155 2029 1209 ad

452 1258 802 1301 successores
838 1263 1019 1317 :quos
1050 1264 1158 1303 non
1205 1263 1420 1317 semper
1472 1248 1744 1318 contingit
1790 1248 2032 1302 ministe-

450 1336 536 1390 rio
586 1352 745 1392 sacro
795 1354 916 1393 esse
944 1340 1184 1411 dignos),
1238 1340 1333 1394 sed
1372 1339 1671 1395 secundum
1724 1340 1906 1393 liberae
1936 1338 2032 1394 de-

454 1428 776 1497 scriptionis
827 1430 1103 1498 formam,
1165 1432 1475 1485 communis
1518 1430 1765 1500 quaedam
1798 1431 2028 1484 clerico—

453 1533 574 1572 rum
605 1518 697 1573 ﬂat
739 1521 1041 1587 concessio,
1092 1522 1226 1577 adeo
1272 1523 1458 1592 utqui
1512 1521 1785 1577 Ecclesias
1832 1522 2031 1592 guber-

453 1616 627 1673 nant,
698 1612 892 1680 quovis
951 1612 1071 1666 loco
1127 1613 1567 1667 ministrantibus
1631 1612 2028 1666 immunitatem

452 1698 675 1754 donent.
738 1700 860 1755 Haec
904 1712 958 1756 et
1011 1711 1118 1756 tua:
1166 1702 1603 1772 magnanimitati
1664 1703 2025 1756 immortalem

2133 711 2475 782 μνημόσυνον
2517 710 2618 780 τῆς
2697 710 2796 775 σῆς
2854 709 3170 780 εὐεργεσίας
3220 707 3377 760 τοῦτο
3426 708 3558 776 ἡμῖν
3603 708 3707 773 ἀφ-

2140 802 2328 871 εθῆναι
2350 800 2483 872 (41),
2521 801 2681 853 παντὶ
2704 800 2780 870 τῷ
2798 800 2998 852 ἐπιόντι
3033 799 3206 869 χρόνῳ
3231 795 3436 865 ἀγαθὴν
3459 796 3590 866 περ).
3610 793 3703 847 σοῦ

2133 893 2350 962 μνήμην
2396 890 2775 959 διαφυλάττον,
2819 890 2914 943 καὶ
2963 888 3380 959 συγχωρηθῆναι
3425 888 3571 940 κατὰ
3614 888 3706 940 τὶν

2132 982 2356 1035 παλαιὸν
2408 981 2568 1051 νόμον
2616 980 2715 1049 τῆς
2767 979 3073 1042 συντελείας
3122 980 3248 1042 τοὺς
3306 976 3701 1049 ίερατεύοντας⁶

2130 1073 2225 1125 καὶ
2279 1071 2352 1141 μὴ
2398 1072 2478 1133 είς
2521 1072 2809 1141 πρόσωπον
2848 1068 2956 1121 τῶν
3000 1068 3095 1121 νῦν
3138 1065 3706 1137 καταλαμϐανομένων

2130 1163 2381 1233 γενέσθαι
2418 1161 2517 1233 τὴν
2561 1163 2754 1231 ἄφεσιν
2792 1160 2953 1231 (οὓτω
2987 1159 3095 1231 γάρ
3137 1160 3217 1222 είς
3257 1158 3383 1221 τοὺς
3429 1157 3705 1227 διαδόχους

2131 1257 2164 1326 ἡ
2199 1255 2355 1328 χάρις
2393 1253 2778 1325 μεταϐήσεται,
2808 1251 2900 1315 οὓς
2936 1251 2996 1304 οὐ
3035 1252 3250 1314 πάντως
3279 1249 3388 1319 (42)
3419 1248 3707 1319 συμϐαίνει

2129 1347 2222 1400 τοῦ
2263 1346 2562 1416 ἱερατεύειν
2596 1343 2779 1409 ἀξίους
2824 1338 3006 1414 εἶναι),
3053 1342 3187 1397 ἀλλὰ
3229 1341 3371 1396 κατά
3408 1341 3500 1395 τὸν
3543 1342 3601 1394 ὲν
3637 1343 3704 1413 τῇ

2129 1438 2390 1510 ἐλευθέρᾳ
2420 1439 2713 1508 ἀπογραφῇ
2750 1435 2938 1499 τύπον,
2977 1436 3160 1506 κοινήν
3200 1452 3320 1487 τινα
3361 1433 3706 1505 συγχώρησιν

2130 1528 2405 1600 κληρικῶν
2449 1528 2737 1597 γενέσθαι,
2791 1528 2930 1581 ὥστε
2980 1527 3085 1580 ὑπὸ
3131 1526 3238 1581 τῶν
3283 1525 3710 1597 οἰκονομοῦντων

2128 1621 2225 1683 τὰς
2255 1620 2581 1691 Ἐκκλησίας
2619 1622 2729 1682 τοῖς
2768 1619 3025 1672 ἑκάστοτε
3051 1617 3421 1688 λειτουργοῦσι
3454 1616 3551 1686 τὴν
3580 1617 3708 1669 ἀτέ-

2128 1710 2274 1763 λειαν
2302 1709 2558 1763 δίδοσθαι.
2591 1708 2776 1762 Ταῦτα
2810 1709 2901 1762 καὶ
2928 1710 2994 1779 τῇ
3028 1711 3093 1779 σῇ
3136 1708 3472 1779 μεγαλοφυῖα
3503 1706 3709 1760 ἀθάνα-

454 1799 604 1846 recte
633 1790 899 1847 factorum
956 1794 1182 1864 gloriam
1218 1795 1640 1861 conservabunt,
1680 1803 1735 1849 et
1795 1796 2028 1865 impera-

2154 1815 2217 1850 ’ον
2252 1797 2350 1868 τὴν
2391 1799 2485 1852 ἐπὶ
2517 1801 2631 1861 τοῖς
2663 1798 2888 1866 ἀγαθοῖς
2925 1778 3089 1863 δόξαν
3117 1796 3460 1866 διαφυλάξει,
3501 1797 3594 1850 καί⁵
3627 1795 3709 1867 τῷ

456 1882 593 1937 toris
651 1882 868 1938 fainiliaa
918 1894 1229 1954 precatores
1275 1888 1476 1942 multos
1527 1890 1944 1957 comparabunt,
1974 1897 2028 1942 et

456 1972 593 2041 ipsis
645 1973 806 2029 rebus
861 1977 1092 2044 publicis
1158 1993 1266 2031 non
1328 1993 1521 2048 parum
1573 1978 2031 2034 all‘erentemolu-

457 2064 627 2118 menti
655 2080 670 2128 ;
699 2066 967 2135 siquidem
1003 2083 1111 2122 non
1155 2069 1379 2123 omnino
1413 2070 1628 2125 clericis
1658 2111 1673 2135 ,
1710 2070 1802 2125 sed
1844 2071 1909 2124 iis
1939 2072 2030 2139 qui

457 2155 653 2222 quovis
700 2166 939 2227 tempore
982 2159 1310 2229 atiliguntur,
1346 2160 1708 2217 immunitatis
1774 2163 2030 2218 solatium

459 2257 821 2316 praestamus;
874 2251 1019 2320 quod
1075 2251 1325 2321 quidem,
1355 2261 1409 2307 et
1456 2268 1578 2307 cum
1607 2254 1763 2308 liberi
1801 2268 1990 2308 sumus
2018 2293 2032 2318 ,

459 2350 571 2390 non
602 2342 1085 2407 praetermittimus,
1142 2351 1200 2397 ut
1232 2344 1541 2415 perspicere
1574 2352 1751 2415 potest
1785 2343 2035 2415 quisquis

461 2428 713 2489 voluerit.

987 2551 1325 2609 EPISTOLA
1362 2552 1494 2608 CV‘.

2136 1889 2395 1961 βασιλικῷ
2427 1890 2558 1959 οἴκῳ
2600 1890 2827 1954 πολλοὺς
2868 1892 2995 1953 τοὺς
3034 1889 3502 1962 ὑπερευχομένους
3532 1906 3710 1960 παρα·

2138 1980 2419 2042 σκευάσει,
2469 1981 2563 2032 καὶ
2602 1980 2785 2043 αὐτοῖς
2826 1982 2938 2042 τοῖς
2977 1978 3254 2051 δημοσίοις
3306 1978 3447 2049 μέγα
3484 1977 3712 2049 παρέξει

2134 2070 2353 2141 ὄφελος,
2386 2067 2541 2139 ἡμῶν
2574 2069 2635 2122 οὐ
2676 2070 2893 2133 πάντως
2930 2072 3041 2133 τοῖς
3079 2069 3377 2141 κληρικοῖς,
3421 2068 3558 2122 ἀλλά
3594 2068 3710 2139 (45)

2135 2161 2249 2222 τοίς
2279 2159 2365 2212 ἀεὶ
2390 2159 2877 2228 κατα-πονουμένοις
2909 2159 3008 2230 τὴν
3044 2158 3151 2212 ἀπὸ
3190 2161 3290 2230 τῆς
3322 2158 3569 2221 ἀτελείας
3604 2176 3713 2211 m-

2145 2249 2415 2322 ραμυθίαν
2452 2250 2855 2320 παρεχομένωψ
2889 2250 3026 2320 ὅπερ
3068 2247 3161 2304 οὖν
3205 2249 3316 2320 (44)
3352 2249 3445 2304 καὶ
3483 2251 3576 2303 ἐπὶ
3609 2250 3712 2320 τῆς

2139 2340 2449 2411 ἐλευθερίας
2470 2340 2753 2411 ποιοῦμεν,
2774 2341 2849 2405 ὡς
2871 2340 3045 2406 ἔξεστι
3060 2341 3262 2410 γνῶναι
3281 2341 3358 2414 τῷ
3379 2339 3709 2412 βουλομένω.

2676 2547 3023 2602 ΕΠΙΣΤΟΛΗ
3058 2548 3181 2603 PE'.

464 2660 638 2714 Dolore
653 2660 1163 2732 ωσείρηὶβεςῃηφιοά
1211 2662 1425 2732 Terentii
1462 2660 1592 2728 ﬁlias
1623 2664 1894 2732 Samosata
1938 2674 2030 2732 non
2056 2655 2249 2709 viderit.
2300 2658 2482 2732 Laudat
2505 2671 2673 2710 earum
2688 2656 3029 2732 _i11'_rinita§s
3048 2657 3712 2732 confessiouchcomtantiant,

522 2722 741 2787 quamvis
757 2720 809 2792 iu
821 2720 991 2775 medio
1004 2720 1258 2792 impietatis
1281 2720 1482 2792 dggapt';
1502 2736 1676 2787 easque
1693 2724 1912 2775 hortatur
1933 2730 1986 2774 ut
2007 2726 2331 2786 perseverent,
2358 2727 2403 2771 et
2423 2733 2592 2772 eorum
2613 2720 2697 2785 qui
2719 2720 2839 2770 Filii
2857 2729 2940 2772 aut
2965 2720 3181 2772 Soiritus
3202 2720 3502 2776 divinitatem
3517 2720 3715 2792 negant.

525 2782 907 2836 communionem
931 2792 976 2838 et
998 2782 1286 2851 colloquium
1309 2782 1511 2849 (uiuam.

674 2886 1002 2942 Diaconissis
1033 2886 1261 2947 Terentii
1287 2888 1507 2943 Comitis
1536 2887 1776 2957 ﬁliabus.

541 2998 656 3070 Ego
701 3008 757 3055 et
823 3015 948 3055 cum
1001 2999 1287 3057 Samosata
1362 3002 1704 3057 advenissem
1737 3040 1753 3065 ,
1824 2998 2037 3069 speravi

469 3100 759 3145 venturum
810 3104 896 3145 me
936 3091 990 3144 in
1053 3106 1358 3146 sermonem
1407 3092 1658 3163 dignitati
1706 3098 1901 3145 vestra:
1935 3107 1947 3141 :
1985 3097 2039 3143 et

471 3181 639 3251 hujus
685 3181 761 3235 rei
808 3195 1031 3251 compos
1087 3183 1309 3238 minime
1363 3182 1539 3239 iactus
1572 3222 1588 3248 ,
1647 3197 1802 3251 aequo
1861 3182 2039 3235 animo

473 3273 731 3326 damnum
771 3286 880 3325 non
936 3272 1081 3339 tuli;
1145 3272 1503 3327 considerans
1558 3271 1903 3342 quandonam
1957 3267 2042 3322 fu—

475 3368 658 3414 turum
708 3359 799 3423 sit,
834 3366 895 3413 ut
932 3361 1016 3415 vel
1077 3375 1179 3429 ego
1214 3363 1417 3431 possim
1473 3376 1666 3417 rursus
1692 3360 1760 3414 ad
1794 3361 2043 3429 regiones

477 3456 685 3505 vestras
712 3449 987 3513 accedere,
1016 3451 1100 3505 vel
1141 3452 1299 3506 vobis
1343 3452 1409 3506 ad
1463 3460 1682 3506 nostras
1712 3451 1895 3504 venire
1938 3449 2045 3519 pla-

478 3549 619 3596 ceat.
674 3539 872 3595 Verum
905 3541 1018 3596 haec
1044 3543 1155 3597 sint
1204 3544 1258 3597 in
1296 3542 1506 3598 Domini
1543 3543 1819 3595 voluntate
1845 3541 2041 3609 posita.

480 3633 633 3699 Quod
686 3642 864 3688 autem
900 3649 1044 3687 nunc
1081 3635 1260 3703 agitur
1293 3674 1309 3698 ,
1366 3634 1457 3688 ubi
1489 3634 1667 3688 inveni
1703 3633 2047 3703 proﬁciscen-

482 3733 589 3780 tem
615 3726 680 3779 ad
722 3740 816 3779 vos
846 3726 1012 3779 tilium
1045 3726 1409 3794 Soplironium
1441 3767 1456 3791 ,
1490 3726 1647 3780 laetus
1688 3725 1829 3778 banc
1857 3724 1904 3777 ei
1937 3723 2047 3792 epi-

484 3816 678 3869 stolam
726 3815 872 3879 dedi,
919 3830 1039 3884 qua:
1069 3823 1124 3869 et
1167 3816 1548 3870 salutationem
1600 3816 1753 3870 vobis
1789 3812 2044 3884 perferat,

484 3912 540 3960 et
583 3917 823 3960 nostram
877 3906 1044 3959 animi
1101 3907 1423 3960 sententiam
1472 3905 1749 3968 declaret,
1786 3904 1878 3973 qui
1938 3904 2048 3957 sci-

490 4064 789 4118 auctoritas
821 4083 837 4119 :
863 4063 979 4128 ipse
1004 4063 1070 4117 de
1095 4079 1154 4118 ea
1180 4064 1488 4117 detraxerat
1518 4079 1613 4132 per
1634 4063 1767 4118 alias
1797 4063 1964 4129 leges,
1998 4072 2053 4118 et

489 4134 717 4204 rlezicus
759 4135 1079 4204 praediorum
1114 4150 1459 4203 possessores
1509 4135 1698 4188 censui
1752 4132 2049 4204 addixerat.

491 4203 684 4273 Magna
727 4203 845 4257 erat
883 4204 934 4257 in
983 4205 1084 4256 hoc
1124 4220 1321 4270 genere
1357 4205 1608 4273 varietas,
1644 4212 1702 4256 ut
1730 4204 1888 4257 modo
1914 4203 2054 4256 vidi-

490 4272 615 4327 mus
648 4289 711 4325 ex
744 4274 1056 4343 testimonio
1098 4273 1377 4343 Gregorii;
1429 4272 1572 4327 unde
1611 4289 1720 4326 non
1751 4275 1972 4334 mirum,
2007 4274 2053 4327 si

494 4344 793 4412 censitores
824 4344 954 4395 nihil
994 4342 1192 4396 Basilio
1216 4342 1542 4397 concedere
1574 4345 1879 4411 voluerunt,
1924 4343 2051 4412 quia

494 4411 805 4465 mandatum
826 4428 853 4465 a
885 4414 1137 4480 pradocto
1160 4428 1264 4466 non
1300 4424 1638 4479 acceperant.

567 4486 585 4502 '
622 4482 769 4535 Alias
795 4481 964 4546 CCCI,
989 4481 1186 4551 scripta
1220 4498 1360 4536 anno
1394 4481 1517 4540 5³12.

568 4552 679 4623 (40)
717 4550 1291 4624 Πρόσταγμαζϋοὶει.
1324 4556 1531 4621 primus
1573 4562 1626 4606 et
1644 4550 1788 4608 Harl.
1828 4553 2062 4624 προστά-

501 4639 707 4747 γτματα.
733 4623 931 4676 Ibidem
948 4623 1186 4692 quinque
1198 4624 1413 4678 codices
1433 4623 1900 4681 nonvetustissimi
1925 4623 2061 4696 πλὴν

501 4710 524 4747 ε
574 4709 698 4746 που.

498 4709 546 4747 ει
574 4709 698 4746 που.

572 4763 682 4833 (41)
728 4761 1065 4830 Ἀςρεθῆναι.
1098 4759 1174 4833 ita
1212 4762 1391 4827 Harl.,
1432 4762 1598 4819 Coisl.
1632 4765 1841 4833 primus
1877 4771 1931 4819 et
1970 4765 2060 4819 alii

500 4834 766 4888 nonnulli.
802 4833 939 4902 Editi
968 4832 1309 4902 ὲναφεθῆναι.

574 4902 685 4973 (42)
713 4905 794 4956 Οὐ
822 4901 1078 4968 πάντως.
1108 4901 1468 4973 Gothofredus
1490 4903 1543 4957 in
1573 4902 1960 4959 commentario
1997 4903 2064 4958 ad

507 4974 676 5042 legem
716 4973 876 5026 modo
906 4974 1125 5025 citatam
1158 4972 1415 5025 Basilium
1457 4982 1638 5041 petere
1676 4974 1969 5035 existimat,
2008 4984 2066 5028 ut

504 5042 823 5106 beneﬁcium
866 5044 1276 5097 successoribus
1334 5059 1555 5106 eorum,
1589 5045 1679 5111 qui
1728 5051 1858 5111 tunc
1887 5051 2064 5107 erant,

505 5114 943 5183 presbyterorum
960 5122 1013 5167 et
1025 5113 1399 5183 diaconorum,
1415 5110 1746 5183 transdatur.
1762 5110 1865 5168 Sed
1885 5115 2066 5169 minus

502 5182 641 5238 vidit
668 5183 768 5237 hoc
794 5183 849 5235 in
871 5182 989 5236 loro
1007 5183 1087 5236 vir
1102 5182 1471 5237 doctissimus.
1491 5182 1771 5247 Quomodo
1795 5185 1938 5236 enim
1968 5183 2067 5237 Ba-

507 5254 682 5314 silius,
734 5253 779 5306 si
824 5253 1116 5320 quidquam
1145 5252 1409 5319 ejusmodi
1458 5261 1688 5319 peteret,
1720 5254 1822 5307 hac
1858 5255 2067 5308 ratione

508 5334 773 5384 uteretur,
797 5323 923 5392 quia
957 5339 1063 5376 non
1097 5338 1308 5390 Semper
1340 5324 1602 5389 contingit
1630 5338 1724 5377 eos
1763 5324 2067 5377 ministerio

509 5408 666 5447 sacro
698 5393 1071 5462 dignosgesse?
1101 5393 1215 5446 Non
1248 5392 1393 5446 cadit
1427 5394 1480 5445 in
1514 5393 1769 5447 Basilium
1800 5394 2065 5462 ejusmodi

509 5463 874 5516 ratiocinatio.
899 5460 1163 5532 Pyrreterea
1189 5465 1424 5530 postulat
1450 5470 1508 5515 ut
1535 5465 1637 5532 ipsi
1664 5460 1903 5532 episcopi
1927 5464 2066 5519 hanc

510 5532 904 5601 immunitatem
921 5531 1265 5601 dispensent;
1287 5533 1430 5601 quod
1462 5531 1905 5601 prorsusinutile
1933 5533 2066 5589 fuis-

513 5615 540 5672 ξ
575 5606 615 5659 t.
650 5600 696 5655 si
733 5608 908 5672 ratum
939 5600 1190 5672 et’ﬁxum
1239 5600 1471 5672 singulis
1509 5603 1719 5658 clericis
1748 5603 2064 5658 beneﬁcium

516 5668 958 5727 iu.sset.Videtur
972 5686 1101 5741 ergo
1116 5671 1294 5726 Basilii
1324 5668 1586 5728 sententia
1618 5673 1695 5727 sic
1720 5675 2059 5743 accipienda:

2197 2880 2503 2947 Διακόνοις
2530 2880 2853 2952 θυγατράσι
2885 2881 3185 2951 Τερεντίου
3205 2884 3477 2951 Κόμητος
3506 2880 3643 2954 (45).
3714 2852 3717 2857 ’

2221 2994 2362 3063 Ἐγὼ
2404 2995 2499 3048 καὶ
2534 2995 2869 3066 Σαμοσάτοις
2911 2997 3139 3060 ἐπιστὰς
3182 2995 3558 3068 προσεδόκησα
3591 3010 3720 3050 συν-

2138 3085 2417 3150 τεύξεσθαι
2455 3089 2521 3157 τῇ
2564 3088 2881 3158 κοσμιότητι
2925 3089 3096 3160 ὑμῶν’
3137 3089 3230 3143 καὶ
3269 3088 3721 3160 ὲπειδὴδιὴμαρ-

2140 3194 2231 3230 τον
2267 3176 2369 3246 τῆς
2407 3178 2718 3248 συντυχίας,
2749 3180 2811 3232 οὐ
2843 3179 3077 3251 μετρίως
3105 3180 3310 3251 ἤνεγκα
3344 3180 3443 3250 τὴν
3474 3179 3680 3250 ζημίαν
3701 3219 3720 3245 ,

2142 3268 2486 3338 λογιζᾶμενος
2517 3269 2644 3322 πότε
2686 3271 2770 3340 atq
2798 3270 2831 3340 ἢ
2869 3272 2990 3341 ἐμοὶ
3017 3271 3238 3325 δυνατὸν
3288 3270 3448 3325 πάλιν
3479 3270 3722 3341 πλησιά-

2149 3374 2239 3410 σαι
2268 3360 2380 3421 τοῖς
2407 3358 2527 3411 καθ’
2564 3360 2707 3430 ὑμᾶς
2741 3360 2981 3432 χωρίοις,
3008 3361 3041 3431 ἢ
3080 3362 3207 3430 ὑμῖν
3241 3361 3352 3431 (46)
3378 3359 3591 3430 αἱρετὸν
3617 3359 3723 3431 τὴν

2149 3446 2421 3520 ἡμετέραν
2450 3449 2794 3503 καταλαϐεῖν.
2827 3448 2965 3502 Ἀλλ’
3000 3452 3181 3504 ἐκεῖνα
3214 3450 3311 3522 μὲν
3334 3449 3536 3503 κείσθω
3554 3451 3613 3502 ὲν
3639 3450 3727 3521 τῷ

2151 3535 2409 3609 θελήματι
2442 3538 2535 3593 τοῦ
2574 3542 2799 3612 Κυρίου.
2832 3541 2904 3594 Τὸ
2934 3542 2992 3596 δὲ
3031 3541 3124 3595 νῦν
3162 3541 3305 3612 ἔχον,
3337 3541 3523 3611 ἐπειδὴ
3561 3536 3727 3613 εὗρον

2150 3628 2239 3681 τὸν
2272 3630 2387 3683 υίὸν
2428 3632 2730 3703 Σωφρόνιον
2770 3634 2906 3705 πρὸς
2962 3635 3105 3704 ὑμᾶς
3149 3632 3491 3704 ἐξορμῶν-τα,
3548 3634 3726 3704 ἡδέως

2150 3718 2299 3788 αὑτῷ
2330 3719 2428 3791 τὴν
2457 3723 2745 3795 ἐπιστολὴν
2779 3725 3024 3794 ἐπέθηκα
3055 3725 3167 3796 (47)
3194 3726 3417 3797 ταύτην,
3456 3743 3731 3799 προσηγοο

2154 3807 2272 3878 ρίαν
2327 3811 2455 3881 ὑμῖν
2503 3815 2856 3885 κομίζουσαν,
2895 3818 2987 3871 κα)⁵
3039 3818 3136 3888 τὴν
3179 3818 3455 3890 ἡμετέραν
3497 3817 3729 3889 γνώμην

2148 3895 2430 3968 δηλοῦσαν,
2457 3903 2536 3956 ὅτι
2568 3906 2628 3958 οὐ
2663 3905 3087 3978 διαλιμπάνομεν
3121 3910 3185 3979 τῇ
3223 3908 3317 3962 τοῦ
3359 3908 3494 3963 Θεοῦ
3536 3910 3727 3982 χάριτι

2150 4047 2291 4134 Petit
2314 4062 2548 4134 aliquam
2609 4065 3027 4125 immunitatem,
3076 4065 3454 4134 episcoporum
3495 4064 3735 4121 arbitrio

2152 4128 2581 4201 gubernandum,
2612 4135 2683 4189 ita
2717 4142 2773 4188 ut
2799 4128 3125 4188 nominatim'
3153 4128 3565 4188 non-tribuatur
3596 4150 3729 4188 cer-

2154 4198 2582 4273 lisquibusdam
2608 4206 2893 4269 ministris,
2925 4206 3051 4273 qiua
3073 4219 3260 4259 eorum
3288 4204 3732 4271 successoribus,

2155 4272 2248 4328 (illi
2280 4272 2508 4343 fortasse
2557 4275 2761 4343 indigni
2801 4272 2986 4328 essent
3035 4273 3359 4336 ministerio,
3391 4275 3738 4329 transmitte-

2157 4343 2329 4395 retur.
2363 4340 2547 4409 Longe
2579 4340 2751 4399 satius
2780 4346 2828 4399 ei
2851 4344 3084 4407 videtur,
3103 4352 3156 4396 ut
3176 4342 3470 4410 descriptio
3496 4344 3569 4397 sit
3592 4344 3736 4399 liben

2166 4418 2247 4483 Υξὶ.
2282 4420 2335 4464 et
2368 4415 2460 4480 qui
2494 4414 2765 4469 Ecclesias
2812 4415 3136 4483 gubernant,
3166 4413 3559 4467 immunitatem
3588 4430 3735 4481 quo-

2166 4480 2250 4534 vis
2283 4483 2402 4535 loco
2455 4480 2892 4538 ministrantibus
2936 4484 3156 4546 donent,
3188 4498 3485 4551 eorumque
3525 4480 3739 4549 judicio

2167 4552 2535 4672 permittatur,
2567 4558 2786 4623 quinam
2839 4554 3027 4607 censui
3071 4552 3382 4614 addicendi,
3422 4552 3585 4621 quive
3633 4555 3736 4608 hac

2205 4621 2329 4672 enrli
2362 4622 2473 4672 sint
2507 4626 2712 4672 eximii.
2747 4622 2882 4672 Hinc
2907 4639 2964 4672 se
2997 4623 3389 4672 immunitatem
3414 4637 3522 4672 non
3550 4625 3736 4672 omni.

2205 4621 2329 4674 endi
2362 4622 2473 4675 sint
2507 4621 2712 4678 eximii.
2747 4622 2882 4677 Hinc
2907 4639 2964 4677 se
2997 4623 3389 4676 immunitatem
3414 4637 3523 4676 non
3550 4625 3739 4679 omni.

2168 4705 2240 4743 no
2270 4692 2504 4751 clericis.
2535 4696 2627 4747 sed
2670 4694 2737 4749 iis
2763 4695 2856 4763 qui
2890 4693 3084 4763 quovis
3115 4702 3356 4763 tempore
3395 4692 3737 4762 aliiiguntur,

2167 4768 2349 4829 petere
2387 4764 2646 4818 declarat.

2239 4830 2348 4899 (45)
2389 4830 2524 4887 Vide
2557 4834 2835 4887 Addenda.

2199 4901 2352 4987 τ(44)
2396 4903 2571 4973 Ὅπερ
2598 4900 2728 4960 οὖν.
2780 4902 2873 4957 Sic
2921 4916 3053 4958 mss.
3105 4916 3316 4957 omnes.
3358 4899 3503 4957 Editi
3546 4902 3743 4976 ὥσπερ

2168 4988 2278 5024 ουν.

2243 5042 2353 5113 (45)
2393 5044 2696 5110 Τερεντίου
2724 5045 3001 5113 κόμητρς.
3024 5039 3251 5113 Septem
3291 5041 3507 5096 codices
3530 5043 3744 5103 antieui

2172 5112 2383 5179 copiam
2415 5114 2682 5168 dederunt
2732 5112 3087 5168 emendanda).
3135 5112 3406 5164 editorum
3455 5127 3634 5181 pravae
3665 5114 3744 5167 le-

2172 5185 2371 5236 ctionis
2412 5185 2695 5253 Φερεντίου
2744 5183 3000 5253 κόμητος.
3023 5182 3243 5253 ⁸Αιίιίιιιιι
3268 5182 3486 5253 quidam
3522 5184 3744 5253 codices

2172 5254 2300 5323 περὶ
2328 5250 2578 5317 πίστεως.
2597 5252 2729 5308 Cod.
2760 5250 2997 5307 Claram.
3016 5250 3260 5322 θεολογίᾳ
3275 5250 3369 5304 τοῦ
3399 5252 3555 5321 άγίου
3571 5250 3745 5306 Πνεύο

2175 5339 2361 5461 μαᾶοῶ
2398 5395 2471 5446 Ἣ
2495 5391 2654 5461 ὑμῖν.
2685 5390 2891 5514 ΕάἰιίἎ
2927 5389 2975 5443 ει
3011 5390 3156 5460 ὑμῖν.
3183 5387 3445 5443 Voculam
3481 5391 3743 5459 expunxi.

2175 5471 2283 5514 tum
2321 5463 2451 5514 auia
2502 5464 2825 5514 sententiam
2893 5468 3161 5514 enormat.
3205 5467 3320 5512 tum
3355 5460 3483 5514 uuia
3507 5458 3661 5514 deest
3690 5461 3743 5512 in

2171 5458 2283 5516 tum
2321 5458 2451 5532 quia
2502 5458 2825 5519 sententiam
2856 5458 3161 5524 denormat,
3205 5467 3320 5512 tum
3355 5460 3483 5530 quia
3507 5458 3661 5514 deest
3690 5461 3745 5512 in

2168 5542 2402 5604 quatuor
2431 5548 2564 5604 mss.

2168 5596 2351 5727 ἐδέθη)
2404 5602 2708 5669 Ἑπέθηκα.
2739 5600 2829 5657 Sic
2857 5616 2989 5658 mss.
3046 5599 3266 5657 codices
3302 5612 3399 5654 sex
3468 5596 3614 5654 Editi
3652 5598 3753 5651 ἑπ-

2273 5692 2363 5727 κα.

2273 5692 2363 5728 κα.
