3868 6218
114 302 221 361 813

1070 286 1557 348 EPISTOLARUM
1593 285 1875 344 CLASSIS
1910 284 1977 342 Il.
2018 284 2234 342 EPIST.
2261 284 2396 343 CVI.

3273 281 3380 339 διι

120 419 465 492 μεμνημένοι
488 415 643 489 ὑμῶν
662 455 678 479 ,
703 414 801 469 καὶ
822 411 1266 486 εὐχαριστοῦντες
1285 409 1423 480 ὑπὲρ
1444 407 1596 479 ὑμῶν
1618 406 1696 478 τῷ

1805 405 1922 460 licet
1975 403 2071 459 Dei
2121 404 2293 474 gratia
2348 394 2457 457 non
2509 399 2813 457 desinimus
2840 398 3010 455 vestri
3058 380 3378 455 meminisse

118 510 336 581 Κυρίῳ,
383 511 466 563 ὅτι
507 507 719 578 ἀγαθῆς
755 504 912 577 ῥίζης
948 502 1130 572 ἀγαθά
1166 494 1521 572 βλαστήματά
1552 501 1696 562 ὲστε,

117 601 377 673 ἔγκαρπα
402 602 512 663 τοῖς
542 598 767 667 ἀγαθοῖς
797 596 1001 667 ἔργοις,
1035 595 1130 648 καὶ
1173 593 1250 665 τῷ
1286 592 1400 646 ὄντι
1432 592 1506 654 ὡς
1540 591 1699 663 κρίνα

109 697 178 749 ’ὲν
209 697 362 765 μέσῳ
390 692 659 747 ἀκανθῶν.
693 691 767 743 Τὸ
801 691 908 761 γὰρ
942 688 1047 742 ὑπὸ
1076 687 1344 758 τοσαύτης
1372 686 1698 757 διαστροφῆς

116 785 229 837 τῶν
262 783 747 856 παραφθειρόντων
769 783 859 835 τὸν
889 780 1043 849 λόγον
1068 780 1170 848 τῆς
1198 777 1454 850 ἀληθείας
1472 794 1698 848 περικυ-

118 876 426 948 κλουμένας
476 877 550 947 μὴ
592 873 833 929 ἐνδοῦναι
876 873 1011 944 πρὸς
1046 874 1145 936 τὰς
1185 872 1418 934 ἀπάτας,
1466 871 1599 942 μηδὲ
1636 870 1700 923 τὸ

117 968 478 1022 ἀποστολικὸν
533 966 632 1036 τῆς
687 963 920 1025 πίστεως
977 963 1236 1032 κήρυγμα
1290 958 1696 1021 καταλιπούσας

118 1059 260 1130 πρὸς
294 1060 395 1130 τὴν
441 1058 536 1113 νῦν
578 1055 1012 1120 ἐπιπολάζουσαν
1066 1052 1417 1123 καινοτομίαν
1472 1066 1701 1120 μετατε-

117 1148 283 1220 θῆναι
322 1150 458 1222 (48),
502 1149 620 1212 πῶς
647 1148 767 1218 οὐχὶ
817 1146 1058 1217 μεγάλης
1106 1145 1203 1215 μὲν
1258 1144 1392 1216 πρὸς
1435 1143 1525 1197 τὸν
1567 1134 1700 1195 Θεὸν

115 1240 474 1311 εὐχαριστίας
500 1240 670 1304 ἄξιον,
698 1237 963 1309 μεγάλους
987 1237 1041 1290 δὲ
1069 1237 1195 1306 ὑμῖν
1221 1234 1474 1297 ἐπαίνους
1494 1233 1699 1287 δικαιόο

114 1346 260 1383 τατα
279 1330 553 1399 προξενεῖ;
575 1330 667 1391 Ei;
690 1329 906 1399 Πατέρα
926 1329 1020 1380 καὶ
1042 1327 1169 1381 Υίὸν
1189 1328 1282 1379 καὶ
1303 1327 1454 1394 ἆγιον
1475 1326 1700 1395 Πνεῦμα

117 1422 557 1476 πεπιστεύκατε*
594 1422 668 1493 μὴ
694 1422 935 1494 προδῶτε
961 1420 1166 1493 ταύτην
1190 1420 1288 1491 τὴν
1312 1419 1701 1492 παρακαταθή-

115 1526 242 1581 κην.
290 1509 512 1580 Πατέρα
542 1509 641 1578 τὴν
670 1509 887 1561 πάντων
924 1508 1116 1578 ἀρχήν·
1156 1506 1286 1559 Υἱὸν
1330 1504 1609 1575 μονογενῆ,
1640 1503 1699 1568 ἐξ

114 1598 287 1653 αὑτοῦ
305 1597 655 1669 γεννηθέντα,
684 1597 938 1667 ἀληθινὸν
966 1597 1119 1659 Θεὸν,
1143 1595 1347 1648 τέλειον
1377 1598 1440 1647 ὲκ
1466 1594 1695 1655 τελείου,

114 1692 303 1745 εἰκόνα
335 1690 538 1756 ζῶσαν,
572 1691 689 1744 ὅλον
718 1688 997 1743 δεικνύντα
1031 1690 1087 1742 ὲν
1126 1687 1304 1758 ἑαυτῷ
1339 1687 1429 1740 τὸν
1456 1686 1695 1758 Πατέραο

117 1782 345 1851 Πνεῦμα
376 1781 550 1851 ἅγιον,
588 1782 652 1833 ὲκ
693 1780 828 1834 Θεοῦ
849 1781 949 1851 τὴν
985 1778 1216 1852 ὕπαρξιν
1256 1778 1378 1849 ἕχον
1427 1777 1558 1847 (49),
1726 1812 1769 1866 Β

119 1872 306 1945 πηγὴν
345 1874 447 1942 τῆς
493 1871 805 1942 ἁγιότητος,
860 1869 1087 1939 δύναμιν
1132 1867 1275 1938 ζωῆς
1326 1864 1690 1938 παρεκτικὴν,

116 1968 282 2038 χάριν
308 1964 655 2028 τελειοποιὸν,
690 1963 756 2016 δι’
792 1957 850 2017 οῦ
889 1962 1209 2015 υίοθετεῖται
1247 1958 1552 2031 ἄνθρωπος,
1600 1957 1695 2011 καὶ

121 2056 585 2122 ἀπαθανατίζεται
623 2055 734 2128 (50)
766 2055 827 2108 τὸ
865 2054 1090 2126 θνητὸν,
1142 2052 1483 2123 συνημμένον
1523 2049 1697 2121 Πατρὶ

121 2148 221 2202 καὶ
251 2147 367 2218 Υίῷ
387 2147 528 2201 κατά
548 2146 724 2201 πάντα
745 2149 802 2200 ὲν
824 2146 949 2217 δόξῃ
977 2147 1070 2199 καὶ
1091 2144 1369 2216 ἀῖδιότητι,
1394 2144 1451 2196 ὲν
1469 2143 1695 2214 δυνάμει

122 2239 221 2292 καὶ
254 2237 517 2309 βασιλεία,
549 2239 607 2291 ὲν
628 2237 915 2308 δεσποτεία
939 2236 1031 2290 καὶ
1051 2236 1283 2307 θεότητισ
1316 2234 1391 2297 ὼς
1423 2234 1517 2288 καὶ
1538 2237 1571 2304 ἡ
1603 2234 1694 2286 τοῦ

124 2329 396 2400 σωτηρίου
446 2327 811 2399 βαπτίσματος
857 2327 1151 2399 παράδοσις
1198 2327 1479 2398 μαρτυρεῖ.
1531 2326 1595 2378 Οἱ
1640 2323 1698 2377 δὲ

122 2420 332 2491 κτίσμα
374 2419 621 2488 λέγοντες
658 2418 692 2491 ἢ
734 2419 825 2472 τὸν
865 2420 992 2472 Υἱὸν
1032 2419 1064 2489 ἢ
1101 2418 1161 2471 τὸ
1203 2416 1449 2488 Πνεῦμα,
1490 2416 1523 2488 ἢ
1564 2416 1698 2479 ὅλως

123 2511 259 2566 αὐτὸ
298 2511 522 2582 (51)είς
575 2511 675 2583 τὴν
715 2510 1090 2584 λειτουργικὴν
1132 2511 1227 2563 καὶ
1268 2509 1519 2579 δουλικὴν
1569 2526 1701 2562 κατ-

120 2603 353 2673 άγοντες
382 2603 555 2669 τάξιν,
570 2604 787 2676 μακράν
818 2606 923 2657 εἱσι
951 2604 1052 2674 τῆς
1077 2601 1350 2674 ἀληθείας,
1375 2594 1450 2656 ὧν
1480 2601 1699 2670 φεύγειν

122 2698 391 2767 προσήκει
413 2695 513 2760 τὰς
533 2697 813 2760 κοινωνίας
838 2696 932 2749 καὶ
951 2694 1310 2765 ἐκτρέπεσθαι
1334 2694 1460 2757 τοὺς
1489 2693 1697 2762 λόγους,

126 2784 205 2852 ὡς
241 2786 541 2859 δηλητήρια
578 2786 709 2841 ὄντα
742 2786 952 2857 ψυχῶν.
981 2784 1105 2839 Ἐὰν
1139 2784 1196 2839 δέ
1231 2799 1362 2837 ποτε
1399 2782 1476 2854 δῷ
1512 2784 1641 2855 ἡμῖν
1671 2784 1701 2836 ὁ

124 2876 332 2949 Κύριος
354 2878 603 2946 γενέσθαι
629 2878 771 2931 κατά
806 2875 1020 2941 ταυτὸν,
1053 2875 1384 2945 πλατύτερον
1415 2876 1542 2945 ὑμῖν
1577 2875 1702 2937 τοὺς

123 2968 257 3038 ιπερ¹ι⁵
274 2967 377 3038 τῆς
399 2967 631 3031 πίστεως
653 2966 994 3039 ἐκθησόμεθα
1018 2967 1223 3036 λόγους·
1251 2964 1393 3019 ὥστε
1427 2967 1543 3028 μετ’
1567 2966 1703 3019 ἀπο-

116 3059 342 3125 δείξεων
367 3061 651 3132 γραφικῶν
675 3060 769 3114 καὶ
796 3060 857 3112 τὸ
882 3060 982 3131 τῆς
1003 3058 1258 3129 ἀληθείας
1284 3058 1501 3130 ἰσχυρὸν
1526 3057 1703 3112 καὶτὸ

124 3153 330 3225 σαθρὸν
355 3152 456 3222 τῆς
476 3152 737 3224 αἱρέσεως
768 3153 908 3221 ὑμᾶς
926 3150 1239 3221 ἐπιγνῶναι.

1816 506 1882 546 ac
1930 506 2029 562 pro
2065 493 2223 548 vobis
2269 490 2499 547 Domino
2532 491 2738 562 gratias
2762 505 2942 562 agere,
2970 491 3116 561 quod
3171 491 3376 546 radicis

1799 584 1956 640 bona:
2004 584 2144 638 bona
2214 583 2337 639 sitis
2415 584 2695 655 germina,
2748 583 2906 638 bonis
2967 582 3224 653 operibus
3296 582 3377 637 fe-

1799 675 2016 739 cunda,
2076 682 2131 729 et
2195 690 2318 729 vere
2356 681 2615 744 tanquam
2666 675 2780 728 lilia
2838 675 2894 728 in
2954 675 3135 729 medio
3188 675 3375 745 spina-

1796 781 1940 821 rum.
1972 765 2129 831 Ωιιοά
2160 767 2306 820 enim
2336 782 2460 821 cum
2517 773 2669 821 tanta
2696 765 3031 836 perversitas
3085 766 3372 821 hominum

1797 861 2046 916 veritatis
2089 860 2392 915 doctrinam
2426 860 2588 930 200
2630 860 3098 929 corrumpentium
3140 874 3238 914 vos
3265 860 3375 913 cir-

1799 960 2052 1017 cumstet,
2108 951 2333 1006 minime
2364 958 2543 1007 tamen
2588 950 2875 1005 fraudibus
2906 950 3120 1017 ceditis,
3151 965 3252 1005 nec
3305 950 3373 1006 ad

1801 1047 2066 1112 vigentem
2113 1057 2260 1096 nunc
2319 1042 2614 1096 novitatem
2673 1041 2880 1096 relictis
2931 1041 3248 1111 apostolicis
3311 1038 3374 1094 θ-

1798 1135 1887 1189 dei
1927 1135 2274 1190 documentis
2329 1134 2764 1202 transferimini;
2814 1135 3088 1205 quomodo
3139 1150 3250 1189 non
3282 1133 3372 1189 di-

1797 1240 1965 1295 gnum
2000 1226 2111 1289 sit,
2176 1241 2275 1295 pro
2307 1240 2417 1295 quo
2450 1234 2632 1296 grates
2690 1241 2900 1295 magna:
2951 1224 3063 1279 Deo
3105 1224 3374 1296 agantur?

1797 1318 2071 1388 quomodo
2123 1333 2231 1372 non
2280 1332 2506 1389 magnas
2566 1316 2755 1372 laudes
2801 1317 2953 1372 vobis
3007 1319 3203 1372 merito
3235 1331 3370 1371 con-

1798 1412 1947 1466 ciliet
1982 1411 2006 1464 ?
2059 1409 2118 1465 In
2151 1410 2365 1465 Patrem
2415 1418 2469 1464 et
2501 1409 2697 1464 Filium
2730 1417 2784 1465 et
2814 1407 3076 1479 Spiritum
3119 1418 3368 1464 sanctum

1797 1503 2019 1558 creditis
2053 1519 2067 1556 :
2098 1511 2285 1557 cavete
2331 1516 2399 1556 ne
2441 1501 2545 1556 hoc
2595 1501 2838 1572 prodatis
2880 1501 3208 1571 depositum.
3263 1500 3366 1555 Pa-

1796 1601 1935 1646 trem
1986 1609 2170 1648 rerum
2222 1594 2463 1647 omnium
2513 1592 2879 1666 principium;
2933 1591 3131 1647 Filium
3176 1592 3368 1663 unige-

1799 1682 1993 1747 nitum,
2042 1697 2109 1738 ex
2165 1698 2231 1737 eo
2258 1683 2499 1754 genitum
2525 1722 2541 1748 ,
2596 1698 2784 1737 verum
2818 1681 2986 1737 Deum
3014 1722 3030 1746 ,
3066 1683 3366 1753 perfectum

1798 1789 1864 1829 ex
1907 1774 2145 1845 perfecto
2171 1815 2187 1838 ,
2218 1777 2504 1845 imaginem
2540 1776 2719 1830 vivam
2746 1814 2762 1840 ,
2826 1775 3043 1832 Patrem
3077 1783 3251 1829 totum
3308 1775 3365 1829 in

1794 1867 2087 1935 semetipso
2116 1868 2492 1922 ostendentem
2545 1884 2558 1919 :
2618 1869 2880 1939 Spiritum
2916 1878 3188 1933 sanctum,
3226 1867 3371 1922 exsi-

1795 1959 2047 2013 stentiam
2106 1975 2139 2014 a
2197 1959 2307 2014 Deo
2355 1960 2688 2025 habentem,
2750 1960 3065 2017 sanctitatis
3121 1960 3369 2021 fontem,

1794 2047 1904 2101 vim
1957 2049 2084 2103 vitae
2141 2050 2605 2116 conciliatricem,
2653 2052 2884 2122 gratiam
2946 2050 3215 2121 perfectos
3261 2051 3374 2105 elli-

1795 2138 2072 2196 cientem:
2121 2156 2219 2211 per
2273 2157 2434 2211 quem
2481 2142 2646 2197 bomo
2702 2142 2759 2197 in
2816 2141 2986 2196 ﬁlium
3042 2144 3370 2213 adoptatur,

1794 2240 1848 2286 et
1895 2232 1947 2286 id
2013 2234 2157 2300 quod
2188 2235 2411 2290 mortale
2466 2242 2588 2300 est,
2649 2236 3062 2291 immortalitate
3091 2236 3368 2291 donatur:

1796 2325 2147 2392 conjunctum
2181 2324 2329 2380 Patri
2376 2339 2426 2382 et
2459 2327 2599 2382 Filio
2647 2328 2704 2383 in
2755 2329 3046 2394 omnibus,
3097 2329 3151 2383 in
3200 2330 3374 2399 gloria

1797 2427 1851 2471 et
1899 2420 2223 2484 mternitate,
2279 2419 2336 2473 in
2380 2428 2649 2489 potestate
2702 2428 2755 2474 et
2787 2435 2955 2491 regno
2982 2460 2999 2486 ,
3048 2420 3101 2473 in
3134 2420 3375 2476 dominio

1796 2515 1852 2563 et
1882 2509 2205 2575 divinitate,
2261 2510 2716 2580 quemadmodum
2762 2520 2816 2565 et
2842 2512 2968 2579 ipsa
3031 2510 3374 2580 baptismatis

1799 2603 2067 2659 salutiferi
2120 2604 2343 2659 traditio
2405 2613 2658 2661 testatur.
2710 2605 2782 2658 At
2831 2619 2959 2659 vero
3007 2605 3100 2674 qui
3146 2611 3240 2657 aut
3280 2600 3373 2657 Fi-

1798 2695 1931 2748 lium
1986 2702 2079 2749 aut
2130 2693 2392 2766 Spiritum
2451 2696 2643 2751 dicunt
2689 2710 2811 2751 esse
2858 2704 3207 2760 creaturam,
3275 2704 3371 2748 aut

1799 2786 2023 2840 omnino
2056 2784 2322 2856 Spiritum
2355 2788 2410 2842 in
2441 2788 2818 2842 ministrorum
2867 2802 2932 2841 ac
2965 2801 3248 2842 servorum
3288 2800 3374 2840 re-

1800 2877 1994 2948 digunt
2035 2873 2327 2943 ordinem,
2388 2880 2548 2950 longe
2598 2880 2795 2934 absunt
2851 2895 2882 2934 a
2913 2880 3184 2945 veritate;
3235 2893 3374 2948 quo-

1801 2983 1922 3021 rum
1982 2968 2235 3039 fugienda
2290 2970 2605 3024 communio
2661 2986 2727 3025 ac
2791 2985 3070 3026 sermones
3129 2968 3373 3036 vitandi,

1802 3063 1948 3116 velut
2003 3063 2308 3116 animarum
2359 3062 2650 3132 pernicies.
2702 3062 2859 3129 Quod
2908 3062 2954 3118 si
2989 3076 3228 3132 unquam
3277 3060 3367 3114 Do-

1727 3146 1769 3202 C
1802 3152 1952 3205 mino
2005 3152 2268 3223 largiente
2302 3153 2357 3207 in
2413 3168 2582 3208 unum
2631 3157 2916 3209 veniamus
2942 3193 2958 3220 ,
2989 3152 3165 3208 fusius
3189 3151 3345 3208 vobis

122 3261 252 3300 eum
286 3245 354 3299 de
383 3244 486 3300 lide
504 3245 767 3299 disseram
795 3262 810 3310 ;
846 3244 981 3299 adeo
1024 3253 1083 3299 ut
1115 3258 1182 3299 ex
1210 3241 1459 3298 deductis
1485 3258 1516 3298 e
1550 3239 1832 3312 Scriptura
1869 3244 2431 3303 demonstrationibus
2494 3254 2610 3300 tum
2671 3246 2921 3301 veritatis
2943 3246 3054 3301 vim
3094 3253 3210 3300 tum
3266 3243 3353 3298 bo

123 3340 266 3395 resis
282 3337 625 3393 debilitatem
654 3337 1019 3408 perspiciatis.

651 3493 1001 3547 ΕΠΙΣΤΟΛΗ
1038 3492 1177 3559 PQ".

2329 3486 2669 3543 EPISTOLA
2705 3486 2864 3544 CVI'.

127 3612 335 3662 nam
354 3609 581 3659 maximis
604 3606 855 3659 virtutibus
878 3605 1139 3672 prarditum
1166 3602 2285 3730 Basilius!izdsggrzeezggzzwmogmoverat.
2315 3605 2459 3655 Nunc
2482 3609 2687 3667 accepr
2704 3602 2765 3653 ab
2785 3615 2843 3655 eo
2859 3600 3075 3662 epistola
3104 3601 3361 3669 respondet

1345 3682 1372 3719 ε
2150 3702 2162 3714 .

1345 3682 1391 3719 ει
1413 3682 1478 3717 aa
1500 3682 1905 3719 perseverantiam
1926 3682 2162 3716 nouatur.

737 3780 1094 3846 Στρατιωτῃ.

212 3868 389 3939 ’Υπὲρ
413 3866 619 3921 πολλῶν
649 3865 863 3937 ἔχοντες
900 3867 1242 3937 εὐχαριστεῖν
1279 3864 1355 3937 τῷ
1384 3864 1595 3937 Κυρίῳ,
1628 3857 1703 3918 ὧν

128 3960 225 4015 καὶ
248 3958 561 4030 ἠξιώθημεν
590 3961 718 4030 παρ’
743 3957 907 4011 αὐτοῦ
934 3959 1027 4011 ἐπὶ
1055 3959 1155 4028 τῆς
1201 3958 1491 4029 ἐπιδημίας
1525 3955 1700 4027 ἡμῶν,

132 4047 390 4118 μέγιστον
431 4045 632 4114 ἀγαθὸν
663 4046 956 4117 ἐκρίναμεν
989 4045 1086 4117 τὴν
1122 4045 1323 4115 γνῶσιν
1354 4048 1453 4116 τῆς
1486 4046 1582 4116 σῆς
1619 4062 1703 4097 τι·

130 4140 407 4209 μιότητος,
438 4138 536 4210 τὴν
570 4142 721 4210 παρὰ
754 4138 848 4191 τοῦ
888 4137 1091 4207 ἀγαθοῦ
1129 4138 1395 4191 Δεσπότου
1430 4154 1704 4209 παρασχε-

130 4232 318 4286 θείσαν
345 4233 497 4302 ἡμῖν.
532 4232 815 4301 Ἐγνωμεν
842 4231 949 4300 γὰρ
979 4230 1142 4301 ἀνδρα
1178 4228 1476 4291 δεικνύντα,
1502 4230 1583 4281 ὃτι
1608 4228 1703 4281 καὶ

130 4326 192 4377 ὲν
242 4322 322 4393 τῷ
372 4322 745 4393 στρατιωτικῷ
799 4321 897 4392 βίῳ
946 4322 1172 4374 δυνατὸν
1222 4322 1321 4391 τῆς
1380 4320 1516 4391 πρὸς
1570 4319 1703 4373 Θεὸν

2496 3768 2685 3824 Militi.

1878 3864 2014 3920 Cum
2054 3881 2153 3935 pro
2176 3865 2363 3921 multis
2393 3864 2625 3920 debeam
2674 3872 2859 3936 grates
2906 3862 3141 3919 Domino
3167 3864 3360 3934 persol-

1807 3976 1934 4016 vere
1958 4000 1973 4025 ,
2009 3974 2130 4030 qua:
2161 3958 2229 4011 ab
2267 3972 2334 4011 eo
2368 3958 2423 4010 in
2482 3970 2601 4010 mea
2665 3956 3102 4026 peregrinatione
3149 3954 3374 4024 accepi,

1808 4053 2013 4108 bonum
2071 4050 2367 4104 maximum
2429 4048 2713 4117 iudicavi,
2769 4046 2916 4118 quod
2967 4047 3095 4101 boni
3162 4045 3375 4102 Domini

1808 4144 1953 4200 dono
1989 4142 2359 4214 praestantiam
2408 4148 2558 4194 tuam
2598 4139 2969 4210 cognoverim.
3001 4138 3189 4193 Virum
3228 4139 3374 4195 enim

1808 4235 2070 4305 cognovi,
2102 4234 2196 4304 qui
2230 4233 2283 4286 in
2316 4231 2538 4285 militari
2573 4231 2740 4284 etiam
2784 4231 2892 4285 vita
2931 4229 3231 4301 perfectum
3280 4229 3377 4286 Dei

1809 4342 2049 4382 amorem
2096 4335 2150 4381 et
2181 4324 2502 4380 cbaritatem
2542 4322 2747 4378 servari
2795 4338 2957 4393 posse
2983 4361 2999 4387 ,
3031 4332 3084 4378 et
3112 4322 3378 4378 Christia-

129 4412 357 4482 ἀγάπης
381 4411 442 4463 τὸ
464 4410 668 4464 τέλειον
700 4410 980 4463 διασῶσαι·
1013 4412 1107 4463 καὶ
1131 4410 1212 4462 ὅτι
1240 4410 1339 4462 οὐκ
1373 4410 1429 4460 ὲν
1460 4412 1528 4479 τῇ
1549 4425 1701 4479 περι-

1808 4435 1936 4473 num
1967 4433 2075 4472 non
2101 4432 2169 4472 ex
2194 4415 2505 4471 vestimenti
2541 4413 2714 4469 forma
2735 4455 2750 4477 ,
2773 4413 2869 4469 sed
2892 4430 2956 4468 ex
2990 4414 3156 4469 animi
3187 4414 3375 4470 babitu

131 4503 264 4573 6ολῇ
291 4503 392 4572 τῆς
430 4501 672 4572 ἐσθῆτος,
705 4501 819 4555 ἀλλ’
845 4504 903 4555 ἐν
937 4504 1004 4573 τῇ
1049 4501 1282 4554 διαθέσει
1329 4501 1429 4570 τῆς
1470 4501 1645 4571 ψυχῆς
1678 4501 1706 4553 ὁ

130 4589 459 4660 Χριστιανὸς
495 4588 697 4656 ὀφείλει
740 4588 1264 4660 χαρακτηρίζεσθαι.
1307 4590 1418 4642 Καὶ⁵
1457 4590 1578 4641 τότε
1614 4584 1706 4642 οὖν

133 4681 278 4750 μετὰ
316 4680 496 4752 πάσης
548 4680 840 4751 ἐπιθυμίας
891 4681 1251 4752 συνετύχομέν
1300 4699 1401 4735 σοι’
1451 4682 1545 4736 καὶ
1589 4681 1705 4747 νῦν,

130 4770 323 4833 ὁσάκις
350 4771 416 4824 ἂν
438 4773 519 4835 είς
544 4773 765 4843 μνήμην
792 4771 1053 4842 ἔλθωμεν,
1078 4773 1338 4843 μεγίστης
1367 4770 1708 4842 ἀπολαύομεν

132 4860 489 4933 εὐφροσύνης.
524 4862 799 4932 Ἀνδρίζου
816 4863 1016 4928 τοίνυν,
1041 4864 1134 4917 καὶ
1156 4864 1325 4935 ἴσχυε,
1344 4864 1437 4916 καὶ
1457 4862 1552 4927 τὴν
1574 4863 1709 4934 πρὸς

130 4951 269 5005 Θεὸν
292 4953 513 5023 ἀγάπην
536 4954 758 5025 τρέφειν
802 4956 896 5008 καὶ
936 4955 1388 5018 πολυπλασιάζειν
1425 4955 1511 5007 ἀεὶ
1542 4954 1708 5008 σπού-

128 5042 283 5108 δαζε,
316 5043 403 5097 ἵνα
429 5061 511 5097 σοι
535 5047 629 5098 καὶ
658 5049 690 5116 η
724 5047 829 5099 τῶν
859 5046 1076 5115 ἀγαθῶν
1110 5047 1239 5117 παρ’
1275 5044 1439 5099 αὑτοῦ
1477 5046 1710 5117 χορηγία

132 5135 228 5187 ἐπὶ
260 5137 441 5205 μεῖζον
475 5137 662 5209 προΐῃ.
699 5139 819 5191 Ὅτι
845 5138 903 5192 δὲ
934 5140 1028 5192 καὶ
1053 5141 1086 5209 ὴ
1097 5138 1212 5207 μῶν
1239 5138 1534 5208 μέμνησαι,
1560 5138 1710 5191 οὐδε-

136 5227 269 5294 μιᾶς
317 5226 510 5297 ἑτέρας
552 5227 877 5293 ἀποδείξεως
921 5227 1312 5299 προσδεόμεθα,
1358 5228 1457 5300 τὴν
1498 5230 1562 5281 ὲκ
1604 5228 1708 5283 τῶν

134 5318 479 5388 πραγμάτων
507 5317 721 5389 ἔχοντες
752 5319 1070 5390 μαρτυρίαν.

207 5433 321 5503 (68)
358 5434 781 5503 Μετατεθῆναι.
833 5434 988 5489 Hanc
1026 5448 1211 5488 vocem
1239 5472 1254 5496 ,
1291 5449 1414 5504 quae
1462 5435 1615 5491 deest
1653 5436 1710 5491 in

134 5505 327 5576 editis,
349 5507 467 5559 erui
499 5520 566 5558 ex
599 5521 734 5560 mss.
764 5507 1024 5576 quinque.
1070 5504 1304 5570 Quidam
1349 5505 1568 5562 codices
1616 5508 1712 5561 ba—

134 5578 269 5632 bent
296 5575 498 5628 ibidem
531 5575 880 5643 κενοφωνίαν,
916 5591 1051 5629 rana
1086 5586 1400 5629 commenta.

208 5643 322 5716 (49)
362 5638 849 5716 ξΥπαρξινἘχρν.
867 5638 1101 5716 Quidam
1123 5644 1341 5700 codices
1379 5644 1639 5716 ὕπαρχον.

209 5714 323 5787 (50)
371 5714 899 5776 Ἀπαθανατίζεται.
954 5714 1045 5770 Sic
1095 5729 1228 5770 mss.
1290 5714 1711 5773 codicesCEditi

1807 4510 2054 4581 dignosci
2099 4509 2299 4564 debere
2329 4508 2686 4563 demonstrat.
2719 4506 2785 4561 Et
2853 4515 2984 4560 tunc
3010 4507 3175 4576 igitur
3203 4506 3378 4561 liben-

1807 4602 2017 4657 tissime
2050 4616 2170 4656 sum
2225 4607 2403 4655 tecum
2439 4613 2812 4669 congressus:
2842 4606 2897 4654 et
2939 4614 3086 4653 nunc
3110 4637 3126 4663 ,
3163 4600 3377 4668 quoties

1807 4692 2089 4755 recordor,
2123 4691 2362 4744 maxima
2394 4688 2546 4742 fruor
2582 4688 2879 4758 voluptate.
2922 4688 3108 4758 Itaque
3155 4695 3378 4744 strenue

1808 4796 1942 4852 age,
1988 4791 2041 4835 et
2090 4781 2479 4844 eorroborare,
2519 4786 2574 4834 et
2625 4777 2719 4833 Dei
2761 4792 2999 4853 amorem
3050 4777 3263 4833 nutrire
3314 4792 3379 4832 ac

1810 4890 2011 4945 augere
2044 4889 2261 4943 semper
2290 4873 2483 4938 stude,
2512 4881 2570 4926 ut
2595 4879 2650 4927 et
2683 4871 2773 4925 tibi
2801 4872 3069 4926 bonorum
3091 4871 3160 4925 ab
3197 4885 3264 4925 eo
3288 4886 3380 4925 co-

1809 4969 1897 5037 pia
1917 4976 2218 5022 accrescat.
2252 4965 2412 5020 Nullo
2435 4973 2617 5019 autem
2648 4963 2865 5035 indigeo
2893 4972 3235 5035 argumento,
3271 4980 3382 5034 quo

1809 5068 1863 5114 te
1887 5060 1991 5113 mei
2015 5073 2313 5113 memorem
2346 5072 2469 5113 esse
2497 5056 2748 5124 edocear,
2769 5071 2895 5111 cum
2922 5070 3013 5111 res
3041 5055 3173 5125 ipsa:
3197 5056 3380 5125 perbi-

1809 5149 1978 5206 beant
2007 5150 2408 5207 testimonium.

1813 5433 2292 5509 éﬂqbovariCt-zrat.
2372 5502 2385 5509 _
2534 5502 2547 5509 _
2709 5502 2719 5509 _
2847 5502 2881 5509 __
3074 5507 3081 5509 ξ
3166 5496 3195 5509 γ’
3261 5498 3272 5509 ⁸

1883 5506 2007 5579 (51)-
2035 5497 2210 5559 Am.
2239 5505 2331 5579 Sic
2370 5502 2677 5579 invenimus
2707 5502 2779 5579 in_
2793 5502 2972 5579 tribus
3001 5497 3386 5579 vetustissimis

1813 5566 2098 5629 codicibus
2141 5582 2197 5628 et
2238 5575 2361 5630 aliis
2409 5574 2705 5629 nonnullis.
2741 5571 2880 5626 Editi
2916 5571 3131 5637 αὐτούς,
3184 5566 3387 5624 Filium

1814 5654 1864 5700 et
1891 5644 2169 5715 Spiritum.

1894 5723 1911 5740 '
1934 5711 2097 5771 'Alias
2122 5712 2258 5770 CDV
2264 5712 2329 5784 11,
2362 5714 2563 5784 scripta
2595 5728 2738 5767 anno
2759 5711 2884 5767 572.
