3868 6218
164 291 267 350 517

1101 285 1591 344 EPISTOLARUM
1630 281 1916 341 CLASSIS
1948 278 2014 336 ιι.
2054 278 2274 335 EPIST.
2312 273 2451 334 CIX.

3305 274 3411 331 518

162 410 259 460 καὶ
287 418 605 477 πρεποντων
641 404 708 475 τῇ
744 405 811 476 σῇ
854 401 1138 476 ἐλευθερίᾳ
1174 402 1519 472 ὑποσχέσεων
1552 401 1741 455 ἐπιλα-

1845 395 2275 469 promissionum
2340 408 2405 447 ac
2454 390 2768 448 liberalitati
2811 398 2919 446 tuae
2968 390 3410 448 convenientium

163 501 412 570 θόμενος,
453 498 550 553 νῦν
592 499 960 572 σφοδροτάτην
995 498 1088 551 καὶ
1108 497 1484 568 ἀπαραίτητον
1514 496 1737 563 ἐπάγεις

158 591 260 663 τὴν
281 591 578 663 ἀπαίτησιν
616 593 681 661 τῇ
705 590 906 661 ἀδελφῇ
937 590 1085 660 τῇδε·
1111 590 1207 642 καὶ
1233 589 1286 642 τί
1317 588 1521 642 είκάσω
1542 589 1605 641 ἐκ
1628 586 1738 640 τῶν

159 665 490 752 λεγομένων,
528 682 629 734 οὑκ
663 680 790 750 ἔχω.
837 680 924 733 Σοί
956 697 1015 734 τε
1054 679 1162 750 γὰρ
1201 678 1398 749 πολλὴν
1435 678 1583 748 παρά
1628 676 1737 731 τῶν

160 769 581 839 πεπειραμένων
599 785 691 822 συυ
711 769 1161 840 μαρτυρουμένην
1181 767 1486 839 ἐλευθερίαν
1500 767 1734 827 σύνοιδα,

159 860 256 913 καὶ
285 858 395 911 τῶν
427 858 772 929 ὑποσχέτεών
811 876 904 912 σου
955 859 1236 930 μέμνημαι
1258 854 1332 914 ὧν
1363 859 1623 929 ἐποίησας
1652 858 1739 911 ἐπ’

157 948 294 1020 ἐμοῦ
345 950 441 1003 καὶ
478 950 630 1003 τοῦδε
671 949 806 1020 (57)*
844 949 1017 1018 λέγων
1052 950 1309 1003 ἐλάττονα
1364 950 1462 1019 μὲν
1506 949 1737 1019 γράφειν

158 1040 380 1111 χρόνον,
428 1038 644 1093 πλείονα
677 1039 733 1092 δὲ
776 1041 1169 1110 συγχωρήσειν,
1201 1039 1285 1092 διά
1317 1040 1379 1092 τὸ
1406 1039 1514 1109 (58)
1559 1038 1740 1108 βούλε-

161 1129 286 1183 σθαι
335 1130 840 1201 συμπεριφέρεσθαι
882 1132 949 1201 τῇ
993 1131 1204 1202 ἀνάγκῃ
1244 1130 1338 1183 τοῦ
1384 1131 1735 1201 πράγματος,

160 1221 259 1273 καὶ
281 1221 610 1291 συγγνώμην
640 1222 898 1292 παρέχειν
925 1224 993 1292 τῇ
1030 1221 1289 1293 ἐλευθέρᾳ
1322 1222 1736 1292 ἀναγκαζομένῃ

156 1310 412 1363 τοσοῦτον
435 1310 644 1381 ἀθρόως
670 1314 735 1364 ἐκ
763 1312 861 1382 τῆς
891 1312 1068 1375 οἰκίας
1090 1313 1370 1383 προΐεσθαι
1397 1313 1603 1383 χρῆμα.
1642 1312 1740 1375 Τίς

156 1398 254 1457 οὖν
285 1404 321 1475 ἠ
348 1403 496 1456 αἰτία
513 1403 582 1455 δι’
614 1404 681 1474 ἢν
709 1406 741 1474 ἡ
772 1404 1006 1475 τοσαύτη
1050 1404 1315 1475 μεταϐολὴ
1349 1405 1590 1473 γέγονεν,
1628 1402 1738 1470 ἐγὼ

157 1494 300 1546 νοεῖν
319 1492 420 1545 οὑκ
441 1491 567 1562 ἔχω.
609 1491 754 1563 Πλὴν
787 1493 921 1560 ὅπερ
958 1491 1023 1545 ἂν
1063 1487 1132 1564 ᾖ,
1172 1489 1472 1561 παρακαλῶ
1510 1506 1599 1552 σε,
1644 1505 1739 1559 με-

162 1585 438 1655 μνημένον
476 1586 574 1656 τῆς
611 1583 836 1636 σεαυτοῦ
871 1582 1324 1654 ἐλευθεριότητος,
1356 1583 1450 1634 καὶ
1478 1581 1613 1653 πρὸς
1646 1581 1738 1633 τὸν

158 1676 364 1747 Κύριον
384 1675 645 1729 ἀπιδόντα
675 1674 765 1728 τὸν
786 1673 1145 1744 ἀμειϐόμενον
1165 1671 1261 1735 τὰς
1286 1671 1526 1742 χρηστὰς
1548 1687 1739 1743 προαι-

1837 490 2069 545 oblitum
2092 527 2109 554 ,
2145 502 2298 542 nunc
2329 486 2459 540 huic
2495 484 2676 541 sorori
2708 482 3165 540 violentissimam
3206 499 3274 540 ac
3308 486 3411 541 im-

1839 582 2159 654 placabilem
2189 579 2532 635 exactioncm
2576 575 2779 632 inferre
2815 595 2829 632 :
2875 584 2931 631 et
2961 577 3091 647 quid
3123 577 3410 649 conjiciam

1837 686 1904 726 ex
1935 671 2021 724 his
2051 683 2173 739 quae
2202 668 2482 729 dicuntur,
2509 667 2716 721 nescio.
2745 663 2879 718 Nam
2908 676 2963 720 et
2994 665 3094 720 tibi
3120 667 3411 735 plurimam

1838 777 2032 818 eorum
2055 802 2071 826 ,
2116 762 2210 832 qui
2245 760 2321 815 tui
2353 758 2656 831 periculum
2689 757 2899 821 fecere,
2933 758 3247 813 testimonio
3286 758 3416 812 libev

1838 855 2114 908 ralitatem
2169 852 2284 906 scio
2320 850 2582 918 attribui,
2609 858 2665 904 et
2708 849 3103 919 promissorum
3157 848 3408 911 memini,

1838 945 2040 1016 quibus
2071 951 2123 997 te
2151 958 2336 997 coram
2367 957 2454 997 me
2482 950 2536 996 et
2562 942 2655 996 illo
2689 941 3075 997 obstrinxisti:
3106 955 3230 993 cum
3262 939 3414 995 dice-

1836 1049 1927 1089 res
1954 1041 2171 1103 tempus
2199 1033 2420 1104 quidem
2452 1033 2674 1088 brevius
2719 1032 2922 1098 scribi,
2959 1031 3054 1086 scd
3087 1039 3140 1085 te
3179 1031 3415 1102 amplius

1838 1140 2232 1180 concessurum
2258 1166 2273 1189 ,
2299 1138 2365 1179 eo
2393 1124 2537 1193 quod
2582 1131 2638 1178 te
2682 1124 2850 1178 velles
2896 1122 2962 1176 ad
3011 1124 3087 1175 rei
3115 1123 3414 1178 necessita-

1836 1224 1947 1272 tem
1978 1217 2396 1273 accommodare
2420 1258 2435 1283 ,
2461 1225 2515 1271 et
2555 1216 2685 1270 huic
2712 1215 2889 1270 vidum
2938 1216 3256 1285 ignoscere,
3290 1229 3413 1285 qua

1836 1314 2047 1361 tantam
2079 1306 2240 1362 simul
2270 1307 2513 1374 pecuniae
2547 1320 2819 1360 summam
2863 1320 2895 1360 e
2924 1304 3088 1359 domo
3124 1320 3220 1360 sua
3253 1306 3413 1359 emit~

1837 1405 1955 1453 tere
1999 1398 2236 1468 cogitur.
2275 1396 2537 1463 Quaenam
2575 1406 2756 1451 autem
2799 1411 3003 1459 causa,
3041 1412 3142 1452 cur
3185 1397 3412 1452 mutatio

1837 1498 1987 1545 tanta
2024 1491 2346 1560 contigerit,
2373 1504 2474 1559 ego
2495 1489 2801 1559 intelligere
2834 1504 2943 1543 non
2983 1505 3148 1559 queo.
3179 1491 3244 1542 At
3272 1506 3414 1560 quae-

1838 1597 2054 1652 cunque
2108 1581 2272 1637 luerit
2311 1621 2326 1645 ,
2372 1595 2508 1650 rogo
2560 1587 2647 1642 te,
2695 1592 2752 1634 ut
2784 1588 2889 1636 tua:
2931 1581 3272 1635 liberalitatis
3302 1596 3416 1633 me—

1839 1687 1978 1739 mor,
2011 1678 2066 1728 et
2096 1671 2164 1726 ad
2196 1669 2484 1725 Dominum
2517 1670 2675 1724 bonae
2697 1671 2996 1724 voluntatis
3038 1679 3416 1725 remunerato-

162 1766 365 1836 ρέσεις,
404 1766 586 1820 δοῦναι
623 1765 713 1819 τὸν
754 1765 941 1836 καιρὸν
978 1764 1036 1816 ὃν
1073 1763 1131 1830 ἐξ
1160 1763 1332 1835 ἀρχῆς
1365 1763 1602 1833 ὑπέσχου
1640 1762 1738 1832 τῆς

1844 1778 1954 1818 rem
2000 1763 2341 1833 respiciens,
2375 1771 2594 1831 tempus
2644 1762 2803 1831 202
2861 1763 3198 1817 induciarum
3256 1763 3412 1816 initio

157 1860 419 1925 ἀνέσεως,
456 1859 545 1914 ἴνα
581 1858 872 1929 δυνηθῶσι,
915 1856 1375 1927 συμπωλήσαντες
1405 1855 1472 1908 τὰ
1500 1854 1734 1921 ἑαυτῶν,

156 1949 408 2004 διαλῦσαι
427 1950 487 2002 τὸ
504 1949 684 2021 χρέος.
725 1948 892 2020 Δῆλον
916 1948 991 2007 δὲ,
1019 1948 1101 2000 ὅτι
1126 1947 1393 2000 κάκείνων
1421 1946 1736 2016 μέμνημαι,

158 2040 243 2094 δτι
267 2040 525 2110 ὑπέσχου,
563 2041 611 2093 εί
637 2038 822 2103 λάϐοις
850 2040 910 2093 τὸ
933 2038 1264 2109 ὁμολογηθέν
1289 2039 1531 2109 χρυσίον,
1561 2039 1737 2091 πάντα

156 2130 229 2185 τὰ
270 2130 675 2202 ὁμολογηθέντα
716 2130 933 2201 χαρτία,
972 2130 1065 2183 καὶ
1098 2128 1166 2182 τὰ
1196 2129 1286 2181 ἐπὶ
1317 2127 1427 2180 τῶν
1462 2127 1749 2198 ἀρχόντων

159 2220 495 2293 πραχθέντα,
531 2223 625 2275 καὶ
664 2222 733 2275 τὰ
770 2219 1051 2282 ίδιωτικῶς
1080 2219 1349 2289 γενόμενα
1391 2218 1525 2288 (59),
1570 2235 1739 2289 παρα-

157 2309 352 2365 δώσειν
393 2314 457 2383 τῇ
500 2312 894 2383 προειρημένῃ.
942 2308 1251 2381 Παρακαλῶ
1295 2304 1407 2374 οὖν,
1451 2310 1545 2362 καὶ
1589 2310 1737 2379 ἡμᾶς

159 2401 411 2474 τίμησον,
442 2405 535 2458 καὶ
564 2404 759 2474 κτῆσαι
796 2401 945 2474 παρά
968 2401 1046 2472 τῷ
1076 2400 1265 2473 Κυρίῳ
1294 2400 1534 2472 μεγάλην
1559 2399 1737 2470 ἐαυτῷ

158 2492 441 2560 εὐλογίαν,
495 2493 864 2563 ἀναμνησθεὶς
915 2490 1024 2546 τῶν
1080 2491 1307 2546 σεαυτοῦ
1361 2491 1734 2563 ὑποσχέσεων,

159 2585 465 2655 γινώσκων,
494 2587 577 2639 ὅτι
598 2586 880 2658 ἄνθρωπος
902 2581 972 2651 εί,
999 2585 1094 2638 καὶ
1129 2585 1289 2648 αὐτὸς
1311 2584 1420 2656 (60)
1450 2585 1739 2656 ἀναμένειν

158 2675 397 2743 ὀφείλεις
431 2677 559 2740 τοὺς
594 2678 816 2748 καιροὺς
854 2678 911 2728 ἐν
949 2669 1030 2737 οἷς
1065 2674 1305 2747 δεηθήσῃ
1340 2675 1439 2745 τῆς
1469 2676 1617 2745 παρὰ
1643 2673 1736 2728 τοῦ

158 2766 298 2821 Θεοῦ
320 2768 679 2839 ἀντιλήψεως·
712 2769 779 2840 ἦν
813 2768 886 2840 μὴ
918 2768 1247 2839 ἀποκλείσῃς
1285 2766 1495 2837 σεαυτῷ
1524 2766 1611 2819 διὰ
1640 2767 1739 2837 τῆς

158 2859 446 2932 παρούσης
471 2861 833 2933 σκληρότητος
858 2878 873 2893 ·
905 2860 1022 2914 ἀλλ’
1040 2860 1356 2933 εὐτρέπισον
1388 2860 1515 2923 τοὺς
1543 2862 1741 2929 οίκτιρ·

162 2953 300 3021 μοὺς
346 2952 439 3006 τοῦ
479 2954 614 3007 Θεοῦ
656 2953 751 3006 ἐπὶ
788 2953 1005 3015 σαυτὸν.
1051 2954 1230 3007 πᾶσαν
1269 2951 1609 3023 χρηστότητα
1645 2952 1738 3005 καὶ

156 3045 463 3100 ἐπιείκειαν
479 3049 593 3109 τοῖς
621 3062 927 3099 καταπονου
934 3046 1117 3116 μένοις
1137 3044 1560 3114 ἐπιδειξάμενος.

700 3200 1056 3254 ΕΠΙΣΤΟΛΗ
1093 3198 1215 3252 ΡΘ¹.

1839 1854 2173 1924 promissum
2216 1852 2535 1908 concedas:
2583 1860 2643 1906 ut
2699 1853 2913 1922 possint
2966 1855 3203 1910 venditis
3245 1854 3413 1909 rebus

1838 1947 1955 2002 suis
1983 1946 2227 2001 debitum
2272 1946 2594 2001 dissolvere.
2622 1944 2757 1999 Illud
2784 1947 2946 2000 etiam
2991 1947 3160 2017 probe
3190 1947 3413 2001 memini

1838 2038 2144 2110 pollicitum
2175 2045 2228 2091 te
2258 2051 2410 2100 esse,
2450 2037 2497 2091 si
2529 2051 2726 2091 aurum
2747 2077 2761 2101 ,
2796 2037 2865 2092 de
2903 2052 3012 2107 quo
3040 2046 3410 2102 convenerat,

1838 2127 2151 2196 acciperes,
2182 2126 2408 2181 chartas
2436 2142 2628 2182 omnes
2650 2167 2665 2190 ,
2691 2135 2804 2180 tum
2829 2142 2924 2182 eas
2955 2142 3077 2197 qua;
3107 2143 3289 2183 coram
3316 2127 3414 2196 ju-

1838 2217 2074 2282 dicibus,
2105 2228 2221 2273 tum
2253 2233 2375 2286 quae
2413 2218 2668 2288 privatim
2708 2218 3001 2281 confectae,
3038 2219 3250 2275 mulieri
3275 2218 3415 2288 prae;

1839 2309 1999 2365 dicta:
2044 2309 2399 2364 traditurum.
2445 2307 2691 2364 Obsecro
2720 2309 2934 2378 itaque,
2969 2317 3023 2363 et
3063 2309 3195 2363 mihi
3238 2310 3412 2365 bono-

1838 2416 1954 2456 rem
1985 2400 2157 2464 defer,
2184 2409 2239 2457 et
2268 2415 2520 2471 magnam
2570 2401 2668 2455 tibi
2702 2400 2846 2471 apud
2900 2400 3188 2455 Dominum
3239 2401 3410 2455 bene-

1839 2494 2145 2549 dictionem
2174 2506 2434 2562 compara
2454 2532 2470 2557 ,
2505 2493 2560 2546 in
2589 2492 2906 2547 memoriam
2945 2495 3213 2561 promissa
3252 2507 3412 2547 revo-

1841 2598 1976 2638 cans
2001 2622 2017 2648 ,
2049 2592 2211 2652 teque
2245 2581 2523 2636 hominem
2564 2595 2687 2636 esse
2732 2594 3106 2652 cognoscens,
3159 2595 3223 2634 ac
3272 2587 3413 2634 tem-

1838 2688 1975 2744 pora
2034 2674 2126 2726 illa
2170 2680 2494 2742 exspectare
2549 2670 2750 2725 debere
2778 2709 2794 2731 ,
2847 2670 3050 2738 quibus
3082 2684 3185 2738 ope
3229 2670 3410 2724 divina

1840 2765 2134 2837 indigebis.
2168 2764 2341 2831 Quam
2387 2763 2610 2833 quidem
2663 2762 2758 2817 tibi
2792 2762 2909 2830 ipse
2959 2777 3053 2831 per
3087 2770 3412 2831 praesentem

1840 2859 2102 2914 duritiam
2150 2871 2221 2911 ne
2280 2854 2694 2909 intercluseris:
2731 2852 2825 2906 sed
2861 2851 3270 2906 misericordias
3318 2848 3412 2903 Dei

1842 2951 1900 3005 in
1928 2948 2168 3020 teipsum
2203 2954 2499 3010 converte,
2534 2944 2927 3014 benignitatem
2973 2956 3190 2996 omnem
3221 2949 3274 2996 et
3298 2939 3413 2994 cle-

1843 3041 2108 3097 mentiam
2132 3038 2349 3095 aulicus
2372 3037 2778 3093 demonstrans.

2351 3188 2690 3245 EPISTOLA
2730 3186 2885 3244 CIX”.

160 3362 315 3426 Rogat
338 3357 549 3411 Basilius
568 3354 849 3408 Heuadium
870 3352 1104 3426 comitem,
1130 3367 1178 3404 ut
1203 3364 1301 3426 sua.
1315 3351 1448 3426 apud
1468 3351 1764 3426 prtefectum‘
1773 3345 1937 3426 gratio
1959 3345 2362 3426 υἱέαφπιιιιςαιιις
2376 3356 2523 3426 ,ηιξκιε
2539 3348 2719 3407 prwler
2741 3347 2919 3394 sortem
2937 3338 3081 3393 etiam
3098 3352 3272 3391 usuras
3297 3339 3413 3391 red-

1035 3403 1153 3467 dere
1169 3403 1424 3479 cogebatur
1468 3403 1635 3463 'cont'ra
1658 3403 1929 3475 pactibnum
1948 3414 1993 3460 et
2010 3406 2361 3471 promissorum
2376 3403 2542 3470 ﬁdem.

679 3545 968 3609 Ἐλλαὸίῳ
1000 3542 1244 3611 Κόμητι.

232 3661 386 3715 Πάνυ
434 3659 862 3732 παραιτούμενος
912 3658 979 3712 δι’
1020 3657 1177 3729 ὄχλου
1220 3652 1358 3710 εἶναι
1398 3658 1463 3726 τῇ
1507 3654 1735 3726 χρηστό-

160 3755 286 3824 τητί
314 3768 431 3817 σου,
460 3752 548 3805 διὰ
575 3752 637 3804 τὸ
681 3750 908 3821 μέγεθος
943 3750 1041 3819 τῆς
1073 3734 1199 3820 περὶ
1230 3751 1374 3820 ὑμᾶς
1407 3748 1613 3819 ἀρχῆς,
1649 3747 1736 3801 ἵνα

163 3844 243 3917 μὴ
297 3843 433 3909 δόξω
478 3844 730 3917 ἀμέτρως
778 3842 1132 3913 ἐμφορεῖσθαι
1174 3842 1274 3912 τῆς
1320 3840 1499 3910 φιλίας
1537 3839 1690 3911 ὑμῶν
1716 3856 1730 3870 ·

161 3936 315 4005 ὅμως
345 3935 453 3989 ὑπὸ
475 3936 581 3988 τῶν
608 3936 864 4003 ἀναγκῶν
893 3935 1187 4005 ἡσυχάζειν
1216 3933 1313 3985 οὑκ
1347 3931 1731 4003 ἐπιτρέπομαι.

161 4029 278 4098 Τὴν
300 4027 431 4096 γοῦν
462 4027 694 4098 ἀδελφὴν
728 4027 908 4098 τήνδε,
942 4026 1036 4080 καὶ
1066 4025 1201 4098 πρὸς
1231 4024 1386 4094 γένος
1413 4027 1545 4095 ἡμῖν
1572 4021 1736 4078 οὖσαν

163 4120 261 4172 καὶ
280 4118 368 4173 διὰ
390 4119 614 4190 χηρείαν
638 4135 939 4172 καταπονου
947 4118 1111 4189 μένην
1128 4158 1144 4182 ,
1177 4116 1267 4171 καὶ
1295 4116 1481 4179 παιδὸς
1499 4113 1736 4188 ορφανοῦ

163 4211 493 4282 πράγματος
548 4210 956 4280 φροντίζουσαν,
1014 4211 1135 4262 ἐπεὶ
1184 4206 1320 4261 εἶδον
1367 4207 1549 4261 λοιπὸν
1598 4207 1738 4277 ὑπὲρ

164 4303 394 4374 δύναμιν
428 4303 720 4373 ἀφορήτοις
756 4302 1020 4370 ἀνάγκαις
1059 4300 1453 4371 συνεχομένην,
1482 4299 1740 4370 κατελεή-

167 4410 290 4458 σας,
341 4393 435 4446 καὶ
475 4391 663 4446 παθὼν
706 4394 805 4464 τὴν
842 4391 1038 4463 ψυχὴν,
1083 4391 1325 4445 ἔσπευσα
1362 4390 1739 4462 παρακαλέσαι

166 4502 251 4549 σε,
284 4485 393 4547 ἱνα,
427 4483 591 4548 εἴτις
628 4482 875 4554 δύναμις,
915 4483 994 4553 τῷ
1027 4482 1382 4537 ἀποσταλέντι
1416 4481 1544 4552 παρ’
1572 4481 1741 4551 αὐτῆς

165 4574 441 4646 ἀνθρώπῳ
464 4573 805 4644 καταξιώσῃς
834 4574 1167 4643 συμπρᾶξαι,
1197 4573 1329 4643 πρὸς
1351 4571 1412 4625 τὸ
1437 4573 1572 4643 ὅπερ
1600 4570 1741 4642 αὕτη

166 4665 437 4736 περιοῦσα
471 4665 584 4734 (61)
624 4665 889 4735 ὑπέσχετο
919 4665 1007 4733 ὑφ’
1031 4663 1209 4735 ἡμῶν,
1242 4664 1341 4735 ήδη
1374 4663 1534 4717 τοῦτο
1571 4664 1741 4735 αὑτήν

166 4756 475 4811 ἀποδοῦσαν
505 4757 604 4826 τῆς
632 4756 807 4835 εἰς-τὸ
847 4755 1006 4809 πλέον
1047 4756 1308 4826 ἐπηρείας
1343 4755 1740 4826 ἀπαλλαγῆναι.

178 4846 481 4917 Ὑπέσχετο
531 4846 640 4917 γὰρ
682 4846 742 4899 τὸ
789 4844 1081 4913 κεφάλαιον
1134 4843 1301 4896 δοῦσα
1349 4840 1740 4913 συγχωρεῖσθαι
1775 4886 1819 4941 D

166 4940 296 5002 τοὺς
322 4936 537 5000 τόκους.
576 4936 689 4990 Νῦν
721 4936 895 4990 τοίνυν
925 4937 975 4988 οί
1016 4933 1389 5005 φροντίζοντες
1428 4934 1596 5004 αὑτῆς
1633 4931 1742 4984 τῶν

168 5030 528 5102 κληρονόμων
569 5027 702 5099 μετά
737 5027 798 5079 τὸ
833 5026 1124 5095 κεφάλαιον
1163 5024 1259 5076 κα)⁹
1292 5022 1393 5094 τὴν
1426 5022 1534 5075 τῶν
1569 5023 1743 5075 τόκων

244 5185 361 5257 (57)
387 5180 726 5257 Kalendae.
758 5175 1415 5257 N_on_belle§outbeﬁsius
1447 5172 1735 5236 legendum

170 5245 541 5327 puiat'roﬁﬁé
577 5251 757 5327 λόγου.
794 5248 1006 5327 Iudicat
1049 5245 1283 5327 Basilius
1325 5245 1481 5298 illum
1526 5259 1744 5303 exui-ze—

171 5315 412 5382 sidibus.
446 5322 515 5377 de
543 5315 739 5388 quoin
779 5319 1060 5388 superiore
1082 5315 1335 5384 cpistola.

247 5394 361 5464 (58)
392 5392 496 5447 Διά
540 5381 632 5464 τό.
662 5387 753 5445 Sic
778 5381 1188 5464 emendavimus
1222 5401 1285 5438 ex
1331 5382 1521 5464 codice
1544 5381 1745 5464 Claro.

173 5453 460 5519 montano.
488 5460 829 5531 quodﬂprave
857 5459 913 5512 in
942 5455 1481 5531 Coislinianoprimo
1505 5462 1560 5507 et
1581 5453 1742 5531 editis

171 5535 459 5603 legebatur
485 5522 566 5584 δεῖ
590 5522 687 5600 τῷ.
722 5528 912 5603 Plures
945 5528 998 5582 in
1028 5522 1492 5603 hancuepinstolam
1523 5522 1742 5603 codices

174 5590 286 5657 ηιῖη
315 5590 825 5657 δοὺιιίωιιε.’νειιιο
855 5609 977 5669 post
996 5596 1133 5654 editi
1164 5590 1462 5665 ἐλευθερίᾳ.
1496 5590 1738 5662 Uterque

173 5674 352 5730 codex
380 5681 438 5727 ut
466 5672 522 5725 in
551 5676 724 5726 textu.

2372 3533 2622 3589 Ilelladio
2653 3532 2866 3587 Comiti.

1906 3649 2172 3717 Quamvis
2203 3645 2529 3717 benignitati
2564 3652 2671 3698 tuae
2692 3643 3007 3713 obstrepere
3041 3639 3306 3710 refugiam
3338 3641 3411 3695 ob

1840 3740 2270 3811 magnitudinem
2337 3737 2631 3808 potestatis
2693 3743 2832 3801 tuae,
2886 3749 2958 3788 ne
3020 3733 3262 3787 amicitia
3318 3722 3413 3787 tua

1836 3835 1983 3889 ultra
2017 3832 2241 3886 modum
2276 3830 2491 3900 impleri
2533 3828 2722 3882 videar
2741 3871 2754 3895 ,
2779 3835 2961 3881 tamen
2988 3840 3074 3879 me
3102 3839 3192 3879 res
3219 3838 3416 3881 neces-

1837 3925 1998 3981 sariae
2036 3924 2322 3994 quiescere
2354 3936 2464 3975 non
2491 3920 2699 3975 sinunt.
2749 3916 2900 3973 Hanc
2935 3916 3102 3987 igitur
3129 3928 3374 3968 sororem
3394 3951 3411 3978 ,

1836 4031 1957 4086 quae
1987 4024 2038 4069 et
2062 4011 2329 4082 sanguine
2358 4009 2492 4064 mihi
2543 4008 2836 4075 conjuncta
2879 4017 2993 4066 est.
3029 4012 3086 4060 et
3129 4004 3200 4059 ob
3231 4001 3416 4057 vidui-

1838 4116 2005 4162 tatem
2049 4104 2364 4165 aﬂlictatur,
2399 4110 2453 4157 et
2480 4117 2571 4156 res
2612 4100 2707 4154 lilii
2742 4098 2972 4168 orphani
2994 4103 3286 4166 procurat,
3320 4094 3415 4150 ubi

1837 4196 1947 4251 vidi
1978 4196 2089 4264 jam
2126 4194 2271 4247 ultra
2306 4192 2452 4245 vires
2485 4185 2769 4244 aerumnis
2793 4186 3229 4241 intolerabilibus
3280 4198 3415 4238 con-

1840 4287 2044 4357 stringi
2067 4327 2080 4351 ,
2120 4285 2383 4340 misertus
2430 4283 2578 4336 illius
2599 4323 2612 4347 ,
2645 4288 2809 4349 atque
2836 4279 3026 4332 animo
3072 4274 3298 4339 dolens,
3324 4290 3416 4329 ro-

1840 4395 1969 4449 gare
2016 4386 2070 4432 te
2126 4373 2420 4437 festinavi,
2470 4380 2529 4426 ut
2587 4371 2634 4426 si
2685 4384 2796 4440 qua
2849 4375 3102 4438 suppetat
3143 4366 3412 4428 facultas,

1840 4473 2012 4525 misso
2034 4469 2101 4523 ab
2133 4482 2196 4522 ea
2228 4468 2347 4521 viro
2375 4478 2597 4535 operam
2621 4476 2827 4516 navare
2870 4459 3146 4530 digneris;
3170 4464 3229 4511 ut
3266 4455 3415 4527 quod

1843 4560 1957 4628 ipsa
1988 4574 2232 4630 praesens
2288 4572 2475 4610 coram
2514 4570 2600 4608 me
2633 4553 2990 4623 promiserat,
3037 4564 3104 4603 eo
3146 4548 3255 4618 jam
3290 4545 3416 4601 red--

1843 4652 1959 4706 dito
2000 4651 2150 4705 nulla
2185 4649 2422 4719 amplius
2452 4646 2501 4700 ei
2543 4647 2635 4698 tiat
2675 4643 2900 4713 injuria.
2955 4641 3047 4695 Sic
3080 4641 3224 4694 enim
3258 4648 3414 4710 pacta

1846 4744 2061 4805 fuerat,
2098 4750 2158 4797 ut
2195 4744 2241 4797 si
2286 4748 2490 4796 sortem
2529 4739 2765 4792 solveret
2789 4776 2804 4799 ,
2836 4735 3249 4796 remitterentur
3279 4744 3414 4783 usu-

1845 4853 1945 4892 rae.
1974 4834 2127 4890 Nunc
2164 4834 2330 4904 igitur
2360 4833 2451 4902 qui
2494 4846 2581 4885 res
2616 4829 2763 4882 illius
2784 4827 3059 4882 hzeredum
3091 4828 3414 4893 procurant,

1846 4937 2042 5000 praeter
2080 4934 2282 4983 sortem
2319 4939 2520 4981 usuras
2541 4922 2702 4977 etiam
2729 4925 3001 4975 conantur
3034 4916 3274 4984 exigere.
3310 4912 3417 4984 lgi-

1849 5029 1939 5075 tur
1967 5027 2027 5074 ut
2056 5025 2403 5089 perspectum
2433 5024 2488 5070 et
2503 5016 2845 5085 exploratum
2883 5011 3091 5064 habens
3127 5005 3416 5060 Dominum

1918 5172 2029 5243 (59)
2057 5173 2382 5239 Γενόμενα.
2438 5166 2529 5222 Sic
2575 5175 2810 5237 uterque
2854 5164 3046 5220 codex.
3089 5159 3232 5215 Editi
3274 5158 3416 5228 γινόο

1853 5260 2030 5382 έεῖἕθ)
2059 5308 2167 5382 Καὶ
2191 5308 2393 5373 αὐτός.
2419 5305 2626 5382 lterum
2658 5304 2788 5382 editi
2812 5310 2865 5357 et
2886 5300 3053 5382 Qoisl.
3085 5297 3416 5382 primusad:

1849 5369 1985 5434 dunt
2013 5369 2130 5441 καί,
2161 5394 2281 5447 quae
2309 5369 2626 5446 conjunctio
2656 5375 2850 5429 melius
2880 5371 3073 5426 deesse
3102 5372 3213 5425 visa
3240 5377 3325 5424 est
3361 5369 3415 5421 in

1848 5452 2040 5506 codice
2064 5449 2299 5504 Clarum.

1919 5521 2030 5591 (6|)
2065 5517 2384 5586 Περιοῦσα.
2422 5514 2599 5586 Bigot.
2630 5514 2765 5568 alter
2796 5510 3032 5568 secunda
3081 5525 3247 5565 manu
3278 5524 3410 5581 παρ-

1850 5591 2024 5645 ιοῦσα.

1923 5658 1942 5680 ‘
1962 5660 2113 5715 Alias
2132 5652 2392 5722 LDXXll,
2427 5653 2633 5725 scripta
2665 5667 2808 5708 anno
2838 5652 2961 5707 372.
