3868 6218
482 250 589 307 519

1837 245 1895 302 S.
1937 245 2021 300 BA
2030 244 2181 301 SlLll
2219 242 2430 300 MAGNI

3617 243 3722 299 5‘20

479 382 568 422 res
603 365 893 421 viduarum
928 371 1091 436 atque
1120 364 1492 436 orphanorum
1541 379 1674 421 suas
1717 363 1899 420 facere
1927 384 1940 420 :
1973 365 2044 418 ita

2150 362 2434 434 εῐσπραξιν
2479 361 2813 435 ἐπιχειροῦσι
2870 359 3213 432 ποιήσασθαι.
3272 361 3360 425 Ὧς
3405 354 3497 415 οὖν
3542 360 3722 425 εἰδὼς,

479 459 727 517 studium
745 467 897 513 tuum
921 466 978 512 et
1010 471 1231 528 operam
1259 456 1512 527 impende
1542 457 1674 512 huic
1705 456 1923 527 negotio
1946 495 1961 519 ,
1993 455 2050 510 in

480 566 632 622 spem
687 549 887 605 futurae
918 549 988 604 ab
1046 550 1167 619 ipso
1198 548 1307 604 Deo
1357 556 1550 604 nostro
1602 549 1891 604 mercedis.
1925 547 2053 601 Exi-

479 644 644 700 stimo
687 644 867 707 enim,
899 642 946 699 si
995 642 1237 711 praefecti
1289 642 1528 695 maxime
1580 640 1888 696 admirandi
1939 642 2048 695 cleo

356 723 373 739 ⁸
480 736 685 791 mentia
739 743 945 789 sortem
996 733 1234 787 solutam
1286 746 1408 787 esse
1472 731 1762 796 didicerit,
1822 736 1939 785 tore
1991 739 2050 785 ut

480 826 636 882 illum
686 825 944 880 misereat
972 824 1170 879 domus
1200 823 1350 877 illius
1393 830 1591 877 caetera
1639 837 1963 877 arumnosas
1993 828 2048 876 et

480 915 720 973 infelicis
748 924 804 970 et
826 915 880 968 in
914 929 1092 984 genua
1127 914 1429 985 provolutae
1451 956 1466 980 ,
1500 924 1664 985 atque
1694 915 1759 968 ad
1792 915 2045 984 injurias,

479 1023 603 1081 quae
632 1009 979 1063 extrinsecus
1019 1006 1352 1070 inferuntur,
1390 1007 1636 1077 imparis.
1675 1006 1827 1077 Rogo
1859 1009 2044 1076 igitur,

479 1108 535 1156 et
562 1099 883 1154 necessitati
938 1098 1192 1168 ignoscas
1214 1139 1229 1164 ,
1257 1112 1378 1167 quae
1428 1105 1486 1151 ut
1522 1099 1618 1153 tibi
1658 1101 1919 1154 molestus
1952 1114 2045 1154 es-

434 1184 438 1189 ’
481 1206 597 1247 sem
631 1190 848 1260 coegit,
883 1197 938 1243 et
981 1188 1036 1241 in
1071 1189 1173 1242 hoc
1206 1190 1484 1258 negotium
1511 1191 1796 1246 incumbas
1830 1207 1926 1261 pro
1951 1207 2046 1260 po-

478 1290 716 1343 testate,
768 1294 930 1349 quam
970 1278 1224 1334 Christus
1267 1281 1407 1344 tibi,
1442 1281 1693 1350 benignis
1740 1296 1804 1335 ac
1858 1283 2045 1351 probis

479 1370 725 1425 moribus
769 1366 998 1439 przedito
1027 1406 1043 1432 ,
1074 1373 1128 1419 ct
1165 1366 1251 1422 bis
1289 1382 1410 1437 qua:
1441 1368 1700 1438 accepisti
1733 1367 1800 1421 ad
1841 1367 2045 1437 Optima

478 1476 709 1533 quasque
743 1461 918 1514 utenti
949 1459 1179 1528 largitus
1208 1464 1316 1514 est.

1023 1700 1364 1755 EPISTOLA
1403 1700 1537 1757 CX'.

2156 455 2237 508 ὅτι
2260 454 2460 526 Κύριός
2490 457 2636 507 ἐστιν
2674 456 2703 506 ὁ
2732 454 2801 507 τὰ
2827 452 2935 506 τῶν
2964 452 3148 524 χηρῶν
3185 453 3279 506 καὶ
3311 452 3559 524 ὀρφανῶν
3601 452 3726 505 ἰδιο-

2157 545 2492 615 ποιούμενος,
2539 544 2680 598 οὕτω
2726 544 3020 598 σπούδασον
3067 544 3372 617 χρήσασθαι
3423 544 3612 598 ἑαυτὸν
3653 546 3721 614 τῇ

2157 638 2356 708 σπουδῇ
2385 640 2450 707 τῇ
2486 638 2623 707 ὑπὲρ
2650 636 2743 690 τοῦ
2766 636 3108 708 πράγματος,
3138 637 3223 688 ἐπ’
3255 636 3428 689 ἐλπίδι
3461 636 3561 705 τῆς
3594 635 3722 705 παρ’

2154 725 2318 778 αὑτοῦ
2340 725 2432 777 τοῦ
2456 725 2587 778 Θεοῦ
2615 725 2769 796 ἡμῶν
2805 724 3244 796 μισθαποδοσίας.
3273 720 3439 794 Οἶμαι
3465 725 3594 795 γὰρ,
3629 723 3724 776 καὶ

2152 818 2251 887 τὴν
2310 816 2621 887 ἡμερότητα
2672 816 2763 870 τοῦ
2819 816 3266 886 θαυμασιωτάτου
3315 816 3551 886 ἐπάρχου
3607 814 3720 886 (62)

2156 908 2451 979 μαθοῦσαν,
2504 910 2582 962 ὅτι
2627 910 2688 962 τὺ
2734 909 3026 979 κεφάλαιον
3066 909 3396 973 ἐκτέτισται,
3437 908 3723 979 συμπαθὴ-

2154 1017 2266 1052 σειν
2294 1000 2372 1071 τῷ
2406 999 2621 1071 ἐλεεινῷ
2656 1000 2836 1054 λοιπὸν
2863 1002 2956 1054 καὶ
2992 1000 3156 1071 ἀθλίῳ
3184 1001 3315 1072 οἴκῳ
3344 1002 3421 1062 είς
3448 1001 3577 1067 γόνυ
3607 1000 3725 1054 κλι-

2152 1090 2320 1154 θέντι,
2345 1092 2439 1144 καὶ
2470 1092 2653 1144 οὐκέτι
2683 1093 2938 1164 ἅρκοῦντι
2966 1096 3085 1156 ταῖς
3117 1092 3313 1157 ἔξωθεν
3342 1091 3489 1161 αὐτῷ
3515 1093 3720 1159 ἐπαγο-

2155 1183 2340 1252 μέναις
2389 1186 2692 1255 ἐπηρείαις.
2738 1185 3047 1256 Παρακαλῶ
3084 1181 3175 1238 οὖν
3203 1225 3217 1249 ,
3262 1185 3355 1238 καὶ
3392 1187 3458 1256 τῇ
3505 1184 3720 1256 ἀνάγκῃ

2145 1273 2434 1342 σύγγνωθι,
2464 1275 2531 1327 δι’
2556 1275 2621 1344 ἢν
2655 1275 2876 1347 ὤχλησά
2902 1294 3002 1339 σοι,
3034 1277 3127 1329 καὶ⁹
3159 1275 3233 1346 τῷ
3263 1275 3547 1346 πράγματι
3580 1273 3721 1342 σύμ·

2144 1364 2347 1433 πραξον
2387 1367 2528 1420 κατὰ
2570 1367 2667 1436 τὴν
2708 1367 2956 1438 δύναμιν,
2991 1368 3059 1438 ἣν
3100 1366 3266 1419 ἔδωκέ
3306 1383 3385 1418 σοι
3417 1368 3444 1419 ὁ
3482 1363 3721 1436 Χριστὸς

2150 1457 2368 1530 χρηστῷ
2400 1459 2492 1512 καὶ
2527 1458 2715 1530 ἀγαθῷ
2747 1460 2836 1513 τὸν
2867 1460 3061 1531 τρόπον
3100 1459 3233 1513 ὄντι.
3269 1458 3475 1522 καὶέίς
3516 1454 3720 1523 ἀγαθὸν

2152 1544 2232 1612 οἷς
2259 1549 2447 1612 ἔλαϐες
2477 1551 2816 1623 κεχρημένῳ.

2704 1705 3045 1757 ΕΠΙΣΤΟΛΗ
3082 1705 3184 1762 PI'.

479 1856 693 1913 Basilius
713 1857 831 1908 data
856 1871 887 1908 a
907 1855 1133 1922 praefecto
1156 1855 1398 1908 scribendi
1420 1855 1614 1908 licentia
1633 1856 1802 1920 utitur,
1825 1864 1877 1910 ut
1896 1859 1946 1912 ei
1965 1860 2260 1973 cq’mn‘tendet
2286 1860 2440 1912 Tauri
2469 1859 2668 1923 incolas,
2697 1860 2866 1927 quibus
2902 1860 3129 1929 graviora
3161 1859 3285 1925 ferri
3304 1859 3481 1911 tributa
3501 1858 3722 1925 impone-

2035 1937 2098 1973 an
2119 1937 2199 1973 ur.

2035 1937 2199 1974 antur.

998 2025 1233 2081 Modesto
1259 2027 1527 2097 prwfecta.

559 2120 836 2188 Quantum
868 2119 999 2173 milii
1045 2119 1269 2174 honoris
1300 2135 1363 2173 ac
1391 2119 1662 2176 libertatis
1688 2121 2045 2188 concessisti,

474 2226 691 2267 morum
739 2210 962 2266 lenitate
988 2224 1101 2263 non
1144 2210 1353 2265 veritus
1381 2218 1434 2265 te
1463 2211 1533 2266 ad
1570 2226 1675 2266 nos
1724 2212 2046 2279 demittere,

475 2314 627 2361 tanta
659 2303 759 2358 tibi
811 2311 978 2372 atque
1010 2302 1175 2356 etiam
1225 2302 1432 2372 majora
1458 2341 1473 2367 ,
1522 2305 1765 2374 quandiu
1806 2306 2047 2371 vixeris,

475 2410 507 2449 ιι
533 2396 676 2451 bono
706 2401 895 2450 nostro
940 2392 1170 2447 Domino
1216 2393 1553 2448 incrementa
1595 2397 1764 2450 tribui
1793 2396 2050 2466 splendo-

473 2489 554 2543 ris
584 2500 893 2558 precamur.
945 2484 1028 2540 Me
1081 2493 1264 2540 autem
1308 2493 1363 2540 et
1396 2485 1722 2556 jampridem
1773 2490 2047 2554 scribere,

474 2585 530 2635 et
581 2580 825 2642 honore,
874 2576 968 2646 qui
1004 2591 1070 2631 ex
1107 2584 1160 2631 te
1207 2576 1532 2646 percipitur,
1576 2577 1783 2647 perfrui
1827 2580 2050 2650 cupien-

475 2684 587 2730 tem
641 2672 916 2727 retinebat
967 2670 1321 2741 amplissima:
1368 2670 1656 2740 dignitatis
1688 2674 2044 2728 reverentia:

475 2766 682 2838 quippe
720 2779 846 2818 cum
895 2778 1137 2827 vererer,
1168 2778 1238 2816 ne
1269 2762 1492 2832 quando
1536 2762 1789 2818 libertate
1844 2764 2049 2819 immo-

476 2856 721 2912 deratius
764 2855 843 2909 uti
871 2854 1108 2908 viderer.
1157 2851 1316 2908 Nunc
1348 2866 1480 2906 vero
1512 2853 1674 2908 simul
1729 2862 1784 2909 et
1825 2864 2048 2924 accepta

477 2949 550 3004 ab
617 2945 1037 3017 incomparabili
1103 2952 1197 2999 tua
1263 2945 1715 3016 magnanimitate
1774 2947 2048 3002 scribendi

476 3039 738 3104 licentia,
768 3038 932 3093 simul
986 3044 1041 3092 et
1092 3037 1405 3091 necessaria
1436 3051 1525 3091 res
1576 3036 1858 3092 hominum
1911 3039 2049 3093 ami-

475 3142 689 3187 ctorum
735 3129 1011 3184 conlidere
1076 3129 1275 3198 coegit.
1329 3126 1386 3181 Si
1431 3127 1564 3197 quid
1618 3128 1787 3199 igitur
1840 3132 2051 3185 tenuis-

477 3225 744 3281 simorum
792 3235 985 3292 preces
1035 3220 1181 3290 apud
1224 3221 1372 3275 viros
1408 3221 1825 3290 potentissimos
1864 3222 2050 3278 value-

477 3316 628 3369 rint:
666 3314 787 3369 sine
813 3319 867 3367 te
889 3352 903 3377 ,
930 3312 1017 3367 vir
1062 3313 1119 3365 in
1163 3311 1355 3381 primis
1388 3312 1739 3379 admirande,
1776 3313 1880 3366 hoc
1916 3327 2049 3368 exo-

476 3421 632 3471 rem,
685 3412 746 3459 ut
798 3420 896 3474 pro
946 3411 1040 3457 tua
1104 3402 1340 3473 benigna
1374 3403 1695 3469 voluntate,
1750 3381 2114 3459 rusticitatic

476 3498 805 3555 miserandas
836 3497 1068 3552 salutem
1117 3496 1409 3565 largiaris,
1465 3511 1529 3550 ac
1566 3496 1763 3566 jubeas
1809 3504 1869 3552 ut
1918 3497 2049 3552 ferri

478 3588 744 3642 tributum
789 3586 858 3642 iis
895 3586 989 3656 qui
1035 3583 1274 3640 Taurum
1308 3586 1440 3641 ferri
1475 3585 1710 3642 feracem
1764 3588 2047 3652 incolunt,

478 3678 571 3734 ﬁat
610 3677 927 3740 tolerabile,
961 3692 1029 3733 ne
1059 3678 1248 3732 statim
1295 3678 1623 3743 obruantur,
1669 3678 1763 3734 sed
1811 3679 2050 3749 publicis

476 3770 670 3827 usibus
701 3770 795 3824 diu
824 3769 1161 3824 inserviant:
1193 3784 1356 3839 quam
1393 3785 1505 3824 rem
1536 3770 1780 3825 omnium
1813 3771 2064 3826 maxime.

474 3875 622 3917 curae
649 3876 775 3918 esse
813 3859 1150 3916 admiranda:
1188 3867 1297 3915 tuae
1342 3860 1670 3916 humanitati
1713 3875 2040 3932 persuasum

473 3950 668 4008 habeo.

902 4106 1061 4177 203
1098 4103 1434 4160 EPISTOLA
1459 4103 1640 4160 0x1".

2642 2034 2922 2100 Μοδέστῳ
2964 2035 3228 2106 ὑπάρχῳ.

2220 2125 2390 2194 Ὅσης
2432 2125 2561 2195 ἡμῖν
2597 2127 2759 2196 τιμῆς
2806 2127 2898 2179 καὶ
2943 2126 3251 2198 παρρησίας
3291 2125 3618 2196 μεταδίδως,
3653 2129 3720 2198 τῇ

2148 2216 2445 2287 ήμερότητι
2484 2215 2576 2268 τοῦ
2623 2217 2826 2287 τρόπου
2868 2217 3213 2271 καταϐαίνειν
3252 2217 3386 2288 πρὸς
3416 2219 3564 2288 ἡμᾶς
3621 2219 3722 2271 ἀν-

2149 2307 2422 2376 εχόμενος,
2458 2306 2721 2378 τοσαύτην
2740 2323 2820 2360 σοι
2837 2308 2931 2360 καὶ
2957 2307 3036 2359 ἔτι
3065 2307 3230 2361 πλείω
3250 2310 3306 2360 ἐν
3331 2309 3493 2360 παντὶ
3516 2307 3593 2377 τῷ

2149 2396 2299 2466 παρὰ
2328 2394 2421 2449 τοῦ
2459 2396 2664 2464 ἀγαθοῦ
2688 2397 2842 2468 ήμῶν
2861 2399 3131 2451 Δεσπότου
3190 2397 3287 2469 τὴν
3313 2398 3540 2469 αὔξησιν
3562 2396 3722 2465 γενέ·-

2150 2485 2273 2540 σθαι
2310 2487 2409 2558 τῆς
2445 2488 2796 2559 περιφανείας
2834 2490 3121 2561 εὐχόμεθα.
3162 2491 3290 2560 Ἐμὲ
3320 2489 3379 2543 δὲ
3416 2492 3510 2544 καὶ
3551 2490 3718 2543 πάλαι

2148 2577 2514 2649 ἐπιθυμοῦντα
2547 2581 2797 2651 γράφειν,
2835 2581 2928 2634 καὶ
2974 2581 3266 2635 ἀπολαύειν
3303 2582 3402 2653 τῆς
3435 2581 3585 2653 παρὰ
3622 2580 3716 2636 σοῦ

2148 2671 2332 2741 τιμῆς,
2364 2674 2611 2742 κατεῖχεν
2641 2674 2674 2742 ἡ
2704 2672 2837 2743 πρὸς
2867 2672 2929 2724 τὸ
2957 2673 3220 2744 ὑπερέχον
3246 2671 3426 2736 αίδώςο
3460 2672 3719 2725 εὐλαϐού-

2151 2778 2331 2831 μενον.
2362 2763 2569 2833 μήποτε
2618 2762 2857 2833 νομισθῶ
2910 2763 3161 2835 ἀμέτρως
3213 2763 3570 2835 ἐμφορεῖσθαι
3618 2764 3719 2834 τῆς

2148 2854 2478 2923 παρρησίας.
2529 2852 2643 2905 Νῦν
2691 2852 2748 2905 δὲ
2791 2851 2924 2922 ὁμοῦ
2984 2854 3081 2924 μὲν
3131 2854 3226 2907 καὶ
3274 2853 3335 2907 τὸ
3384 2853 3569 2906 λαϐεῖν
3618 2854 3718 2924 τὴν

2148 2944 2393 3011 ἐξουσίαν
2427 2945 2519 2997 τοῦ
2550 2943 2880 2998 ἐπιστέλλειν
2910 2949 3059 3013 παρὰ
3083 2947 3184 3016 τῆς
3213 2945 3597 3017 ἀπαρασλήτου
3623 2963 3717 2999 σου

2152 3035 2539 3105 μεγαλοφυῖας.
2566 3035 2698 3105 ὁμοῦ
2722 3035 2778 3088 δὲ
2801 3037 2894 3089 καὶ
2919 3037 3077 3106 χρεία
3100 3037 3205 3089 τῶν
3231 3036 3717 3106 καταπονουμένων

2149 3125 2462 3190 ἐξεϐιάσατό
2495 3142 2560 3195 με
2592 3125 2726 3196 πρὸς
2756 3126 2816 3178 τὸ
2844 3125 3083 3197 θαρσεῖν.
3115 3126 3183 3179 Εἴ
3209 3144 3291 3189 τις
3316 3121 3407 3181 οὖν
3440 3126 3534 3179 καὶ
3564 3125 3720 3197 παρὰ

2147 3218 2256 3271 τῶν
2286 3217 2495 3289 μικρῶν
2524 3217 2618 3270 ἐπὶ
2646 3220 2757 3280 τοῖς
2790 3218 3060 3287 μεγίστοις
3091 3218 3200 3288 (65)
3233 3216 3510 3288 ἱκετηρίας
3539 3219 3716 3287 ἰσχὺς,

2151 3309 2550 3381 παρακλήθητι,
2594 3308 3027 3380 θαυμασιώτατε,
3078 3307 3437 3381 φιλανθρώπῳ
3489 3309 3719 3380 νεύματι

2148 3402 2352 3473 ἐλεεινῇ
2386 3403 2641 3473 ἀγροικία
2665 3403 2762 3473 τὴν
2791 3402 3062 3473 σωτηρίαν
3092 3402 3446 3474 χαρίσασθαι,
3478 3404 3572 3456 καὶ
3602 3405 3718 3466 τοῖς

2150 3495 2242 3547 τὸν
2277 3493 2486 3566 Ταῦρον
2524 3493 2729 3547 οἰκοῦσι
2774 3493 2863 3547 τὸν
2906 3495 3253 3567 σιδηροφόρον
3281 3495 3520 3565 φορητὴν
3550 3510 3719 3562 προσ-

2178 3586 2301 3650 άξαι
2346 3585 2597 3654 γενέσθαι
2629 3585 2724 3657 τὴν
2761 3587 2854 3640 τοῦ
2893 3587 3106 3658 σιδήρου
3149 3587 3472 3640 συντέλειαν·
3526 3585 3604 3648 ὡς
3640 3586 3716 3657 μὴ

2146 3680 2226 3740 είς
2267 3676 2414 3741 ἅπαξ
2455 3677 2651 3740 αὐτοὺς
2705 3678 3054 3750 ἐκτριόῆναι,
3107 3677 3242 3732 ἀλλὰ
3294 3678 3487 3749 διαρκῆ
3538 3677 3717 3731 αὐτῶν

2147 3762 2284 3818 εἶναι
2332 3764 2430 3837 τὴν
2483 3766 2784 3836 ὑπηρεσίαν
2844 3770 2957 3830 τοῖς
3007 3766 3314 3838 δημοσίοις·
3369 3759 3431 3819 οὗ
3481 3765 3719 3838 μάλιστα

2147 3859 2365 3911 πάντων
2404 3856 2586 3927 μέλειν
2619 3858 2685 3929 τῇ
2721 3857 3032 3929 ἀξιαγάστῳ
3074 3874 3165 3912 σου
3198 3856 3578 3930 φιλανθρωπίᾳ
3617 3875 3717 3911 πε·-

2149 3947 2437 4019 πείσμεθα.

2671 4103 3020 4159 ΕΠΙΣΤΟΛΗ
3055 4105 3167 4161 PIA

1005 4258 1315 4313 Commendat
1337 4257 1564 4319 amicum,
1588 4257 1672 4322 qui
1698 4254 1746 4309 ιι
1755 4256 1982 4322 praefecto
1997 4256 2257 4310 accersitus
2276 4258 2434 4322 fuerat
2454 4258 2512 4309 ob
2533 4257 2694 4315 illatas
2720 4256 2766 4310 ei
2794 4257 3166 4311 criminationes.

977 4370 1220 4425 Modesto
1251 4371 1526 4440 prwfecto.

538 4481 689 4538 Alias
716 4481 933 4552 quidem
982 4484 1414 4551 magnanimitati
1446 4492 1553 4538 tuae
1589 4484 1904 4553 obstrepere
1941 4499 2010 4537 au

468 4588 565 4632 sus
593 4589 699 4628 non
732 4574 975 4639 fuissem,
1002 4574 1097 4644 qui
1123 4581 1177 4629 et
1209 4582 1409 4631 memet
1434 4576 1634 4640 metiri,
1663 4584 1715 4629 et
1745 4583 2039 4645 potestates

467 4666 787 4736 dignoscere
809 4666 998 4720 sciam.
1039 4663 1146 4720 Sed
1177 4666 1269 4720 ubi
1312 4667 1542 4721 amicum
1588 4667 1721 4720 mihi
1762 4666 2063 4721 hominem.

466 4755 580 4811 vidi
618 4754 1026 4812 dillicultatibus
1063 4756 1423 4824 implicatum,
1458 4770 1524 4810 eo
1550 4755 1694 4825 quod
1742 4757 2042 4813 accersitus

467 4848 571 4917 sit,
601 4848 745 4903 hanc
765 4849 814 4903 ei
840 4848 1125 4918 epistolam
1156 4848 1400 4917 praebere
1432 4863 1602 4903 ausus
1630 4863 1776 4913 sum,
1810 4859 1871 4901 ut
1893 4863 2035 4914 eam,

465 4939 629 4994 veluti
669 4938 943 5010 quoddam
985 4937 1345 5008 supplicantis
1377 4936 1593 5007 insigne
1629 4936 1884 5005 oﬂerens,
1938 4937 2041 4991 ali-

533 5094 553 5117 ⁶
588 5091 740 5147 Alias
768 5088 1112 5161 CCLXXYlI,
1150 5091 1352 5161 scripta
1381 5106 1524 5145 anno
1553 5090 1676 5161 572.

534 5164 577 5187 “
604 5163 755 5216 Alias
783 5159 1105 5225 CCLXXVI,
1144 5159 1346 5230 scripta
1373 5176 1517 5214 anno
1547 5160 1672 5215 572.

531 5230 644 5303 (62)
694 5231 1011 5301 Ἐπάρχου.
1062 5230 1371 5302 Legendum
1421 5230 1686 5301 ὑπάρχου,
1748 5235 1807 5283 ut
1864 5243 2029 5298 supra

461 5316 800 5355 ιηοιιιιιιηυε.

553 5370 641 5438 63)
680 5370 1016 5438 Μεγίστοις.
1048 5368 1217 5424 Coisl.
1253 5368 1463 5438 primus
1490 5368 1766 5438 μεγάλοις.

551 5438 640 5509 64)
682 5440 830 5493 ’Δγ-θ’
864 5440 1179 5509 ἱκετηρίας.
1214 5438 1347 5509 Reg.
1389 5446 1616 5508 uterque
1649 5448 1702 5493 et
1734 5438 1900 5509 Coisl.
1943 5452 2028 5492 se-

459 5508 673 5563 cundus
714 5509 829 5562 ἀνθ’
864 5511 1092 5573 ἱκεσίας.
1123 5508 1218 5562 llla
1265 5520 1444 5563 autem
1475 5525 1577 5564 vox
1626 5508 1891 5578 ἱκετηρία,
1922 5522 2029 5576 qua

461 5593 606 5648 saepe
630 5578 763 5632 alias
794 5580 965 5633 utitur
987 5579 1236 5643 Basilius,
1270 5593 1378 5633 non
1414 5578 1556 5632 idem
1585 5578 1691 5631 hoc
1722 5578 1844 5632 loco
1871 5585 2031 5632 sonat

460 5661 526 5702 ac
544 5648 890 5718 supplicatio,
913 5657 974 5703 ut
996 5649 1321 5719 interpretes
1351 5648 1774 5712 existimarunt;
1807 5648 1901 5704 sed
1934 5660 2031 5719 po-

2624 4373 2682 4424 Μ
2684 4370 2911 4438 οδέστῳ
2952 4370 3220 4440 ὑπάρχῳ.

2219 4481 2427 4544 ’Ἄλλως
2456 4482 2553 4552 μὲν
2587 4485 2688 4536 οὐκ
2730 4483 2796 4537 ἂν
2833 4483 3114 4555 ἐθάρρησα
3157 4482 3224 4536 δι’
3266 4480 3422 4552 ὄχλου
3452 4481 3707 4550 γενέσθαι

2142 4575 2210 4643 τῇ
2256 4572 2593 4644 μεγαλοφυῖᾳ
2627 4590 2741 4635 σου,
2770 4572 2924 4637 εἰδὼς
2958 4574 3053 4626 καὶ
3085 4573 3318 4643 ἐμαυτὸν
3348 4576 3585 4642 μετρεῖν,
3613 4577 3710 4628 καὶ

2142 4663 2242 4727 τὰς
2265 4663 2511 4728 ἐξουσίας
2535 4663 2818 4736 γνωρίζειν
2838 4682 2851 4695 ³
2890 4664 3076 4735 ἐπειδὴ
3104 4664 3161 4718 δὲ
3188 4659 3325 4717 εἶδον
3357 4664 3524 4735 ἄνδρα
3558 4665 3709 4735 φίλον

2143 4756 2452 4823 ἐναγωνίως
2507 4757 2845 4827 διακείμενον
2879 4758 2971 4809 ἐπὶ
3000 4756 3079 4827 τῷ
3123 4755 3547 4829 μετακληθῆναι,
3600 4758 3710 4809 ἁπ-

2144 4846 2417 4917 ετόλμησα
2435 4846 2584 4917 αύτῷ
2605 4846 2786 4900 δοῦναι
2801 4847 2899 4917 τὴν
2916 4847 3198 4918 ἐπιστολὴν
3225 4848 3448 4917 ταύτην,
3478 4848 3566 4901 ἴνα
3591 4849 3708 4901 ἀνθ’

2145 4938 2424 5009 ἱκετηρίας
2451 4936 2563 5007 (64)
2590 4936 2759 5007 αὐτὴν
2790 4936 3225 5008 προϐαλλόμενος
3257 4935 3395 5010 τύχῃ
3413 4939 3558 4999 τινὸς
3582 4936 3705 5007 φιλ-

2139 5089 2251 5143 tius
2283 5089 2336 5143 id
2370 5089 2639 5158 designat,
2672 5090 2816 5158 quod
2858 5091 3223 5160 supplicantes
3254 5091 3588 5159 prmtendcre
3610 5107 3708 5160 so-

2132 5160 2336 5225 lebant,
2369 5169 2426 5211 ut
2451 5175 2595 5220 eum,
2623 5163 2709 5213 cui
2761 5159 3156 5229 supplicabant,
3188 5162 3543 5215 inllectereut.
3591 5159 3706 5216 Ob-

2132 5241 2312 5300 εει-νει
2356 5229 2801 5300 Cbrysostomus.
2848 5239 2989 5283 orat.
3020 5230 3055 5283 2
3104 5231 3350 5284 adversus
3398 5232 3702 5289 Ariamazes.

2134 5299 2371 5369 plebem,
2403 5300 2449 5354 si
2474 5298 2627 5367 ‘quid
2671 5306 2815 5369 petat
2846 5301 2913 5354 ab
2948 5302 3292 5368 imperatore,
3334 5302 3492 5354 olivae
3519 5316 3706 5356 ramos

2134 5367 2469 5438 praetendere
2489 5367 2684 5422 solere.
2716 5367 2820 5422 Sed
2845 5369 2989 5423 hunc
3016 5367 3200 5424 Basilii
3236 5371 3412 5424 locum
3447 5371 3704 5438 inpriuns

2134 5437 2376 5510 illustrat
2423 5436 2726 5510 Gregorius
2765 5438 3174 5510 Nazianzenus,
3221 5440 3314 5510 qui
3347 5436 3704 5510 desertorem

2136 5507 2423 5580 quemdam
2446 5507 2789 5580 commendat
2809 5508 3055 5580 Olympio
3079 5512 3133 5563 in
3155 5507 3317 5580 epist.
3345 5509 3434 5574 78,
3462 5526 3702 5576 eumque

2136 5578 2214 5648 ait
2237 5576 2311 5648 ad
2341 5575 2649 5648 Olympium
2695 5575 3008 5648 confugere,
3036 5587 3090 5633 et
3126 5575 3375 5633 canitiem
3407 5594 3472 5632 ac
3510 5575 3700 5632 sacer-

2136 5645 2344 5702 dolium
2381 5645 2649 5718 Gregorii,
2682 5647 2838 5702 veluti
2869 5645 3068 5719 regiam
3099 5649 3384 5719 quamdam
3413 5648 3702 5719 imaginem
