3868 6218
420 284 524 351 32‘s

1750 290 1808 347 S.
1850 289 2097 345 BASlLll
2136 289 2351 347 MAGNI

3585 295 3689 351 52’}

490 412 547 469 ἓ..
591 416 660 469 At
693 413 844 470 vides
876 411 1153 486 quomodo
1184 411 1513 466 circuitione
1538 417 1678 477 utar,
1715 410 1845 465 dum
1880 424 2003 481 ape-

2172 411 2228 465 2.
2282 411 2422 465 Ἀλλ’
2477 414 2611 485 δρᾷς
2648 412 2798 478 ὅπως
2850 413 3038 486 κύκλῳ
3083 413 3329 486 περίειμι
3373 411 3548 467 ὀκνῶν
3593 413 3688 466 καὶ

420 510 531 565 rire
591 523 781 564 vereor
828 521 894 560 ac
948 505 1184 572 refugio.
1219 520 1328 576 qua
1366 504 1435 560 de
1485 518 1652 559 causa
1691 503 1996 557 orationem

419 601 724 657 instituam.
771 598 1118 653 Domitianus
1163 597 1253 653 ille
1291 598 1640 653 necessarius
1685 603 1876 650 noster
1917 603 2002 651 est

417 691 491 749 ab
514 692 741 761 antiquo
776 705 844 745 ex
879 688 1223 760 parentibus,
1268 688 1349 743 sic
1380 696 1438 741 ut
1468 687 1603 741 nihil
1638 686 1864 741 omnino
1894 685 2003 742 dif-

418 782 561 841 ferat
598 797 628 836 a
676 782 869 837 fratre.
904 779 1271 846 Quamobrem
1306 780 1452 834 enim
1504 778 1651 849 quod
1683 792 1874 833 verum
1918 786 2003 833 est

418 885 529 927 non
559 870 781 925 dicam?
812 868 1019 924 Deinde
1051 883 1275 923 causam
1309 867 1557 933 edoctus,
1592 866 1663 922 ob
1690 882 1853 938 quam
1887 866 2003 921 hmc

417 964 664 1034 pertulit,
697 962 921 1032 dignum
949 976 1072 1017 esse
1103 960 1216 1016 dixi
1252 960 1346 1030 qui
1370 960 1449 1015 sic
1476 966 1776 1031 pateretur.
1816 956 2005 1029 Neque

417 1056 562 1112 enim
593 1056 886 1127 quisquam
937 1053 1029 1119 sit,
1065 1054 1162 1123 qui
1205 1053 1251 1108 si
1295 1068 1486 1123 parum
1531 1059 1624 1105 aut
1674 1051 1907 1105 multum
1948 1050 2004 1105 in

418 1157 567 1203 tuam
621 1148 881 1202 virtutem
941 1145 1274 1217 peccaverit,
1324 1159 1542 1215 pinnam
1598 1142 1844 1214 cﬂ‘ugiat.
1896 1142 2004 1198 Sed

417 1240 679 1311 quoniam
711 1239 962 1293 videmus
995 1238 1142 1293 hunc
1177 1238 1233 1292 in
1282 1245 1430 1293 metu
1476 1244 1531 1291 et
1574 1235 1875 1307 ignominia
1911 1234 2007 1289 de-

416 1339 656 1403 gentem,
698 1331 1042 1399 salutemque
1084 1329 1259 1400 ipsius
1295 1328 1349 1382 in
1378 1337 1471 1383 tua
1500 1327 1772 1383 sententia
1815 1326 2002 1389 sitam,

416 1421 556 1476 satis
587 1420 740 1474 illum
778 1434 953 1490 pinna:
999 1418 1627 1488 dedissejudicavimus,
1660 1425 1738 1481 et,
1792 1425 1852 1472 ut
1889 1432 2008 1471 ma-

417 1512 740 1584 gnanimum
774 1512 1037 1583 quiddam
1072 1512 1236 1565 simul
1260 1518 1313 1565 et
1338 1511 1639 1564 humanum
1664 1510 1731 1565 de
1763 1524 1829 1565 eo
1859 1509 2007 1579 cogi-

418 1613 523 1670 tes,
560 1605 940 1661 obsecramus.
992 1602 1128 1657 Nam
1161 1604 1394 1658 rebelles
1419 1602 1524 1657 sub
1566 1609 1890 1673 potestatem
1931 1615 2011 1655 re-

419 1699 631 1769 digere,
677 1704 733 1752 et
758 1696 922 1752 fortis
965 1704 1053 1751 est
1090 1697 1216 1757 viri.
1263 1705 1318 1751 et
1364 1710 1496 1751 vere
1545 1694 1869 1766 imperantis
1904 1712 1916 1748 :
1952 1699 2007 1747 at

2109 503 2470 575 ἀναδυόμενος
2496 503 2595 576 τὴν
2620 505 2800 559 αἰτίαν
2837 505 3115 575 ἐκφαίνειν
3146 504 3291 575 ὑπὲρ
3322 496 3398 557 ὧν
3425 501 3687 574 ποιοῦμαι

2105 596 2233 660 τοὺς
2263 595 2475 665 λόγους.
2505 598 2833 668 Δομετιανὸς
2858 593 3016 662 οὗτος
3047 597 3353 668 ἐπιτήδειος
3380 597 3510 668 ἡμῖν
3542 597 3688 649 ἐστιν

2106 690 2172 741 ἐκ
2208 687 2318 741 τῶν
2362 688 2565 757 γονέων
2606 688 2811 743 ἀνωθεν
2836 706 2850 721 ⁸
2899 689 3041 743 ὥστε
3080 687 3309 759 ἀδελφοῦ
3359 688 3479 759 μηδ’
3510 686 3687 740 ὁτιοῦν

2106 778 2405 850 διαφέρειν.
2443 780 2509 833 Τί
2558 780 2666 853 γάρ
2711 781 2777 835 ἄν
2810 799 2894 845 τις
2952 782 3027 853 μὴ
3080 780 3290 852 τάληθῆ
3336 780 3519 848 λέγοι;
3556 775 3689 833 Εἶτα

2106 869 2204 941 τὴν
2236 871 2415 924 αἰτίαν
2461 871 2721 941 μαθόντες
2759 872 2851 942 ἀφ’
2892 867 2961 944 ἧς
3005 871 3178 925 ταῦτα
3212 871 3500 931 πέπονθεν.
3541 870 3691 936 ἀξιον

2108 956 2246 1014 εἶναι
2276 961 2371 1015 τοῦ
2400 962 2593 1017 παθεῖν
2624 964 2796 1027 οὑτως
2831 963 3060 1036 ἔφαμεν.
3097 963 3248 1034 Μηδὲ
3273 963 3381 1035 γὰρ
3409 962 3549 1016 ἔστω
3582 979 3691 1034 μη-

2107 1053 2237 1117 δεὶς,
2269 1052 2347 1117 ὃς,
2383 1053 2579 1126 μικρὸν
2620 1054 2652 1126 ἦ
2707 1056 2890 1126 μεῖξον
2922 1059 3002 1120 είς
3046 1055 3146 1127 τὴν
3178 1056 3277 1126 σὴν
3309 1054 3509 1126 ἀρετὴν
3555 1056 3693 1125 ἀμε-

2108 1146 2279 1216 λήσας
2310 1146 2446 1215 (74),
2499 1147 2599 1218 τὴν
2647 1147 2920 1219 τιμωρίαν
2970 1148 3221 1216 ἐκφύγοι.
3278 1146 3415 1200 Ἀλλ’
3454 1147 3691 1217 ὁρῶντες

2107 1237 2296 1292 τοῦτον
2342 1239 2605 1310 περιδεῶς
2646 1240 2741 1293 καὶ
2794 1237 2995 1304 ἀδόξως
3037 1238 3237 1303 ζῶντα,
3269 1240 3361 1293 καὶ
3390 1241 3481 1293 ἐπὶ
3513 1242 3579 1311 τῇ
3621 1242 3689 1311 σῇ

2106 1331 2271 1402 ψήφῳ
2297 1331 2555 1401 κειμένην
2578 1331 2745 1384 αὑτοῦ
2771 1332 2870 1402 τὴν
2898 1332 3195 1403 σωτηρίαν,
3226 1332 3501 1403 ἀρκοῦσαν
3527 1333 3691 1386 αὑτὸν

2108 1421 2251 1493 ἔχειν
2304 1422 2402 1493 τὴν
2441 1422 2598 1492 δίκην
2650 1423 2984 1493 ἐκρίναμεν·
3034 1423 3409 1493 μεγαλόψυχόν
3452 1440 3512 1477 τε
3552 1422 3691 1495 ὁμοῦ

2108 1515 2203 1568 καὶ
2218 1514 2597 1584 φιλάνθρωπον
2623 1514 2973 1586 διανοηθῆναί
3007 1532 3065 1567 σε
3096 1517 3223 1587 περὶ
3240 1514 3404 1568 αὑτοῦ
3442 1514 3693 1568 ἱκετεύο-

2112 1625 2230 1679 μεν.
2264 1602 2337 1660 Τὸ
2373 1607 2473 1677 μὲν
2514 1607 2623 1680 γὰρ
2654 1608 2779 1671 τοὺς
2812 1608 3207 1671 ἀντιτείνοντας
3236 1607 3339 1660 ὑπὸ
3361 1609 3518 1677 χεῖρα
3547 1606 3694 1677 λαμ-

2110 1700 2292 1753 ϐάνειν
2333 1698 2577 1770 ἀνδρείου
2627 1716 2687 1752 τε
2717 1699 2809 1752 καὶ
2853 1700 3112 1770 ἄρχοντος
3138 1700 3214 1763 ὼς
3255 1697 3504 1768 ἀληθῶςο
3533 1699 3591 1751 τδ
3631 1698 3693 1753 δὲ

419 1789 717 1858 benignum
740 1804 865 1844 esse
890 1802 954 1843 ac
983 1796 1334 1841 mansuetum
1366 1787 1421 1841 in
1451 1794 1788 1857 prostratos,
1828 1785 2006 1839 homi-

2120 1794 2219 1854 τοῖς
2241 1790 2666 1844 ὑποπεπτωκόσι
2705 1790 2942 1863 χρηστὸν
2975 1785 3117 1844 εἶναι
3159 1791 3253 1843 καὶ
3286 1792 3477 1861 πρᾶον,
3517 1806 3693 1861 μεγα-

420 1882 509 1935 nis
533 1886 619 1934 est
644 1877 1094 1950 magnanimitate
1119 1885 1173 1931 et
1199 1878 1490 1932 clementia
1524 1891 1715 1932 omnes
1740 1890 2010 1947 superan-

422 1970 515 2026 tis.
558 1968 748 2039 Itaque
781 1967 899 2034 tibi,
938 1968 986 2023 si
1028 1970 1202 2033 voles,
1244 1968 1299 2021 in
1351 1982 1462 2021 uno
1509 1978 1563 2021 et
1591 1967 1781 2022 eodem
1820 1965 2009 2020 licebit

422 2070 572 2119 tuam
597 2069 651 2117 et
680 2062 736 2115 in
768 2061 1085 2118 ulciscendo
1117 2070 1170 2116 et
1204 2062 1259 2115 in
1296 2058 1571 2137 servando
1619 2058 1689 2113 ad
1721 2058 2006 2113 arbitrium

421 2154 930 2227 magnanimitatem
980 2154 1292 2211 ostendere.
1350 2150 1451 2207 llic
1493 2150 1689 2207 modus
1740 2151 2003 2222 supplicii

423 2247 564 2305 satis
604 2246 677 2301 sit
716 2244 1047 2313 Domitiano,
1094 2253 1274 2301 metus
1304 2260 1497 2301 eorum
1547 2261 1669 2315 quae
1704 2250 2008 2314 exspectat,

421 2346 477 2397 et
504 2355 626 2413 qua:
656 2356 715 2397 se
742 2339 857 2410 pati
896 2338 1121 2409 dignum
1157 2353 1279 2396 esse
1311 2338 1486 2394 novit.
1515 2337 1613 2392 His
1666 2338 1802 2391 nihil
1839 2337 1916 2391 illi
1942 2336 2010 2391 ad

422 2446 641 2503 ptenam
668 2429 895 2501 adjicias
927 2429 1327 2499 SUpplicamus.
1360 2428 1497 2483 Illud
1531 2429 1677 2485 enim
1719 2428 2008 2483 considera

423 2522 678 2578 dominos
706 2536 896 2577 eorum
941 2521 1036 2591 qui
1079 2521 1337 2576 laeserant
1371 2522 1653 2576 exstitisse
1689 2520 1892 2575 multos
1944 2537 2011 2575 ex

423 2614 493 2670 iis
526 2614 621 2686 qui
662 2622 790 2669 ante
833 2629 938 2669 nos
972 2613 1180 2677 vixere,
1212 2613 1281 2667 de
1326 2614 1529 2684 quibus
1570 2613 1757 2667 nullus
1810 2611 1878 2665 ad
1909 2628 2011 2681 po-

426 2716 606 2762 steros
657 2706 1025 2763 transmissus
1056 2706 1217 2777 205
1246 2721 1535 2773 sermone;
1582 2713 1637 2759 at
1695 2718 1826 2758 vero
1873 2702 2010 2756 iram

425 2800 735 2864 remisisse,
785 2799 881 2869 qui
927 2800 1272 2870 philosophia
1302 2799 1499 2869 vulgus
1543 2795 2009 2856 antecelluerunt,

425 2907 663 2964 quorum
701 2892 1026 2947 immortalis
1060 2892 1324 2946 memoria
1356 2892 1412 2944 in
1436 2891 1585 2945 omni
1610 2904 1726 2945 aevo
1759 2888 2015 2959 perhibe-

427 2996 537 3041 tur.
569 2984 814 3039 Addatur
866 2984 1033 3055 igitur
1064 2992 1116 3039 et
1144 2984 1248 3038 hoc
1290 2983 1579 3054 praeconiis
1626 2982 1760 3035 tuis.
1790 2977 2015 3050 Largire

428 3076 613 3143 nobis,
653 3076 748 3146 qui
793 3075 1209 3131 tua'celehrare
1238 3076 1511 3146 cupimus,
1559 3081 1621 3129 ut
1651 3073 2013 3128 humanitatis

427 3168 678 3239 exempla
733 3168 1113 3238 superioribus
1169 3168 1511 3237 temporibus
1568 3166 1857 3221 decantata
1898 3146 2089 3218 lau-C

429 3256 613 3312 dando
642 3271 990 3327 superemus.
1038 3253 1130 3310 Sic
1174 3265 1230 3310 ct
1259 3256 1485 3312 Crmsus
1533 3256 1628 3309 lilii
1672 3254 2016 3310 interlectori

430 3348 569 3402 iram
605 3346 885 3402 remisisse
912 3346 1136 3410 dicitur,
1174 3345 1417 3415 seipsum
1464 3346 1533 3399 ad
1567 3345 1903 3416 supplicium
1927 3342 2015 3398 of-

432 3439 754 3495 ferenti:et
811 3453 1043 3508 magnus
1098 3437 1188 3492 ille
1237 3436 1414 3509 Cyrus
1478 3437 1607 3492 huic
1666 3437 1770 3507 ipsi
1822 3436 2016 3491 Crasso

432 3531 643 3586 amicus
685 3540 807 3602 post
848 3530 1136 3585 victoriam
1179 3528 1373 3584 fuisse.
1406 3528 1517 3585 llos
1549 3529 1693 3585 inter
1720 3540 1775 3585 te
1823 3543 2019 3583 nume-

432 3625 704 3689 rabimus,
739 3631 793 3679 et
821 3638 919 3694 pro
951 3624 1094 3678 virili
1133 3623 1249 3680 haec
1276 3623 1718 3694 praedicabimus,
1751 3621 1861 3676 nisi
1902 3620 2020 3675 exi-

432 3717 514 3772 les
541 3715 766 3786 quidam
799 3729 922 3771 esse
952 3714 1178 3770 omnino
1204 3714 1344 3768 tanti
1373 3714 1478 3769 viri
1509 3727 1794 3783 prmcones
1826 3710 2019 3767 existi-

432 3822 667 3863 memur.

504 3899 560 3954 5.
613 3897 883 3953 Caeterum
931 3895 1068 3951 illud
1120 3897 1335 3953 caeteris
1366 3911 1597 3952 necesse
1651 3906 1737 3953 est
1784 3895 2011 3961 addere,

433 4006 530 4046 eos
579 3991 675 4061 qui
712 3990 931 4061 quidvis
968 3988 1321 4060 deliquerint,
1365 4004 1477 4044 non
1523 3990 1593 4045 ob
1641 4004 1708 4046 ea
1751 4005 1874 4059 qua:
1898 3990 2015 4059 jam

434 4082 677 4137 admissa
736 4089 866 4136 sunt
919 4082 1102 4151 puniri
1143 4084 1286 4152 (qua
1342 4081 1488 4136 enim
1538 4089 1656 4136 arte
1699 4096 1821 4152 quae
1866 4078 2016 4135 facta

437 4185 587 4239 sunt,
615 4174 819 4230 inlecta
840 4174 1210 4246 reddantur?)
1234 4193 1249 4243 ;
1280 4174 1377 4229 sed
1405 4182 1464 4228 ut
1488 4181 1584 4229 aut
1612 4175 1714 4245 ipsi
1750 4173 2014 4244 deinceps

434 4267 690 4320 meliores
740 4264 893 4329 ﬁant,
929 4273 1024 4319 aut
1073 4264 1195 4320 aliis
1238 4264 1485 4335 sapiendi
1530 4265 1644 4320 sint
1680 4262 2014 4333 exemplum.

436 4357 646 4413 llorum
710 4365 894 4413 autem
952 4366 1208 4413 neutrum
1268 4374 1416 4414 nunc
1469 4358 1662 4414 deesse
1716 4358 2015 4430 quisquam

2109 1881 2413 1953 λοφροσύνῃ
2447 1881 2667 1935 πάντων
2692 1882 2785 1936 καὶ
2811 1881 3111 1953 ήμερότητι
3130 1881 3497 1953 διαφέροντος.
3528 1881 3693 1934 Ὥστε

2111 1972 2342 2044 ὑπάρξει
2371 1989 2451 2026 σοι
2485 1972 2798 2043 βουληθέντι
2836 1974 2893 2025 ὲν
2927 1972 3005 2042 τῷ
3039 1971 3187 2042 αὑτῴ
3236 1973 3334 2043 τήν
3377 1988 3435 2024 τε
3467 1970 3603 2042 πρὸς
3630 1971 3695 2023 τὸ

2110 2065 2419 2136 ἀμύνασθαι
2448 2065 2544 2117 καὶ
2570 2066 2669 2136 τὴν
2701 2068 2781 2128 είς
2800 2064 2862 2118 τὸ
2890 2064 3107 2129 σώζειν,
3134 2066 3209 2127 ὡς
3235 2063 3298 2117 ἂν
3324 2063 3527 2126 ἐθέλοις
3551 2061 3692 2133 (75),

2110 2158 2477 2223 ἐπιδείξασθαι
2529 2158 2955 2229 μεγαλοψυχίαν.
3006 2157 3176 2211 Τοῦτο
3242 2157 3440 2228 μέτρον
3488 2156 3697 2227 ἀρκοῦν

2111 2248 2423 2320 Δομετιανῷ
2468 2252 2566 2321 τῆς
2632 2251 2944 2314 κολάσεως,
2994 2249 3102 2302 τῶν
3157 2247 3619 2320 προσδοκωμένων
3665 2248 3697 2301 ὀ

2113 2342 2294 2409 φόϐος,
2327 2342 2421 2395 καὶ
2454 2336 2529 2395 ὧν
2566 2343 2715 2408 ἄξιον
2741 2338 2881 2395 οἶδεν
2917 2341 3108 2395 ἑαυτὸν
3141 2342 3331 2393 παθεῖν
3366 2340 3516 2393 ὄντα.
3552 2338 3699 2392 Τού-

2111 2452 2224 2498 τοις
2262 2434 2429 2505 μηδὲν
2470 2437 2548 2499 εἰς
2587 2434 2861 2506 τιμωρίαν
2892 2433 3208 2505 προσθεῖναι
3258 2432 3408 2503 αὑτῷ
3455 2430 3699 2484 ἱκετεύο-

2117 2542 2234 2594 μεν.
2275 2527 2385 2578 Kal
2429 2526 2535 2597 γὰρ
2589 2526 2768 2577 έκεῖνο
2815 2525 3047 2587 σκόπει,
3098 2524 3180 2577 ὅτι
3220 2521 3401 2594 κύριοι
3456 2523 3553 2592 μὲν
3583 2521 3700 2574 τῶν

2112 2614 2453 2685 ἠδικηκότων
2481 2611 2665 2667 πολλοὶ
2700 2614 2811 2666 τῶν
2846 2613 3110 2685 πρότερον
3141 2612 3240 2684 ἤδη
3277 2613 3587 2680 γεγόνασιν,
3619 2605 3700 2664 ὧν

2112 2702 2286 2766 οὐδεὶς
2319 2704 2457 2775 πρὸς
2489 2703 2615 2766 τοὺς
2652 2703 2876 2773 ὕστερον
2906 2702 3218 2773 διεπέμφθη
3255 2701 3440 2770 λόγος’
3475 2701 3702 2771 ἀφῆκαν

2112 2796 2169 2848 δὲ
2212 2795 2310 2865 τὴν
2354 2796 2523 2867 ὀργὴν
2545 2794 2594 2847 οἱ
2633 2794 2921 2864 φιλοσοφίᾳ
2957 2795 3085 2857 τοὺς
3113 2794 3340 2857 πολλοὺς
3384 2793 3700 2864 ὑπεράραν-

2114 2904 2239 2953 τες,
2294 2880 2368 2939 ὧν
2413 2887 2680 2949 ἀθάνατος
2718 2888 2751 2957 ἡ
2807 2889 2993 2957 μνήμη
3028 2884 3105 2955 τῷ
3161 2884 3340 2955 χρόνῳ
3376 2884 3486 2955 (76)
3532 2886 3704 2939 παντὶ

2128 2978 2508 3049 παραδέδοται.
2556 2977 2910 3049 Προσκείσθω
2963 2976 3019 3029 δὲ
3062 2978 3157 3029 καὶ
3204 2975 3362 3029 τοῦτο
3407 2978 3519 3039 τοῖς
3569 2978 3704 3048 περὶ

2121 3072 2213 3125 σοῦ
2249 3072 2407 3143 διηγή
2420 3088 2568 3143 μασι.
2592 3071 2690 3135 Δὸς
2712 3072 2863 3142 ἡμῖν,
2887 3072 3001 3133 τοῖς
3030 3069 3217 3140 ὑμνεῖν
3244 3064 3706 3140 προαιρουμένοις

2120 3168 2188 3220 τὰ
2218 3166 2303 3230 σὰ,
2340 3166 2437 3229 τὰς
2464 3168 2519 3218 ἐν
2553 3168 2667 3228 τοῖς
2697 3165 2809 3218 ἄνω
2853 3164 3066 3235 χρόνοις
3104 3161 3368 3233 ᾀδομένας
3395 3160 3709 3232 φιλανθρω-

2118 3261 2249 3321 πίας
2296 3257 2723 3329 ὑπερϐαλέσθαι.
2776 3255 2932 3309 Οὕτω
2974 3254 3070 3308 καὶ
3112 3252 3340 3326 Κροῖσος
3381 3252 3460 3324 τῷ
3513 3254 3709 3307 παιδο-

2119 3352 2265 3421 φόνῳ
2292 3351 2390 3421 τὴν
2422 3350 2591 3421 ὀργὴν
2634 3350 2851 3417 ἀφεῖναι
2894 3346 3134 3415 λέγεται,
3168 3344 3359 3398 ἑαυτὸν
3402 3345 3709 3415 παραδόντι

2118 3446 2198 3508 είς
2241 3443 2540 3514 τιμωρίαν’
2575 3441 2671 3494 καὶ
2703 3438 2888 3511 Κῦρος
2937 3440 2965 3492 ό
3016 3437 3190 3509 μέγας
3239 3435 3388 3507 αὑτῷ
3417 3436 3592 3507 τούτῳ
3621 3435 3710 3510 τῷ

2119 3534 2340 3607 Κροίσῳ
2375 3534 2527 3604 φίλος
2572 3532 2825 3602 γενέσθαι
2858 3530 2997 3602 μετά
3026 3530 3127 3600 τὴν
3175 3529 3349 3600 νίκην.
3384 3528 3605 3592 Τούτοις
3643 3544 3710 3583 σε

2123 3626 2605 3699 συναριθμὴσομεν
2625 3640 2639 3655 ·
2684 3624 2801 3689 καὶ,
2842 3624 2940 3696 ὅση
2966 3621 3196 3693 δύναμις
3226 3620 3493 3693 ἡμετέρα,
3528 3620 3712 3676 ταῦτα

2123 3716 2599 3786 ὰναγορεύσομεν,
2637 3714 2796 3785 εἴπερ
2843 3712 2917 3784 μὴ
2966 3711 3152 3784 μικροί
3180 3728 3325 3775 τινες
3376 3707 3513 3764 εἷναι
3562 3727 3710 3766 παν-

2118 3811 2353 3863 τάπασιν
2383 3807 2576 3880 ἀνδρὸς
2604 3806 2859 3860 τοσούτου
2886 3806 3127 3878 κήρυκες
3147 3803 3558 3876 νομισθείημεν.

2189 3903 2241 3956 5.
2279 3902 2486 3954 Ἐκεῖνο
2515 3899 2570 3953 δὲ
2594 3899 2687 3951 ἐπὶ
2710 3899 2873 3951 πᾶσιν
2903 3898 3077 3950 εἰπεῖν
3114 3898 3437 3964 ἀναγκαῖον,
3466 3896 3552 3948 ὅτι
3575 3894 3714 3960 τοὺς

2121 3994 2301 4050 ὁτιοῦν
2331 3993 2653 4057 ἀδικοῦντας
2707 3993 2807 4063 οὑχ
2846 3991 2988 4062 ὑπὲρ
3024 3989 3131 4044 τῶν
3176 3990 3278 4061 ἤδη
3321 3986 3717 4059 γεγενημένων

2122 4086 2441 4158 κολάζομενο
2486 4085 2601 4156 (τίς
2636 4084 2746 4156 γὰρ
2788 4083 2854 4137 ἂν
2901 4082 3111 4152 γένοιτο
3158 4082 3372 4153 μηχανὴ
3417 4080 3492 4152 μὴ
3544 4096 3718 4148 γεγε-

2122 4174 2319 4245 νῆσθαι
2344 4172 2411 4227 τὰ
2442 4173 2807 4244 πεπραγμένα
2829 4170 2886 4243 ;)
2919 4171 3033 4224 ἀλλ’
3061 4171 3209 4234 ὅπως
3229 4169 3295 4224 ἂν
3326 4169 3531 4240 ἢαὺτοὶ
3566 4170 3717 4241 πρὸς

2122 4266 2184 4318 τὸ
2207 4264 2392 4318 λοιπὸν
2418 4263 2676 4336 ἀμείνους
2701 4261 2963 4331 γένοιντο,
2988 4260 3021 4332 ἢ
3042 4260 3251 4333 ἑτέροις
3286 4258 3581 4330 ὑπάρξειαν
3610 4260 3717 4313 τοῦ

2126 4357 2422 4428 σωφρονεῖν
2464 4353 2818 4427 παράδειγμα
2842 4352 2978 4424 (77).
3018 4351 3238 4405 Τούτων
3268 4352 3451 4405 τοίνυν
3490 4350 3720 4404 οὐθέτε-

434 4449 635 4505 dixerit
669 4469 681 4503 :
712 4450 829 4519 ipse
875 4465 1109 4520 namque
1164 4449 1357 4503 horum
1416 4448 1801 4506 recordabitur
1849 4452 2011 4506 etiam

2127 4466 2219 4521 ρον
2252 4448 2419 4502 ἐνδεῖν
2454 4446 2518 4499 ἄν
2549 4438 2637 4510 τις
2672 4446 2731 4498 ἐν
2760 4444 2838 4516 τῷ
2880 4443 3108 4516 παρόντι
3135 4445 3361 4515 φήσειεν
3385 4484 3400 4506 ,
3433 4442 3596 4505 αὑτός
3653 4459 3718 4496 τε

436 4553 559 4614 post
591 4554 851 4611 mortem;
889 4544 1130 4612 reliquos
1162 4558 1313 4607 vero,
1340 4542 1469 4597 dum
1512 4543 1569 4597 in
1599 4543 1745 4598 hunc
1792 4544 2017 4598 intuen-

435 4645 548 4701 tur,
586 4645 732 4692 metu
762 4645 1010 4691 mortuos
1035 4651 1159 4691 esse
1189 4642 1338 4705 puto.
1373 4637 1552 4699 Quare
1584 4635 1852 4706 quidquid
1882 4651 2017 4708 sup-

432 4732 599 4803 [licio
630 4731 1016 4801 adjecerimus,
1053 4737 1296 4783 nostram
1333 4727 1579 4798 ipsorum
1614 4729 1752 4783 iram
1793 4730 2016 4801 explere

433 4823 785 4878 videbimur:
820 4821 964 4891 quod
1010 4821 1242 4874 multum
1288 4819 1500 4885 abesse,
1541 4830 1602 4874 ut
1632 4821 1699 4875 de
1733 4828 1787 4876 te
1823 4837 2013 4877 verum

433 4918 527 4980 sit,
561 4932 661 4989 ego
692 4931 827 4972 sane
866 4915 1120 4978 dixerim,
1155 4927 1334 4982 neque
1362 4912 1559 4968 adduci
1595 4915 1920 4984 potuissem,
1954 4923 2015 4969 ut

431 5010 705 5079 ejusmodi
734 5008 963 5065 verbum
994 5007 1165 5060 ullum
1198 5003 1525 5073 proferrem,
1557 5006 1664 5062 nisi
1689 5004 1886 5077 majori
1919 5007 2015 5062 be-

430 5102 627 5157 neﬁcio
647 5099 785 5155 allici
809 5098 1029 5154 dantem
1056 5113 1221 5168 quam
1243 5096 1577 5168 accipientes
1608 5099 2010 5168 perspicerem.

430 5191 617 5262 Neque
653 5193 797 5247 enim
829 5191 1021 5261 paucis
1047 5191 1340 5261 perspicua
1391 5190 1497 5245 erit
1543 5189 1649 5246 ista
1686 5190 1858 5245 animi
1900 5206 2018 5247 ma-

431 5283 676 5353 gnitudo.
709 5283 843 5337 Nam
872 5281 1227 5354 Cappadoces
1265 5296 1458 5338 omnes
1493 5280 1631 5353 quid
1660 5280 1906 5337 futurum
1943 5281 2016 5338 sit

502 5438 614 5508 (7t)
660 5435 1121 5508 Ἆμελήσαςηῐιιι
1167 5435 1337 5508 Coisl.
1369 5444 1618 5507 uterque,
1671 5434 2023 5508 Med.,}’at.,

431 5505 565 5630 Ling.
598 5505 872 5632 sefllindus
904 5518 959 5563 et
995 5507 1143 5563 Harl.
1181 5507 1325 5561 Edili
1354 5505 1700 5580 ἁμαρτήσας,
1734 5506 1883 5579 quod
1916 5521 2017 5562 eo-

470 5595 554 5631 em
584 5594 641 5628 I'P.
684 5597 696 5631 I
729 5619 742 5632 .

958 5647 1050 5705 Sic
1074 5656 1186 5705 tres
1212 5646 1570 5706 vetustissimi
1599 5647 1841 5706 codices.
1876 5645 2023 5705 Editi

492 5735 549 5771 εΛ
624 5758 636 5772 .

430 5729 636 5793 tus/ing.

2125 4540 2234 4612 γὰρ
2260 4540 2356 4594 καὶ
2392 4538 2531 4610 μετά
2560 4538 2649 4592 τὸν
2677 4537 2908 4591 θάνατον
2938 4534 3144 4590 τούτων
3178 4537 3548 4607 μεμνήσεται·
3581 4535 3719 4599 τούς

2123 4652 2185 4689 τε
2220 4635 2441 4697 λοιποὺς
2470 4632 2721 4686 τεθνάναι
2746 4632 2825 4702 τῷ
2849 4630 2960 4683 δέει
2992 4629 3129 4700 πρὸς
3166 4627 3355 4681 τοῦτον
3387 4626 3719 4696 ἀφορῶντας

2124 4731 2329 4799 οἴομαι.
2363 4726 2515 4779 ”Ωσθ’
2545 4727 2685 4795 ὅπερ
2718 4723 2785 4778 ἂν
2834 4721 3162 4796 προσθῶμεν
3201 4724 3268 4793 τῇ
3297 4721 3569 4792 τιμωρίᾳ,
3612 4722 3719 4791 τὴν

2125 4821 2296 4893 ὀργὴν
2334 4818 2493 4890 ἡμῶν
2526 4817 2707 4871 αὑτῶν
2732 4814 3150 4880 ἀποπιμπλάναι
3177 4812 3402 4883 δόξομεν
3419 4830 3432 4843 ⁸
3455 4811 3484 4864 δ
3510 4811 3717 4866 πολλοῦ

2123 4914 2233 4967 δεῖν
2266 4914 2360 4967 ἐπὶ
2382 4911 2477 4966 σοῦ
2511 4910 2707 4984 ἀληθὲς
2745 4907 2884 4964 εἶναι
2911 4910 3077 4980 φαίην
3110 4908 3176 4961 ἂν
3209 4906 3403 4976 ἔγωγε,
3429 4906 3524 4959 καὶ
3556 4906 3720 4959 οὐδὲν

2126 5005 2192 5059 ἂν
2214 5004 2420 5059 τούτων
2447 5002 2557 5057 τῶν
2584 5003 2759 5071 λόγων
2782 4998 3065 5073 προήχθην
3085 5000 3281 5062 εἰπεῖν,
3306 5000 3355 5052 εί
3383 4996 3459 5069 μὴ
3491 4996 3723 5067 μείζονα

2124 5098 2204 5169 τῷ
2239 5099 2433 5153 διδόντι
2463 5098 2561 5170 τὴν
2610 5098 2772 5169 χάριν
2817 5095 3065 5166 ἐνεώρων
3091 5095 3125 5165 ἢ
3170 5097 3283 5158 τοῖς
3322 5093 3718 5164 λαμϐάνουσιν.

2126 5190 2265 5244 Οὑδὲ
2297 5190 2406 5260 γὰρ
2459 5189 2662 5259 ὀλίγοις
2716 5188 2870 5242 ἔσται
2909 5186 3227 5258 καταφανὴς
3269 5189 3301 5257 ὴ
3341 5184 3724 5256 μεγαλοψυχία

2126 5281 2223 5335 τοῦ
2256 5282 2480 5353 τρόπου.
2517 5280 2891 5335 Καππαδόκαι
2933 5278 3043 5351 γὰρ
3073 5276 3314 5341 ἅπαντες
3338 5273 3722 5329 ἀποσκοποῦσι

2208 5435 2319 5517 (26)
2351 5435 2442 5517 Τῷ
2480 5436 2697 5517 κρόκῳ.
2722 5436 3017 5517 Vaticanus
3045 5434 3240 5499 codex,
3276 5432 3412 5504 Reg.
3441 5430 3724 5487 secundus

2134 5514 2190 5561 et
2218 5506 2389 5562 Coisl.
2428 5507 2705 5577 secundus
2740 5506 2821 5577 τῷ
2853 5507 2972 5577 βίῳ.

2207 5577 2319 5645 (77)
2352 5576 2750 5649 Πᾳράδειγμα.
2790 5572 2935 5649 Reg.
2967 5585 3195 5649 uterque
3225 5584 3279 5630 et
3309 5572 3481 5630 Coisl.
3512 5583 3723 5627 secun-

2134 5646 2239 5704 dus
2270 5646 2713 5720 παραδείγματα.
