3868 6218
181 291 291 349 525

1134 286 1632 348 EPISTOLARUM
1671 281 1960 343 CLASSIS
1996 280 2061 336 II.
2102 280 2325 338 EPIST.
2365 282 2558 341 CXIII.

3346 286 3451 342 5'16

180 414 247 469 τδ
275 414 489 488 μέλλον,
512 411 595 480 οἷς
621 415 888 486 εὐξαίμην
908 411 974 469 ἀν
1004 413 1142 485 μετά
1173 413 1283 467 τῶν
1320 413 1521 467 λοιπῶν
1543 409 1765 481 ἀγαθῶν

1877 405 2188 471 observant,
2235 405 2329 475 qui
2358 403 2582 476 quidem
2623 401 2926 475 optaverim
2971 408 3033 457 ut
3065 403 3207 459 Inter
3238 403 3456 475 reliqua

182 507 292 561 τῶν
320 507 635 578 προσόντων
655 521 739 558 σοι
767 506 863 559 καὶ
882 504 1087 575 ταύτην
1115 503 1228 575 (78)
1258 500 1767 574 ἀπαριθμήσασθαι.

195 597 372 652 Ὀκνῶ
419 597 478 651 δὲ
526 595 622 650 τοῦ
671 597 907 668 γράφειν
948 593 1285 658 παύσασθαι,
1323 592 1630 666 ἡγούμενός
1681 608 1770 663 μοι

182 687 389 760 ζημίαν
430 688 603 742 οἴσειν
636 688 698 741 τὸ
743 687 1004 759 παρεθέν.
1048 687 1311 741 Τοσοῦτον
1362 705 1424 757 γε
1458 687 1564 759 μὴν
1598 703 1770 758 προσ-

182 777 335 847 θήσω
359 818 375 840 ,
424 779 508 832 ὅτι
531 818 548 840 ,
597 776 810 833 πολλῶν
860 777 1155 840 ἐπιστολάς
1186 778 1327 849 ἔχων
1372 778 1770 848 ἐξαιτουμένων

179 871 368 936 αὐτὸν,
400 871 591 926 πασῶν
623 871 873 942 ἡγήσατο
910 870 1313 943 προτιμοτέραν
1339 865 1480 925 εἶναι
1511 870 1612 940 τὴν
1639 869 1769 939 παρ’

180 962 362 1033 ἡμῶν,
408 963 510 1016 οὐκ
552 958 671 1018 οἶδά
723 978 826 1017 που
860 964 973 1035 (79)
1026 964 1216 1035 μαθὼν
1267 959 1404 1017 εἷναί
1451 980 1571 1016 τινα
1614 962 1771 1032 ἡμῶν

180 1051 340 1121 λόγον
377 1054 526 1124 παρὰ
554 1057 622 1125 τῇ
655 1057 720 1126 σῇ
750 1054 1072 1126 τελειότητι.
1101 1058 1289 1116 Ὅπως
1314 1050 1406 1109 οῦν
1437 1056 1573 1126 μήτε
1608 1054 1772 1117 αὐτὸς

178 1142 392 1215 ψευσθῇ
432 1144 542 1199 τῶν
580 1146 851 1212 ἐλπίδων,
885 1147 953 1211 ἃς
990 1148 1075 1217 ἐφ’
1102 1150 1233 1219 ἡμῖν
1290 1147 1450 1219 ἔσχε,
1495 1147 1590 1200 καὶ
1639 1148 1771 1217 ἡμῖν

182 1235 410 1309 ὑπάρξῃ
440 1236 579 1308 πρὸς
600 1238 727 1302 τοὺς
751 1238 989 1293 ἐνταῦθα
1022 1238 1461 1310 σεμνολογεῖσθαι
1480 1253 1495 1267 ο
1525 1236 1772 1309 παρακέ-

181 1327 378 1399 κλησο,
437 1329 675 1384 δέσποτα
722 1329 1134 1402 ἀνυπέρὸλητε,
1179 1329 1463 1384 ἐπινεῦσαι
1495 1328 1631 1401 πρὸς
1670 1328 1770 1399 τὴν

182 1420 421 1491 αἴτησιν.
452 1421 684 1485 Πάντως
724 1422 781 1475 δὲ
810 1422 1025 1487 οὐδενὸς
1058 1425 1241 1494 χεῖρον
1286 1420 1395 1473 τῶν
1437 1418 1654 1474 πιῖιποτε
1682 1436 1771 1488 φι-

180 1508 607 1581 λοσοερησάντων
636 1511 941 1582 ὲπέσκεψαι
969 1512 1039 1566 τὰ
1076 1511 1395 1584 ἀνθρώπινα
1415 1530 1428 1541 -
1472 1511 1568 1565 καὶ⁵
1597 1511 1766 1574 οἶδας,

179 1601 260 1664 ὡς
299 1602 464 1663 καλὸς
511 1603 786 1675 θησαυρὸς
830 1607 967 1658 πᾶσι
1009 1607 1124 1669 τοῖς
1170 1604 1445 1676 δεομένοις
1475 1605 1769 1675 ὑπουργεῖν

181 1694 666 1765 προαποκείμενος
692 1694 827 1766 (80).

702 1901 1051 1955 ΕΠΙΣΤΟΛΗ
1086 1898 1231 1954 PII“.

1874 508 1969 553 tua
2017 504 2340 553 ornamenta
2375 497 2517 551 hanc
2553 510 2773 567 quoque
2811 496 3315 565 magnanimitatem
3347 512 3455 552 nu—
3565 489 3574 499 ’

1872 599 2107 647 merent.
2150 590 2342 647 Finem
2390 592 2636 661 epistolae
2679 591 2962 661 imponere
3008 606 3223 658 vereor,
3270 600 3450 658 ratus,

1873 682 2019 753 quod
2065 684 2333 739 omissum
2374 681 2558 747 fuerit,
2609 683 2742 737 mihi
2779 682 2982 738 damno
3030 682 3166 738 fore.
3214 682 3457 741 Tantum

1874 775 1977 830 boc
2011 776 2329 846 adjungam,
2360 792 2484 831 cum
2528 778 2631 832 etsi
2680 792 2710 830 a
2750 776 2938 831 multis
2983 777 3247 847 epistolas
3289 776 3457 834 habet

1874 867 2049 937 ipsius
2101 868 2530 923 incolumitatem
2585 884 2653 923 ac
2701 869 2934 923 salutem
2991 870 3453 940 exposcentibus,

1873 967 2122 1016 nostram
2181 959 2438 1016 omnibus
2488 961 2752 1030 potiorem
2798 962 3043 1027 duxisse,
3088 976 3216 1018 cum
3264 965 3458 1021 nescio

1873 1053 2017 1108 unde
2045 1053 2301 1108 didicerit
2346 1068 2446 1109 nos
2480 1054 2624 1123 apud
2670 1064 2821 1108 tuam
2852 1055 3223 1124 praestantiam
3266 1056 3324 1112 in
3356 1058 3459 1112 ali-

1874 1159 1986 1215 quo
2011 1161 2135 1202 esse
2161 1162 2412 1202 numero.
2450 1146 2518 1200 Ut
2553 1147 2720 1217 igitur
2749 1162 2929 1216 neque
2960 1164 3084 1204 eum
3120 1163 3248 1220 spes
3278 1148 3457 1216 fallat,
3559 1146 3566 1155 ’

1872 1254 2038 1310 quam
2071 1241 2125 1295 in
2163 1240 2322 1296 nobis
2363 1240 2551 1305 habet,
2582 1249 2637 1295 et
2675 1241 2836 1296 nobis
2868 1241 3032 1297 liccat
3062 1243 3206 1313 apud
3237 1254 3457 1300 nostros

1875 1329 2139 1399 gloriari;
2182 1337 2253 1392 te,
2301 1329 2523 1384 domine
2562 1346 2823 1401 perquam
2861 1332 3084 1395 eximie,
3135 1334 3352 1389 exorari
3384 1334 3459 1389 si-

1873 1435 1998 1484 nas,
2048 1428 2109 1474 ut
2156 1430 2364 1476 nostra:
2405 1437 2619 1477 annuas
2660 1424 2933 1493 petitioni.
2971 1423 3226 1481 Profecto
3271 1433 3454 1482 autem

1872 1511 2026 1565 nullo
2049 1511 2290 1568 deterius
2313 1529 2504 1568 eorum
2530 1515 2624 1584 qui
2651 1530 2888 1585 unquam
2911 1517 3280 1588 philosophati
3304 1529 3455 1583 sunt,

1874 1603 2240 1659 considerasti
2283 1621 2372 1661 res
2425 1607 2733 1662 humanas;
2768 1618 2823 1664 et
2869 1610 3016 1664 nosti
3067 1625 3234 1680 quam
3278 1612 3459 1669 bonus

1876 1696 2172 1752 thesaurus
2202 1698 2290 1761 iis,
2324 1699 2416 1767 qui
2449 1699 2706 1756 omnibus
2733 1701 3023 1771 egentibus
3051 1717 3275 1773 operam
3298 1720 3458 1761 suam

1801 1762 1846 1819 Β
1871 1787 2136 1860 praebent,
2169 1787 2283 1857 jam
2322 1762 2451 1842 olim
2482 1762 2887 1859 repnsitusvsit.

2370 1899 2707 1959 EPISTULA
2745 1905 2948 1963 CXIII'.

179 2014 485 2085 Demonstrat
509 2011 723 2085 Basilius
748 2011 1014 2085 inﬁmagna
1041 2026 1207 2063 rerum
1244 2010 1690 2085 ecclesiasticarum.
1712 2014 2069 2085 perturbatione
2100 2015 2363 2085 [ἱινειςαιζὶίιιν
2408 2018 2648 2085 agendum
2686 2033 2791 2070 esse
2829 2033 2938 2070 cum
2966 2020 3342 2085 inﬁrmioribus,
3373 2039 3460 2078 nec

240 2075 455 2145 amplius
471 2073 744 2145 quidquam
765 2089 795 2124 a
812 2073 1047 2136 fratribus
1072 2076 1443 2145 ςττροεςεζῃιιιηι.
1467 2074 1562 2123 nisi
1584 2083 1634 2123 ut
1654 2073 1803 2144 ﬁdem
1825 2077 2097 2145 _Nicamum
2120 2079 2382 2143 recipiunt,
2407 2073 2463 2131 οἵ
2481 2080 2719 2145 Spiritum
2746 2090 2961 2132 sanctum
2993 2073 3234 2145 fateantur
3262 2073 3459 2139 ferentia-

245 2136 356 2188 rem
378 2136 596 2187 dici'non
610 2136 810 2198 'debere,
830 2150 916 2187 nec
939 2149 1049 2187 cum
1073 2136 1143 2186 iis
1155 2136 1238 2201 qui
1261 2136 1445 2197 dicunt,
1470 2136 1934 2189 communicandum.

519 2244 649 2313 Τοῖς
669 2247 741 2300 ἐν
762 2246 974 2315 Ταρσῷ
995 2246 1440 2323 πρεσϐυτέροις.

250 2357 538 2430 Συντυχὼν
580 2357 740 2429 τῷδε,
785 2358 989 2429 πολλὴν
1038 2357 1196 2429 ἔσχον
1228 2357 1306 2429 τῷ
1346 2357 1487 2429 ἁγίῳ
1526 2358 1643 2430 Θεῷ
1673 2359 1769 2430 τὴν

176 2444 363 2522 χάριν,
396 2450 480 2503 ὅτι
514 2466 583 2521 με
612 2444 706 2502 καὶ
738 2448 828 2501 διὰ
852 2452 950 2521 τῆς
977 2449 1142 2503 αὐτοῦ
1168 2449 1471 2521 παρουσίας
1500 2449 1608 2503 ἀπὸ
1643 2449 1770 2503 πολ-

176 2541 287 2595 λῶν
313 2540 548 2610 θλίψεων
579 2539 1027 2611 παρεμυθήσατο,
1057 2538 1153 2591 καὶ
1185 2539 1283 2608 τὴν
1326 2537 1597 2609 ὑμετέραν
1627 2539 1767 2608 ἀγά-

176 2651 289 2706 πην
320 2632 570 2704 ἐναργῶς
615 2632 781 2697 ἔδειξε
813 2630 879 2684 δι’
910 2629 1098 2685 αὐτοῦ.
1132 2630 1327 2700 Σχεδὸν
1365 2631 1470 2703 γὰρ
1496 2630 1586 2683 τὸν
1628 2632 1768 2684 πάν-

174 2723 290 2781 ’ξων
315 2725 470 2798 ὑμῶν
514 2723 644 2795 περὶ
669 2724 767 2794 τὴν
798 2723 1055 2795 ἀλήθειαν
1090 2723 1253 2792 ζῆλον
1310 2723 1368 2775 ἐν
1405 2726 1470 2793 τῇ
1518 2723 1613 2776 τοῦ
1651 2724 1770 2787 ένὸς

174 2818 370 2891 ἀνδρὸς
413 2818 731 2890 προαιρέσει
781 2814 1110 2887 κατέμαθον.
1148 2816 1215 2867 Ἃ
1276 2812 1375 2886 μὲν
1415 2810 1508 2868 οῦν
1547 2814 1651 2885 ἰδία
1691 2815 1769 2867 δι-

172 2910 373 2982 ελέχθη
383 2927 483 2981 μεν
499 2909 634 2982 πρὸς
656 2907 939 2979 ἀλλήλους,
972 2904 1134 2971 αὐτὸς
1155 2908 1282 2963 ὑμῖν
1305 2906 1607 2976 ἀπαγγελεῖ
1631 2908 1767 2977 (8Ι)⁶

170 3002 211 3056 ἃ
231 3002 290 3055 δὲ
307 3000 441 3073 παρ’
464 2998 602 3070 ἐμοῦ
615 2995 987 3070 γνωρισθῆναι
1008 2998 1038 3051 ὑ
1047 2998 1163 3069 μῶν
1194 2996 1439 3067 προσῆκε
1459 2998 1523 3067 τῇ
1555 2998 1765 3068 ἀγάπῃ,

2307 2251 2638 2321 Presbyteris
2669 2252 3039 2308 Tarsensibus.

1948 2364 2291 2435 Congressus
2329 2380 2452 2418 cum
2501 2362 2613 2430 illo,
2657 2381 2884 2437 magnas
2912 2364 3077 2423 habui
3108 2364 3221 2425 Deo
3265 2381 3456 2428 sancto

1875 2457 2100 2526 gratias,
2132 2458 2224 2528 qui
2269 2467 2319 2512 el
2362 2471 2448 2512 me
2478 2456 2624 2512 illius
2655 2458 2945 2529 praesentia
2984 2475 3050 2515 ex
3076 2461 3265 2518 multis
3287 2477 3457 2534 ango-

1876 2548 2032 2602 ribus
2059 2544 2376 2604 consolatus
2398 2560 2501 2613 est,
2526 2558 2580 2603 et
2618 2559 2854 2605 vestram
2886 2551 3219 2608 charitatem’
3236 2557 3455 2626 perspi-

1875 2652 1978 2693 cue
2014 2654 2111 2708 per
2148 2639 2325 2708 ipsum
2360 2638 2618 2695 ostendit.
2650 2639 2783 2694 Nam
2807 2649 3049 2697 vestrum
3075 2642 3186 2700 fere
3209 2646 3457 2704 omnium

1874 2731 2121 2786 veritatis
2153 2727 2391 2787 studium
2441 2732 2495 2786 in
2536 2732 2639 2786 viri
2683 2733 2845 2789 unius
2889 2736 3166 2805 proposito
3202 2739 3453 2810 cognovi.

1876 2824 2008 2891 Quae
2060 2827 2229 2896 igitur
2270 2828 2521 2897 privatim
2574 2829 2716 2883 inter
2766 2844 2868 2883 nos
2910 2829 3079 2884 locuti
3126 2845 3348 2893 sumus.
3392 2847 3457 2886 ea

1874 2918 1992 2987 ipse
2013 2918 2166 2973 vobis
2194 2918 2407 2974 relcret.
2434 2920 2597 2991 206
2619 2919 2750 2986 Quae
2784 2929 2965 2976 autem
2998 2936 3066 2977 ex
3093 2937 3179 2978 me
3211 2921 3456 2977 charita-

1875 3018 1983 3064 tem
2024 3020 2262 3065 vestram
2305 3026 2404 3081 par
2435 3019 2520 3066 est
2563 3027 2915 3083 cognoscere,
2957 3012 3072 3069 haec
3105 3022 3254 3070 sunt.
3297 3013 3459 3070 Tem-

169 3092 354 3148 ταῦτά
381 3095 551 3147 ἐστιν.
603 3091 661 3145 '0
704 3091 894 3162 καιρὸς
926 3090 1129 3161 πολλὴν
1154 3089 1266 3162 ἔχει
1309 3090 1482 3163 ῥοπὴν
1509 3088 1644 3162 πρὸς
1673 3107 1768 3143 κα-

1877 3115 1980 3171 pus
2012 3102 2308 3171 plurimum
2375 3102 2644 3158 incumbit
2682 3104 2748 3159 ad
2791 3109 3131 3162 eversionem
3185 3104 3458 3162 Ecclesia-

170 3184 488 3259 ξαστροοιςὴν
528 3183 637 3237 τῶν
678 3182 1035 3253 Ἐκκλησιῶν,
1078 3183 1171 3237 καὶ
1201 3181 1358 3236 τοῦτο
1387 3181 1553 3236 πολὺν
1578 3183 1774 3253 ἔχομεν

171 3279 276 3352 ἤδη
300 3278 496 3352 χρόνον
529 3276 591 3336 ἐξ
623 3267 686 3329 οὗ
715 3274 1226 3346 καταμανθάνομεν.
1262 3275 1533 3346 Οίκοδομὴ
1554 3276 1612 3328 δὲ
1649 3274 1773 3328 Ἐκ-

171 3372 427 3445 κλησίας,
446 3371 543 3423 καὶ
560 3367 893 3440 σφαλμάτων
909 3366 1218 3439 διόρθωσις,
1236 3367 1329 3419 καὶ
1344 3365 1655 3438 συμπάθεια
1674 3366 1774 3437 μὲν

171 3465 315 3535 πρὸς
342 3464 470 3526 τοὺς
500 3461 881 3525 ἀσθενοῦντας,
921 3460 1342 3534 ὑπερασπισμὸς
1372 3460 1429 3513 δὲ
1477 3459 1612 3532 πρὸς
1649 3462 1774 3523 τοὺς

171 3554 517 3624 ὑγιαίνοντας
534 3553 644 3606 τῶν
670 3553 918 3623 ἀδελφῶν
936 3552 1056 3606 οὐδὲ
1070 3548 1172 3617 εἷς.
1208 3552 1350 3605 Ἀλλ’
1370 3552 1493 3606 οὔτε
1522 3552 1773 3624 βοήθημα

169 3648 207 3718 ἢ
238 3646 634 3718 θεραπευτικὸν
677 3644 790 3716 (82)
824 3645 923 3715 τῆς
976 3643 1468 3716 προκατασχούσης
1511 3644 1689 3707 νόσου,
1736 3642 1770 3715 ἢ

171 3736 622 3809 προφυλακτικὸν
666 3736 766 3807 τῆς
805 3735 1267 3806 προσδοκωμένης
1295 3735 1466 3790 οὐδέν.
1500 3737 1609 3790 Καὶ
1637 3735 1773 3799 ἅλως

172 3831 318 3884 ἔοικε
375 3829 561 3883 λοιπὸν
633 3830 668 3900 η
718 3829 816 3899 τῆς
884 3826 1212 3900 Ἐκκλησίας
1277 3829 1609 3892 κατάστασις
1663 3829 1774 3900 (ἵνα

171 3925 396 3995 ὲναργεί
424 3924 716 3995 χρήσωμαι
743 3921 823 3993 τῷ
846 3922 1226 3993 ὑποδείγματι,
1259 3921 1363 3975 κᾶν
1392 3922 1772 3994 εὐτελέστερον

172 4012 320 4069 εἶναι
349 4014 506 4085 δοκῇ)
540 4013 740 4085 ίματίῳ
774 4012 1012 4084 παλαιῷ,
1062 4013 1167 4067 ὑπὸ
1210 4014 1311 4085 τῆς
1345 4013 1613 4084 τυχούσης
1640 4031 1773 4085 προ-

174 4109 398 4177 φάσεως
429 4107 629 4179 ῥᾳδίως
657 4107 1195 4178 καταρῤηγνυμένῳ,
1231 4106 1260 4158 ὃ
1295 4105 1430 4176 πρὸς
1456 4106 1555 4176 τὴν
1579 4106 1636 4171 ἐξ
1672 4106 1772 4177 ἀρ-

172 4200 280 4272 χῆς
337 4200 492 4272 ἰσχὺν
552 4197 869 4253 ἐπανελθεῖν
921 4198 1085 4251 πάλιν
1122 4197 1393 4250 ἀδυνατεῖ.
1438 4197 1525 4259 Ὠς
1574 4192 1668 4250 οῦν
1711 4198 1771 4251 ὲν

171 4292 356 4363 καιρῷ
418 4289 680 4361 τοιούτῳ,
740 4290 983 4362 μεγάλης
1024 4290 1185 4361 χρεία
1228 4290 1328 4361 τῆς
1385 4288 1625 4359 σπουδῆς
1675 4289 1772 4342 καὶ

171 4383 375 4453 πολλῆς
431 4383 533 4453 τῆς
569 4381 881 4452 ἐπιμελείας
942 4380 1366 4454 εὐεργετηθῆναί
1402 4398 1455 4433 τι
1501 4380 1599 4444 τὰς
1652 4383 1773 4435 Ἐκ-

1878 3206 2022 3253 rmn,
2078 3187 2242 3258 idque
2293 3190 2403 3259 jam
2456 3207 2486 3246 ιι
2537 3192 2700 3264 longo
2751 3201 2997 3265 tempore
3054 3197 3451 3267 perspeximus.

1875 3274 2193 3335 Aidilicatio
2225 3291 2406 3335 autem
2449 3280 2730 3346 Ecclesiae,
2772 3283 3096 3340 delictorum
3121 3285 3454 3349 emendatio,

1876 3386 2004 3440 erga
2035 3370 2245 3427 debiles
2281 3372 2725 3439 commiseratio,
2770 3390 3030 3431 sanorum
3077 3377 3307 3433 fratrum
3355 3378 3454 3433 de~

1877 3456 2053 3515 fensio
2083 3462 2233 3515 nulla
2273 3478 2502 3533 prorsus
2550 3472 2653 3519 est.
2690 3460 2795 3519 Sed
2829 3481 3003 3535 neque
3036 3468 3457 3524 remedium‘ul-

1875 3548 2010 3615 lum,
2065 3559 2159 3604 aut
2211 3552 2436 3607 morbus
2484 3553 2634 3622 prior
2682 3558 2926 3615 curetur,
2979 3564 3073 3611 aut
3137 3556 3456 3628 impendens

1874 3648 2152 3721 caveatur.
2206 3641 2286 3697 Ac
2333 3642 2575 3713 profecto
2612 3642 2806 3701 similis
2854 3655 2937 3703 est
2980 3641 3243 3704 Ecclesiae
3277 3659 3457 3710 status

1876 3729 1958 3805 (ut
1993 3732 2144 3789 claro
2178 3742 2304 3789 utar
2334 3737 2606 3807 exemplo,
2644 3734 2864 3792 etiamsi
2911 3738 3076 3794 vilius
3116 3755 3240 3795 esse
3268 3741 3452 3797 videa-

1873 3824 1984 3893 tur)
2016 3832 2233 3881 vetusto
2271 3827 2622 3892 vestimento,
2653 3824 2800 3898 quod
2832 3828 2990 3885 facile
3018 3831 3261 3902 qualibet
3294 3848 3456 3889 occa-

1874 3917 2029 3973 sione
2072 3915 2418 3982 discinditur,
2466 3933 2568 3974 nec
2598 3924 2776 3990 potest
2822 3922 3018 3976 iterum
3060 3922 3127 3977 ad
3161 3924 3453 3995 pristinum

1872 4006 2041 4063 robur
2094 4008 2293 4063 redire.
2349 4007 2539 4080 Itaque
2587 4018 2648 4063 ut
2700 4010 2753 4064 in
2814 4010 2907 4064 tali
2959 4020 3204 4084 tempore
3255 4031 3455 4084 magno

1874 4113 2013 4169 opus
2068 4108 2153 4153 est
2205 4099 2389 4155 studio
2437 4115 2503 4155 ac
2556 4101 2729 4156 multa
2790 4101 3094 4173 diligentia,
3144 4114 3205 4159 ut
3243 4107 3451 4178 aliquid

1874 4185 2099 4241 accedat
2133 4187 2485 4243 emolumenti
2532 4185 2817 4247 Ecclesiis.
2874 4190 3315 4250 Emolumentum
3366 4208 3454 4253 est

1874 4284 2057 4333 autem
2117 4278 2361 4333 membra
2406 4280 2560 4351 prius
2609 4280 2824 4338 divulsa
2867 4286 3147 4357 conjungi.
3189 4285 3308 4342 Fiet
3354 4305 3452 4345 au-

1874 4376 1984 4424 tem
2028 4369 2379 4439 conjunctio,
2416 4374 2460 4428 si
2498 4370 2751 4439 velimus,
2786 4376 2989 4446 quibus
3027 4377 3083 4431 in
3125 4378 3289 4435 rebus
3327 4381 3449 4436 ani-

173 4475 426 4547 κλησίας.
468 4474 775 4546 Εὑεργεσία
817 4474 876 4527 δέ
921 4476 1071 4527 ἐστιν
1116 4473 1381 4543 ένωθῆναι
1413 4474 1482 4526 τά
1510 4474 1647 4537 τέως
1682 4473 1761 4526 δι-

1877 4476 1988 4516 mas
2014 4476 2123 4515 non
2151 4461 2418 4526 laedimus,
2447 4458 2502 4518 in
2537 4464 2623 4520 his
2651 4479 2752 4521 nos
2783 4466 2848 4521 ad
2885 4466 3214 4524 inﬁrmiores
3241 4485 3453 4527 accom-

172 4567 498 4638 εσπασμένα
527 4566 659 4637 (85).
681 4567 913 4630 Ἔνωσις
946 4566 989 4619 δ’
1016 4564 1082 4619 ἂν
1108 4566 1340 4634 γένοιτο,
1367 4567 1416 4618 εἰ
1448 4565 1760 4638 βουληθείης

176 4676 300 4732 μεν,
338 4661 399 4711 έν
426 4653 507 4721 οἷς
548 4658 713 4729 μηδὲν
749 4658 1063 4729 βλάπτομεν
1111 4656 1211 4721 τὰς
1258 4657 1459 4728 ψυχάς,
1497 4675 1766 4729 συμπερι-

172 4748 460 4819 ενεχθῆναι
492 4750 604 4810 τοῖς
648 4746 1084 4822 ἀσθενεστέροις.
1134 4747 1287 4801 Ἐπεὶ
1317 4743 1408 4800 οὖν
1442 4747 1612 4800 πολλά
1646 4748 1765 4801 στό-

174 4858 324 4913 ματα
352 4840 601 4911 ηνοικται
645 4838 788 4894 κατὰ
834 4837 929 4892 τοῦ
958 4838 1277 4910 Πνεύματος
1321 4837 1414 4893 τοῦ
1459 4838 1635 4908 ἁγίου,
1670 4840 1764 4893 καὶ

171 4931 373 4986 πολλαὶ
394 4930 637 4999 γλῶσσαι
662 4926 956 5002 ἠκόνηνται
980 4933 1061 4995 είς
1079 4932 1180 5003 τὴν
1203 4932 1321 4985 κατ’
1342 4929 1505 4983 αὐτοῦ
1520 4930 1765 5000 βλασφη-

174 5026 335 5097 μίαν·
391 5022 650 5095 ἀξιοῦμεν
681 5024 846 5095 ὑμᾶς,
876 5023 1002 5076 ὅσον
1050 5006 1199 5077 ἐστὶν
1228 5023 1315 5093 ἐφ’
1356 5022 1485 5093 ὑμῖν
1514 5021 1647 5095 (84),
1681 5024 1764 5086 είς

170 5118 356 5186 ὀλίγον
389 5117 622 5191 ἀριθμὸν
647 5119 973 5190 περιστῆσαι
994 5119 1119 5181 τοὺς
1144 5113 1598 5187 βλασφημοῦντας
1620 5132 1633 5145 ο
1667 5115 1763 5169 καὶ

245 5249 358 5321 (78)
377 5249 487 5304 Καὶ
514 5251 756 5317 ταύτην.
780 5250 859 5306 Ita
886 5267 1019 5307 mss.
1044 5258 1274 5321 septem.
1298 5248 1441 5321 Editi
1465 5247 1759 5314 καὶτοῦτο,

167 5319 404 5392 excepta
431 5329 613 5375 tamen
647 5321 888 5378 editione
922 5319 1452 5392 prima‘Basileensi.

244 5423 359 5493 (79)
389 5420 676 5493 Οὑκᾲοῖδά
704 5438 844 5479 που.
875 5425 954 5479 Ita
982 5435 1096 5480 tres
1125 5419 1488 5480 vetustissimi
1509 5420 1754 5479 codices.

167 5489 322 5550 Editi
342 5489 456 5548 ὀὐκ
482 5489 581 5547 οἷδ’
615 5495 782 5557 ὅπως.

243 5600 928 5680 (8ολΠροαποκείμενος.
966 5600 1067 5680 δίο
1106 5615 1241 5657 mss.
1278 5613 1413 5680 se}...
1441 5592 1585 5653 Editi
1620 5614 1761 5679 προσ

170 5669 543 5800 Errorin
587 5669 737 5735 ton,
777 5680 1004 5743 excepta
1055 5679 1239 5725 tamen
1282 5669 1527 5726 editione
1578 5669 1756 5739 prima

254 5756 281 5799 ι
324 5780 342 5795 .

1870 4552 2113 4608 modare.
2152 4552 2288 4608 Cum
2341 4556 2508 4627 igitur
2550 4568 2647 4612 ora
2702 4558 2965 4612 multa.in
3010 4558 3275 4629 Spiritum
3321 4577 3451 4618 san-

1868 4652 2017 4698 ctum
2061 4654 2247 4716 aperta
2292 4647 2424 4715 sint,
2472 4664 2535 4701 ac
2583 4648 2781 4719 lingua:
2832 4649 3017 4702 multa:
3057 4650 3125 4703 ad
3165 4652 3449 4719 jaciendas

1868 4736 1924 4790 in
1948 4736 2099 4790 illum
2126 4737 2498 4810 blaspltemias
2521 4740 2633 4793 sint
2666 4748 2907 4795 exacuta:
2934 4759 2947 4794 :
2973 4756 3228 4812 rogamus
3246 4726 3363 4808 vos,
3392 4757 3451 4800 ut

1864 4839 2130 4900 quantum
2164 4831 2219 4884 in
2251 4829 2407 4887 vobis
2419 4840 2526 4895 est,
2546 4830 2611 4885 ad
2636 4846 2862 4901 parvum
2887 4849 3175 4889 numerum
3193 4834 3450 4905 blasphe-

1865 4933 2079 4977 mantes
2100 4922 2361 4993 redigatis
2377 4939 2391 4988 ;
2409 4930 2463 4978 et
2478 4923 2571 4993 qui
2589 4922 2850 4992 Spiritum
2869 4935 3120 4980 sanctum
3138 4934 3448 4983 creaturam

1863 5029 1987 5069 esse
2036 5029 2148 5069 non
2190 5015 2401 5080 dicunt,
2444 5030 2540 5071 eos
2576 5016 2851 5086 recipiatis
2879 5016 2934 5070 in
2978 5019 3444 5084 communionem,

1864 5113 1924 5159 ut
1974 5105 2275 5171 blasphemi
2341 5106 2721 5176 relinquantur
2771 5105 2909 5168 soli,
2959 5120 3024 5159 ac
3082 5108 3166 5162 vel
3239 5109 3449 5180 pudore

1934 5237 2046 5313 (8i)
2099 5239 2453 5308 Ἀπαγγελῶ.
2507 5237 2583 5292 Ita
2635 5254 2766 5295 mss.
2802 5240 3063 5310 quinque.
3102 5239 3242 5296 Editi
3274 5243 3447 5313 ἑπαγ-

1863 5307 2051 5451 γεῖἕέ)
2089 5378 2543 5451 Θεραπευτιξιόν.
2562 5376 2713 5451 μω.
2743 5379 3259 5451 προθεραπευτικόν.

1957 5378 2051 5441 82)
2089 5378 2543 5448 Θεραπευτικόν.
2573 5378 2713 5432 Med.
2743 5379 3259 5451 προθεραπευτικόν.

1934 5378 2048 5522 I85)
2087 5447 2681 5519 Διεσπασμέναειβυο
2730 5463 2872 5505 mss.
2917 5450 3316 5524 διεσπαρμένα,
3363 5450 3447 5505 die

1860 5536 2062 5735 3333‘?
2118 5591 2257 5659 Ἐφ’,
2294 5589 2459 5658 ὑμῖν.
2519 5586 2601 5643 Ita
2652 5603 2786 5645 mss.
2837 5590 3101 5662 quinque.
3153 5591 3298 5649 Editi
3357 5592 3445 5663 ἔφ’

1963 5678 2013 5716 ν.

1963 5678 2013 5716 ν.

1936 5737 1957 5757 ⁶
1994 5731 2145 5788 Alias
2175 5726 2352 5786 CCIII.
2385 5730 2600 5791 Scripta
2625 5732 2773 5787 circa
2804 5747 2894 5788 an.
2927 5731 3051 5789 372.
