3868 6218
196 297 308 354 529

1190 305 1686 367 EPISTOLARUM
1722 311 2006 371 CLASSIS
2041 313 2106 370 ll.
2149 301 2365 371 EPIST.
2405 313 2563 372 CXV.

3368 320 3472 375 550

193 417 315 476 τοὶς
348 417 766 487 προειρημένοις
791 419 904 474 τῶν
939 420 1182 492 ἀδελφῶν
1221 427 1469 500 αὐτάρκη
1503 443 1637 501 προς
1659 431 1784 504 πλη-

1901 434 2016 489 haec
2046 443 2176 490 sunt
2213 454 2225 490 :
2263 445 2324 490 ut
2360 435 2518 490 ﬁdem
2563 448 2590 486 a
2619 431 2875 488 Patribus
2905 442 3126 499 nostris,
3157 451 3250 506 qui
3280 436 3475 495 Nicaeae

199 506 485 577 ροφορίαν,
521 508 713 573 ταῦτα,
745 512 1028 598 ὁμολογεῖν
1050 515 1194 585 ὑμᾶς
1218 517 1315 588 τὴν
1354 519 1458 572 ὑπὸ
1479 520 1586 573 τῶν
1614 522 1785 576 Πατέ-

200 614 316 670 ρων
362 599 517 670 ἡμῶν
579 601 894 657 ἐκτεθείσαν
946 605 1135 659 Πίστιν
1175 608 1285 661 τῶν
1324 609 1382 661 ὲν
1419 610 1624 683 Νικαίᾳ
1655 615 1784 667 ποτὲ

199 689 592 758 συνελθόντων,
632 693 727 745 καὶ
753 693 1020 766 μηδεμίαν
1053 697 1164 752 τῶν
1186 701 1304 752 ἐκεῖ
1324 699 1520 765 λέξεων
1547 704 1782 768 ἀθετεῖν,

199 782 318 835 ἀλλ’
348 782 568 848 εἰδέναι,
590 785 673 837 ὅτι
692 787 992 856 τριακόσιοι
1033 789 1166 845 δέκα
1199 793 1293 846 καὶ
1319 793 1482 858 ὀκτὼ,
1512 795 1784 866 ἀφιλονεί-

200 891 317 938 κως
368 876 662 944 συνιόντες,
714 879 814 932 οὑκ
862 881 988 935 ἄνευ
1017 883 1116 953 τῆς
1141 883 1235 936 τοῦ
1283 885 1438 953 ἁγίου
1469 887 1786 958 Πνεύματος

201 969 481 1036 ἐνεργείας
495 968 846 1039 ὲφθέγξαντου
870 973 1186 1044 προσθεῖναι
1207 976 1264 1029 δὲ
1289 981 1354 1048 τῇ
1383 978 1572 1032 Πίστει
1599 980 1785 1053 ἐκείνῃ

201 1061 299 1114 καὶ
326 1061 388 1113 τὸ
422 1061 495 1132 μὴ
529 1062 727 1133 χρῆναι
754 1063 933 1134 λέγειν
950 1067 1158 1138 κτίσμα
1178 1067 1241 1121 τὸ
1269 1071 1496 1141 Πνεῦμα
1525 1071 1586 1125 τὸ
1608 1073 1784 1141 ἅγιον,

206 1151 283 1221 μὴ
322 1152 506 1220 μέντοι
553 1153 690 1224 μηδὲ
721 1156 836 1217 τοῖς
878 1153 1096 1224 λέγουσι
1122 1163 1421 1224 κοινωνεῖν,
1454 1161 1543 1215 ἵνα
1569 1161 1786 1233 καθαρὰ

202 1239 236 1315 ᾖ
291 1242 386 1295 τοῦ
440 1243 576 1296 Θεοῦ
629 1246 662 1315 ή
719 1247 1042 1318 Ἐκκλησία,
1105 1250 1268 1320 μηδὲν
1327 1251 1563 1316 ζιζάνιον
1617 1254 1781 1324 ἑαυτῇ

203 1334 698 1404 παραμεμιγμένον
725 1336 940 1407 ἔχουσα.
989 1339 1205 1412 Ταύτης
1247 1343 1431 1406 αὑτοῖς
1462 1343 1558 1414 τῆς
1582 1345 1686 1415 πλη
1699 1361 1785 1414 ρο-

204 1426 402 1496 φορίας
449 1427 599 1498 παρὰ
631 1428 733 1498 τῆς
767 1430 1167 1504 εὐσπλαγχνίας
1206 1435 1360 1504 ὑμῶν
1405 1437 1781 1508 προτεθείσης,

203 1519 299 1571 καὶ
330 1519 486 1572 αὑτοὶ
512 1519 610 1590 τὴν
632 1522 949 1593 πρέπουσαν
975 1527 1102 1595 ὑμῖν
1129 1527 1410 1598 ὑποταγὴν
1442 1529 1650 1600 ἕτοιμοί
1679 1531 1783 1582 είσι

205 1611 608 1681 παρασχέσθαι.
663 1614 836 1678 Αὐτὸς
905 1616 1014 1689 γὰρ
1061 1618 1348 1689 ἐγγυῶμαι
1383 1621 1446 1672 τὸ
1494 1621 1657 1691 μέρος
1676 1620 1785 1674 τῶν

207 1700 473 1769 eadem,
506 1702 583 1765 ὡς
623 1703 703 1766 είς
731 1704 882 1757 οὐδὲν
907 1707 1244 1779 ἁντεροῦσιν,
1279 1709 1414 1762 ἀλλὰ
1449 1712 1628 1763 πᾶσαν
1658 1711 1784 1781 ὑμῖν

1889 524 2168 594 quondam
2215 530 2628 587 convenerunt,
2680 523 2882 578 editam
2932 524 3314 594 proﬁteamini,
3353 530 3471 584 nul-

1890 617 2108 688 lamque
2143 617 2198 672 in
2245 632 2308 672 ea
2353 632 2541 672 vocem
2584 617 2870 688 rejiciatis,
2909 617 3004 672 sed
3035 619 3226 675 sciatis
3257 627 3469 676 trecen-

1887 716 1973 764 tos
2003 709 2191 764 decem
2234 717 2289 763 et
2335 716 2462 764 octo
2502 708 2717 773 Patres,
2759 709 2853 779 qui
2887 708 3025 764 citra
3067 712 3469 767 contentionem

1889 808 2288 865 convenerunt,
2318 815 2430 855 non
2462 801 2581 856 sine
2615 799 2856 870 Spiritus
2887 801 3067 855 sancti
3093 802 3276 857 alIlatu
3310 803 3469 858 locu-

1887 897 1975 947 tos
1995 906 2119 946 esse
2148 908 2163 958 ;
2195 898 2358 961 atque
2387 891 2522 945 illud
2561 890 2721 945 etiam
2765 891 2893 944 huic
2935 889 3058 945 ﬁdei
3087 891 3321 960 addatis,
3351 893 3462 964 Spi-

1887 981 2052 1036 ritum
2091 989 2345 1036 sanctum
2380 987 2696 1035 creaturam
2737 979 2847 1034 diei
2884 996 2996 1037 non
3047 987 3321 1050 oportere,
3368 997 3471 1038 nec

1887 1089 2012 1128 cum
2052 1073 2119 1128 iis
2153 1073 2247 1143 qui
2279 1072 2490 1136 dicunt,
2533 1072 3070 1136 communicandum,
3129 1080 3188 1127 ut
3235 1073 3325 1128 Dei
3367 1073 3471 1128 Ec-

1888 1165 2056 1221 clesia
2105 1181 2241 1236 pura
2289 1165 2380 1231 sit,
2441 1165 2711 1220 zizanium
2770 1165 2981 1220 nullum
3025 1165 3132 1221 sibi
3176 1167 3471 1221 admistum

1889 1258 2119 1312 habens.
2165 1259 2292 1314 Ηωο
2341 1259 2388 1314 si
2438 1258 2548 1313 illis
2594 1266 2778 1312 vestra
2831 1258 3074 1314 Charitas
3129 1256 3198 1311 ad
3248 1273 3473 1327 persua-

1887 1353 2096 1406 sionem
2164 1351 2554 1422 proposuerit;
2620 1350 2724 1420 ipsi
2781 1365 3000 1420 quoque
3055 1359 3111 1404 et
3183 1355 3472 1404 consenta-

1887 1460 2050 1499 neum
2086 1444 2240 1498 vobis
2285 1443 2461 1512 parati
2502 1449 2630 1497 sunt
2674 1440 3001 1511 obsequium
3044 1439 3320 1495 exhibere.
3357 1436 3471 1509 Ego

1885 1535 2032 1589 enim
2075 1549 2173 1603 pro
2213 1532 2475 1587 fratribus
2520 1531 2786 1602 spondeo,
2831 1547 2930 1585 eos
2975 1530 3129 1584 nulla
3162 1529 3219 1583 in
3259 1543 3318 1584 re
3349 1544 3471 1584 esse

1887 1626 2364 1686 contradicturos,
2455 1625 2548 1678 sed
2629 1620 3070 1677 cumulatissime
3139 1617 3467 1674 modestiam

1888 1735 2105 1773 omnem
2131 1719 2288 1772 vobis
2336 1716 2720 1780 exhibituros;
2766 1715 2812 1769 si
2861 1713 3025 1768 modo
3074 1710 3336 1781 perfectio
3374 1725 3469 1765 ve-

207 1790 563 1857 ὲπιδείξονται
595 1795 849 1861 εὐταξίας
883 1798 1211 1870 ὑπερϐολὴν,
1244 1800 1364 1864 ἐνὸς
1392 1799 1582 1852 τούτου
1607 1802 1784 1864 αὐτοῖς

1897 1816 2004 1862 stra
2051 1807 2152 1860 hoc
2203 1821 2370 1859 unum
2421 1803 2567 1874 quod
2617 1818 2646 1856 a
2696 1802 2850 1858 vobis
2896 1807 3178 1870 expetunt,
3217 1797 3470 1854 lubenter

204 1884 302 1938 τοῦ
346 1887 773 1959 ὲπιζητουμένου
825 1889 953 1961 παρ’
1002 1891 1182 1944 αὑτῶν
1228 1891 1332 1944 ὑπὸ
1370 1891 1467 1961 τῆς
1515 1891 1787 1963 ὑμετέρας

207 1977 542 2051 τελειότητος
574 1980 806 2052 ἑτοίμως
833 1981 1286 2052 παρασχεθέντος.

713 2139 1058 2194 ΕΠΙΣΤΟΛΗ
1095 2141 1242 2194 PIE'.

1894 1897 2026 1966 ipsis
2061 1895 2415 1950 concesserit.

2381 2133 2716 2190 EPISTOLA
2754 2131 2930 2186 CXV'.

212 2254 511 2322 Iracundam
533 2254 964 2322 mulieremmpnet
983 2269 1157 2322 parum
1179 2256 1408 2322 prodesse
1432 2255 1534 2306 sine
1551 2254 1742 2322 justitia
1767 2251 2433 2322 liberalitatem_in_pauperes
2457 2266 2477 2322 ς
2505 2258 2640 2322 rogat
2671 2258 2731 2321 ἰιι
2754 2265 2805 2322 se
2842 2249 3023 2322 docere.
3038 2247 3227 2322 desinat
3239 2289 3260 2322 ,_
3277 2251 3363 2302 sed
3385 2263 3468 2314 po-

331 2317 426 2368 tius
445 2316 614 2382 cogitet
631 2317 694 2368 de
702 2317 896 2382 judicio
921 2311 1026 2379 Dei,
1049 2317 1129 2368 ubi
1149 2311 1234 2369 n'ec
1251 2317 1378 2368 servi
1400 2323 1538 2369 testes
1551 2311 1762 2369 aderunt
1776 2354 1790 2379 ,
1813 2331 1898 2369 nec
1917 2315 2140 2368 eunuchi.
2173 2311 2361 2366 Horum
2384 2313 2498 2364 vitia
2533 2311 2706 2364 nativis
2729 2312 2966 2363 coloribus
2990 2311 3341 2363 describuntur.

598 2426 922 2496 Σιμπλικιίςι
951 2426 1219 2496 αἱρετικῇ
1267 2427 1398 2498 (89).

294 2535 562 2600 Ἀὁούλως
601 2538 651 2589 οί
691 2537 967 2609 ἄνθρωποι
1011 2539 1106 2591 καὶ
1147 2537 1364 2608 μισοῦσι
1393 2538 1519 2601 τοὺς
1554 2538 1790 2610 κρείττο-

209 2645 328 2692 νας,
372 2629 468 2681 καὶ
513 2629 727 2697 φιλοῦσι
765 2633 892 2694 τοὺς
935 2631 1202 2702 χείρονας.
1257 2631 1348 2684 Διὸ
1391 2631 1455 2701 δὴ
1497 2632 1591 2685 καὶ
1626 2632 1789 2696 αὐτὸς

2287 2425 2369 2479 Ad
2400 2425 2729 2493 Simplicium
2756 2423 3078 2477 ha’reticam.

1963 2538 2190 2594 Temere
2219 2539 2469 2594 homines
2495 2547 2549 2592 et
2587 2538 2713 2592 odio
2747 2542 3155 2608 prosequuntur
3187 2536 3464 2602 meliores,

1890 2637 1946 2684 et
2002 2630 2238 2698 diligunt
2283 2628 2518 2698 pejores.
2568 2627 2901 2698 Quapropter
2948 2633 3004 2681 et
3045 2626 3164 2696 ipse
3208 2627 3468 2682 contineo

209 2717 428 2789 κατέχω
447 2717 546 2790 τὴν
575 2718 819 2786 γλῶτταν
852 2721 986 2790 (90),
1021 2723 1198 2790 σιωπῇ
1241 2719 1350 2774 τῶν
1397 2721 1545 2791 ἐμῶν
1579 2720 1784 2793 ὕϐρεων

1897 2720 2155 2786 linguam,
2197 2719 2652 2773 contumeliarum
2694 2731 2937 2770 mearum
2980 2714 3337 2785 opprobrium
3389 2712 3468 2767 si-

209 2809 420 2877 πνίγων
439 2809 530 2863 τὸν
570 2809 788 2864 ὅνειδον.
836 2811 978 2879 Ἐγὼ
1018 2812 1074 2864 δὲ
1105 2809 1251 2882 μενῶ
1288 2812 1379 2865 τὸν
1405 2812 1610 2867 ἄνωθεν
1639 2813 1784 2866 δικα-

1897 2811 2062 2866 lentio
2121 2824 2394 2880 premens.
2461 2808 2572 2878 Ego
2635 2815 2816 2862 autem
2871 2820 3168 2876 supernum
3221 2804 3464 2874 judicent

211 2902 364 2972 στὴν,
403 2900 462 2964 ὃς
505 2897 614 2954 οίδε
641 2904 822 2956 πᾶσαν
847 2903 1044 2956 κακίαν
1065 2905 1122 2956 έν
1144 2903 1290 2956 τέλει
1320 2904 1640 2974 ἀμύνεσθαι.
1667 2905 1784 2959 Κᾶν

1897 2900 2257 2971 exspectabo,
2319 2900 2415 2970 qui
2468 2900 2620 2955 novit
2671 2899 2936 2954 malitiam
2981 2912 3197 2952 onmem
3252 2897 3307 2951 in
3361 2899 3469 2951 tine

209 2991 318 3061 γὰρ
351 2993 492 3062 ὑπὲρ
518 2991 744 3062 ψάμμον
792 2993 960 3064 ἐκχέῃ
995 2992 1106 3064 (91)
1133 3009 1218 3056 τις
1251 2994 1528 3064 χρήματα,
1561 2995 1784 3064 βλάπτει

1897 2990 2101 3046 ulcisci.
2137 2989 2270 3044 Nam
2291 2991 2504 3046 etiamsi
2532 2989 2656 3060 quis
2696 2989 2954 3058 pecunias
2990 3003 3156 3043 arena
3189 2987 3466 3057 copiosius

207 3059 409 3152 ψυχὴν,
447 3059 696 3154 πατήσας
729 3083 791 3136 τὸ
844 3059 1097 3138 δίκαιον(
1122 3059 1376 3156 Ἀεὶ
1415 3059 1604 3139 θυσίαν
1633 3087 1784 3151 Θεὸς,

1897 3084 2211 3154 profundat,
2259 3086 2305 3140 si
2345 3086 2615 3155 justitiam
2661 3084 2974 3150 conculcat,
3031 3084 3267 3137 animam
3310 3097 3465 3137 suam

208 3173 307 3242 οὑχ
331 3172 409 3235 ὡς
433 3172 671 3243 χρῄζων,
702 3169 877 3244 οἶμαι,
923 3175 1095 3248 ζητεῖ,
1140 3176 1273 3230 ἀλλὰ
1299 3176 1488 3230 θυσίαν
1524 3178 1786 3248 πολυτελῆ

208 3265 309 3334 τὴν
369 3265 570 3337 εὑσεὸἦ
625 3267 720 3320 καὶ
749 3267 964 3321 δικαίαν
1007 3266 1233 3340 γνώμην
1272 3269 1576 3340 δεχόμενος.
1623 3271 1788 3325 Ὅταν

209 3355 265 3408 δέ
297 3373 384 3420 τις
408 3358 597 3411 ἑαυτὸν
635 3358 746 3431 (92)
773 3360 1123 3431 παραϐαίνων
1153 3364 1320 3434 πατῇ,
1367 3361 1552 3426 κοινὰς
1581 3361 1789 3431 λογίζε-

207 3462 299 3500 ται
352 3447 451 3511 τὰς
512 3449 698 3520 εὐχάς.
759 3452 972 3523 Σαυτὴν
1022 3449 1116 3506 οὖν
1159 3453 1256 3524 τῆς
1306 3454 1540 3524 ἐσχάτης
1578 3453 1790 3525 ἡμέρας

209 3538 544 3610 ὑπόμνησον,
588 3542 684 3594 καὶ
733 3543 879 3614 ἡμᾶς
914 3541 1048 3615 (9⁸5),
1074 3546 1122 3598 εί
1173 3543 1371 3614 βούλει,
1431 3544 1505 3616 μὴ
1544 3545 1778 3599 δίδασκε.

213 3631 403 3698 Ἰσμεν
429 3646 519 3683 σου
573 3632 811 3698 πλείονα,
866 3636 960 3687 καὶ
1001 3638 1122 3698 ταῖς
1172 3634 1383 3689 ἔνδοθεν
1433 3635 1696 3699 ἀκάνθαις
1718 3637 1781 3690 οὑ

207 3719 464 3774 τοσοῦτον
531 3725 981 3794 συμπνιγόμεθα’
1061 3725 1183 3778 οὔτε
1241 3729 1299 3780 ὲν
1347 3726 1548 3794 ὀλίγοις
1601 3727 1784 3791 καλοῖς

208 3809 610 3867 δεκαπλασίονα
639 3815 837 3868 κακίαν
871 3815 1254 3886 ὲπιμίγνυμεν.
1297 3817 1626 3888 Ἐπήγειρας
1654 3820 1784 3889 ἡμῖν

211 3905 422 3976 σαύρας
457 3922 520 3958 τε
579 3906 675 3960 καὶ
707 3906 960 3978 φρύνους,
998 3907 1192 3978 ἐαρινὰ
1237 3908 1397 3979 δῆθεν
1425 3909 1611 3981 θηρία,
1643 3910 1785 3980 πλὴν

205 3996 358 4066 ὅμως
406 3995 711 4068 ἀκάθαρτα.
758 3996 896 4050 Ἀλλ’
943 3997 1063 4068 ἥξει
1110 3996 1307 4068 πτερὸν
1329 3997 1440 4069 (94)
1467 3997 1692 4063 ἄνωθεν,
1726 3999 1787 4052 τὸ

280 4109 404 4181 (89)
447 4110 831 4182 Argumentum
859 4109 1022 4180 hujus
1053 4112 1315 4182 epistola},
1353 4111 1496 4167 scitu
1526 4127 1782 4166 necessa-

208 4181 356 4252 rium
412 4191 489 4252 et,
521 4181 907 4252 publicailuce
947 4182 1192 4250 dignum,
1240 4183 1385 4252 quod
1439 4183 1493 4235 in
1545 4182 1780 4250 Operum

211 4252 270 4308 S.
303 4251 494 4304 Basilii
523 4249 854 4306 editionibus
876 4249 1049 4318 deest,
1093 4249 1272 4306 exstat
1303 4253 1356 4306 in
1393 4249 1788 4316 codice’Czesa-

210 4337 306 4376 reo
335 4335 487 4374 num.
518 4319 706 4373 LXVII
759 4329 1060 4389 praznotato
1103 4330 1228 4376 ante
1280 4323 1494 4376 initium
1544 4323 1788 4443 gpistolae

210 4391 299 4443 his
327 4391 513 4443 verbis
543 4391 617 4443 (al
649 4409 662 4443 :
704 4391 809 4443 T05
858 4391 1023 4443 αὑτοῦ
1063 4392 1315 4443 ἐπιστολὴ
1362 4393 1499 4443 πρὸς
1599 4393 1786 4443 ιιιπλι-

209 4391 299 4464 his
327 4391 513 4464 verbis
543 4391 617 4464 (ᾳ)
649 4409 684 4464 :_
704 4391 809 4444 T05
858 4391 1023 4464 αὑτοῦ
1063 4392 1316 4464 ἐπιστολὴ
1358 4393 1522 4464 ,πρὸςΔ
1552 4391 1786 4464 Σιμπλι-

211 4462 339 4514 κίαν
371 4459 503 4529 περὶ
536 4458 802 4532 εὐνούχων
831 4461 1020 4529 αὑτῆς.
1053 4458 1316 4532 Αίρετικῆ
1336 4458 1423 4532 ,ἦν
1461 4458 1633 4532 αὕτη(
1667 4463 1788 4532 Ἀρ-

211 4530 682 4602 ῥωστὴσαντοςξδὲ
711 4530 805 4602 τοῖς
834 4531 1102 4602 μακαρίου
1128 4530 1428 4596 Βασιλείου,
1464 4531 1556 4602 καὶ
1589 4530 1790 4602 εἰσιόν-

206 4599 296 4663 τος,
332 4599 414 4683 ἕν’
450 4617 552 4652 τινι
607 4599 1195 4683 λουτρῷλούσασθαι,⁹
1228 4604 1254 4671 ἡ
1296 4602 1445 4683 αὑτη
1493 4601 1789 4683 Σιμπλικία

207 4669 557 4742 προστάττειν
584 4669 854 4742 εὐνούχοις
891 4672 982 4723 καὶ
1006 4669 1279 4741 κορασίοις
1321 4669 1637 4742 meimei
1678 4670 1789 4731 σάο

209 4740 373 4822 ϐαηνίξὶ
402 4740 477 4820 (b)
505 4740 668 4822 αὐτ-οὑ
705 4740 842 4805 ἒξωο
871 4742 965 4822 καὶ
1002 4740 1279 4822 παρευθὺς
1395 4740 1590 4822 δικαία
1608 4742 1788 4822 κρίσις

205 4810 300 4882 τοῦ
333 4810 470 4882 Θεοῦ
496 4810 844 4882 άνεῖλέγτινας
872 4809 1168 4882 ἐξαύτῶν·
1198 4809 1347 4881 καὶὴ
1373 4813 1508 4882 αὑτὴ
1553 4809 1785 4882 mann-

205 4880 302 4952 κία
336 4879 548 4952 ἔπεμψε
587 4881 845 4952 χρήματα
885 4879 964 4950 τῷ
1009 4881 1156 4952 αὑτῴ
1218 4879 1472 4952 μακαρίῳ
1498 4879 1786 4952 ’Βασιλείῳ

206 4949 557 5023 εξιλεουμένη
577 4949 974 5023 χτὸπταῖσμα·
1015 4949 1142 5023 ὀᾉδὲζ
1179 4949 1251 5023 μὴ
1285 4949 1594 5023 δεξάμενος,
1623 4949 1787 5023 ἐγραέ-

204 5019 306 5088 ψεν
333 5019 692 5090 αὑτῇᾼταὺτα.
723 5019 837 5073 lloc
863 5029 948 5074 est
975 5040 986 5073 :
1020 5019 1270 5088 Ejusdem
1297 5019 1519 5090 epistola
1547 5023 1615 5074 ad
1643 5019 1784 5075 Sint-

205 5090 425 5158 plicium
447 5088 518 5160 de
547 5090 798 5160 eunuchis
819 5091 1002 5158 ipsius.
1035 5090 1299 5145 eretica
1326 5088 1440 5146 lth
1472 5092 1607 5160 fuit;
1639 5093 1783 5145 ideo-

205 5177 305 5228 que
326 5176 449 5212 cum
479 5159 538 5213 S.
554 5159 791 5213 Basilius
817 5161 880 5212 ob
897 5161 1170 5214 adversam
1193 5159 1540 5216 valetudinem
1569 5165 1781 5216 lavandi

205 5245 375 5283 causa
409 5230 657 5284 intrasset
691 5229 954 5294 balneum,
995 5231 1262 5286 mandavit
1295 5233 1393 5286 illa
1427 5232 1676 5286 eunuchis
1717 5249 1779 5286 ac

205 5300 400 5372 puellis
435 5300 547 5354 suis
599 5309 656 5372 ut
704 5300 819 5372 eius
859 5302 1062 5372 sabana
1101 5302 1246 5370 foras
1277 5303 1606 5372 projicerent.
1665 5301 1780 5368 Quo

207 5369 375 5442 (acto,
395 5372 578 5423 statim
610 5370 751 5433 iusta
783 5369 878 5425 Dei
910 5369 1139 5442 vindicta
1175 5369 1457 5426 nonnullas
1485 5387 1666 5426 eorum
1691 5375 1781 5442 qui

208 5439 263 5500 id
287 5449 712 5513 perpetraverant
766 5441 1004 5513 sustulit.
1060 5443 1334 5513 Simplicia
1379 5442 1562 5513 igitur,
1604 5453 1660 5496 ut
1691 5439 1783 5510 per

206 5512 564 5579 expiationem
615 5510 784 5564 illata:
813 5511 1028 5579 injuria:
1070 5510 1130 5566 S.
1165 5513 1374 5568 Basilio
1405 5510 1783 5567 reconciliare-

1893 3177 2057 3232 laedit.
2106 3176 2335 3249 Semper
2379 3179 2523 3233 enim
2560 3177 2704 3233 Deus
2751 3176 3106 3240 sacrificium,
3141 3191 3248 3231 non
3286 3175 3463 3245 quasi,

1892 3267 2107 3337 Opinor,
2140 3283 2205 3322 eo
2246 3276 2422 3338 egeat,
2465 3267 2699 3338 quaerit;
2750 3267 2846 3323 sed
2902 3268 3201 3339 pretiosum
3259 3264 3469 3320 sacriﬁ-

1893 3359 2074 3421 cium,
2116 3366 2350 3412 mentem
2403 3357 2548 3428 piam
2591 3372 2655 3412 ac
2691 3357 2894 3426 justam
2948 3358 3204 3415 admittit.
3237 3355 3468 3423 Quando

1894 3457 2074 3504 autem
2116 3449 2389 3520 quispiam
2431 3449 2844 3519 praevaricando
2891 3465 2950 3505 se
3002 3450 3120 3520 ipse
3162 3450 3462 3519 proculcat,

1891 3540 2012 3609 ejus
2044 3556 2235 3610 preces
2281 3555 2381 3611 pro
2421 3540 2652 3610 impuris
2698 3540 2872 3596 ducit.
2907 3539 3093 3610 Itaque
3126 3540 3193 3595 de
3221 3551 3468 3595 extrema

1891 3635 1980 3690 die
2013 3643 2067 3689 te
2107 3635 2224 3705 ipsa
2259 3649 2644 3698 commoneas,
2680 3642 2735 3689 et
2768 3649 2868 3691 nos
2896 3633 2943 3689 si
2973 3633 3266 3696 videbitur,
3303 3631 3470 3701 208

1891 3741 1962 3780 ne
2004 3725 2220 3780 docete.
2265 3724 2526 3780 Novimus
2577 3725 2730 3793 plura
2777 3737 2941 3794 quam
2992 3731 3084 3786 tu,
3136 3729 3193 3776 et
3234 3721 3468 3776 internis

1893 3816 2068 3886 spinis
2111 3832 2222 3872 non
2262 3825 2372 3870 tam
2405 3815 2806 3885 praefocamur,
2857 3829 3036 3884 neque
3081 3812 3271 3883 paucis
3307 3810 3468 3866 bonis

1892 3906 2179 3976 decuplam
2220 3905 2482 3960 malitiam
2531 3905 2918 3960 admiscemus.
2980 3903 3240 3960 Excitasti
3280 3903 3336 3957 in
3367 3917 3469 3956 nos

1891 4000 2197 4054 etlacertas
2221 4007 2276 4054 et
2304 3999 2550 4064 rubetas,
2579 3998 2841 4054 bestiolas
2875 3997 3095 4068 quidem
3123 4011 3340 4060 vernas,
3373 3993 3469 4050 sed

1892 4122 2000 4183 tur,
2017 4115 2290 4182 pecuniam
2321 4112 2528 4183 quidem
2555 4113 2656 4178 ipsi
2683 4113 2867 4181 misit;
2890 4112 2978 4166 sed
2997 4113 3060 4176 is,
3079 4113 3319 4180 pecunia,
3353 4128 3468 4180 quae

1817 4223 1861 4277 Β
1889 4182 1988 4277 sibi
2025 4183 2203 4277 oblata
2233 4182 2451 4277 [uariata
2471 4200 2574 4277 ngn
2602 4191 2840 4277 asceam,
2872 4185 3084 4277 scripsit
3110 4183 3470 4277 leuat-211329;

1892 4254 2042 4308 tione
2073 4251 2309 4322 Operum
2344 4253 2452 4308 divi
2494 4253 2678 4308 Basilii
2733 4252 3088 4307 Benedictina
3140 4253 3268 4304 anni
3330 4251 3469 4306 1750

1895 4333 2274 4391 argumentum
2331 4324 2434 4378 hoc
2491 4334 2739 4377 nostrum
2802 4322 2996 4378 scholii
3069 4323 3259 4376 saltem
3319 4323 3469 4375 vices

1895 4393 2046 4446 obire
2071 4401 2309 4448 poterat.
2358 4409 2457 4448 nec
2490 4394 2734 4448 videmus
2777 4408 2997 4448 causam
3034 4408 3132 4446 cur
3164 4392 3329 4446 fuerit
3376 4408 3469 4446 nc-

1894 4407 2046 4446 ODll'e
2071 4407 2309 4462 poterat,
2358 4409 2457 4449 nec
2490 4407 2734 4448 ridemus
2777 4408 2997 4448 causam
3034 4408 3132 4446 Clll'
3164 4407 3329 4446 ιυενιι
3376 4408 3470 4446 ne-

1934 4464 2146 4517 lectum.

1895 4477 2232 4602 viain)".th
2264 4531 2550 4600 γλῶτταν.
2601 4531 2882 4588 Editiones
2921 4531 3162 4602 secunda
3194 4531 3471 4602 Basileen-

1896 4601 1980 4658 sis
1999 4613 2053 4658 et
2087 4602 2421 4672 Parisiensis
2461 4602 2669 4656 addunt
2699 4619 2822 4672 μου,
2859 4601 3003 4672 quod
3037 4602 3191 4655 deest
3215 4602 3267 4654 in
3296 4601 3466 4672 Coisl.

1898 4683 2146 4742 utroque,
2182 4673 2358 4735 Harl.,
2407 4671 2539 4742 Reg.
2569 4671 2812 4726 secundo
2832 4683 2886 4726 et
2920 4671 3081 4742 Colb.
3109 4679 3161 4723 et
3184 4671 3470 4742 antiquio-

1891 4739 2054 4797 ribus
2073 4743 2429 4798 editionibus.
2474 4739 2589 4796 Non
2626 4751 2805 4798 exstat
2852 4743 2964 4794 haec
3001 4741 3230 4812 epistola
3266 4741 3321 4792 in
3359 4739 3468 4794 Me—

1891 4813 2060 4867 dicazo
2085 4822 2139 4868 et
2171 4812 2338 4882 Regio
2377 4812 2572 4882 primo.

1890 4883 2081 5005 ΕΙῼῌ)
2123 4879 2467 5006 Ἰιίι
2499 4898 2715 4938 summo
2768 4896 3037 4938 consensu
3083 4889 3293 4935 veteres
3319 4879 3467 4934 libri.

1934 4969 1952 5004 (
1976 4963 2032 5005 ιιι
2065 4967 2160 5006 εκγ
2195 4971 2263 5006 ει.

1934 4955 2032 5005 (liti
2065 4955 2263 5006 ἐκγέει.

2423 5023 2564 5093 Reg.
2613 5022 2889 5093 secundus
2934 5030 2986 5093 et
3033 5021 3299 5086 Colbert.,
3333 5027 3388 5075 et
3411 5020 3467 5074 iu

1884 5091 2128 5156 margine
2159 5093 2325 5149 Coisl.
2362 5091 2638 5148 secundus
2665 5091 2798 5161 δόλῳ
2831 5092 3040 5145 ἑαυτόν.

1957 5165 2070 5227 (95)
2111 5163 2221 5217 Kal
2261 5163 2440 5231 ἡμᾶς.
2496 5162 2613 5232 Duo
2651 5159 2870 5232 codices
2912 5163 3060 5232 ἡμᾶς
3101 5160 3177 5227 δέ,
3218 5168 3273 5216 et
3305 5159 3468 5230 paulo

1885 5241 2009 5304 post
2031 5234 2192 5304 ἴσμεν
2220 5236 2348 5304 γάρ.
2385 5233 2503 5304 illex
2526 5231 2688 5304 Harl.
2731 5231 3055 5302 πνιγόμεθα.

1957 5302 2069 5373 (94)
2093 5298 2354 5370 Ἡτερόὧκ
2405 5302 2608 5370 Regius
2641 5298 2938 5373 secundus
2960 5309 3013 5354 et
3064 5298 3234 5373 Coisl.
3265 5313 3465 5355 secun~

1885 5370 1990 5456 dus
2019 5370 2218 5428 habent
2244 5374 2444 5444 πτηνόν
2479 5373 2534 5426 in
2583 5379 2734 5426 textu
2765 5378 2819 5425 et
2875 5370 2942 5425 ad
2982 5370 3284 5442 marginem
3334 5385 3466 5429 πτε-

1923 5460 2000 5495 ον.

1888 5460 2161 5568 ρ⁰ῩἈιεειε
2191 5509 2496 5566 Lxxxvn.
2541 5509 2755 5584 Scripta
2779 5510 2926 5568 circa
2963 5525 3055 5567 an.
3082 5509 3210 5574 572.

373 5669 955 5735 bambecswmmentar.
979 5669 1041 5735 de
1064 5665 1274 5722 bibliotli.
1319 5667 1610 5730 Vindobom,
1633 5673 1747 5718 tom.
1777 5667 1862 5728 Ill,
1889 5669 1967 5719 ed.
2000 5669 2207 5729 Kollar.,
2237 5681 2286 5735 ρ.
2323 5666 2413 5717 556

271 5669 346 5796 (τι)
373 5669 602 5719 Lambec.
635 5673 955 5722 Commentar.
979 5669 1041 5721 de

295 5733 343 5794 ὑ)
373 5732 472 5780 Hoc
508 5740 584 5781 est
607 5734 757 5782 lintea
777 5734 1042 5783 balnearia.
