3868 6218
179 266 282 321 557

1102 268 1596 328 EPISTOLARUM
1628 271 1918 330 CLASSIS
1954 272 2021 329 ll.
2062 271 2286 331 EPIST.
2329 274 2498 332 CXX.

3352 275 3456 334 538

175 384 270 440 τοῦ
308 385 537 455 ἀδελφοῦ
575 384 736 458 ήμῶν
769 386 1055 459 διδαχθείς.
1102 390 1212 444 Καὶ
1261 388 1420 445 τοῦτο
1470 391 1618 462 λέγω
1664 394 1742 448 oin

1867 409 1966 449 cor
1991 395 2142 451 enim
2174 410 2284 450 non
2331 393 2592 465 imputari
2630 393 2731 463 ipsi
2777 406 2808 446 a
2831 390 3114 463 Domino),
3148 389 3243 447 sed
3273 394 3456 462 provie

175 480 385 532 ἐκεῖνον
413 478 752 550 ἀμυνόμενος
776 478 1029 552 (εὔχομαι
1073 481 1183 554 γάρ
1227 483 1379 555 αὐτῷ
1410 482 1485 556 μὴ
1513 483 1768 559 λογισθῆ-

174 588 265 625 ναι
286 570 438 643 παρά
465 571 562 625 τοῦ
593 571 846 644 Κυρίου),
875 572 1013 628 ἀλλά
1059 573 1283 645 βεϐαίαν
1332 594 1424 647 μοι
1468 576 1570 649 τὴν
1615 579 1767 651 παρά

174 663 269 717 σοῦ
299 664 521 738 ἀγάπην
548 669 729 737 μεῖναι
775 668 912 738 ἡμῖν
963 667 1356 740 διοικούμενος,
1390 671 1458 742 ἢν
1491 671 1763 743 φοϐοῦμαι

174 754 250 825 μὴ
273 754 667 811 διασαλεύσωσι
707 759 831 823 ταῖς
871 758 1200 831 ὑπερϐολαῖς
1240 760 1354 815 τῶν
1387 761 1671 828 διαϐολῶν,
1696 762 1764 826 ἃς

172 849 319 913 εἰκὸς
343 850 542 915 αὐτοὺς
571 850 980 906 κατασκευάσαι
1018 853 1099 917 εἰς
1130 852 1426 923 ἀπολογίαν
1466 854 1563 909 τοῦ
1600 855 1762 910 πταί-

173 957 398 1010 σματος.
428 941 604 1014 Ὅπερ
621 943 666 997 δ’
685 942 755 998 ἂν
784 943 863 1016 (8)
890 944 1346 1017 κατηγορήσωσιν
1376 944 1555 1018 ἡμῶν,
1585 947 1763 1001 ἐκεῖνο

171 1030 320 1103 παρά
350 1034 453 1104 τῆς
482 1032 585 1104 σῆς
621 1034 903 1106 ἀγχινοίας
928 1035 1392 1102 ἐξεταζέσθωσαν,
1415 1039 1465 1092 εί
1504 1039 1762 1094 ἐνεκάλε-

168 1138 268 1176 σαν
298 1125 455 1194 ἡμῖν,
474 1126 525 1178 εί
554 1127 656 1197 τὴν
683 1126 762 1199 (9)
792 1127 1081 1200 διόρθωσιν
1110 1128 1206 1183 τοῦ
1244 1130 1662 1203 ἁμαρτήματος,
1695 1124 1758 1186 οὗ

164 1213 263 1268 νῦν
287 1217 419 1286 ἡμῖν
448 1217 766 1287 ἐπάγουσιν,
810 1219 1189 1292 ἐπεζήτησαν·
1238 1224 1288 1277 εί
1335 1223 1472 1288 ὅλως
1517 1225 1758 1297 φανερὰν

164 1305 377 1360 ἑαυτῶν
402 1308 503 1379 τὴν
528 1310 669 1381 πρὸς
708 1312 859 1382 ἡμᾶς
895 1311 1076 1383 λύπην
1110 1313 1469 1384 κατέστησαν.
1521 1313 1639 1370 Νῦν
1674 1316 1754 1384 δὲ,

164 1398 223 1451 ἐν
251 1399 463 1472 φαιδρῷ
490 1400 570 1472 τῷ
589 1401 872 1475 προσώπῳ
913 1404 1008 1458 καὶ
1039 1406 1443 1478 πεπλασμένοις
1470 1406 1581 1480 (10)
1613 1409 1754 1478 ἀγά-

162 1506 275 1561 πης
300 1492 539 1562 ῥήμασιν
576 1493 854 1566 ἀμύθητόν
880 1513 1003 1549 τινα
1039 1496 1192 1551 δόλου
1222 1498 1317 1552 καὶ
1344 1499 1570 1570 πικρίας
1593 1498 1755 1571 βυθὸν

160 1584 228 1653 τῇ
267 1582 415 1654 ψυχῇ
451 1584 947 1654 συγκαλύπτοντες,
985 1587 1074 1642 διά
1104 1589 1216 1658 ,τῆς
1252 1589 1610 1662 ἀνελευθέρου
1639 1607 1755 1660 φυ-

159 1673 266 1744 γῆς
309 1675 425 1746 (il)
472 1677 846 1748 ἐφανέρωσαν.
894 1679 1011 1750 Ἐφ’
1040 1672 1086 1748 ᾧ
1137 1679 1252 1752 (12)
1299 1681 1424 1735 ὅσον
1472 1681 1573 1752 μὲν
1622 1681 1754 1752 ἡμῖν

1868 485 2006 542 dens
2029 494 2089 541 ut
2114 486 2336 543 stabilis
2359 485 2494 541 mihi
2523 499 2555 538 a
2579 492 2635 541 te
2663 484 2888 542 dilectio
2924 489 3263 554 permaneat,
3287 497 3454 553 quam

1875 593 2072 634 vereor
2100 594 2171 635 ne
2206 578 2608 634 calumniarum
2633 575 3011 650 magnitudine
3038 585 3451 642 commoveant,

1866 684 2006 741 quas
2034 671 2160 727 illos
2191 672 2260 726 ad
2285 671 2475 741 lapsus
2503 669 2881 727 defensionem
2898 667 3162 724 credibile
3179 677 3266 723 est
3290 666 3454 723 ador-

1864 775 2022 818 nare.
2056 760 2438 833 Quodcunque
2482 769 2665 818 autem
2709 760 2873 817 nobis
2921 759 3131 816 crimen
3178 758 3449 825 inferant,

1864 850 2167 923 interroget
2195 866 2292 909 eos
2341 850 2635 923 prudentia
2671 859 2789 917 tua,
2823 865 2896 906 an
2942 865 3048 907 nos
3096 850 3453 908 insimulave-

1862 943 2008 1008 rint,
2052 944 2212 1013 211
2249 957 2318 998 an
2350 943 2583 1015 peccati,
2618 942 2779 1014 cujus
2822 956 2974 998 nunc
3022 956 3127 997 nos
3159 941 3448 1007 incusant,

1862 1035 2301 1093 emendationem
2326 1036 2760 1107 postulaverint;
2793 1050 2863 1090 an
2892 1033 3119 1090 omnino
3142 1033 3227 1089 sui
3255 1040 3451 1089 contra

1859 1142 1965 1184 nos
1992 1127 2203 1183 doloris
2232 1127 2664 1198 significationes
2687 1124 2962 1181 dederint.
2986 1122 3143 1178 Nunc
3174 1138 3306 1179 vero
3327 1137 3451 1179 sese

1859 1220 2016 1274 vultu
2065 1218 2228 1274 hilari
2277 1233 2344 1274 ac
2402 1218 2679 1276 simulatis
2737 1216 3052 1273 dilectionis
3098 1214 3447 1288 sermonibus

1860 1313 2188 1367 immensam
2216 1309 2513 1382 quamdam
2541 1310 2653 1366 doli
2692 1318 2749 1366 et
2777 1308 3099 1365 acerbitatis
3129 1307 3447 1379 voraginem

1856 1402 2042 1456 animo
2062 1403 2394 1466 occultasse,
2413 1401 2665 1457 illiberali
2688 1400 2816 1471 fuga
2839 1398 3219 1455 ostenderunt.
3243 1399 3306 1452 In
3331 1413 3445 1469 quo

1856 1490 2078 1560 quidem
2112 1499 2380 1561 quantum
2427 1491 2590 1547 nobis
2622 1490 2878 1547 mteruris
2912 1489 3234 1553 attulerint,
3268 1503 3445 1559 quan—

1855 1589 1971 1635 tum
2003 1582 2152 1638 risus
2181 1583 2456 1639 moverint
2504 1584 2574 1641 iis
2605 1583 2701 1654 qui
2751 1596 2969 1653 semper
2997 1581 3142 1653 piam
3187 1581 3353 1636 vitam
3383 1580 3441 1636 in

1856 1672 2059 1729 misera
2094 1674 2199 1729 hac
2250 1674 2387 1731 urbe
2418 1684 2799 1739 exsecrantur,
2837 1682 2893 1730 et
2932 1674 3103 1730 veluti
3149 1679 3323 1730 artem
3369 1672 3441 1728 ad

157 1764 489 1836 ἐποιήσαντο
520 1767 738 1833 πένθος.
768 1769 893 1824 ὅσον
921 1770 981 1825 δὲ
1007 1770 1099 1824 τὸν
1121 1770 1335 1840 γέλωτα
1382 1775 1494 1838 τοῖς
1533 1774 1622 1828 ἀεὶ
1658 1775 1742 1828 τὸν

1855 1764 2014 1821 fidem
2049 1764 2357 1822 faciendam
2378 1808 2393 1834 ,
2427 1774 2483 1822 et
2515 1766 2923 1822 simulationem
2954 1764 3021 1821 ad
3049 1764 3437 1836 decipiendum
3516 1847 3519 1851 γ

157 1856 363 1928 εὐλαϐῆ
391 1857 505 1930 βίον
530 1860 589 1913 ἐν
617 1863 686 1933 τῇ
713 1859 875 1933 ἀθλία
900 1862 1075 1936 ταύτῃ
1095 1863 1250 1918 πόλει
1279 1864 1744 1937 βδελυσσομένοις,

156 1949 250 2003 καὶ
294 1950 493 2023 τέχνην
538 1953 675 2024 πρὸς
707 1943 1181 2027 τδπιστευθῆναι,
1230 1956 1328 2009 καὶ
1367 1957 1748 2028 σχηματισμὸν

155 2043 235 2106 εἰς
268 2042 486 2115 ἀπάτην
516 2044 580 2098 τὸ
616 2043 843 2116 πλάσμα
883 2046 985 2117 τῆς
1025 2046 1380 2120 σωφροσύνης
1405 2044 1522 2121 ’(15)
1561 2048 1746 2102 διαϐει

153 2132 500 2205 ϐαιουμένοις
536 2132 977 2208 ἐπιτηδεύεσθαι,
1021 2138 1261 2204 πάντως,
1312 2137 1417 2192 κᾶν
1464 2139 1626 2210 ἡμεῖς
1669 2138 1746 2211 μὴ

150 2223 562 2296 διηγησώμεθα,
606 2224 886 2297 γνώριμον
917 2229 986 2299 τῇ
1036 2226 1249 2281 συνέσει
1292 2244 1417 2282 σου·
1459 2229 1536 2292 ὡς
1578 2229 1746 2300 μηδὲν

150 2316 494 2386 ἐπιτήδευμα
534 2316 708 2382 οὕτως
745 2317 989 2372 ὕποπτον
1031 2314 1173 2372 εἶναι
1219 2319 1358 2392 πρὸς
1396 2320 1591 2376 κακίαν
1637 2321 1747 2376 λοι-

150 2407 250 2460 πδν
277 2411 395 2472 τοῖς
422 2409 678 2476 ἐνταῦθα,
714 2411 792 2476 ὡς
818 2411 882 2464 τὸ
927 2411 1254 2484 ἐπάγγελμα
1298 2413 1395 2466 τοῦ
1442 2412 1742 2486 ἀσκητικοῦ

151 2499 288 2570 βίου.
322 2502 394 2554 Ἀ
417 2500 537 2566 πῶς
563 2502 672 2575 χρὴ
696 2502 809 2575 (14)
840 2503 1265 2575 θεραπευθῆναι,
1291 2507 1392 2577 τῆς
1418 2506 1519 2576 σῆς
1558 2507 1625 2561 ἂν
1657 2507 1742 2579 εἴη

151 2591 421 2657 συνέσεως
458 2594 916 2667 φροντίσαι”(15).
961 2595 1044 2649 Τὰ
1070 2594 1182 2668 γάρ
1230 2596 1385 2665 παρά
1432 2598 1742 2669 Σωφρονίω

150 2685 576 2757 συρραπτόμενα
630 2686 744 2757 (16)
801 2688 1124 2761 ἐγκλήματα
1178 2690 1310 2760 ἡμῖν
1371 2690 1470 2743 ούκ
1523 2689 1744 2759 ἀγαθῶν

149 2776 267 2830 ἐστι
290 2778 576 2850 προοίμια,
599 2779 715 2834 ἀλλ’
753 2781 898 2853 ἀρχὴ
943 2781 1262 2855 διαιρέσεως
1305 2783 1401 2837 καὶ
1432 2782 1739 2856 χωρισμοῦ,

150 2869 245 2922 καὶ
266 2869 474 2943 σπουδὴ
494 2871 590 2924 τοῦ
619 2871 715 2926 καὶ
745 2871 843 2945 τὴν
874 2875 932 2926 ἐν
960 2875 1092 2944 ἡμῖν
1119 2874 1341 2946 ἀγάπην
1369 2874 1738 2946 ἀποψυγῆναι.

154 2962 252 3016 Ὃν
290 2962 518 3033 ὑπὸτῆς
544 2962 647 3034 σῆς
683 2965 1085 3037 εὐσπλαγχνίας
1108 2966 1534 3038 παρακαλοῦμεν
1569 2984 1742 3022 κατα-

151 3053 409 3126 σχεθῆναι
434 3056 542 3109 ἀπὸ
565 3056 668 3128 τῆς
702 3057 972 3131 βλαϐερᾶς
994 3059 1198 3129 ταύτης
1233 3061 1431 3133 ὁρμῆς,
1479 3061 1576 3115 καὶ
1622 3078 1743 3114 πει-

1848 1861 2150 1931 excogitari
2181 1870 2554 1918 commentum
2584 1862 2807 1934 pietatis
2831 1860 3137 1927 allirmant,
3168 1860 3439 1933 profecto,

1846 1953 2063 2013 etiamsi
2110 1968 2214 2009 nos
2248 1968 2595 2025 nequaquam
2642 1954 3053 2009 narraverimus
3074 1992 3090 2019 ,
3127 1961 3320 2008 notum
3350 1959 3440 2009 est

1847 2045 2153 2115 prudentia:
2185 2053 2295 2102 tuae
2322 2062 2388 2102 ac
2418 2056 2766 2117 perspectum
2797 2064 2811 2101 :
2842 2045 2978 2101 adeo
3001 2051 3063 2100 ut
3084 2044 3297 2100 nullum
3319 2044 3437 2116 jam

1846 2142 1977 2189 vita:
2034 2136 2350 2191 institutum
2411 2146 2521 2191 tam
2569 2143 2884 2208 suspectum
2944 2136 3020 2193 sit
3063 2135 3133 2191 ad
3171 2135 3438 2206 improbi-

1847 2234 2013 2281 tatem
2058 2228 2146 2283 his
2179 2228 2425 2294 civibus,
2465 2243 2631 2299 quam
2672 2229 2801 2284 vitae
2841 2227 3091 2283 ascetica:
3138 2226 3435 2297 professio.

1846 2319 1979 2387 Quae
2000 2320 2222 2390 quidem
2273 2320 2552 2391 quomodo
2578 2319 2822 2376 curanda
2854 2319 3000 2385 sint,
3034 2326 3143 2374 tuas
3171 2318 3277 2374 erit
3306 2333 3438 2390 pru»

1844 2412 2043 2468 demite
2090 2413 2357 2484 cogitare.
2408 2411 2547 2479 Quae
2578 2412 2725 2468 enim
2775 2411 3057 2468 contexuit
3102 2410 3160 2465 in
3191 2424 3280 2466 me
3324 2409 3436 2465 cri-

1844 2503 1992 2558 mina
2035 2501 2411 2574 Sopbronius,
2456 2503 2727 2559 bonorum
2767 2518 2879 2558 non
2939 2511 3070 2558 sunt
3130 2501 3432 2573 prooemia,

1845 2595 1942 2652 sed
1994 2595 2288 2652 divisionis
2336 2595 2809 2667 separationisque
2859 2594 3052 2663 initia,
3093 2609 3269 2666 eoque
3312 2601 3435 2651 ten-

1843 2687 2016 2753 dunt,
2061 2686 2122 2742 ut
2150 2687 2393 2742 charitas
2426 2688 2616 2755 etiam,
2662 2703 2786 2760 qua:
2818 2687 2875 2742 in
2918 2686 3081 2742 nobis
3117 2694 3237 2752 est,
3269 2683 3435 2742 refri-

1843 2786 2053 2849 gescat.
2089 2776 2261 2844 Quem
2293 2779 2515 2850 quidem
2546 2788 2607 2834 ut
2645 2779 2932 2834 miseratio
2962 2787 3053 2834 tua
3084 2792 3116 2832 a
3139 2776 3305 2834 noxio
3334 2776 3432 2831 illo

1843 2869 2052 2943 impetu
2103 2878 2390 2934 coerceat,
2433 2872 2794 2926 obsecramus
2836 2888 2851 2925 :
2894 2883 2959 2925 ac
2999 2878 3091 2924 tua
3139 2865 3432 2924 dilectione

1842 2963 2062 3020 coneris
2093 2978 2159 3019 ea
2191 2978 2314 3034 quae
2340 2963 2619 3035 disjuncta
2667 2971 2823 3028 sunt,
2871 2961 3049 3033 magis
3100 2961 3428 3033 astringere,

1841 3068 1944 3109 nec
1981 3068 2195 3118 eorum,
2228 3053 2320 3124 qui
2354 3054 2423 3109 ad
2457 3053 2749 3109 dissidium
2782 3060 3114 3124 erumpunt,
3146 3051 3431 3108 intendere

151 3122 382 3219 ραθῆναι
419 3149 485 3219 τῇ
527 3122 660 3220 παρ’
690 3122 887 3204 ἐαυτοῦ
931 3151 1123 3226 ἀγάπῃ
1153 3122 1567 3223 ’κατασφίγγειν
1604 3152 1742 3224 μᾶλ-

1855 3145 2273 3217 separationem.

148 3238 235 3293 λον
258 3239 330 3293 τὰ
368 3240 711 3314 διιστάμενα,
738 3244 833 3298 καὶ
876 3245 952 3317 μὴ
986 3248 1097 3311 τοῖς
1129 3247 1267 3319 πρὸς
1308 3246 1589 3302 διάστασιν
1623 3246 1738 3319 (17)

147 3330 500 3404 ὡρμημένοις
524 3335 913 3395 συνεπιτείνειν
945 3336 1036 3391 τὸν
1062 3340 1369 3411 χωρισμόν.

677 3450 1035 3507 ΕΠΙΣΤΟΛΗ
1073 3455 1204 3509 ΡΚ’.

2341 3450 2683 3509 EPISTOLA
2718 3452 2907 3509 CXX‘.

146 3559 358 3631 Sonitus
376 3560 440 3611 ab
456 3563 901 3631 Eusebioﬂasilius
920 3565 1230 3631 scribendum
1250 3582 1355 3621 esse
1373 3568 1439 3619 ad
1465 3567 1823 3631 Occidentales,
1851 3583 1937 3620 nec
1956 3566 2223 3631 reperiens_
2241 3566 2478 3631 quomodo
2501 3563 2697 3631 scribat,
2724 3566 2867 3631 mittit
2898 3565 3296 3631 commentarium
3322 3568 3428 3620 Me-

202 3620 320 3673 letio
341 3636 431 3685 per
448 3623 835 3676 Sanctissimum.
859 3630 896 3679 S

989 3638 1038 3679 at
1061 3630 1264 3695 consilia
1284 3631 1348 3695 de
1373 3645 1425 3682 se
1466 3627 1876 3695 Argiae/timuiita
1900 3627 2030 3681 brevi
2050 3631 2114 3679 ad
2141 3627 2325 3695 eminuit
2345 3636 2572 3695 uentura.
2588 3627 2792 3678 Nuntiat
2825 3629 3060 3681 Faustum
3075 3667 3090 3690 ,
3113 3628 3198 3695 qui
3224 3634 3296 3681 est
3316 3642 3428 3679 cunt

202 3697 356 3749 papa,
378 3690 562 3748 printer
581 3698 788 3739 canones
812 3687 1091 3746 ordinatum
1107 3690 1258 3757 fuisse
1276 3693 1381 3743 loco
1404 3690 1579 3758 Cyrillt'
1602 3705 1623 3744 :
1653 3692 1899 3745 Meletium
1919 3698 2056 3755 rogat
2078 3703 2128 3741 ut
2152 3690 2203 3741 id
2227 3690 2443 3741 omnibus
2466 3687 2661 3741 indicet.

415 3791 705 3856 Μελετίφ,
728 3792 1042 3862 ἐπισκόπιρ
1078 3795 1463 3865 Ἀντιοχείας.

212 3878 369 3951 Γράμ
380 3896 528 3951 ματα
549 3879 819 3954 ἐδεξάμην
851 3882 1005 3954 παρὰ
1039 3882 1135 3937 τοῦ
1166 3882 1582 3953 θεοφιλεστάτου
1607 3887 1731 3939 ἐπι-

144 3970 351 4025 σκόπου
383 3971 671 4036 Εύσεϐίου,
696 3974 1107 4044 προστάσσοντα
1129 3975 1291 4029 πάλιν
1317 3977 1595 4049 γραφῆναι
1623 3980 1734 4041 τοῖς

142 4062 393 4125 Δυτικοῖς
421 4061 550 4134 περί
595 4080 760 4118 τινων
790 4065 1280 4136 ἐκκλησιαπικῶν.
1319 4068 1429 4120 Kal.
1470 4067 1737 4138 ἐϐουλήθη

142 4153 272 4225 παρ’
303 4152 466 4225 ήμῶν
490 4155 806 4227 τυπωθῆναι
853 4154 955 4228 τὴν
995 4158 1289 4230 ἐπιστολὴν
1308 4198 1324 4223 ,
1352 4161 1737 4231 ὑπογραφῆναι

139 4245 196 4298 δὲ
229 4243 388 4315 παρά
414 4245 632 4300 πάντων
656 4246 764 4300 τῶν
800 4249 1150 4303 κοινωνικῶν.
1195 4250 1349 4304 Ἐπεὶ⁴
1392 4246 1486 4304 οῦν
1518 4251 1616 4321 οὐχ
1642 4241 1734 4303 εῦ-

145 4355 235 4408 ρον
277 4338 432 4402 ὅπως
472 4338 764 4393 ἐπιστείλω
804 4340 934 4413 περὶ
974 4333 1051 4396 ὧν
1098 4341 1351 4410 ἐπέταξε,
1396 4344 1735 4417 παρέπεμψα

2186 3793 2422 3858 Meletio,
2454 3794 2695 3862 episcopo
2726 3792 3040 3849 Antiochiet.

1911 3885 2149 3941 Litteras
2195 3887 2381 3956 accepi
2420 3900 2451 3939 a
2491 3885 2913 3956 religiosissima
2946 3886 3208 3958 episcopo
3252 3889 3426 3947 Euse-

1840 3979 1951 4043 bio,
1982 3994 2104 4049 quae
2132 3979 2474 4049 praecip'unt,
2510 3987 2568 4032 ut
2606 3992 2804 4034 rursus
2837 3977 3115 4033 scribatur
3151 3979 3221 4035 ad
3254 3981 3421 4038 Occi--

1838 4071 2085 4126 dentales
2138 4070 2206 4125 de
2270 4070 2447 4125 rebus
2484 4070 2812 4140 quibusdam
2879 4071 3295 4129 ecclesiasticis.
3355 4071 3424 4129 Et

1840 4163 2013 4217 voluit
2057 4178 2087 4216 a
2143 4162 2303 4218 nobis
2358 4160 2646 4217 informari
2702 4162 3028 4233 epistolam,
3078 4180 3309 4237 eamque
3355 4168 3425 4223 ab

1836 4255 2094 4310 omnibus
2155 4254 2721 4309 communicatoribus
2789 4255 3085 4312 subscribi.
3151 4255 3422 4324 Quoniam

1836 4347 2002 4416 igitur
2032 4361 2140 4400 non
2182 4346 2363 4400 inveni
2421 4344 2701 4415 quomodo
2736 4345 3040 4403 scriberem
3079 4346 3149 4404 de
3181 4348 3269 4404 bis
3304 4365 3428 4421 quas

211 4451 299 4534 (8)_
334 4453 520 4534 ’ρπερ
552 4452 606 4534 δ’
648 4453 1116 4534 tia-.mbjedicteus,
1168 4456 1375 4531 Regius
1416 4461 1629 4531 primus
1676 4468 1731 4517 et
1764 4464 1808 4518 D
1836 4460 2141 4516 testabilior
2172 4460 2459 4534 videbatur
2483 4438 3423 4534 nonnullorumaliorum_impietas

146 4518 708 4599 Bigot._alter_o§1=_ep
742 4524 787 4579 δ’
821 4524 909 4581 ἄν.

212 4593 291 4671 (9)
329 4594 396 4647 Et
443 4593 716 4671 τήν.)ιέ
768 4597 1331 4671 tres_vettistissimi___
1355 4599 1615 4664 codices,
1674 4608 1732 4658 et

140 4664 312 4740 paulo
342 4671 467 4740 post
500 4667 551 4740 εἰ
584 4665 739 4740 ὅλως.
772 4666 925 4740 Edit_i
953 4668 986 4739 ἢ
1016 4669 1187 4740 τὴν...
1220 4667 1255 4740 ἢ
1291 4669 1449 4733 ὅλως.

170 4802 184 4813 ⁸
211 4732 330 4814 (10)
367 4735 845 4814 Πεπλᾳσμένοις.
882 4732 1021 4795 Tres
1050 4732 1273 4795 codices
1309 4732 1421 4795 non
1458 4741 1730 4813 antiquis-

143 4805 268 4885 simi
281 4820 418 4885 ξεττ
423 4822 497 4876 μη
507 4805 708 4885 μένοις.

213 4873 333 4952 (11)
367 4873 592 4944 We.
624 4875 703 4952 l_ta
753 4875 901 4952 iter).
953 4888 1008 4952 et
1042 4877 1192 4952 Harl.
1245 4895 1347 4950 pro
1382 4896 1449 4937 eo
1486 4881 1632 4952 quod
1677 4883 1733 4936 in

141 4942 319 5000 editis
341 4942 471 5000 erat
490 4942 722 5012 σίῳπῆς,
744 4947 998 5004 illiberali
1018 4942 1249 5005 silentio.

214 5013 347 5085 (l2),
386 5016 513 5085 Ἐφ’
542 5009 611 5083 ᾧ.
632 5009 744 5085 llic
772 5019 928 5075 locus
958 5020 1041 5075 sic
1062 5022 1263 5085 legitur
1290 5022 1345 5076 in
1381 5021 1549 5076 Coisl.
1583 5029 1728 5078 utro-

214 5037 334 5083 ιιι)
391 5037 509 5085 ιφ
542 5037 611 5083 ῳ.
643 5037 744 5072 me
772 5037 928 5075 locus
958 5037 1041 5075 sic
1062 5037 1111 5076 te
1153 5037 1263 5076 lllll'
1290 5038 1345 5076 ιη
1381 5037 1549 5076 ιλοιει.
1583 5037 1727 5078 utro-

143 5098 273 5173 que,
300 5084 594 5173 Vaticano,
624 5084 822 5173 Bigotz
828 5091 1016 5173 altero.
1029 5099 1086 5146 et
1113 5037 1290 5173 ilegio
1322 5092 1569 5173 secundo
1599 5110 1615 5149 :
1641 5094 1727 5173 ἐφ’

143 5156 187 5225 ᾧ
227 5156 374 5231 ὅσον
398 5156 510 5231 -μὲν
559 5156 930 5230 προξενοῦμεν
967 5160 1058 5214 τὸν
1081 5156 1295 5231 γέλωτα
1332 5165 1465 5228 τοῖς,
1505 5171 1612 5218 etc.
1663 5156 1730 5218 In

144 5244 245 5350 ἕω
280 5225 495 5298 quidem
535 5225 789 5299 quantum
831 5225 986 5285 'risus
1019 5225 1578 5299 cummoveamus’his,
1618 5243 1726 5289 etc.

191 5312 319 5350 emo
358 5300 542 5350 autem
595 5299 873 5350 existimet
899 5299 1202 5350 Caesaream
1234 5305 1440 5350 idcirco
1470 5304 1726 5350 miseram

191 5312 319 5354 emo
358 5300 542 5353 autem
595 5299 873 5360 existimet
899 5299 1202 5357 Caesaream
1234 5305 1440 5359 idcirco
1470 5304 1727 5360 miseram

149 5368 354 5435 vocari,
386 5368 534 5440 quod
553 5369 901 5440 impietasAac
935 5371 1067 5427 vitia
1098 5373 1153 5427 in
1183 5373 1288 5428 bac
1316 5374 1453 5430 urbe
1479 5373 1730 5429 domina-

150 5444 363 5493 rentur.
404 5437 656 5494 Laudat'
690 5440 747 5494 in
793 5437 1224 5499 Caesariensibus
1280 5442 1400 5499 ﬁdei
1455 5442 1723 5499 fervorem

149 5506 1154 5598 (ἓψῇυεέἕειὲξιιξεξιιιεκοτριςβει
1176 5513 1265 5579 ων
1289 5530 1344 5598 ρ·
1373 5513 1464 5577 θίν
1494 5522 1548 5598 «ξι
1576 5515 1720 5597 βοεε

152 5580 390 5655 nec_ulla
427 5579 536 5655 alia
561 5580 770 5655 civitas
797 5581 902 5637 sub
936 5579 1156 5639 Juliano
1198 5579 1409 5655 majora
1444 5585 1724 5655 religionis

154 5648 329 5704 studia
353 5649 681 5726 declaravit.
704 5649 955 5726 Miseram
987 5667 1120 5726 ergo
1156 5648 1402 5726 arbitror
1433 5648 1574 5718 dici:
1595 5657 1749 5725 quia.

154 5734 257 5788 quo
287 5720 466 5792 major
504 5729 623 5777 erat
668 5723 725 5777 in
747 5722 1025 5796 plerisque
1054 5720 1272 5788 civibus
1300 5725 1500 5801 pictas,
1524 5740 1588 5782 co
1613 5720 1720 5784 'dc-

1831 4539 1885 4585 et
1917 4546 2129 4584 morum
2161 4531 2495 4593 dissolutior
2526 4531 2824 4597 maximum
2851 4531 3098 4588 dolorem
3131 4531 3337 4590 Basilio
3358 4551 3422 4591 ac

1832 4601 2089 4655 omnibus
2123 4601 2284 4656 bonis
2316 4601 2563 4656 inurens.

1913 4671 2046 4746 (15)_
2067 4673 2475 4739 Σωφροσύνης
2530 4670 2715 4746 lIarl.,_
2736 4670 2904 4746 Coisl.
2934 4680 3164 4746 uterque
3198 4682 3253 4730 et
3281 4673 3419 4746 Reg.

1842 4742 2121 4812 secundus
2153 4741 2672 4812 ταπεινοφροσύνης,
2694 4742 3036 4797 humilitatis.

1908 4810 2020 4880 (14)
2057 4812 2114 4863 ’Ἀ
2140 4813 2265 4876 πῶς
2299 4809 2436 4879 χρή.
2489 4809 2948 4880 βίρξῐίιιιδιιιξιυΙΜ
2992 4813 3183 4877 codex,
3223 4812 3422 4871 melius

1837 4876 2010 4950 quam"
2042 4876 2549 4981 editi.”(lr:m5noﬁv
2758 4883 3014 4981 Quinque
3060 4876 3175 4938 alii
3200 4881 3421 4941 codices

1837 4966 1948 5005 non
1966 4950 2355 5023 antiquissimi
2377 4951 2567 5023 Ὤπως
2592 4950 2653 5004 ’δὲ
2683 4950 2814 5023 χρή.

1903 5021 2018 5092 (15)
2057 5019 2399 5096 φροντίσαι.
2431 5019 2553 5096 _Vat.
2588 5019 2829 5096 φροντίς.
2867 5021 3005 5080 Tres
3052 5023 3145 5078 alii
3198 5023 3420 5083 codices

1830 5107 1940 5147 non
1971 5092 2338 5160 antiquissimi
2372 5093 2468 5144 zeal.
2493 5092 2790 5162 φροντίδος.

1903 5162 2016 5233 (16)
2054 5159 2546 5233 Σὺρῤαπτόμεναζ
2584 5159 2673 5233 Ita
2710 5172 2823 5219 tres
2870 5163 3231 5219 vetustissimi
3262 5164 3419 5221 codi-

1830 5230 1947 5289 ces.
1970 5231 2591 5304 Editiaweppappéva.
2630 5230 2802 5304 llunc_
2820 5240 3003 5304 autem
3035 5233 3409 5303 Sophronium

1831 5319 1955 5360 esse
1986 5301 2288 5365 credimus,
2316 5301 2487 5372 quem
2553 5316 2721 5371 supra
2769 5301 3006 5359 Basilius
3039 5301 3210 5358 filium
3251 5312 3418 5361 vocat

1830 5375 1973 5442 epist
2048 5373 2182 5437 l05,
2232 5372 2435 5443 cuique
2489 5372 2777 5442 epistolam
2831 5372 2982 5428 dedit
3023 5374 3092 5430 ad
3129 5375 3274 5433 filias
3314 5373 3416 5433 Te-

1832 5444 2016 5499 rentii.

1905 5514 2019 5586 (17)
2059 5511 2220 5586 Πρὸς
2242 5511 2585 5586 διάστασιν.
2617 5510 2696 5586 lta
2733 5510 2909 5586 Harl,
2949 5513 3121 5572 Coisl.
3154 5522 3411 5586 uterque,

1833 5582 2278 5710 lsecundus
2301 5592 2355 5640 et
2385 5583 2560 5654 Bigot.
2593 5584 2749 5639 alter.
2776 5582 2917 5640 Editi
2948 5586 3083 5657 πρὸς
3102 5586 3162 5642 τὸ
3190 5582 3412 5642 sum.

1835 5672 2061 5710 GlaLSW.

1902 5730 1920 5749 '
1953 5726 2101 5782 Alias
2125 5722 2306 5781 LVIII.
2341 5724 2557 5797 Scripta
2583 5739 2725 5782 anno
2757 5725 2884 5781 575.
