3868 6218
133 285 226 343 541
1089 283 1587 341 ENSTOLARUM
1624 283 1915 342 CLASSIS
1949 282 2015 338 ll.
2056 281 2282 339 EPlST.
2320 279 2530 338 CXXII.

3308 264 3419 348 sic;

137 402 325 475 ῥαδίως
351 403 483 471 ἡμῖν
512 401 804 472 ὑπάρχειν.
842 399 1006 455 Ὅθεν
1036 402 1286 472 ὀλιγάκις
1321 399 1439 458 οἴδα
1468 406 1561 458 καὶ
1601 406 1724 460 ὲπιο

1834 417 1956 459 raro
2005 416 2095 458 me
2127 402 2246 458 scio
2277 408 2334 457 et
2366 399 2437 454 ad
2477 407 2630 455 tuam
2689 399 2947 470 pietatem
3001 399 3292 470 scripsisse
3314 439 3330 465 ,
3359 402 3417 456 et

135 492 346 555 στείλας
367 495 434 564 τῇ
468 491 724 564 εὐλαϐείᾳ
758 509 854 545 σου
880 533 896 557 ,
922 493 1015 546 καὶ
1049 492 1344 564 δεξάμενος
1388 496 1715 567 γράμματα.

147 584 277 636 Ἀλλ’
310 583 496 655 ἐπειδὴ
520 586 549 637 ό
577 583 960 648 ποθεινότατος
1001 585 1231 656 ἀδελφὸς
1264 588 1421 659 ἡμῶν
1450 591 1720 659 Σαγκτίσ-

135 694 287 747 σιμος
329 675 445 745 ('50)
506 677 536 729 ὁ
601 676 1090 748 συμπρεσσύτερος
1145 679 1245 748 τὴν
1309 681 1503 752 μέχρις
1564 681 1720 752 ὑμῶν

132 768 436 838 ὁδοιπορίαν
464 766 698 839 ὑπέστη,
726 767 792 820 δι’
816 768 983 822 αὑτοῦ
1008 770 1102 823 καὶ
1127 771 1583 844 προσφθέγγομαί
1606 772 1718 845 (51)

133 876 224 913 σου
262 860 362 930 τὴν
395 859 769 931 κοσμιότητα,
819 859 914 912 καὶ
962 860 1270 932 παρακαλῶ
1316 862 1718 934 προσεύχεσθαι

134 950 270 1021 ὑπὲρ
306 948 477 1021 ἐμοῦ,
523 951 619 1005 καὶ
647 951 857 1024 χρῆσαι
912 950 1012 1024 τὴν
1048 953 1220 1025 ἀκοὴν
1264 953 1343 1026 τῷ
1385 956 1722 1028 προειρημέ-

132 1060 206 1114 νῳ
235 1043 383 1112 (52),
428 1042 571 1097 ὥστε
611 1044 743 1117 παρ’
787 1042 954 1098 αὐτοῦ
991 1045 1310 1118 διδαχθῆναι
1339 1046 1410 1100 τὰ
1445 1046 1555 1100 τῶν
1593 1049 1719 1102 Ἑκ-

132 1134 368 1204 κλησιῶν
416 1136 475 1187 ὲν
504 1137 636 1199 οἵοις
676 1136 788 1207 (53)
814 1137 963 1203 ἐστὶ,
995 1138 1090 1191 καὶ
1136 1139 1237 1210 τὴν
1275 1139 1508 1211 δυνατὴν
1557 1157 1723 1194 σπου-

131 1222 225 1293 δὴν
260 1225 679 1293 εἰσενέγκασθαι
726 1227 807 1289 εἰς
842 1225 914 1279 τὰ
949 1226 1309 1299 προκείμενα.
1350 1228 1593 1281 Γίνωσκε
1640 1228 1721 1293 δὲ,

133 1316 214 1369 ὅτι
243 1317 488 1381 Φαῦστος
525 1319 833 1389 γράμματα
864 1318 1003 1391 ἔχων
1040 1313 1143 1391 ἧκε
1192 1321 1329 1391 πρὸς
1377 1323 1529 1392 ἡμᾶς
1571 1319 1723 1391 παρὰ

133 1410 287 1463 πάπα
327 1410 437 1481 (54)
471 1450 488 1475 ,
546 1411 805 1479 ἀξιοῦντα
863 1414 1027 1466 αὐτὸν
1086 1414 1344 1483 γενέσθαι
1400 1415 1719 1471 ἐπίσκοπον.

146 1500 359 1574 Ἐπειδὴ
400 1502 456 1556 δὲ
490 1505 776 1576 ᾑτήσαμεν
807 1507 969 1576 ἡμεῖς
992 1506 1103 1578 (55)
1149 1507 1455 1579 μαρτυρίαν
1493 1508 1592 1578 τῆς
1623 1507 1724 1577 σῆς

134 1593 418 1658 εὐλαϐείας
446 1595 543 1649 καὶ
569 1595 678 1649 τῶν
702 1596 905 1649 λοιπῶν
934 1597 1271 1661 ἐπισκόπων,
1301 1599 1723 1669 καταφρονήσας

1829 496 2044 550 litteras
2086 496 2395 565 accepisse.
2443 492 2553 547 Sed
2610 492 2740 562 quia
2769 490 3275 547 desideratissimus
3305 490 3421 546 {rae

1825 596 1910 643 ter
1937 596 2131 642 noster
2172 584 2571 640 Sanctissimus
2592 581 3007 653 compreshyter
3025 580 3089 636 ad
3123 596 3222 636 vos
3242 592 3420 652 usque

1826 685 1931 740 iter
1966 683 2249 752 suscepit,
2294 697 2393 753 per
2440 681 2622 751 ipsum
2655 688 2711 735 et
2768 679 3092 749 dignitatem
3135 686 3287 732 tuam
3327 678 3418 733 sa-i

1827 776 1944 830 luto
1969 816 1983 839 ,
2018 784 2073 829 et
2100 775 2350 829 obtestor
2377 781 2437 827 ut
2466 787 2564 844 pro
2596 787 2684 828 me
2712 772 2957 842 preceris
2976 811 2991 834 ,
3025 780 3080 827 et
3114 779 3418 826 memorato

1825 867 1980 921 fratri
2007 882 2197 922 aurem
2230 867 2641 932 accommodes,
2674 875 2734 920 ut
2755 881 2865 936 quo
2901 865 3010 921 sint
3056 865 3177 919 loco
3208 880 3298 919 res
3327 878 3421 919 ec-

1827 962 2123 1018 clesiarum
2152 1000 2168 1024 ,
2203 959 2273 1014 ab
2312 960 2433 1029 ipso
2463 956 2714 1013 docearis
2740 998 2755 1021 ,
2785 969 2953 1027 atque
2987 972 3088 1027 pro
3125 956 3269 1011 virili
3300 964 3418 1010 stu-

1828 1053 1982 1110 dium
2014 1069 2079 1109 ac
2113 1066 2339 1124 operam
2387 1051 2443 1105 in
2481 1066 2572 1106 res
2608 1050 2917 1121 propositas
2949 1048 3224 1104 conferas.
3260 1045 3418 1103 Scias

1827 1154 2007 1201 autem
2035 1145 2300 1199 Faustum
2335 1143 2404 1197 ad
2463 1158 2565 1198 nos
2594 1144 2816 1198 venisse
2859 1141 3152 1197 habentem
3203 1154 3234 1193 a
3274 1152 3414 1209 papa

1828 1238 2077 1299 litteras,
2114 1251 2237 1307 qua:
2272 1242 2332 1289 ut
2385 1234 2739 1290 ordinaretur
2790 1233 3087 1304 episcopus
3135 1229 3412 1300 petebant.

1828 1328 1966 1384 Cum
2017 1336 2201 1383 autem
2253 1328 2479 1399 pietatis
2516 1335 2712 1381 tuaeet
2756 1326 3094 1395 reliquorum
3126 1322 3417 1392 episcopon

1839 1438 1960 1477 rum
1994 1437 2346 1492 posceremus
2374 1419 2706 1485 testimonia,
2726 1417 3055 1487 contemptis
3085 1414 3247 1470 nobis
3272 1412 3414 1467 abiit

1840 1510 1908 1564 ad
1952 1511 2270 1565 Anthimum
2302 1550 2316 1571 ,
2347 1516 2401 1563 et
2450 1509 2519 1563 ab
2556 1509 2650 1563 illo
2681 1516 2939 1578 accepta,
2971 1506 3131 1562 nobis
3169 1520 3281 1559 non
3318 1501 3418 1558 ad-

1834 1603 2082 1667 monitis,
2112 1603 2483 1667 ordinatione,
2520 1603 2704 1657 rediit.

135 1689 287 1758 ἡμῶν
314 1689 455 1760 πρὸς
492 1691 752 1764 ’Ᾱνθιμον
792 1690 966 1763 ᾤχετο
992 1733 1008 1758 ,
1043 1692 1136 1746 καὶ
1205 1694 1336 1764 παρ’
1377 1693 1537 1747 αύτοί
1609 1694 1788 1751 λαϐὼν
1824 1699 1920 1771 τὴν
1996 1700 2334 1772 χειροτονίαν
2413 1699 2585 1771 χωρὶς
2661 1698 2938 1770 ἡμετέρας
3013 1695 3417 1767 ὑπομνήσεως»

135 1784 372 1845 ἐπανῆκε

656 1899 1005 1955 ΕΠΙΣΤΟΛΗ
1046 1903 1225 1958 PKB’.

2236 1899 2397 1970 21.3
2438 1895 2772 1952 EPISTOLA
2808 1891 3036 1948 cxxu'.

134 2012 395 2065 Scribitad
417 2013 722 2066 Paemem'um
744 2013 961 2071 Basilius
982 2015 1045 2068 de
1075 2014 1379 2068 ordinatione
1399 2014 1602 2078 Fausti;
1625 2007 1687 2066 ac.
1706 2021 1844 2079 rogat
1866 2020 1914 2064 ut
1934 2012 2189 2065 certiorem
2224 2027 2275 2064 se
2293 2012 2461 2078 faciat,
2488 2018 2655 2063 utrum
2679 2024 2734 2063 ea
2777 2023 2857 2061 res
2888 2006 3057 2059 sanari
3076 2021 3221 2060 necne
3244 2007 3412 2073 possit.

411 2145 704 2213 Ποιμενίῳ
723 2184 738 2210 ,
777 2145 1093 2211 ἐπισκόπφ
1125 2145 1430 2202 Σατὰλων.

198 2283 430 2346 Πάντως
485 2283 834 2355 ὲπεξήτησας
878 2283 990 2356 (56)
1049 2286 1358 2357 γράμματα
1410 2288 1562 2360 παρὰ
1618 2287 1727 2341 τῶν

144 2374 476 2447 Ἀρμενίων,
507 2376 597 2428 ὅτε
650 2376 933 2448 ὲπανῆκαν
986 2377 1074 2431 διὰ
1109 2378 1205 2432 σοῦ
1228 2396 1242 2409 ·
1277 2381 1372 2433 καί⁴
1418 2380 1519 2451 τὴν
1548 2381 1728 2434 αἰτίαν

133 2468 371 2540 ἔμαθες,
407 2469 474 2522 δι’
502 2470 568 2541 ἣν
598 2471 701 2523 οὐκ
744 2469 922 2524 ἔδωκα
945 2472 1131 2536 αὐτοῖς
1160 2473 1260 2545 τὴν
1307 2474 1621 2545 ἐπιστολήν.
1662 2477 1726 2529 Εἰ

135 2561 231 2631 μὲν
252 2556 348 2615 οὖν
387 2557 543 2614 εἷπον
574 2561 889 2632 φιλαλήθως
908 2602 924 2627 ,
971 2562 1179 2628 ἔδωκας
1212 2567 1346 2636 ἡμῖν
1375 2566 1603 2619 αὐτόθεν
1627 2567 1727 2638 τὴν

134 2655 470 2726 συγγνώμην
490 2671 505 2683 ’
537 2656 587 2708 εἰ
636 2654 693 2708 δὲ
738 2656 1129 2729 ἀπεκρύψαντο
1161 2659 1359 2712 ἐκεῖνοι
1390 2699 1406 2722 ,
1454 2661 1593 2733 ὅπερ
1626 2660 1727 2713 οὐκ

133 2743 338 2810 εἰκάζω
370 2744 485 2816 (57)
510 2762 523 2774 '
555 2745 694 2799 ἀλλὰ
746 2748 878 2819 παρ’
917 2749 1076 2820 ἡμῶν
1108 2748 1293 2803 ἄκουε.
1349 2750 1407 2802 Ὁ
1445 2749 1516 2803 τὰ
1548 2751 1726 2804 πάντα

131 2841 382 2906 γενναῖος
420 2838 683 2910 ’Δνθιμος
707 2881 722 2906 ,
768 2841 798 2894 ό
824 2839 913 2894 διὰ
958 2841 1172 2913 μακροῦ
1214 2842 1407 2913 χρόνου
1442 2843 1540 2914 τὴν
1589 2843 1727 2914 πρὸς

131 2933 281 3004 ἡμᾶς
312 2931 540 3003 εἰρήνην
570 2931 968 3002 σπεισάμενος,
1003 2932 1194 3003 ἐπειδὴ
1223 2927 1347 3004 εὗρε
1382 2933 1573 3005 καιρὸν
1598 2934 1726 2986 ἐαυ-

130 3025 226 3080 τοῦ
277 3042 343 3078 τε
398 3023 714 3091 κενοδοξίαν
767 3024 1124 3096 ἐκπληρῶσαι
1149 3065 1166 3088 ,
1221 3027 1316 3079 και)⁹
1363 3027 1493 3096 ἡμῖν
1547 3023 1725 3093 λύπην

131 3118 253 3173 τινὰ
280 3115 618 3189 προξενῆσαι
637 3158 653 3183 ,
682 3117 1060 3189 ἐχειροτόνησε
1085 3118 1178 3171 τὸν
1209 3116 1453 3170 Φαῦστον
1490 3117 1595 3188 ἰδίᾳ
1622 3117 1724 3169 αύ-

134 3210 319 3282 θεντίᾳ
349 3209 448 3264 καὶ
488 3209 598 3281 ἰδίᾳ
627 3210 809 3281 χειρὶ,
844 3209 1063 3273 οὐδενὸς
1092 3208 1247 3280 ὑμῶν
1291 3209 1593 3279 ἀναμείνας
1622 3207 1726 3279 ψῆ-

134 3318 233 3370 φον
253 3343 269 3366 ,
297 3301 396 3354 καὶ
418 3299 574 3371 ἡμῶν
609 3300 991 3369 καταγελάσας
1019 3299 1567 3372 ἀκριϐολογουμένων
1598 3298 1726 3371 περὶ

133 3392 200 3446 τὰ
224 3390 477 3446 τοιαῦτα.
514 3391 668 3443 Ἐπεὶ
691 3387 785 3445 οὖν
814 3392 1035 3461 συνέχεε
1065 3392 1162 3460 μὲν
1190 3390 1425 3444 παλαιὰν
1449 3389 1724 3467 εύταξίαν,

135 3485 516 3557 κατεφρόνησε
568 3483 626 3536 δὲ
663 3485 757 3538 καὶ
792 3483 979 3553 ὑμῶν,
1031 3483 1163 3554 παρ’
1198 3479 1274 3536 ὧν
1322 3485 1582 3555 ἀνέμενον
1616 3482 1727 3551 ἐγὼ

136 3577 228 3656 τὴν
285 3576 597 3649 μαρτυρίαν
647 3574 904 3643 δέξασθαι
931 3614 947 3638 ,
982 3575 1206 3644 ἐποίησε
1248 3576 1305 3629 δὲ
1351 3577 1584 3647 πρᾶγμα
1626 3577 1727 3629 οὐκ

136 3665 247 3723 τῖδα
274 3671 325 3722 εί
360 3668 658 3740 εὐάρεστον
708 3666 788 3737 τῷ
826 3665 945 3736 Θεῷ
964 3706 978 3729 ,
1008 3665 1202 3720 τούτου
1243 3665 1434 3720 ’ἑνεκεν
1464 3666 1728 3738 λυπηθεὶς

138 3762 270 3832 πρὸς
299 3760 526 3825 αὐτοὺς,
557 3758 814 3830 οὐδεμίαν
845 3757 1022 3811 ἔδωκα
1051 3757 1342 3828 ἐπιστολὴν
1374 3757 1511 3827 πρὸς
1539 3757 1728 3811 οὐδένα

136 3850 241 3902 τῶν
293 3849 604 3922 Ἀρμενίων
624 3889 639 3914 ,
669 3848 791 3905 οὐδὲ
821 3847 957 3918 πρὸς
984 3846 1083 3919 τὴν
1111 3847 1209 3919 σὴν
1234 3847 1540 3902 εὐλάϐειαν.
1586 3848 1727 3902 Ἀλλ’

137 3944 251 3997 οὐδὲ
290 3945 373 4006 εἰς
409 3940 696 3996 κοινωνίαν
718 3939 988 4010 ἐδεξάμην
1030 3939 1123 3992 τὸν
1165 3939 1441 4003 Φαῦστον,
1478 3939 1727 4011 φανερῶς

133 4033 650 4106 διαμαρτυρόμενος
676 4073 690 4096 ,
722 4033 840 4099 ὅτι,
869 4032 919 4083 εἰ
960 4031 1035 4102 μὴ
1071 4030 1316 4103 ὑμέτερά
1352 4049 1441 4102 μοι
1480 4032 1726 4103 κομίσειε

136 4129 477 4199 γράμματα,
525 4126 703 4179 πάντα
734 4123 828 4177 τὸν
861 4123 1052 4194 χρόνον
1085 4122 1280 4194 ἔσομαι
1313 4125 1405 4177 καὶ
1449 4125 1610 4187 αὐτὸς
1636 4124 1729 4195 ἡλ..

137 4218 500 4291 Μτριωμένος
519 4258 534 4281 ,
570 4219 665 4271 καὶ
693 4218 820 4280 τοὺς
846 4213 1156 4285 ὁμοψύχους
1187 4231 1274 4285 μοι
1303 4215 1412 4286 (58)
1439 4213 1582 4269 οὕτω
1613 4217 1729 4270 δια-

137 4310 285 4385 θήσω
309 4310 450 4382 πρὸς
473 4310 635 4365 αὐτὸν
669 4308 836 4381 ἔχειν.
868 4308 933 4361 Εἰ
964 4307 1063 4378 μὲν
1105 4303 1200 4361 οὖν
1236 4308 1430 4378 ἰάσιμα
1473 4306 1544 4359 τὰ
1571 4307 1727 4376 γενό-

140 4423 301 4473 μενα,
344 4403 648 4458 σπούδασον
674 4401 837 4465 αὐτός
865 4418 924 4454 τε
950 4400 1253 4457 ἐπιστεῖλαι
1295 4402 1593 4473 μαρτυρῶν
1628 4401 1728 4453 αὑ-

134 4497 208 4570 τῷ
230 4541 246 4561 ,
280 4499 333 4551 εί
374 4497 510 4568 ὁρᾷς
536 4494 747 4567 ἀγαθὴν
772 4493 868 4548 τοῦ
905 4494 1099 4567 ἀνδρὸς
1124 4492 1223 4565 τὴν
1259 4493 1404 4564 ζωὴν
1426 4533 1441 4557 ,
1476 4493 1570 4547 καὶ
1599 4494 1727 4558 τοὺς

133 4590 330 4654 ἄλλους
358 4586 806 4659 προτρέψασθαι·
836 4588 886 4640 εί
922 4586 982 4640 δὲ
1011 4585 1209 4640 ἀνίατα
1232 4624 1248 4648 ,
1287 4584 1383 4640 καὶ
1420 4583 1582 4640 τοῦτό
1636 4602 1727 4655 μοι

135 4682 371 4752 φανερὸν
406 4679 635 4750 ποίησον
657 4720 674 4746 ,
726 4676 867 4731 ὥστε
913 4676 1111 4749 μηκέτι
1158 4693 1226 4747 με
1272 4675 1457 4739 αὐτοῖς
1497 4675 1726 4730 καθόλου

136 4772 467 4846 προσέχειν⁸
507 4771 557 4823 εἰ
593 4769 687 4823 καὶ
720 4769 839 4831 ὅτι,
882 4767 959 4831 ὡς
999 4764 1205 4830 ἔδειξαν
1231 4805 1247 4829 ,
1291 4764 1578 4836 ὥρμηνται
1618 4764 1728 4820 λοι-

2143 2143 2444 2211 Ρωηιοηὶο,
2476 2143 2714 2211 episcopo
2748 2139 3081 2196 Satalorum.

1899 2279 2112 2335 Petiisti
2148 2280 2340 2349 procul
2376 2277 2548 2332 dubio
2576 2276 2797 2330 litteras
2847 2273 2916 2328 ab
2971 2271 3256 2336 Armenis,
3287 2286 3415 2326 cum

1827 2390 1925 2446 per
1953 2382 2102 2428 tuam
2129 2373 2410 2427 civitatem
2455 2370 2662 2426 reversi
2715 2376 2880 2432 sunt;
2933 2376 2990 2422 et
3021 2380 3248 2420 causam
3277 2364 3419 2419 didi-

1828 2469 1952 2523 cisti
1979 2507 1995 2532 ,
2033 2481 2134 2520 cur
2165 2465 2302 2536 ipsis
2336 2480 2444 2518 non
2486 2463 2733 2519 dederim
2781 2461 3095 2531 epistolam.
3132 2457 3415 2529 Siquidem

1827 2576 1895 2617 ex
1937 2575 2124 2615 amore
2164 2558 2417 2614 veritatis
2453 2557 2625 2611 locuti
2682 2566 2848 2619 sunt,
2881 2553 3085 2609 dedisti
3132 2552 3294 2607 nobis
3322 2559 3417 2606 tua

1829 2662 2028 2726 sponte
2053 2653 2268 2707 veniam
2300 2671 2313 2707 :
2341 2652 2429 2706 sin
2461 2659 2646 2705 autem
2676 2650 3026 2703 occultarum
3052 2663 3067 2711 ;
3092 2647 3238 2716 quod
3269 2646 3418 2715 equi-

1827 2748 1949 2802 dem
1972 2746 2395 2804 nonexistimo;
2422 2744 2618 2798 saltem
2655 2758 2722 2797 ex
2757 2742 2918 2795 nobis
2953 2740 3104 2795 audi.
3148 2737 3417 2809 Egregius

1827 2838 1918 2892 ille
1944 2839 1999 2890 in
2034 2837 2295 2890 omnibus
2329 2834 2645 2898 Anthimus,
2682 2832 2777 2903 qui
2819 2832 2932 2902 jam
2978 2846 3009 2884 a
3058 2832 3233 2885 multo
3273 2840 3416 2884 lem-

1827 2944 1961 3000 pore
1991 2944 2182 2998 pacem
2231 2928 2523 2980 nobiscum
2561 2927 2881 2995 pepigerat,
2914 2925 3008 2978 ubi
3051 2932 3270 2995 tempus
3318 2937 3419 2994 op-

1826 3028 2133 3091 portunum
2185 3018 2397 3073 invenit
2454 3032 2611 3071 suam
2668 3017 2842 3087 ipsius
2899 3017 3132 3088 gloriam
3197 3016 3417 3071 inanem

1826 3111 2114 3181 explendi,
2167 3117 2222 3164 et
2277 3109 2485 3179 aliquid
2544 3108 2814 3163 molestiae
2864 3108 3028 3162 nobis
3084 3104 3416 3171 exhibendi,

1826 3201 2094 3259 Faustum
2133 3201 2443 3265 ordinavit,
2482 3201 2704 3271 propria
2762 3200 3091 3255 auctoritate
3143 3199 3418 3271 propriis-

1826 3310 1935 3365 que
1994 3293 2255 3348 manibus
2275 3332 2291 3358 ,
2324 3293 2535 3348 nullius
2568 3307 2635 3347 ex
2658 3316 2661 3321 ί
2685 3292 2847 3346 vobis
2876 3297 3200 3362 exspectato
3230 3288 3419 3345 suifra-

1828 3386 1921 3456 gio
1943 3422 1960 3447 ,
1988 3400 2052 3438 ac
2082 3394 2271 3438 nostra
2315 3382 2405 3438 his
2447 3383 2503 3437 in
2536 3384 2703 3437 rebus
2731 3382 2895 3437 irrisa
2935 3381 3244 3452 diligentia.
3277 3381 3417 3447 Quia

1828 3490 1961 3546 ergo
1992 3474 2345 3544 disciplinam
2384 3483 2624 3528 veterem
2664 3473 3043 3543 perturbavit,
3087 3487 3298 3542 vosque
3330 3479 3417 3528 est

1830 3576 2199 3639 aspernatus,
2236 3582 2474 3638 quorum
2515 3581 2617 3636 ego
2674 3565 2997 3636 suﬂragium
3034 3565 3414 3635 praestolabar,

1829 3676 1894 3715 ac
1923 3676 2037 3716 rem
2087 3659 2255 3724 fecit,
2308 3666 2368 3714 ut
2406 3659 2661 3729 equidem
2715 3658 2979 3722 arbitror,
3028 3656 3172 3711 haud
3204 3664 3416 3727 gratam

1828 3752 1975 3819 Deo;
2008 3754 2151 3808 hanc
2199 3753 2271 3808 ob
2302 3768 2530 3809 causam
2590 3751 2647 3806 in
2692 3751 2817 3805 illos
2852 3749 3228 3820 indignatione
3263 3763 3416 3802 eom-

1829 3854 2081 3908 motus"
2107 3846 2177 3898 ad
2228 3845 2503 3899 neminem
2558 3841 2926 3898 Armenorum
2998 3842 3215 3897 litteras
3273 3840 3415 3894 ullas
3496 3912 3499 3915 γ

1830 3937 1990 3999 dedi,
2039 3953 2108 3991 ne
2163 3935 2232 3990 ad
2274 3944 2424 3990 tuam
2473 3934 2694 4006 quidem
2757 3936 3043 4006 pietatem.
3092 3933 3199 3989 Sed
3238 3947 3415 4003 neque

1828 4029 2097 4085 Faustum
2161 4028 2358 4084 admisi
2414 4028 2482 4083 ad
2535 4029 3018 4091 communionem,
3051 4036 3235 4097 aperte
3262 4026 3417 4081 testi-

1832 4124 2004 4177 licans
2026 4162 2042 4188 ,
2073 4120 2184 4176 nisi
2215 4128 2431 4176 vestras
2482 4120 2620 4174 mihi
2665 4119 2883 4174 litteras
2914 4116 3136 4182 ali'erat,
3165 4132 3290 4172 cum
3330 4131 3417 4171 me
3488 4124 3493 4133 ‘

1829 4214 2072 4268 alienum
2105 4214 2177 4268 ab
2206 4228 2274 4269 eo
2303 4213 2453 4268 omni
2510 4221 2759 4283 tempore
2810 4211 3088 4278 futurum,
3126 4218 3241 4265 tum
3273 4224 3447 4263 una---

1829 4306 2009 4362 nimes
2042 4321 2197 4361 meos
2221 4346 2236 4372 ,
2271 4314 2332 4361 ut
2384 4305 2530 4362 idem
2574 4305 2645 4360 de
2688 4305 2785 4360 illo
2823 4304 3094 4371 sentiant,
3138 4302 3413 4358 adduetu-
3444 4340 3447 4345 ν

1826 4412 1972 4452 rum.
2022 4397 2212 4468 Itaque
2264 4397 2313 4453 si
2350 4396 2622 4453 sanabilia
2678 4404 2807 4454 sunt
2862 4412 2987 4468 qua:
3031 4412 3300 4462 evenere,
3343 4395 3416 4452 da

1829 4504 2054 4559 operam
2110 4500 2170 4545 ut
2224 4497 2279 4545 et
2327 4489 2446 4560 ipse
2498 4489 2749 4554 scribas,
2782 4489 3034 4545 tribuens
3074 4490 3125 4545 ei
3172 4489 3414 4544 testimo-

1829 4583 2019 4646 nium,
2057 4583 2103 4638 si
2141 4583 2311 4637 vitam
2344 4583 2497 4639 illius
2546 4583 2879 4639 laudabilem
2932 4582 3088 4637 vides
3113 4621 3129 4646 ,
3181 4589 3237 4636 et
3277 4582 3416 4639 alios

1830 4674 2172 4730 adhorteris.
2223 4672 2319 4729 Sin
2361 4683 2545 4729 autem
2599 4673 2969 4735 insanabilia,
3012 4679 3068 4728 et
3123 4673 3226 4727 hoc
3281 4669 3415 4726 mihi

1830 4767 2046 4831 indica,
2078 4774 2139 4821 ut
2178 4782 2369 4822 eorum
2403 4767 2630 4821 omnino
2671 4766 2876 4820 nullam
2905 4763 3143 4834 amplius
3189 4764 3414 4819 habeam

138 4866 234 4919 πδν
264 4866 405 4936 πρὸς
433 4863 528 4917 τὸν
569 4861 833 4934 Ἀνθιμον
861 4858 1069 4915 ἑαυτῶν
1107 4857 1425 4931 μεταθεῖναι
1462 4857 1562 4930 τὴν
1613 4874 1724 4913 κοι-

1834 4860 2157 4927 rationem;
2210 4876 2571 4931 quanquam,
2617 4859 2700 4915 uti
2752 4859 3248 4924 demonstrarunt,
3295 4856 3414 4928 jam

203 5020 322 5099 (30)
340 5020 816 5099 ζατκξίσσιμος.
875 5015 1176 5099 Sienilar‘l.
1219 5023 1274 5071 et
1308 5012 1446 5099 'Vat.
1482 5012 1724 5099 Quatuor

1841 5015 2139 5099 bulsnaliis.’
2157 5013 2488 5099 ΕρίιῙΙπαρᾲ
2513 5011 2607 5099 τού
2637 5013 2812 5099 ςπᾲπα.

136 5083 224 5145 alii
249 5083 478 5146 codices
505 5083 894 5160 Σαγκτίσιμος.
924 5087 1072 5143 Editi
1110 5085 1515 5158 Σαγκτήσιμος.
1554 5083 1728 5140 Paulo

134 5172 261 5232 post
292 5160 449 5217 Harl.
478 5161 672 5232 μέχρις
702 5160 881 5231 ἡμῶν.

205 5233 322 5302 (3t)
376 5224 896 5302 Πρὸσέρθέττῖὸμαι.
958 5228 1124 5286 Coisl.
1194 5228 1409 5299 primus
1467 5232 1524 5282 et
1581 5224 1726 5283 Med.

135 5301 657 5373 πρωφθεγγόμεθα-

203 5364 323 5443 (32')
365 5364 795 5443 Προὲφημένῳ.
822 5369 1019 5443 Coisl._
1036 5369 1271 5443 primus
1291 5372 1411 5441 είρη
1422 5367 1605 5443 μένῳ.Δ
1624 5364 1727 5443 lbi-

135 5438 260 5495 dein
284 5438 436 5496 Harl.
484 5438 584 5512 pro
601 5438 818 5498 ὥστε...
844 5438 1155 5512 διδαχθῆναι
1186 5438 1531 5496 Ιιεὶιεικαὶ...
1580 5438 1725 5493 διδα-

374 5584 476 5638 ‘Er
500 5583 668 5671 οἵοις.
714 5581 795 5639 lta
823 5581 974 5637 Harl.
1009 5597 1132 5637 cum
1161 5580 1377 5638 duobus
1403 5581 1543 5635 aliis.
1580 5578 1719 5634 Editi

366 5723 533 5796 Παρὰ
558 5724 747 5782 mina.
788 5725 863 5781 ita
887 5730 1004 5782 tres
1033 5722 1388 5781 vetustissimi
1413 5736 1537 5777 cum
1580 5718 1716 5776 duo-

1927 5086 2016 5152 55)
2065 5084 2261 5153 Ἡμεῖς
2285 5080 2439 5140 ἀθεεὶ
2472 5088 2525 5138 in
2554 5084 2726 5137 Coisl.
2753 5083 2931 5152 primo
2952 5089 3007 5137 et
3038 5080 3181 5153 Med.

1927 5088 2016 5152 55)
2065 5088 2261 5153 Ἡμεῖς
2285 5088 2439 5140 deest
2472 5088 2525 5138 in
2554 5088 2726 5137 Coisl.
2753 5088 2931 5152 primo
2952 5089 3007 5137 et
3040 5088 3181 5136 Med.

1903 5088 2018 5228 ίῦθ)
2066 5153 2482 5223 Ἐπεζήτησας.
2505 5155 2585 5209 lta
2605 5168 2741 5210 mss.
2773 5162 3001 5222 septem.
3039 5152 3185 5207 Editi
3214 5149 3413 5226 ὲπιξη.

1879 5229 2026 5290 ἡσας.

1834 5246 2026 5299 τησας.

1879 5323 1885 5331 -
1909 5297 2023 5368 (57)
2062 5296 2240 5368 Ὅπερ
2266 5297 2379 5350 οὐκ
2395 5293 2619 5368 εἰκάζω.
2639 5293 2715 5348 Ita
2733 5292 3051 5368 [larheanus
3069 5291 3264 5368 cades,
3289 5307 3410 5368 me-

1836 5360 1945 5423 lius
1966 5360 2138 5421 multo
2160 5360 2325 5436 quam
2347 5367 2501 5429 editi,
2525 5366 2700 5435 Ὅπερ
2719 5360 2823 5436 οὖν
2840 5363 3062 5436 εἰκάζω,
3093 5364 3231 5436 quod
3263 5365 3410 5436 equi-

1834 5437 1954 5492 dem
1986 5432 2230 5506 conjicib.
2268 5432 2756 5507 Propensiorge'rat‘
2790 5432 3035 5507 Basilius
3072 5432 3139 5488 ad
3166 5432 3409 5507 benigne

1834 5504 2323 5576 interpretandum,
2352 5504 2514 5577 quam
2560 5505 2624 5559 ad
2650 5505 2856 5577 malum
2886 5504 3299 5577 suspicandum.

1904 5573 2018 5650 (58)
2068 5573 2451 5648 ὀμοψύχόυς
2488 5593 2611 5648 μοι.
2636 5574 2808 5632 Coisl.
2854 5575 3063 5647 primus
3099 5573 3408 5649 ὁμοψύχους

1834 5667 1958 5719 μου.

1903 5722 1921 5743 ⁶
1950 5719 2098 5777 Alias
2129 5717 2397 5777 CCCXIII.
2440 5717 2652 5777 Scriota
2691 5733 2833 5774 anno
2861 5716 2984 5775 575.
