3868 6218
379 195 486 254 5ιό

1689 200 1748 260 S.
1788 200 2033 259 BASIIJI
2074 202 2290 260 MAGNI

3542 207 3669 263 544

380 325 443 367 se
492 309 548 364 in
582 323 704 364 eam
756 318 967 382 partem
1016 313 1379 382 excitarunt,
1416 321 1477 371 ut
1515 330 1672 374 suam
1724 316 1972 389 ipsorum

2101 319 2268 375 ωνιαν
2302 360 2318 386 ,
2364 321 2525 394 ἡμῶν
2581 321 2676 376 καὶ
2728 322 2827 393 τῆς
2881 320 3210 393 Ἕκκλησίας
3258 318 3460 395 ταύτης
3497 360 3516 386 ,
3576 322 3669 389 ὡς

379 402 826 458 communionem
873 404 943 459 ad
991 404 1318 463 Anthimum
1374 409 1754 477 transierant,
1804 410 1969 466 nobis

2099 411 2258 468 ὡλων
2285 414 2366 477 εἰς
2394 412 2578 470 φιλίαν
2607 452 2622 478 ,
2655 414 3185 477 καταφρονήσαντες.

378 500 685 565 nostraque
713 494 983 563 Ecclesia,
1018 506 1079 553 ut
1109 499 1377 557 obsoletis
1400 501 1470 557 ad
1496 503 1797 558 amicitiam
1832 518 1967 560 con-

378 585 625 656 temptis.

867 700 1210 759 EPIS'I'OLA
1246 703 1501 762 CXXlll'.
1582 662 1599 683 Χ

389 816 611 869 Priorem
632 815 873 883 signiﬁcat
898 817 1095 871 Urbicio
1116 819 1247 885 quod
1265 821 1331 870 ad
1352 835 1404 873 se
1423 820 1730 874 tentationum
1748 829 1868 875 testu

2589 698 2938 754 ΕΠΙΣΤΟΛΗ
2973 699 3147 755 PKI".

2012 826 2169 872 antem
2187 833 2284 872 non
2322 818 2782 880 ueneritﬂortatur
2806 824 2859 869 ut
2896 816 3053 869 veniat
3080 822 3166 869 aut
3205 815 3537 870 consolaturus
3574 823 3671 870 aut

1965 890 2178 934 acturus.

918 983 1136 1041 Urbicia
1168 990 1448 1044 monacho.

456 1098 594 1156 Eras
616 1100 952 1157 adventurus
980 1102 1049 1159 ad
1075 1117 1178 1158 nos
1215 1105 1291 1174 (et
1338 1104 1395 1158 in
1424 1105 1678 1174 proximo
1717 1112 1838 1160 erat
1870 1103 1969 1158 boa

388 1192 552 1264 num)
586 1200 645 1247 ut
685 1210 788 1251 nos
835 1211 1055 1251 summo
1105 1196 1302 1251 saltem
1354 1197 1528 1268 digito
1576 1196 1969 1252 tentationibus

390 1291 687 1345 aestuantes
720 1286 1094 1359 refrigerares.
1147 1288 1291 1355 Quid
1339 1289 1582 1345 deinde?
1625 1287 1970 1345 Obstiterunt

389 1389 512 1430 'Jea
567 1386 824 1447 peccata,
868 1386 923 1433 et
976 1380 1236 1448 impetum
1290 1386 1710 1450 represserunt,
1762 1386 1821 1433 ut
1852 1379 1971 1435 sine

392 1465 503 1519 ulla
558 1466 769 1523 medela
821 1469 1157 1526 laboremus.
1206 1469 1677 1537 Quemadmodum
1733 1471 1880 1528 enim
1915 1473 1972 1527 in

392 1556 653 1615 ﬂuctibus
679 1559 821 1615 alius
853 1560 1076 1630 quidem
1107 1560 1349 1626 desinit,
1383 1563 1525 1619 alius
1553 1578 1685 1619 vero
1711 1563 1969 1635 insurgit,

2534 984 2825 1056 οὐρϐικίῳ
2853 982 3188 1055 μονάζοντι.

2143 1097 2408 1169 Ἐμελλες
2431 1100 2564 1170 ἡμῖν
2593 1098 2928 1171 παρέσεσθαι
2955 1098 2974 1169 (
2997 1098 3091 1153 καὶ
3117 1098 3180 1152 τὸ
3210 1096 3414 1168 ἀγαθὸν
3452 1098 3630 1168 ἐγγὺς
3646 1141 3667 1170 ,

2074 1189 2228 1261 ἄκρῳ
2273 1188 2404 1258 γοῦν
2437 1190 2686 1262 δακτύλῳ
2728 1189 3035 1260 καταψύξαι
3061 1189 3174 1263 (59)
3216 1190 3363 1261 ἡμᾶς
3388 1231 3404 1257 ,
3450 1191 3509 1244 ἐν
3545 1192 3672 1253 τοῖς

2076 1289 2403 1362 πειρασμοῖς
2465 1282 2852 1354 φλεγομένους.
2915 1278 3050 1336 Εἶτα
3107 1281 3206 1350 tri;
3264 1282 3331 1334 Αἱ
3388 1281 3672 1352 ἁμαρτίαι

2076 1382 2234 1453 ἡμῶν
2289 1376 2598 1449 ἀντέϐησαν
2623 1414 2638 1439 ,
2677 1373 2774 1428 καὶ
2825 1372 3161 1428 διεκώλυσαν
3207 1372 3306 1445 τὴν
3342 1372 3552 1444 ὁρμὴν,
3592 1372 3671 1425 ἶν’

2076 1474 2425 1546 ἀθεράπευτα
2467 1470 2787 1541 κάμνωμεν.
2826 1468 3038 1539 Ὠσπερ
3066 1466 3176 1538 γὰρ
3219 1468 3277 1521 ὲν
3308 1470 3420 1531 τοῖς
3450 1465 3672 1537 κύμασι

2075 1566 2138 1619 τὸ
2181 1564 2279 1635 μὲν
2323 1560 2509 1633 λήγει,
2557 1558 2620 1612 τὸ
2658 1558 2715 1611 δὲ
2764 1557 3080 1621 ἀνίσταται,
3125 1556 3188 1611 τὺ
3240 1554 3299 1610 δὲ
3345 1556 3447 1628 ἤδη
3488 1555 3672 1629 φρίκῃ

393 1652 450 1701 et
492 1648 633 1704 alius
676 1649 907 1706 horrore
956 1651 1221 1723 nigrescit
1256 1671 1270 1708 :
1312 1654 1389 1708 ita
1436 1668 1657 1725 quoque
1702 1655 1973 1710 malorum

2099 1656 2392 1710 ιελαίνεται
2416 1670 2429 1684 ·
2465 1652 2609 1706 οὕτω
2636 1651 2733 1706 καὶ
2773 1649 2882 1704 τῶν
2914 1649 3199 1722 ἡμετέρων
3245 1649 3431 1704 κακῶν
3454 1648 3527 1703 τά
3562 1648 3670 1720 μὲν

393 1747 709 1792 nostrorum
761 1739 870 1793 alia
918 1754 1249 1807 cessavere,
1291 1741 1400 1795 alia
1454 1742 1748 1813 praesentia
1802 1748 1971 1808 sunt,

395 1836 791 1898 exspectantur
820 1829 926 1884 alia
946 1870 961 1897 ,
993 1846 1059 1887 ac
1091 1832 1320 1887 unicum
1363 1832 1634 1887 malorum
1691 1832 1884 1899 nobis,
1916 1840 1975 1888 ut

396 1918 734 1989 plurimum,
790 1922 1132 1986 remedium,
1192 1924 1427 1994 tempori
1476 1925 1718 1989 cedere,
1764 1940 1978 1995 nosque

396 2011 842 2079 persecutoribus
882 2013 1215 2070 subducere.
1269 2014 1341 2069 At
1402 2014 1517 2084 jam
1575 2015 1728 2072 adsis
1779 2017 1974 2079 nobis,

404 2108 502 2154 aut
530 2102 944 2171 consolaturus,
964 2111 1061 2158 aut
1090 2105 1323 2161 daturus
1345 2106 1661 2167 consilium,
1688 2115 1782 2160 aut
1810 2107 1976 2160 etiam

398 2191 774 2257 deducturus,
816 2208 883 2247 ac
918 2203 1072 2249 certe
1101 2194 1226 2264 ipso
1277 2202 1582 2264 conspectu
1628 2194 1875 2250 facturus
1918 2202 1980 2250 ut

402 2283 603 2339 melius
632 2298 722 2339 me
752 2284 1005 2340 habeam.
1040 2284 1104 2338 Et
1123 2286 1270 2355 quod
1298 2287 1598 2340 maximum
1627 2292 1733 2350 est,
1756 2301 1981 2356 precare

398 2375 564 2429 etiam
608 2381 775 2446 atque
814 2376 1014 2441 etiam,
1052 2384 1114 2431 ut
1144 2377 1287 2432 ratio
1328 2386 1521 2433 nostra
1553 2393 1585 2432 a
1633 2377 1798 2450 214.
1836 2378 1981 2433 male

400 2474 456 2522 et
485 2482 517 2521 a
545 2466 714 2523 ﬂuctu
745 2483 855 2524 non
895 2470 1165 2524 obruatur
1194 2488 1207 2524 :
1257 2470 1355 2525 sed
1386 2470 1441 2524 in
1463 2470 1723 2525 omnibus
1764 2479 1979 2541 gratum

401 2555 514 2612 Deo
537 2557 785 2612 animum
827 2574 1137 2625 servemus,
1164 2575 1235 2616 ne
1262 2562 1406 2616 inter
1442 2562 1618 2616 malos
1649 2576 1841 2617 servos
1879 2577 1982 2616 nu-

401 2664 704 2717 meremur.
749 2650 1116 2707 benefacienti
1166 2651 1386 2723 quidem
1438 2655 1644 2725 gratias
1676 2653 1981 2724 rependen-

403 2747 508 2804 tes,
542 2742 840 2813 castiganti
876 2759 1003 2799 vero
1033 2760 1128 2815 per
1175 2745 1406 2801 adversa
1428 2789 1443 2812 ,
1478 2761 1688 2800 morem
1734 2761 1844 2801 non
1891 2740 1987 2818 ge-

404 2839 627 2900 rentes;
657 2834 753 2889 sed
780 2835 965 2904 potius
999 2852 1065 2892 ex
1105 2837 1246 2907 ipsis
1274 2838 1537 2893 aerumnis
1566 2837 1855 2893 utilitatem
1892 2856 1985 2894 ea-

2074 1750 2384 1813 πέπαυται,
2417 1746 2489 1800 τὰ
2526 1744 2585 1803 δὲ
2628 1744 2899 1817 πάρεστι,
2936 1743 3005 1796 τά
3036 1742 3094 1796 δὲ
3133 1734 3537 1814 προσδοκᾶται·
3568 1740 3671 1795 καὶ

2078 1840 2177 1913 μία
2226 1838 2338 1894 τῶν
2384 1837 2572 1893 κακῶν
2603 1839 2737 1909 ἡμῖν
2766 1876 2780 1900 ,
2809 1834 2886 1900 ὼς
2918 1834 3013 1888 ἐπὶ
3064 1834 3122 1889 τὸ
3153 1834 3405 1889 πλεῖστον
3427 1873 3443 1899 ,
3488 1831 3673 1888 ἀπαλ-

2074 1928 2217 2001 λαγὴ
2237 1968 2253 1994 ,
2287 1923 2428 1998 εἶξαι
2482 1925 2560 1998 τῷ
2613 1924 2792 1998 καιρῷ
2819 1926 2913 1981 καὶ
2940 1923 3256 1991 ὑπεξελθεῖν
3284 1926 3398 1988 τοῖς
3438 1922 3672 1978 διώκου-

2079 2039 2183 2077 σιν.
2244 2022 2404 2076 Ἀλλά
2429 2021 2524 2075 καὶ
2571 2020 2780 2092 πάρεσο
2819 2021 2950 2090 ἡμῖν
2977 2018 3090 2088 (40)
3115 2059 3130 2083 ,
3161 2018 3195 2090 ἢ
3231 2015 3672 2090 παραμυθούμε-

2078 2131 2167 2177 νος
2191 2155 2206 2180 ,
2238 2113 2271 2185 ἢ
2307 2114 2402 2168 καὶ
2430 2111 2657 2185 γνώμην
2687 2111 2908 2175 δώσων,
2943 2110 2977 2182 ἢ
3009 2111 3105 2165 κα)¹
3147 2110 3489 2182 προπέμψων
3522 2109 3668 2181 (4!)-

2079 2206 2299 2268 πάντως
2324 2204 2381 2258 δὲ
2412 2202 2561 2274 αὐτῷ
2591 2201 2670 2274 τῷ
2710 2203 2938 2274 ὀφθῆναι
2974 2202 3138 2273 ῥᾴους
3162 2202 3426 2272 ποιήσων.
3462 2198 3577 2252 Καὶ
3605 2198 3674 2253 τὸ

2083 2296 2336 2368 μέγιστον
2359 2334 2373 2359 ,
2401 2292 2562 2365 εὔχου
2587 2332 2602 2357 ,
2652 2293 2746 2347 καὶ
2791 2291 3094 2364 ὑπερεύχου
3114 2330 3130 2356 ,
3184 2292 3258 2364 μὴ
3288 2291 3385 2345 καὶ
3425 2292 3553 2356 τοὺς
3580 2291 3676 2344 λο-

2079 2387 2311 2459 γισμοὺς
2367 2384 2526 2458 ἡμῶν
2599 2383 2961 2455 βαπτισθῆναι
3022 2383 3128 2437 ὑπὸ
3183 2383 3278 2437 τοῦ
3342 2383 3517 2437 κακοῦ
3572 2381 3676 2436 καὶ

2079 2479 2177 2533 τοῦ
2219 2478 2332 2551 (42)
2386 2477 2688 2540 κλύδωνοςο
2730 2475 2844 2529 ἀλλ’
2879 2477 2938 2530 ὲν
2993 2478 3128 2530 πᾶσι
3160 2473 3545 2545 διαφυλάσσειν
3590 2472 3674 2544 τῷ

2081 2572 2202 2645 Θεῷ
2245 2573 2308 2626 τὸ
2340 2572 2659 2644 εὐχάριστον
2682 2611 2697 2637 ,
2736 2572 2824 2632 ἵνα
2860 2570 2934 2644 μὴ
2975 2570 3034 2624 ὲν
3080 2573 3194 2634 τοῖς
3234 2572 3425 2634 κακοῖς
3464 2568 3676 2632 δούλοις

2084 2662 2478 2734 ἀριθμηθῶμεν
2499 2701 2514 2727 ,
2542 2660 2868 2731 ἀγαθύνοντι
2896 2660 2994 2732 μὲν
3019 2658 3342 2732 ὲξομολογού
3351 2675 3526 2731 μενοι,
3551 2675 3677 2713 παι-

2082 2753 2291 2806 δεύοντι
2323 2752 2380 2805 δὲ
2412 2751 2498 2807 διὰ
2524 2752 2632 2805 τῶν
2653 2751 2911 2807 ἐναντίων
2949 2750 3023 2822 μὴ
3057 2749 3475 2823 προστιθέμενοι
3495 2765 3509 2778 '
3535 2748 3677 2803 ἀλλὰ

2085 2847 2182 2899 καὶ
2228 2845 2297 2899 δι’
2346 2844 2527 2899 αὐτῶν
2558 2843 2667 2896 τῶν
2714 2841 2991 2913 δυσχερῶν
3040 2840 3379 2912 ὠφελώμεθα
3402 2881 3416 2906 ,
3470 2841 3678 2913 μᾶλλον

405 2920 642 2989 piamus,
675 2931 787 2977 tum
812 2925 1048 2981 maxime
1069 2926 1120 2982 ei
1154 2926 1445 2983 credentes
1467 2967 1482 2986 .
1512 2944 1637 2982 cum
1666 2943 1732 2983 eo
1758 2928 1982 3002 indige-

2099 2936 2234 3009 ιύτῷ
2265 2936 2644 3001 πιστεύοντες,
2682 2936 2773 2989 ὅτε
2815 2934 2911 2993 καὶ
2955 2934 3156 3005 μᾶλλον
3190 2933 3489 3006 χρῄζομεν.
3522 2998 3535 3014 ⁸

405 3026 530 3067 mus
552 3012 812 3069 maxime.

866 3130 1206 3188 EPISTOLA
1241 3134 1406 3190 CXXI
1419 3137 1523 3191 V“.

2632 3136 2978 3190 ΕΠΙΣΤΟΛΗ
3015 3132 3190 3191 ΡΚΔ’.

409 3238 662 3306 Signiﬁcat
685 3254 826 3291 suum
847 3239 1114 3293 amicorum
1153 3242 1480 3306 desiderium,
1519 3246 1692 3311 quibus
1730 3261 1840 3299 cum
1884 3253 2072 3311 careret
2111 3247 2235 3298 inter
2255 3259 2526 3309 aerumnas,
2566 3244 2711 3297 vitam
2749 3243 2843 3296 sibi
2883 3255 3087 3309 prorsus
3128 3239 3442 3309 injucunda":
3483 3243 3678 3298 trabem

1054 3386 1350 3443 Theodoro.

481 3497 683 3552 Dicunt
730 3499 986 3554 nonnulli
1042 3516 1142 3572 eos
1189 3502 1287 3572 qui
1342 3504 1548 3561 amoris
1599 3506 1793 3562 morbo
1847 3515 1990 3578 capti

413 3599 576 3654 sunt,
605 3607 733 3646 cum
764 3593 1004 3647 violenta
1051 3595 1290 3665 quadam
1334 3599 1663 3655 necessitate
1697 3600 1766 3653 ab
1792 3602 1990 3656 amatis

411 3683 771 3748 divelluntur,
801 3683 849 3739 si
872 3684 930 3739 in
953 3684 1167 3741 dilectzr
1199 3687 1388 3742 formae
1417 3690 1712 3759 imaginem
1738 3690 1994 3746 intuean-

416 3781 529 3838 tur,
561 3775 739 3829 morbi
787 3777 1190 3832 vehementiam
1247 3780 1430 3835 oculis
1476 3780 1809 3850 perfruendo
1835 3797 1987 3836 com.

416 3880 655 3935 poscere.
691 3864 889 3922 Utrum
933 3877 1115 3923 autem
1150 3869 1266 3925 hanc
1301 3888 1433 3926 vera
1473 3873 1617 3939 sint,
1649 3889 1857 3938 necne,
1904 3874 1990 3929 di-

413 3972 541 4014 cere
588 3974 700 4014 non
737 3976 919 4028 queo:
957 3963 1055 4017 sed
1087 3964 1235 4034 quod
1278 3965 1414 4018 mihi
1460 3980 1587 4037 erga
1620 3973 1771 4021 tuam
1806 3967 1993 4037 probi-

414 4057 587 4105 tatem
618 4050 881 4116 ,accidit,
918 4053 989 4108 ab
1040 4054 1126 4110 liis
1154 4069 1263 4110 non
1313 4056 1478 4126 longe
1507 4058 1685 4113 abest.
1721 4056 1991 4124 Quoniam

415 4145 564 4200 enim
591 4144 775 4200 evenit
808 4145 941 4199 mihi
974 4144 1193 4201 affectio
1217 4148 1465 4217 quaedam
1497 4147 1553 4202 in
1594 4163 1808 4203 sacram
1842 4157 1992 4203 tuam

418 4248 485 4289 ac
531 4233 644 4289 doli
673 4242 950 4304 expertem
982 4237 1247 4302 animam,
1276 4245 1338 4292 ut
1372 4237 1446 4291 ita
1475 4238 1679 4302 dicam,
1703 4239 1990 4301 amatoria,

1904 3308 2176 3362 videbatur.

2659 3389 2935 3459 Θεοδώρῳ
2970 3388 3105 3461 (43).

2166 3502 2399 3572 Λέγουσι
2426 3518 2569 3565 τινες
2605 3502 2731 3565 τοὺς
2763 3499 3072 3564 ἑαλωκότας
3104 3497 3184 3570 τῷ
3214 3498 3378 3554 πάθει
3411 3499 3508 3555 τοῦ
3540 3500 3678 3574 ἐρω-

2096 3611 2214 3658 τος,
2244 3595 2369 3647 ὅταν
2396 3594 2538 3647 κατά
2566 3610 2689 3645 τινα
2719 3592 3029 3664 βιαιοτέραν
3058 3592 3303 3664 ἀνάγκην
3336 3593 3444 3646 τῶν
3481 3593 3678 3647 ποθου-

2102 3687 2276 3757 μένων
2310 3685 2630 3753 ἀπάγωνται
2655 3726 2670 3750 ,
2707 3687 2757 3739 ει
2801 3684 2938 3757 πρὸς
2962 3684 3063 3754 τὴν
3089 3684 3273 3738 εἰκόνα
3308 3683 3409 3756 τῆς
3452 3685 3675 3758 ἀγαπη-

2099 3774 2283 3844 θεὶσης
2315 3775 2527 3849 μορφῆς
2566 3773 2932 3845 ἀποδλέψειαν
2955 3815 2970 3841 ,
3007 3774 3070 3827 τὸ
3116 3771 3347 3847 σφοδρὸν
3374 3775 3689 3848 ἀναπαύειν,

2094 3865 2189 3919 τοῦ
2240 3866 2446 3929 πάθους
2492 3864 2580 3919 διά
2628 3868 2727 3936 τῆς
2759 3866 2819 3920 ὲν
2864 3865 3163 3937 ὀφθαλμοῖς
3197 3865 3573 3932 ἀπολαύσεως.
3611 3869 3675 3923 Εἰ

2100 3960 2198 4031 μὲν
2224 3955 2316 4013 οὖν
2360 3958 2538 4030 ἀληθῆ
2578 3958 2752 4013 ταῦτα
2776 3998 2791 4023 ,
2819 3958 2852 4030 ἢ
2889 3958 2964 4031 μὴ
2990 3958 3100 4032 (44)
3128 3998 3143 4023 ,
3182 3958 3360 4028 λέγειν
3406 3962 3509 4015 οὐκ
3534 3960 3673 4032 ἔχωε

2095 4049 2125 4103 ὃ
2175 4051 2233 4104 δέ
2270 4068 2359 4122 μοι
2409 4051 2544 4121 πρὸς
2572 4049 2672 4122 τὴν
2715 4050 2813 4122 σὴν
2851 4051 3198 4123 συμϐέϐηκεν
3234 4052 3579 4123 ἀγαθότητα,
3609 4055 3673 4107 οὐ

2098 4142 2288 4214 πόρρω
2327 4142 2434 4196 τῶν
2471 4143 2777 4213 εἰρημένων
2826 4141 2994 4196 ἐστίν.
3056 4143 3274 4215 Ἐπειδὴ
3321 4144 3432 4216 γὰρ
3485 4145 3675 4215 γέγονέ

2097 4250 2181 4296 τις
2217 4233 2457 4297 διάθεσις
2511 4232 2639 4303 ἐμοὶ
2684 4233 2818 4302 πρὸς
2870 4232 2968 4304 τὴν
3022 4232 3173 4304 ἱερὰν
3219 4236 3312 4287 καὶ
3349 4234 3534 4289 ἄδολόν
3582 4253 3673 4291 σου

418 4325 747 4383 desideratis
774 4334 956 4383 autem
992 4327 1206 4383 fruendi
1242 4329 1403 4398 copia
1431 4344 1542 4384 non
1587 4336 1706 4393 est,
1733 4331 1982 4401 quemad‘

2099 4324 2274 4394 ψυχὴν
2298 4364 2313 4388 ,
2345 4324 2412 4377 ἵν’
2440 4323 2613 4388 οὕτως
2655 4323 2795 4377 εἴπω
2819 4362 2834 4387 ,
2880 4325 3118 4397 ἐρωτικὴ
3137 4367 3152 4392 ,
3181 4325 3244 4378 τὸ
3291 4326 3349 4380 δὲ
3386 4326 3675 4383 ἀπολαύειν

417 4417 644 4474 medim
705 4433 888 4488 neque
950 4420 1067 4474 ullo
1117 4420 1227 4475 alio
1282 4421 1466 4485 bono,
1519 4421 1591 4476 ob
1649 4430 1999 4492 peccatorum

422 4524 674 4567 meorum
723 4510 1219 4582 impedimentum,
1252 4514 1386 4569 mibi
1444 4514 1599 4570 visus
1636 4530 1758 4570 sum
1800 4513 1999 4585 imagi-

420 4616 547 4656 nem
580 4600 847 4658 bonitatis
874 4609 983 4658 tute
1012 4603 1497 4674 expressissimam
1541 4604 1598 4659 in
1643 4604 2000 4675 religiosissi-

423 4706 637 4746 morum
689 4690 923 4747 fratrum
975 4701 1298 4749 nostrorum
1345 4695 1636 4765 praesentia
1684 4697 1887 4751 videre.
1923 4693 2003 4747 Ac

423 4780 557 4841 mihi
590 4781 638 4837 si
665 4783 993 4853 contigisset
1020 4797 1146 4838 cum
1175 4791 1271 4838 tua
1300 4786 1641 4856 ingenuitate
1664 4786 1869 4857 absque
1892 4785 2001 4841 illis

495 4934 533 5008 ﬂ
551 4933 704 5008 Alias
732 4935 1308 5008 cecatttt,_5c;ipia
1349 4954 1494 4993 anno
1517 4938 1641 4993 575.

499 5006 730 5078 f‘_'_Alias
754 5005 1123 5078 (ICCXXVlll.
1154 5005 1370 5078 Scripta
1403 5024 1546 5063 anno
1579 5009 1703 5064 575.

478 5072 612 5151 ,(ξθ)
637 5077 1009 5151 Καταψύξαι.
1042 5076 1119 5151 Ita
1151 5072 1333 5151 ᾔει-Ε,
1375 5079 1540 5145 Med.,
1573 5078 1744 5136 Coisl.
1791 5079 2004 5151 primus

432 5149 484 5196 et
510 5142 751 5217 _Qlarum.
777 5142 918 5217 Editi
952 5147 1298 5217 καταψύξων.

501 5212 614 5290 (ιο)
877 5212 1237 5290 καὶπάρεσο
1268 5218 1431 5290 ἠμζν.
1465 5218 1813 5290 Ιιιιϋιιιιαιιιοι·
1839 5219 2003 5275 iidem

434 5281 852 5362 codicesLEditi
886 5287 1049 5362 'A_D.&
1077 5281 1171 5362 καὶ
1196 5281 1332 5360 ἡμῖν
1354 5286 1457 5362 ἦκε
1482 5281 1663 5362 νμόλὶς.

436 5350 1052 5478 πέξὶῗὲνξῖροπέμψων.
1083 5358 1171 5439 Ita
1194 5350 1330 5419 m'ss.
1354 5350 1635 5433 plerique.
1663 5359 1806 5416 Editi
1844 5377 2008 5433 προσ-

531 5491 846 5578 Κᾳκρῦ
879 5499 981 5578 nat
1011 5498 1146 5578 τςςνὶξΖ
1184 5498 1437 5569 Quinque
1471 5515 1609 5578 mss:
1656 5516 1765 5559 non
1821 5509 2004 5561 tamen

434 5568 789 5620 vetustissimi
814 5568 982 5621 κακοῦ
1015 5568 1301 5639 κλύδωνος,
1335 5568 1368 5624 a
1393 5571 1534 5626 malo
1573 5572 1752 5627 fluctu.

2100 4415 2210 4468 τῶν
2237 4416 2614 4487 ποθουμένων,
2655 4415 2731 4479 ὡς
2769 4415 2891 4470 οὐδὲ
2926 4415 3054 4470 ἄλλο
3084 4434 3138 4470 τι
3178 4416 3288 4471 τῶν
3324 4416 3547 4487 ἀγαθῶν
3570 4459 3584 4483 ,
3619 4420 3676 4472 ἐν

2101 4507 2318 4580 εὐκολία
2371 4508 2502 4579 ἡμῖν
2539 4510 2653 4561 ἐστι
2687 4507 2776 4561 διά
2820 4508 2919 4579 τὴν
2962 4510 3027 4561 ὲκ
3056 4508 3164 4561 τῶν
3212 4509 3499 4579 ἁμαρτιῶν
3528 4511 3676 4563 ὲναν-

2100 4599 2325 4653 τίωσιν·
2361 4600 2586 4671 ἐνόμισα
2633 4601 2818 4654 εἰκόνα
2864 4601 2962 4671 τῆς
3010 4599 3347 4673 ἀγαθότητός
3396 4619 3489 4656 σου
3521 4603 3671 4676 ἐναρς

2101 4690 2370 4761 γεστὰτην
2410 4693 2468 4745 ἐν
2504 4693 2571 4761 τῇ
2616 4692 2725 4745 τῶν
2772 4691 3180 4745 εὐλαϐεστάτων
3227 4691 3383 4763 ἡμῶν
3432 4692 3673 4763 ἀδελφῶν

2103 4783 2377 4854 παρουσίᾳ
2402 4782 2725 4855 ἑωρακέναι.
2754 4782 2866 4837 Καὶ
2894 4784 2943 4836 εἰ
2968 4782 3091 4853 δίχα
3119 4782 3321 4836 τούτων
3346 4783 3544 4856 συνέϐη
3567 4785 3675 4856 (45)

2177 4941 2289 5010 (45)
2322 4937 2618 5009 Θεοδώρῳ.
2672 4938 2847 5001 Editi,
2896 4936 3029 5009 Reg.
3082 4940 3359 5010 secundus
3404 4946 3460 4996 et
3508 4938 3671 4997 Coisl.

2106 5009 2381 5081 secundus
2408 5010 2613 5081 addunt
2646 5009 3158 5081 amasmxﬁ._quod
3174 5009 3358 5081 _deest
3389 5010 3444 5064 in
3471 5011 3673 5081 codici-

2106 5082 2209 5163 bus
2261 5080 2426 5143 Med,
2473 5080 2640 5135 Coisl.
2698 5081 2898 5151 primo,
2946 5079 3104 5145 'Vat.,
3159 5079 3402 5135 Clarum.
3439 5089 3491 5136 et
3544 5079 3671 5153 Reg.

2107 5165 2303 5221 primo.

2177 5220 2307 5292 (44)-
2337 5222 2415 5275 Ἢ
2437 5219 2543 5289 μή.
2578 5219 2655 5273 lta
2684 5219 2855 5276 Coisl.
2874 5220 3087 5292 primus
3119 5234 3244 5276 cum
3271 5219 3396 5277 aliis
3424 5228 3672 5291 quatuor.

2107 5288 2336 5363 Εάῑιὶῇν
2365 5288 2460 5362 μήὶ

2179 5358 2569 5431 (ιὸγΣυνλέϐη.
2587 5358 2743 5414 lianc
2765 5374 2961 5431 yocem
2988 5358 3302 5431 addidimus
3331 5375 3397 5416 ex
3429 5377 3523 5417 sex
3546 5377 3673 5417 mss.

2109 5429 2315 5502 Ibidem
2346 5429 2478 5502 editi
2511 5432 2625 5502 Καὶ
2640 5433 2688 5502 et
2710 5430 2839 5502 γάρ.
2872 5430 3382 5502 Nonnullicodices
3410 5448 3543 5487 mss.
3574 5433 3680 5487 Kal

2109 5499 2219 5571 γὰρ
2251 5503 2319 5553 εἰ.
2366 5500 2555 5557 Melius
2589 5501 2757 5557 Coisl.
2788 5498 3023 5572 'primus
3049 5508 3104 5557 et
3136 5498 3299 5567 Med,
3332 5517 3473 5572 quos
3512 5502 3676 5559 secuti

2110 5585 2324 5629 sumus.
