3868 6218
142 304 255 363 555

1052 306 1550 367 EPISTOLARU!
1585 300 1879 365 CLASSIS
1913 301 1979 363 Il.
2021 297 2241 367 EPIST.
2282 297 2504 364 CXXV.

3308 314 3432 389 διο.

141 419 207 487 τῇ
242 416 311 486 σῇ
349 431 417 486 με
457 416 771 486 περιτυχεῖν
804 416 1125 489 γνησιότητι
1149 458 1165 484 ,
1205 418 1541 490 ἐλογισάμην
1575 418 1642 472 ἂν
1674 418 1733 470 ἐν

1840 417 2128 487 congredi,
2168 418 2322 475 visus
2351 432 2533 475 essem
2577 416 2712 473 mihi
2762 427 2815 474 et
2851 419 2980 476 iIIos
3011 437 3066 477 ιιι
3098 430 3151 478 te
3191 424 3417 495 conspi-

143 504 229 556 σοὶ
258 502 550 568 κάκείνους
583 505 886 575 ἑωρακέναι
907 524 920 535 ·
968 506 1103 562 διότι
1142 508 1242 579 τῆς
1282 510 1537 581 ἀγάπης,
1565 508 1730 578 λέγω,

138 593 398 648 τοσοῦτον
452 596 511 649 ἐν
566 596 787 668 ἑκάστῳ
844 597 1000 669 ὑμῶν
1055 599 1120 653 τὸ
1175 600 1378 673 μέτρον
1430 601 1579 656 ἐστὶν
1601 641 1616 667 ,
1657 601 1734 664 ὡς

141 687 343 758 ἐπίσης
387 686 488 758 τὴν
530 689 662 760 περὶ
704 687 800 743 τοῦ
856 689 1103 755 πλείονος
1147 692 1365 763 ἑκάστῳ
1401 692 1733 763 φιλονεικίαν

139 780 526 852 ἐμφαίνεσθαι.
591 782 715 836 Ἐπὶ
766 781 982 846 τούτοις
1030 783 1415 858 ηὐχαρίστησα
1468 785 1548 857 τῷ
1592 786 1735 857 ἁγίῳ

138 871 293 941 Θεῷ,
324 871 422 924 καὶ
452 869 685 942 εὔχομαι
710 910 727 936 ,
756 870 915 942 εἴπερ
945 870 1029 924 ἐτι
1060 872 1409 927 ὑπολείπεταί
1434 887 1519 937 τις
1542 872 1733 945 χρόνος

140 960 289 1033 ζωῆς
315 1002 331 1027 ,
369 962 626 1031 γενέσθαι
660 980 751 1034 μοι
797 963 886 1018 διὰ
926 963 1023 1018 σοῦ
1077 965 1179 1036 τὴν
1219 964 1367 1037 ζωὴν
1399 966 1581 1037 ἡδεῖαν
1606 1003 1622 1028 ,
1655 965 1733 1030 ὡς

137 1054 199 1108 τό
233 1071 301 1123 γε
332 1053 431 1110 νῦν
470 1054 657 1109 ἀθλιον
691 1056 927 1128 πρᾶγμα
976 1056 1039 1111 τὸ
1065 1055 1165 1128 ζῇν
1213 1058 1308 1112 καὶ
1360 1056 1592 1127 φευκτὸν
1619 1056 1732 1128 (46)

137 1143 281 1203 εἶναι
332 1148 576 1219 ἡγοῦμαι
593 1189 609 1215 ,
648 1148 748 1220 τῆς
783 1148 893 1203 τῶν
938 1148 1209 1218 φιλτάτων
1249 1151 1532 1215 συνουσίας
1561 1168 1737 1221 κεχω-

139 1242 403 1313 ρισμένον
423 1241 560 1313 (47).
595 1242 671 1296 Οὐ
712 1242 826 1313 γάρ
858 1244 977 1296 ἐστι
1001 1281 1017 1305 .
1052 1242 1194 1297 κατά
1226 1243 1328 1314 τὴν
1362 1242 1501 1314 ἐμὴν
1531 1243 1730 1314 κρίσιν,

137 1333 224 1402 ἐφ’
345 1350 433 1397 τις
475 1331 543 1388 ἂν
580 1332 909 1405 εὐθυμήσειε
935 1371 952 1397 ,
991 1333 1102 1388 τῶν
1149 1333 1366 1405 ἀληθῶς
1397 1334 1732 1402 ἀγαπώντων

135 1424 546 1497 διεζευγμένος.

669 1538 1019 1593 ΕΠΙΣΤΟΔΗ
1055 1540 1234 1594 ΡΚΕ⁹.

1834 525 1995 576 cere;
2039 510 2476 581 proptereaquod
2538 509 2856 583 dilectionis
2915 512 3112 569 modus
3162 515 3217 569 in
3276 532 3418 570 uno-

1833 617 2053 673 quoque
2085 611 2332 658 vestrum
2364 610 2553 659 tantus
2584 609 2702 667 est,
2734 611 2795 658 ut
2836 619 2993 674 aeque
3033 606 3272 676 quisque
3322 624 3419 664 su-
3510 638 3515 642 ο

1833 692 2066 764 perandi
2107 693 2353 750 studium
2384 708 2496 765 pra:
2542 709 2605 750 se
2635 693 2798 749 ferat.
2827 692 3047 751 Gratias
3076 696 3145 752 de
3191 698 3262 753 iis
3306 697 3419 756 Deo

1834 792 2028 841 sancto
2063 784 2185 856 egi;
2243 799 2551 855 precorque
2603 791 2702 851 ut,
2754 784 2802 840 si
2841 785 2990 856 quod
3040 785 3219 843 adhuc
3275 796 3419 843 tem-

1841 890 1944 945 pus
1992 874 2059 931 ad
2108 875 2406 931 vivendum
2461 876 2739 946 supersit,
2789 873 2885 930 fiat
2915 874 3049 930 mihi
3101 886 3285 948 perte
3310 881 3423 936 vita

1834 969 2125 1040 jucunda:
2159 970 2623 1041 quemadmodum
2675 988 2826 1029 nunc
2876 972 3101 1045 quidem
3159 976 3420 1033 miseram

1839 1075 1956 1117 rem
1988 1076 2111 1117 esse
2139 1061 2305 1116 vitam
2331 1075 2396 1116 ac
2415 1060 2729 1133 fugiendam
2762 1064 3043 1132 existimo,
3085 1080 3117 1121 a
3157 1066 3423 1124 charissi-

1839 1169 2055 1209 morum
2097 1154 2497 1210 consuetudine
2547 1164 2883 1225 separatam.
2940 1157 3060 1214 Non
3100 1166 3187 1216 est
3237 1161 3421 1227 enim,

1841 1261 1959 1301 mea
1985 1246 2260 1302 sententia
2277 1287 2293 1311 ,
2324 1247 2378 1301 in
2401 1262 2512 1318 quo
2546 1247 2674 1317 quis
2697 1247 2844 1305 bono
2866 1249 3052 1304 animo
3076 1265 3203 1308 esse
3223 1252 3420 1322 possit,

1838 1339 1888 1393 si
1915 1338 1986 1393 ab
2023 1338 2115 1402 iis,
2153 1338 2248 1408 qui
2278 1353 2405 1395 vere
2432 1338 2706 1411 diligunt,
2740 1340 3113 1413 disjungatur.

2338 1540 2674 1598 EPISTOLA
2710 1541 2948 1598 CXXV‘.

136 1650 461 1727 acuentibus
481 1653 548 1727 ad
568 1650 920 1727 ueritatem‘aut
940 1651 1176 1727 suspectis
1200 1655 1245 1704 Ν
1253 1653 1404 1727 iegatio
1428 1651 1961 1727 ﬁdes-prwscribenda.
2000 1652 2262 1727 semiudum
2298 1667 2471 1727 sanant
2496 1653 2951 1727 interpretationem.
3001 1656 3128 1724 Nam
3161 1651 3423 1727 Marcellus

200 1715 626 1783 consubsaantiali,
646 1720 691 1783 et
709 1713 911 1782 quidam
932 1728 964 1762 a
986 1713 1202 1783 Sabellio
1225 1714 1321 1783 orti
1346 1713 1725 1783 higpocibusex
1749 1717 1844 1764 alia
1873 1719 2092 1783 essentia
2119 1718 2206 1783 vel.
2222 1718 2473 1783 hypostasi
2497 1713 2636 1783 abusi
2670 1713 3050 1783 sunt,_qu_amuis
3072 1716 3286 1782 synodus
3303 1730 3422 1783 quon

200 1777 335 1848 idem
354 1789 476 1848 esse.
499 1776 668 1848 doceat
704 1775 959 1848 essentiam
981 1782 1027 1826 et
1051 1775 1364 1848 hypostasing.
1392 1776 1541 1827 Fides
1588 1775 1795 1848 Ariciam
1833 1777 2032 1848 totidem
2065 1775 2261 1848 uerbis.’
2276 1775 2517 1848 refertur;
2539 1778 2625 1848 _se_d
2648 1775 2765 1848 quia
2790 1775 2853 1829 de
2869 1776 3061 1848 Spiritu
3082 1775 3246 1848 simam
3266 1777 3420 1848 obiter

197 1845 386 1901 toruum
409 1836 476 1887 ibi
497 1843 654 1886 actum
678 1844 765 1894 est,
791 1835 914 1886 illud
952 1835 1371 1901 nunc—necessario
1395 1838 1835 1901 ynwscribendum.
1860 1844 1929 1901 Aut
1960 1835 2436 1896 annthematizeritur,

2528 1837 2550 1908 ὲἰ
2572 1837 2813 1908 Spiritum
2835 1837 3110 1890 creaturam
3150 1837 3315 1908 dicunt
3338 1843 3424 1889 aut

196 1898 428 1963 semiruti,
450 1904 532 1947 aut
556 1906 731 1963 uiuum
748 1906 965 1963 amictum
997 1912 1101 1949 esse
1127 1913 1221 1949 non
1243 1898 1539 1963 conﬁtemur.
1568 1899 1929 1963 Gloriﬁcandus
1952 1906 2023 1963 est
2045 1913 2157 1949 cum
2197 1902 2347 1951 Patre
2369 1907 2417 1963 et
2437 1898 2677 1963 Filiojet
2706 1901 2767 1949 ab
2798 1913 2966 1963 eorum
2987 1900 3315 1963 canunwgione
3341 1914 3424 1951 re-

194 1958 595 2030 cgdendgsm,_qui
613 1958 755 2028 illum
778 1958 1254 2030 dicuntpreamrmn.
1288 1958 1503 2030 Additur
1532 1958 1767 2030 adversus
1804 1960 2169 2030 calumniantes.
2188 1974 2284 2030 yet;
2307 1960 2711 2030 genitumjltum,
2735 1975 2821 2013 nec
2846 1960 3109 2029 ingenitum
3148 1960 3265 2012 dici.
3290 1965 3423 2014 Ana-

197 2021 572 2074 thematizautur
592 2021 677 2084 qui
698 2034 810 2072 eum
831 2021 1311 2073 administrator-ium
1333 2021 1499 2073 dicunt
1519 2029 1603 2073 aut
1632 2021 1765 2073 Filio
1785 2028 2089 2088 pra’ponunt,
2115 2031 2159 2073 et
2181 2021 2366 2072 Filium
2389 2022 2549 2073 Patri.

149 2130 537 2199 Ἆντίπραφον
565 2128 833 2199 ῌζστεως
877 2130 1394 2199 ὑπαγρρευθείσης
1434 2130 1593 2199 παρὰ
1630 2131 1737 2185 τοῦ

1843 2128 2133 2198 Exemplar
2161 2130 2286 2199 ﬁdei
2339 2147 2372 2183 a
2425 2130 2769 2186 sanctissimo
2811 2130 3019 2185 Basilio
3055 2132 3200 2186 dicta
3217 2149 3303 2194 at.
3335 2135 3422 2190 cui

207 2196 550 2272 ἀγιέιιτάτρυΔ
568 2196 1025 2272 (48)Βασι.βείου,
1043 2196 1082 2272 ᾖ
1111 2200 1465 2270 ῠπέγφαψεν
1488 2196 1725 2256 Edoni-

208 2268 338 2334 ϐίος
368 2271 402 2322 ό
435 2268 797 2334 Σεϐαστείας
828 2268 1189 2337 ἐπίσκοπος.

210 2382 263 2435 1.
306 2380 448 2445 Τοὺς
485 2381 519 2452 ἢ
550 2376 968 2451 προληφθέντας
1003 2381 1168 2453 ἑτέρᾳ
1198 2382 1431 2447 πίστεως
1467 2382 1729 2456 ὁμολογίᾳ

138 2476 235 2529 καὶ
282 2470 670 2544 μετατίθεσθαι
719 2471 858 2541 πρὸς
896 2472 995 2544 τὴν
1040 2472 1152 2527 τῶν
1203 2473 1378 2544 ὀρθῶν
1432 2474 1729 2544 συνάφειαν

140 2562 524 2634 βουλομένους.
556 2560 590 2632 ἢ
618 2558 714 2615 καὶ
736 2559 832 2614 νῦν
870 2560 1089 2631 πρῶτον
1122 2563 1180 2615 ἐν
1207 2564 1273 2632 τῇ
1302 2563 1609 2633 κατηχήσει
1633 2562 1729 2616 τοῦ

137 2656 300 2724 λόγου
329 2653 432 2724 τῆς
456 2652 709 2724 ἀληθείας
734 2652 1137 2725 ἐπιθυμοῦντας
1172 2654 1450 2722 γενέσθαι,
1479 2654 1729 2708 διδάσκε-

140 2745 262 2798 σθαι
291 2744 402 2815 χρὴ
423 2742 519 2814 τὴν
542 2742 648 2795 ὑπὸ
668 2741 779 2794 τῶν
808 2743 1097 2814 μακαρίων
1122 2744 1382 2815 Πατέρων
1403 2746 1461 2798 ἐν
1485 2747 1552 2816 τῇ
1589 2744 1732 2799 κατά

137 2836 377 2889 Νίκαιάν
447 2851 581 2887 ποτε
646 2832 1080 2907 συγκροτηθείσῃ
1157 2834 1361 2905 συνόδῳ
1425 2839 1731 2906 γραφεῖσαν

138 2929 360 2983 Πίστιν.
397 2925 473 2979 Τδ
511 2925 567 2979 δέ
596 2926 728 2980 αὐτὸ
758 2924 917 2979 τοῦτο
945 2927 1216 2997 χρήσιμον
1245 2926 1310 2979 ἂν
1349 2925 1434 2998 εἴη
1472 2927 1566 2980 καὶ
1594 2926 1730 2998 πρὸς

136 3023 264 3085 τοὺς
312 3019 751 3091 ύπονοουμένους
803 3018 1059 3083 ἐναντίως
1114 3018 1259 3089 ἔχειν
1291 3022 1357 3090 τῇ
1412 3019 1731 3093 ὑγιαινούσῃ

138 3113 504 3185 διδασκαλίᾳ,
549 3112 645 3165 καὶ
708 3107 1101 3174 συσκιάζοντας
1157 3110 1369 3164 ἑαυτῶν
1419 3111 1730 3181 ἀποφυγαίς

136 3202 523 3277 εὐπροσώποις
551 3202 613 3255 τὸ
647 3200 747 3273 τῆς
793 3198 1113 3267 κακοδοξίας
1147 3201 1421 3272 φρόνημα.
1468 3201 1581 3255 Καὶ
1620 3202 1730 3274 γὰρ

139 3301 235 3354 καὶ
265 3297 482 3358 τούτοις
518 3295 801 3366 αὐτάρκης
832 3295 866 3364 ἡ
899 3292 1194 3364 ἐγκειμένη
1244 3292 1455 3358 Πίστις.
1496 3295 1568 3347 Ἦ
1621 3295 1731 3367 γὰρ

139 3386 528 3462 διορθώσαιντο
575 3384 784 3440 ἐαυτῶν
817 3385 918 3457 τὴν
961 3386 1021 3439 ἐν
1062 3384 1142 3455 τῷ
1188 3383 1416 3456 κρυπτῷ
1473 3385 1664 3439 νόσονο
1693 3383 1729 3457 ἦ

1984 2202 2298 2269 subscripsit
2331 2200 2648 2255 Eustathius
2693 2201 2954 2257 Sebastiw
2980 2203 3280 2272 episcopus.

1907 2375 1960 2430 1.
2008 2374 2113 2442 Qui
2167 2384 2262 2430 aut
2305 2376 2411 2431 alia
2472 2376 2596 2432 ﬁdei
2649 2375 3003 2433 confessione
3055 2360 3424 2449 praeoccupati

1836 2472 2003 2531 sunt,
2040 2473 2095 2520 et
2136 2466 2204 2521 ad
2232 2466 2668 2521 orthodoxorum
2727 2467 2996 2523 unitatem
3026 2469 3271 2523 transire
3319 2484 3425 2523 vo-

1838 2557 2126 2622 lunt,aut
2182 2560 2351 2614 etiam
2413 2574 2562 2613 nunc
2592 2560 2830 2629 primum
2892 2559 2962 2613 ad
3022 2558 3421 2615 institutionem

1836 2650 2109 2706 doctrinae
2141 2652 2395 2707 veritatis
2431 2652 2662 2721 cupiunt
2703 2649 2872 2721 315
2922 2649 3183 2707 accedere
3208 2691 3224 2716 ,
3257 2650 3295 2706 ii
3325 2651 3423 2707 do-

1836 2744 1996 2798 cendi
2025 2750 2155 2799 sunt
2178 2745 2441 2815 scriptam
2471 2760 2503 2798 a
2529 2746 2705 2799 beatis
2741 2742 2997 2800 Patribus
3022 2742 3184 2800 fidem
3217 2743 3272 2798 in
3293 2758 3424 2799 con-

1837 2832 1970 2889 cilio
2001 2837 2133 2890 olim
2165 2834 2361 2892 Nicaeae
2407 2844 2622 2892 coacto.
2668 2836 2784 2892 IIoc
2816 2837 2995 2908 ipsum
3029 2845 3210 2893 autem
3256 2835 3423 2892 fuerit

1836 2929 1971 2984 utile
1999 2930 2166 2984 etiam
2194 2929 2461 2985 adversus
2482 2945 2580 2986 eos
2602 2970 2618 2995 ,
2653 2945 2795 3001 quos
2827 2930 3074 3000 suspicio
3107 2937 3193 2986 est
3216 2929 3398 2984 doctri

1836 3036 1921 3075 nae
1961 3036 2111 3076 sanae
2140 3021 2467 3086 adversari,
2500 3022 2706 3092 quique
2755 3022 3027 3091 speciosis
3067 3023 3182 3077 suis
3211 3019 3422 3092 eﬂugiis

1837 3128 2062 3169 sensum
2094 3114 2377 3183 opinionis
2417 3128 2601 3184 pravae
2642 3121 2963 3185 contegunt.
2993 3110 3133 3168 Nam
3162 3112 3250 3168 his
3284 3126 3421 3183 quo-

1835 3218 1944 3273 que
1974 3201 2175 3259 sufficit
2222 3202 2340 3258 haec
2369 3203 2491 3275 ipsa
2522 3203 2680 3259 fides.
2721 3201 2818 3258 Vel
2860 3203 3008 3260 enim
3054 3203 3421 3260 emendabunt

1837 3309 1997 3349 suum
2033 3294 2279 3363 ipsorum
2312 3293 2595 3348 occultum
2631 3290 2925 3346 morbum:
2957 3297 3053 3344 aut
3081 3306 3206 3346 eum
3229 3291 3285 3345 in
3314 3289 3420 3346 imo

1832 3387 2183 3441 occultantes
2206 3424 2219 3447 .
2260 3385 2365 3455 ipsi
2392 3384 2614 3455 quidem
2647 3383 2857 3439 fraudis
2881 3384 3152 3454 judicium
3204 3383 3419 3449 ferent,

144 3478 627 3551 συγκαλύπτοντες
674 3477 845 3550 αὐτὴν
885 3477 945 3529 ἐν
992 3475 1071 3548 τῷ
1120 3476 1295 3548 βάθει,
1338 3476 1493 3531 αὐτοὶ
1530 3478 1628 3548 μὲν
1670 3477 1732 3531 τὸ

1840 3478 1999 3533 nobis
2026 3492 2161 3531 vero
2212 3477 2428 3532 facilem
2464 3476 2520 3530 in
2554 3476 2645 3531 die
2674 3475 2872 3547 judicii
2904 3475 3285 3532 defensionem
3322 3492 3418 3547 pa-

143 3578 320 3647 κρῖμα
358 3575 461 3645 τῆς
496 3571 714 3641 ἀπάτης
765 3568 1127 3640 βαστάσουσιν
1174 3567 1312 3639 (49),
1358 3569 1490 3640 ἡμῖν
1531 3569 1589 3622 δὲ
1630 3567 1731 3641 τὴν

142 3666 439 3735 ἀπολογίαν
469 3663 678 3735 κούφην
707 3664 766 3716 ἐν
797 3664 861 3734 τῇ
899 3662 1088 3733 ἡμέρᾳ
1127 3659 1227 3732 τῆς
1269 3661 1506 3734 κρίσεως
1551 3678 1730 3733 παρα-

145 3757 528 3821 σκευάσουσιν,
583 3755 672 3809 ὅτε
732 3751 1075 3822 ἀποκαλύψει
1100 3752 1129 3805 ό
1162 3750 1366 3822 Κύριος
1399 3750 1468 3804 τά
1503 3750 1729 3823 κρυπτά

141 3844 232 3899 τοῦ
282 3845 530 3908 σκότους,
582 3843 679 3897 καὶ¹
716 3839 1022 3913 φανερώσει
1073 3840 1170 3905 τὰς
1227 3839 1421 3911 βουλὰς
1449 3840 1559 3895 τῶν
1591 3858 1729 3913 καρ-

142 3936 292 3990 διῶν.
327 3935 641 4006 Λαμϐάνειν
684 3934 866 3987 τοίνυν
908 3932 1106 3996 αὐτοὺς
1133 3932 1526 4004 ὁμολογοῦντας
1558 3950 1729 4005 προσ-

143 4031 287 4099 ήκει,
330 4027 414 4080 ὅτι
456 4023 773 4079 πιστεύουσι
815 4025 958 4079 κατά
998 4024 1068 4078 τά
1113 4026 1333 4097 ῥήματα
1385 4024 1456 4079 τά
1484 4025 1589 4078 ὑπὸ
1619 4024 1731 4079 τῶν

143 4120 408 4191 Πατέρων
429 4117 585 4190 ήμῶν
615 4116 905 4171 ἐκτεθέντα
934 4118 993 4169 ἐν
1021 4119 1087 4189 τῇ
1115 4118 1162 4170 Ν
1170 4117 1321 4189 ικαίᾳ
1352 4117 1446 4171 καὶ
1464 4116 1608 4171 κατά
1630 4117 1728 4190 τὴν

142 4212 314 4283 ὑγιῶς
347 4211 455 4265 ὑπὸ
482 4210 593 4264 τῶν
637 4210 896 4282 ῥημάτων
927 4207 1132 4262 τούτων
1164 4208 1568 4280 ἐμφαινομένην
1613 4208 1728 4263 διά-

141 4322 314 4361 νοιαν.
353 4304 479 4358 Εἰσὶ
528 4302 637 4374 γάρ
678 4316 823 4365 τινες
874 4302 926 4354 οἱ
981 4302 1077 4354 καὶ
1104 4302 1161 4353 ἐν
1218 4300 1393 4371 ταύτῃ
1426 4303 1492 4372 τῇ
1541 4300 1729 4355 Πίστει

140 4398 421 4461 δολοῦντες
456 4395 549 4450 τὸν
576 4395 737 4465 λόγον
769 4394 868 4466 τῆς
908 4391 1187 4464 ἀληθείας,
1224 4391 1320 4447 καὶ
1354 4392 1490 4465 πρὸς
1513 4391 1576 4446 τὸ
1603 4394 1732 4446 ἐαυ-

138 4490 249 4545 τῶν
281 4488 529 4561 βούλημα
553 4486 645 4541 τὸν
678 4485 803 4540 νοῦν
833 4485 942 4539 τῶν
977 4485 1037 4538 ἐν
1068 4485 1207 4555 αὐτῇ
1241 4484 1504 4555 ῥημάτων
1539 4483 1727 4538 ἐλκον-

139 4600 252 4647 τες.
283 4582 464 4635 Ὅπου
496 4597 561 4650 γε
594 4580 690 4633 καὶ
722 4577 1042 4651 Μάρκελλος
1071 4575 1373 4647 ἐτόλμησεν
1405 4575 1619 4630 ἀσεϐῶν
1646 4578 1729 4641 είς

140 4675 240 4746 τὴν
274 4672 579 4726 ὑπόστασιν
600 4669 695 4725 τοῦ
718 4669 926 4742 Κυρίου
960 4668 1120 4740 ήμῶν
1156 4667 1330 4740 Ἰησοῦ
1356 4667 1613 4740 Χριστοῦ,
1635 4669 1730 4724 καὶ

139 4766 296 4836 ψιλὸν
344 4763 512 4819 αὐτὸν
556 4761 925 4835 ἐξηγούμενος
966 4761 1145 4831 λόγον,
1194 4760 1404 4815 ἐκεῖθεν
1454 4762 1727 4833 προφασί-

1832 3569 2075 3634 rabunt,
2105 3583 2231 3623 cum
2286 3568 2558 3624 revelabit
2611 3565 2881 3623 Dominus
2912 3566 3242 3623 abscondita
3269 3577 3417 3623 tene-

1830 3661 2056 3716 brarum
2087 3667 2146 3715 et
2174 3659 2469 3730 patefaciet
2512 3658 2749 3715 consilia
2798 3656 3051 3714 cordium
3087 3658 3152 3712 “.
3189 3658 3283 3715 Sic
3316 3660 3417 3715 ita-

1826 3768 1939 3825 que
1974 3751 2316 3822 suscipiendi
2369 3758 2540 3817 sunt,
2573 3757 2636 3804 ut
2662 3748 2892 3806 credere
2945 3764 3008 3806 se
3054 3749 3415 3805 confiteantur

1828 3844 2137 3902 secundm
2167 3845 2337 3900 verba
2369 3860 2400 3899 a
2427 3843 2688 3900 Patribus
2714 3843 2925 3900 nostris
2953 3842 3104 3900 edita
3128 3841 3340 3906 Nicaeae,
3362 3851 3415 3899 et

1830 3938 2135 3995 secundum
2183 3952 2375 3993 sanam
2405 3936 2496 3992 bis
2528 3936 2718 3993 verbis
2766 3935 3137 4006 significatam
3191 3943 3414 3992 senten-

1830 4029 1982 4082 tiam.
2036 4026 2177 4083 Sunt
2207 4027 2355 4082 enim
2405 4026 2695 4091 nonnulli,
2748 4026 2843 4098 qui
2879 4027 2935 4081 in
2963 4025 3069 4081 bac
3094 4026 3260 4081 etiam
3312 4025 3414 4083 fide

1829 4119 2136 4174 doctrinam
2156 4119 2405 4176 veritatis
2442 4118 2775 4190 depravent,
2814 4124 2869 4172 et
2916 4117 3068 4173 illius
3104 4116 3407 4172 verborum

1830 4226 2053 4266 sensum
2093 4210 2162 4265 ad
2197 4226 2364 4267 suum
2400 4211 2649 4281 ipsorum
2696 4209 2986 4265 arbitrium
3029 4209 3410 4279 detorqueant.

1830 4302 2117 4374 Siquidem
2159 4317 2333 4358 ausus
2378 4309 2466 4357 cst
2494 4309 2550 4357 et
2578 4300 2911 4367 Marcellus,
2946 4314 3073 4355 cum
3106 4300 3161 4356 in
3196 4298 3412 4354 Domini

1829 4394 2004 4449 nostri
2075 4392 2209 4451 Jesu
2262 4392 2491 4450 Christi.
2536 4392 2882 4464 Iiypostasim
2946 4399 3098 4450 esset
3166 4391 3409 4462 impius,

1829 4485 2120 4556 ipsumque
2155 4484 2363 4540 nudum
2406 4484 2634 4540 verbum
2661 4498 2787 4541 esse
2813 4490 3114 4548 statueret,
3157 4481 3282 4538 inde
3313 4494 3413 4537 an-

1829 4592 1948 4632 sam
2001 4575 2402 4647 principiorum
2451 4575 2730 4645 arripere.
2787 4572 3255 4629 consubstantialis
3310 4586 3412 4627 no-

1829 4669 2035 4723 tionem
2071 4668 2213 4723 male
2239 4682 2542 4739 exponens.
2596 4666 2660 4723 Et
2712 4666 2963 4722 nonnulli
3004 4664 3075 4720 ab
3104 4664 3270 4734 impia
3310 4662 3411 4719 Sa-

1828 4760 1980 4816 bellii
2013 4759 2304 4832 Libyensis
2351 4760 2582 4824 haeresi,
2613 4758 2953 4830 hypostasim
2996 4764 3053 4813 et
3106 4755 3408 4827 essentiam

142 4856 342 4910 σασθαι
361 4854 476 4922 (50)
500 4852 602 4916 τὰς
629 4852 804 4924 ἀρχὰς
819 4851 1122 4924 εἰληφέναι,
1144 4849 1239 4904 τοῦ
1267 4851 1595 4919 όμοουσίου
1621 4851 1723 4924 τὴν

1840 4852 1975 4908 idem
2006 4869 2130 4909 esse
2164 4854 2295 4921 rati,
2326 4868 2518 4909 ansam
2556 4851 2683 4909 inde
2712 4850 2938 4907 trahunt
2963 4849 3033 4905 ad
3056 4847 3411 4919 blasphemia:

209 4991 255 5024 "
287 4989 309 5044 I
348 4989 477 5046 Cor.
503 5005 576 5054 iv,
602 4988 655 5044 5.

211 5103 327 5174 (46)
362 5100 442 5155 Τὸ
468 5098 577 5174 (ﬁg-
594 5098 693 5154 καὶ
720 5098 1003 5174 φευκτόν.
1032 5095 1371 5174 _Satis_acute
1389 5105 1448 5174 tn
1477 5092 1726 5174 eamdem

141 5164 828 5252 sententia_m."Gregorius
857 5167 987 5250 Naz.
1036 5169 1090 5250 in
1117 5168 1280 5238 epist.
1304 5167 1375 5252 ’ῖᾷ
1408 5168 1471 5252 in_
1498 5164 1729 5252 manda:

142 5252 214 5299 Iis
259 5244 357 5297 dat
402 5237 833 5309 Amazoniotut
882 5238 928 5293 si
979 5240 1103 5309 quis
1156 5237 1386 5308 Quaerat,
1419 5237 1513 5309 ubi
1572 5248 1725 5289 nunc

137 5313 442 5384 Gregorius
462 5349 479 5375 ,
526 5317 584 5366 et
623 5307 766 5384 quid
821 5307 1011 5363 rerum
1030 5307 1192 5384 agat;
1218 5308 1725 5384 “responderennon

137 5374 354 5440 dubitet
392 5374 518 5435 eum
541 5374 723 5450 quiéte
750 5388 804 5435 et
826 5374 1117 5448 tranquille
1141 5374 1539 5450 philosophari.
1562 5374 1724 5450 Quod

140 5457 185 5509 si
214 5468 417 5508 rursus
446 5447 590 5507 Idem
625 5458 799 5520 roget.
832 5447 1109 5519 quomodo
1131 5447 1556 5520 disiunctionem
1574 5447 1724 5520 ferat

137 5526 467 5582 amicorum,
498 5537 612 5575 non
631 5516 744 5589 jain
777 5516 1008 5574 ﬁdenter
1030 5516 1360 5589 respondeat
1385 5533 1511 5574 eum
1535 5516 1721 5587 philo-

138 5594 383 5664 sOphari,
413 5591 508 5647 sed
537 5593 723 5664 animo
749 5589 1445 5664 essc_admodu_m__imbclli.

208 5655 321 5733 '(47)
356 5661 830 5733 Kexopio'péror.
867 5659 943 5714 Ita
963 5674 1095 5716 mss.
1136 5658 1315 5715 Editio
1345 5657 1589 5715 secunda
1616 5655 1722 5713 Pa-

140 5730 239 5790 ris.
264 5730 701 5804 κεχωρισμένος.

1903 5092 2018 5165 (48)
2068 5092 2443 5165 ’ᾼγιῳτὰτσω
2493 5095 2573 5165 Ita
2627 5091 2769 5165 hjed.
2827 5098 2884 5165 et
2934 5090 3103 5165 Coisl.
3137 5100 3406 5165 _uterque,

1833 5160 1958 5235 Vat.
1995 5160 2285 5235 et_Regius
2313 5164 2610 5235 secundus.
2640 5162 2880 5235 I_)_uo_alii
2927 5164 3103 5235 ἁγίου.
3135 5160 3409 5235 Εάὶιῖμεέ

1831 5234 2019 5303 γάλου.
2050 5232 2213 5290 Deest
2242 5234 2542 5297 ἐπίσκοπος
2565 5234 2620 5303 in
2651 5232 2803 5287 Harl.
2830 5240 2885 5288 et
2910 5233 3126 5288 duobus
3150 5235 3294 5288 aliis.

1902 5305 2015 5377 (49)
2053 5303 2507 5377 Βᾳστὰσουσιν.
2545 5302 2639 5377 _Ita
2683 5311 3094 5377 mss.__septem,
3138 5304 3408 5377 acApaulo

1830 5371 1957 5446 post
1990 5371 2213 5429 totidem
2238 5373 2775 5446 παρασκευάσουσιν.
2813 5371 3053 5445 Utraque
3088 5388 3191 5428 vox
3215 5371 3268 5428 in
3292 5375 3409 5430 edi-

1829 5445 1900 5500 tis
1925 5448 2168 5514 tempore
2192 5445 2450 5514 praesenti
2483 5457 2763 5514 expressa.

1899 5512 2569 5588 (50)Προςρασίσᾳσθᾳιζ
2617 5512 2788 5568 Coisl.
2838 5512 3118 5571 secundus
3158 5521 3213 5572 et
3268 5512 3402 5588 Reg.

1828 5585 2594 5667 εεεὲυρμὲυεμερειεεςέξεξθοει·

1900 5662 1916 5679 ⁹
1943 5657 2095 5713 Alias
2120 5653 2401 5710 LXXVIII.
2440 5654 2655 5729 Scripta
2685 5668 2831 5710 anno
2857 5653 2983 5711 573.
