3868 6218
448 242 567 306 847

1760 247 1820 306 S.
1862 247 2113 305 BASILII
2150 247 2372 305 MAGNI

3616 241 3723 308 518

448 381 565 424 suae
592 363 968 423 defensionem
998 408 1015 433 ,
1068 365 1214 436 quod
1249 365 1324 419 ita
1360 365 1417 420 in
1467 366 1572 422 liae
1605 367 1871 438 scriptum
1917 366 2022 423 sit:

2135 365 2375 421 διάνοιαν
2401 365 2590 430 κακῶς
2618 366 2999 439 ἐξηγούμενος.
3042 367 3151 421 Καί
3177 385 3322 433 τινες
3349 368 3458 423 τῶν
3490 368 3597 422 ἀεὶ
3619 371 3713 441 τῆς

448 458 511 515 Si
533 476 649 515 vero
677 460 938 531 quispiam
967 460 1166 514 dixerit
1208 474 1274 514 ea:
1318 460 1432 514 alia
1457 461 1693 515 essentia
1725 470 1819 514 aut
1859 460 2029 530 hypo-

447 552 583 607 stasi
619 549 822 606 Filium
855 568 970 606 esse
996 592 1012 619 ,
1057 567 1176 605 eum
1206 550 1548 606 anathemate
1605 552 1726 622 ferit
1752 550 2034 607 Catholica

446 652 495 696 et
564 642 878 712 Apostolica
912 640 1174 697 Ecclesia.
1229 639 1351 695 Non
1406 642 1550 695 enim
1602 640 1744 696 idem
1774 639 2032 695 dixerunt

448 733 561 788 illic
601 734 899 789 essentiam
935 744 990 788 et
1042 734 1405 805 hypostasim.
1451 732 1667 787 Etenim
1710 735 1755 788 si
1812 748 1922 786 una
1975 740 2032 787 et

445 829 637 881 eadem
691 827 843 881 notio
899 825 1151 894 subjecta
1206 825 1473 892 vocibus,
1525 823 1658 895 quid
1715 838 1855 893 opus
1911 830 2031 877 erat

448 920 714 990 utraque?
748 920 852 975 Sed
910 919 1263 990 perspicuum
1309 926 1427 983 est,
1461 918 1587 973 aliis
1634 918 1858 988 quidem
1899 915 2029 986 (Fi-

446 1014 607 1085 lium)
664 1028 733 1068 ex
767 1011 958 1090 Patris
1022 1011 1263 1067 essentia
1318 1026 1442 1066 esse
1489 1012 1863 1081 negantibus,
1903 1011 2029 1065 aliis

444 1121 573 1159 vero
628 1121 805 1175 neque
839 1121 905 1161 ex
959 1104 1200 1159 essentia
1250 1118 1408 1169 esse,
1439 1102 1534 1158 sed
1565 1118 1632 1158 ex
1677 1102 1865 1172 aliqua
1920 1102 2028 1155 alia

443 1197 732 1269 hypostasi
793 1197 1128 1259 dicentibus,
1179 1196 1303 1249 illos
1358 1195 1432 1248 ita
1484 1193 1705 1248 demum
1740 1205 2029 1263 utramque

441 1291 763 1360 opinionem
816 1297 1077 1359 tanquam
1109 1303 1140 1342 a
1174 1286 1451 1341 sententia
1486 1286 1864 1340 ecclesiastica
1894 1285 2030 1340 alie-

444 1399 571 1439 nam
629 1383 916 1453 rejecisse.
968 1381 1104 1435 Nam
1153 1382 1248 1436 ubi
1290 1398 1446 1438 suam
1497 1380 1743 1449 ipsorum
1781 1379 2030 1433 declara-

443 1473 579 1528 bant
612 1474 976 1538 sententiam,
1025 1472 1285 1527 dixerunt
1330 1487 1400 1526 ex
1443 1470 1686 1525 essentia
1721 1467 1902 1524 Patris
1933 1467 2025 1523 Fi-

442 1566 576 1619 lium
598 1606 614 1632 ,
645 1581 755 1619 non
785 1564 1021 1635 amplius
1050 1563 1375 1633 adjicientes
1420 1562 1554 1617 illud
1581 1602 1596 1627 ,
1623 1576 1689 1616 ea:
1729 1562 2025 1631 hypostasi.

440 1654 624 1724 Quare
675 1657 807 1711 illud
859 1654 1080 1726 quidem
1130 1655 1199 1709 ad
1250 1655 1593 1710 eversionem
1652 1655 1892 1722 positum
1941 1661 2026 1707 est

438 1747 723 1819 nequioris
769 1747 1080 1812 sententiae;
1135 1745 1241 1800 hoc
1286 1760 1414 1799 vero
1447 1742 1875 1799 declarationem
1926 1740 2023 1795 ha-

439 1836 534 1893 bet
598 1834 859 1890 salutaris
916 1834 1213 1906 dogmatis.
1277 1833 1662 1889 Conﬁtendum
1712 1833 1881 1903 igitur
1936 1838 2024 1887 est

438 1926 966 1982 consubstantialem
1015 1942 1140 1981 esse
1183 1923 1336 1981 Patri
1387 1923 1623 1989 Filium,
1667 1923 2022 1994 quemadmo-

439 2021 569 2075 dum
602 2019 869 2089 scriptum
902 2026 1009 2074 est.
1042 2019 1430 2074 Conﬁtendum
1461 2019 1657 2080 etiam,
1690 2017 1749 2071 in
1798 2018 2023 2087 propria

438 2113 719 2186 bypostasi
747 2111 961 2167 Patrem
985 2127 1139 2179 esse,
1172 2114 1229 2167 in
1260 2113 1481 2183 propria
1516 2111 1741 2178 Filium,
1793 2112 1849 2166 in
1882 2127 2015 2182 pro-

436 2208 556 2276 pria
616 2205 880 2275 Spiritum
940 2214 1230 2269 sanctum,
1280 2205 1744 2275 quemadmodum
1803 2213 1858 2260 et
1916 2205 2020 2276 ipsi

436 2297 730 2352 manifeste
757 2307 1155 2367 exposuerunt.
1196 2296 1361 2352 Plene
1395 2299 1541 2353 enim
1567 2307 1620 2353 et
1654 2299 1801 2353 clare
1830 2306 2022 2353 osten-

436 2387 674 2453 derunt,
735 2388 994 2451 dicendo,
1048 2387 1224 2442 lumen
1263 2389 1327 2441 de
1372 2388 1594 2452 lumine,
1628 2389 1776 2443 aliud
1800 2388 2020 2457 quidem

434 2497 560 2537 esse
599 2482 784 2537 lumen
814 2482 963 2551 quod
988 2482 1211 2553 genuit,
1236 2482 1383 2537 aliud
1418 2496 1549 2536 vero
1577 2481 1743 2551 .quod
1776 2483 2019 2552 genitum

436 2583 555 2639 est,
582 2575 767 2629 lumen
807 2581 989 2629 tamen
1036 2582 1089 2629 et
1121 2575 1335 2637 lumen,
1378 2575 1451 2629 ita
1484 2583 1544 2629 ut
1589 2590 1699 2629 una
1731 2585 1785 2629 et
1825 2575 2016 2629 eadem

437 2668 510 2721 sit
535 2668 788 2721 essentia:
818 2667 981 2721 ratio.
1008 2646 1363 2737 Apponamus
1394 2670 1578 2721 autem
1599 2667 1713 2735 jam
1738 2675 1792 2720 et
1817 2667 2016 2735 ipsam,

437 2776 559 2829 qua:
589 2758 781 2814 Nicaea;
810 2760 1124 2830 conscripta
1160 2768 1282 2822 est,
1322 2758 1503 2813 iidem.

437 2856 599 2911 αὐτὸν
649 2853 787 2911 εἶναι
834 2856 924 2910 τὸν
972 2857 1072 2925 τῆς
1128 2856 1317 2919 οὐσίας

440 2952 620 3019 φεῖσα.

2131 463 2447 527 δυσσεϐείας
2496 463 2590 517 τοῦ
2641 464 2843 528 Λίϐυος
2892 463 3205 530 Σαϐελλίου,
3271 466 3569 519 ὑπόστασιν
3622 467 3715 520 καὶ

2131 555 2320 608 οὐσίαν
2344 556 2541 608 ταυτὸν
2570 551 2710 609 εἶναι
2737 554 3233 626 ὑπολαμϐάνοντες.
3260 557 3470 611 ἐκεῖθεν
3503 557 3713 611 ἕλκουσι

2131 644 2230 707 τὰς
2257 644 2511 716 ἀφορμὰς
2537 647 2674 716 πρὸς
2694 645 2791 715 τὴν
2817 646 3162 717 κατασκευὴν
3189 648 3289 717 τῆς
3328 649 3534 702 ἑαυτῶν
3568 648 3716 719 βλασ-

2131 736 2360 806 φημίας,
2393 738 2458 789 ἐκ
2496 736 2587 790 τοῦ
2630 738 3005 809 ἐγγεγράφθαι
3030 741 3097 810 τῇ
3128 739 3339 807 Πίστει,
3361 741 3442 794 ὅτι
3478 741 3620 796 Ἐὰν
3646 741 3714 797 δέ

2131 842 2222 893 τις
2248 826 2399 897 λέγῃ
2427 827 2540 898 (Si)
2571 827 2641 893 ἐξ
2664 827 2870 896 ἐτέρας
2889 830 3106 896 οὐσίας
3130 830 3166 899 ἣ
3190 833 3587 900 ὑποστάσεως
3611 833 3717 888 τὸν

2140 916 2296 982 Υίὸν,
2323 916 2731 987 ἀναθεματίζει
2757 920 2795 987 ἠ
2832 916 3136 987 Καθολικὴ
3163 919 3266 974 καί
3307 921 3709 991 Ἀποστολικὴ

2143 1009 2493 1075 Ἐκκλησία.
2539 1008 2614 1061 Οὐ
2646 1007 2758 1080 γὰρ
2794 1008 2991 1063 ταυτὸν
3027 1004 3182 1062 εἷπον
3224 1011 3343 1064 ἐκεῖ
3371 1012 3484 1084 (52)
3526 1015 3712 1070 οὐσίαν

2133 1104 2228 1157 καὶ
2258 1103 2577 1156 ὑπόστασιν.
2627 1103 2689 1155 Ei
2719 1102 2829 1175 γὰρ
2866 1103 2993 1174 μίαν
3036 1106 3133 1158 καὶ
3162 1103 3262 1176 τὴν
3292 1106 3464 1178 αὐτὴν
3495 1109 3714 1181 ἐδήλουν

2129 1193 2337 1248 ἔννοιαν
2385 1195 2443 1247 αἱ
2478 1195 2674 1263 φωναὶ,
2717 1193 2803 1259 τίς
2852 1195 3013 1266 χρεία
3062 1192 3131 1267 ἦν
3182 1198 3497 1269 ἐκατέρων;
3558 1202 3716 1256 Ἀλλὰ

2127 1283 2305 1355 δῆλον,
2331 1285 2434 1348 ὅτι,
2465 1284 2540 1347 ὼς
2568 1283 2677 1336 τῶν
2706 1284 2804 1355 μὲν
2834 1285 3186 1357 ἀρνουμένων
3217 1286 3278 1339 τὸ
3312 1288 3376 1340 ἐκ
3404 1288 3506 1359 τῆς
3528 1291 3715 1354 οὐσίας

2128 1371 2266 1429 εἶναι
2312 1376 2405 1429 τοῦ
2454 1376 2685 1448 Πατρὸς,
2731 1376 2840 1429 τῶν
2888 1376 2947 1430 δὲ
3002 1376 3288 1446 λεγόντων,
3334 1377 3459 1432 οὐτε
3508 1382 3575 1433 ἐκ
3619 1382 3714 1452 τῆς

2127 1466 2317 1530 οὐσίας
2346 1467 2481 1536 (55),
2513 1465 2631 1519 ἀλλ’
2663 1465 2722 1533 ἐξ
2758 1465 2928 1538 ἄλλης
2953 1466 3101 1531 τινὸς
3135 1468 3508 1534 ὑποστάσεως,
3543 1470 3713 1533 οὕτως

2127 1559 2435 1630 ἀμφότερα,
2468 1559 2543 1622 ὡς
2577 1556 2833 1630 ἀλλότρια
2872 1557 2967 1610 τοῦ
3011 1558 3469 1630 ἐκκλησιαστικοῦ
3515 1562 3712 1631 φρονή-

2130 1670 2319 1725 ματος,
2356 1654 2762 1726 ἀπηγόρευσαν.
2812 1652 2964 1706 Ἐπεὶ
2992 1653 3125 1706 ὅπου
3159 1668 3224 1722 γε
3250 1651 3312 1706 τὸ
3345 1653 3552 1706 ἑαυτῶν
3586 1653 3708 1724 ess.

2127 1746 2254 1801 λουν
2280 1749 2554 1819 φρόνημα,
2589 1743 2742 1800 εἷπον
2772 1749 2836 1800 ἐκ
2878 1746 2979 1817 τῆς
3019 1746 3208 1809 οὐσίας
3234 1746 3329 1800 τοῦ
3377 1747 3594 1818 [ἰατρὸς
3618 1746 3709 1799 τὸν

2129 1837 2293 1892 Υίόν·
2330 1838 2512 1891 οὐκέτι
2562 1836 2892 1908 προσθέντες
2941 1837 3036 1890 καὶ
3076 1837 3156 1901 τὸ,
3190 1836 3259 1890 ἐκ
3302 1834 3414 1905 τῆς
3444 1835 3712 1890 ὑποστάσ-

2128 1948 2302 1998 σεως.
2350 1932 2512 1984 Ὥστε
2567 1932 2744 1984 ἐκεῖνο
2804 1930 2904 2002 μὲν
2954 1931 3042 1982 ἐπ’
3092 1928 3348 2000 ἀθετήσει
3395 1932 3573 1983 κεῖται
3617 1928 3709 1982 τοῦ

2129 2022 2366 2095 πονηροῦ
2396 2024 2772 2094 φρονήματος·
2817 2020 2976 2074 τοῦτο
3027 2020 3085 2074 δὲ
3121 2019 3429 2092 φανέρωσιν
3476 2018 3710 2090 ἔχειτοῦ

2132 2115 2400 2186 σωτηρίου
2447 2115 2734 2186 δόγματος.
2785 2115 2879 2167 Δεῖ
2903 2114 3083 2167 τοίνυν
3117 2112 3399 2184 ὁμολογεῖν
3429 2111 3712 2183 ὁμοεύσισν

2129 2207 2221 2260 τὸν
2269 2205 2397 2260 Υἱὸν
2451 2205 2529 2278 τῷ
2577 2206 2772 2278 Πατρὶ,
2814 2204 2996 2270 καθὼς
3037 2205 3382 2276 γέγραπται·
3427 2202 3711 2275 ὁμολογεῖν

2127 2298 2185 2351 δὲ
2234 2300 2291 2351 ἐν
2329 2298 2434 2370 ἰδίᾳ
2487 2299 2584 2370 μὲν
2635 2298 2931 2353 ὑποστάσει
2965 2297 3056 2351 τὸν
3095 2298 3335 2367 Πατέρα,
3388 2298 3446 2350 ἐν
3499 2295 3606 2367 ἰδίᾳ
3653 2295 3712 2349 δὲ

2125 2390 2217 2442 τὸν
2250 2390 2398 2455 Υίὸν,
2449 2392 2544 2445 καὶ
2595 2392 2653 2443 ἐν
2698 2389 2805 2462 ἰδίᾳ
2848 2391 2910 2443 τὸ
2957 2389 3182 2461 Πνεῦμα
3227 2390 3290 2443 τὸ
3341 2389 3516 2458 ἅγιον,
3568 2386 3715 2441 καθὰ

2129 2484 2224 2535 καὶ
2269 2484 2422 2536 αὐτοὶ
2458 2483 2642 2551 σαφῶς
2677 2483 2789 2554 (54)
2826 2481 3207 2537 ἐκδεδὼκασιν.
3253 2482 3554 2553 Αὐτάρκως
3599 2479 3713 2551 γὰρ

2127 2574 2219 2626 καὶ
2254 2572 2441 2642 σαφῶς
2471 2574 2581 2645 (55)
2606 2574 2940 2639 ἐνεδείξαντο
2967 2574 3232 2642 εἰπόντες,
3257 2571 3384 2643 φῶς
3399 2573 3468 2625 ἐκ
3495 2571 3712 2642 φωτὸς,

2122 2664 2205 2716 ὅτι
2258 2665 2442 2735 ἕτερον
2501 2664 2598 2735 μὲν
2650 2665 2711 2717 τὸ
2759 2665 3028 2735 γεννῆσαν
3093 2664 3241 2735 φῶς,
3299 2663 3487 2735 ἓτερον
3544 2663 3600 2716 δὲ
3650 2660 3715 2716 τὸ

2125 2757 2403 2828 γεννηθὲν,
2442 2756 2558 2826 φῶς
2613 2756 2797 2827 μέντοι
2847 2759 2939 2812 καὶ¹
2974 2757 3123 2827 φῶς·
3174 2756 3313 2810 ὥστε
3354 2757 3451 2811 ἕνα
3481 2756 3577 2811 καὶ
3620 2756 3717 2811 τὸν

1397 2855 1574 2925 λόγον.
1636 2854 1933 2924 Ἐγκείσϐω
1982 2854 2047 2925 δὴ
2085 2857 2217 2925 ἡμῖν
2262 2855 2355 2907 καὶ
2396 2855 2535 2926 αὐτὴ
2581 2855 2615 2924 ἡ
2664 2855 2918 2926 Πίστιςή
2980 2854 3124 2909 κατὰ
3178 2855 3413 2910 Νίκαιαν
3466 2871 3716 2926 συγγρα-

509 3041 564 3096 2.
616 3038 893 3097 Credimus
941 3041 996 3093 in
1027 3056 1190 3093 unum
1222 3040 1390 3093 Deum
1435 3038 1655 3095 Patrem
1685 3040 2016 3109 omnipoten-

2188 3037 2243 3091 2.
2287 3039 2659 3108 Πιστεύομεν
2688 3041 2775 3106 είς
2803 3039 2911 3094 ἕνα
2936 3042 3087 3095 Θεὸν
3116 3042 3350 3112 Πατέρα
3373 3038 3715 3111 παντοκρά-

438 3142 572 3196 tem,
614 3131 851 3185 omnium
926 3140 1034 3182 tam
1089 3129 1378 3183 visibilium
1439 3144 1599 3198 quam
1664 3130 2016 3183 invisibilium

2119 3146 2282 3198 τορα,
2322 3129 2566 3184 πάντων
2615 3129 2844 3199 ὁρατῶν·
2878 3149 2944 3185 τε
2989 3133 3090 3186 καὶ
3124 3133 3394 3202 ἀοράτων
3427 3137 3714 3205 ποιητήν.

437 3223 714 3295 factorem.
755 3221 826 3276 Et
880 3223 934 3275 in
968 3238 1131 3274 unum
1182 3220 1467 3273 Dominum
1512 3218 1697 3274 Jesum
1743 3222 2016 3276 Christum

2128 3221 2228 3273 Kal
2278 3223 2365 3287 εἰς
2405 3220 2513 3274 ἕνα
2559 3223 2784 3290 Κύριον
2831 3222 2945 3294 (56)
3006 3224 3252 3291 Ἰησοῦν
3295 3225 3555 3291 Χριστὸν
3605 3226 3721 3279 τὸν

438 3313 640 3369 Filium
663 3313 795 3376 Dei,
817 3312 1051 3382 genitum
1076 3326 1141 3364 ea:
1173 3309 1334 3363 Patre
1371 3307 1705 3380 Uuigenitum
1731 3350 1745 3375 ,
1780 3311 1877 3365 hoc
1907 3321 2015 3377 est,

434 3419 502 3460 ex
527 3406 753 3459 essentia
794 3403 1000 3456 Patris.
1046 3400 1215 3455 Deum
1259 3399 1323 3454 de
1369 3399 1480 3454 Deo
1508 3440 1523 3465 ,
1558 3401 1735 3455 lumen
1764 3402 1828 3457 de
1856 3404 2021 3474 216

436 3497 662 3560 lumine,
714 3495 878 3549 Deum
921 3510 1099 3548 verunt
1138 3493 1203 3547 de
1240 3492 1346 3547 Deo
1401 3509 1518 3548 vero
1542 3509 1562 3547 :
1593 3495 1825 3564 genitum
1850 3535 1866 3560 ,
1912 3512 2019 3549 non

439 3589 671 3652 ’actum;
717 3586 1225 3641 causubstantialem
1263 3585 1458 3646 Patri.
1504 3603 1598 3656 per
1640 3604 1794 3655 quem
1832 3589 2014 3643 omnia

436 3683 578 3753 facta
602 3691 746 3744 sunt,
785 3692 894 3734 tum
922 3696 1041 3751 qua:
1071 3680 1126 3732 in
1160 3678 1312 3744 caelo,
1351 3692 1462 3731 tum
1487 3696 1604 3749 qua:
1633 3681 1689 3732 in
1726 3689 1884 3733 terra.
1914 3680 2020 3747 Qui

432 3783 642 3841 propter
694 3789 786 3826 nos
827 3771 1059 3825 homines
1121 3780 1172 3825 et
1222 3781 1436 3840 propter
1496 3783 1735 3825 nostram
1784 3772 2013 3829 salutem

434 3865 727 3928 descendit,
758 3875 808 3919 et
864 3866 1179 3918 incarnatus
1218 3874 1334 3929 est,
1375 3864 1552 3934 [actus
1598 3865 1752 3919 homo
1778 3882 1796 3919 :
1824 3881 2016 3935 passus

432 3966 531 4019 est,
566 3965 613 4009 et
636 3957 927 4009 resurrexit
959 3958 1117 4009 tertia
1141 3956 1247 4019 die,
1281 3954 1520 4009 ascendit
1563 3954 1631 4008 ad
1677 3955 1860 4020 cwlos,
1895 3972 2019 4010 ren-

435 4056 587 4101 turus
617 4047 684 4099 ad
727 4045 1085 4115 judicandum
1116 4047 1257 4100 vivos
1305 4054 1357 4098 et
1390 4055 1644 4099 mortuos.
1695 4043 1765 4098 Et
1800 4046 1855 4099 in
1896 4046 2020 4114 Spi-

432 4142 597 4195 ritum
628 4149 896 4193 sanctum.
939 4138 1046 4205 Qui
1081 4148 1258 4192 autem
1299 4139 1507 4204 dicunt,
1540 4138 1677 4192 Erat
1705 4138 2015 4210 aliquando,

431 4231 647 4302 quando
714 4248 820 4285 non
877 4239 1032 4294 erat,
1088 4241 1139 4284 et
1200 4239 1486 4301 antequam
1553 4242 1867 4286 nasceretur
1916 4248 2021 4286 non

2129 3311 2265 3364 Υἱὸν
2296 3312 2402 3366 τοῦ
2438 3312 2610 3377 Θεοῦ,
2647 3315 3015 3384 γεννηθέντα
3061 3315 3132 3368 ἐκ
3172 3316 3278 3370 τοῦ
3318 3316 3552 3384 Πατρός
3585 3318 3718 3371 Mo-

2117 3403 2358 3474 νογενῆ,
2405 3405 2740 3475 τουτέστιν,
2774 3407 2845 3461 ἐκ
2885 3407 2996 3477 τῆς
3030 3409 3249 3476 οὐσίας
3290 3409 3397 3463 τοῦ
3438 3410 3715 3478 Πατρός⁶

2120 3493 2270 3546 Θεὸν
2301 3494 2371 3547 ἐκ
2406 3494 2574 3561 Θεοῦ,
2607 3494 2734 3565 φῶς
2763 3496 2833 3550 ἐκ
2884 3495 3100 3566 φωτός,
3132 3498 3269 3552 Θεὸν
3308 3498 3601 3566 ἀληθινὸν
3642 3501 3719 3555 ἐκ

2121 3583 2268 3638 Θεοῦ
2338 3583 2669 3653 ἀληθινοῦ·
2731 3584 3131 3655 γεννηθέντα,
3196 3588 3269 3640 οὐ
3346 3588 3714 3656 ποιηθέντα·

2117 3675 2444 3743 όμοούσιον
2487 3674 2569 3742 τῷ
2615 3676 2822 3744 Πατρὶ,
2867 3676 2941 3729 δι’
2977 3671 3049 3732 οὗ
3098 3677 3173 3732 τὰ
3211 3676 3409 3731 πάντα
3446 3677 3716 3748 ἐγένετο,

2117 3766 2190 3822 τά
2229 3785 2294 3822 τε
2321 3769 2392 3822 ἐν
2427 3766 2508 3833 τῷ
2544 3767 2780 3837 οὐρανῷ
2813 3769 2909 3822 καὶ
2956 3770 3029 3823 τὰ
3057 3769 3128 3822 ἐν
3168 3769 3281 3841 (57)
3325 3769 3402 3839 τῇ
3442 3769 3540 3841 τῇ.
3600 3772 3721 3826 Τὸν

2117 3859 2192 3914 δι’
2226 3858 2385 3929 ἡμᾶς
2419 3859 2564 3926 τοὺς
2606 3859 2960 3930 ἀνθρώπους
2999 3862 3098 3915 καὶ
3138 3860 3235 3915 διὰ
3265 3860 3380 3932 τὴν
3411 3862 3721 3931 ἡμετέραν

2118 3939 2420 4019 σωτηρίαν
2441 3953 2809 4006 κατελθόντα
2835 3952 2971 4023 (58),
2990 3951 3090 4006 καὶ
3109 3952 3514 4021 σαρκωθέντα,
3530 3954 3716 4008 ἐναν-

2119 4042 2540 4112 θρωπήσαντα,
2566 4044 2853 4110 παθόντα,
2894 4043 2992 4097 καί
3028 4043 3380 4098 ἀναστάντα
3417 4043 3494 4113 τῇ
3539 4047 3717 4117 τρίτῃ

2116 4134 2327 4204 ἡμέρᾳ,
2366 4135 2702 4190 ἀνελθόντα
2728 4137 2816 4202 είς
2849 4134 2992 4202 τοὺς
3019 4137 3337 4204 οὐρανοὺς,
3371 4136 3718 4207 ἐρχόμενον

2117 4226 2315 4295 κρῖναι
2361 4224 2581 4292 ζῶντας
2623 4226 2723 4280 καὶ
2780 4228 3056 4295 νεκρούς.
3110 4227 3221 4282 Καὶ
3269 4231 3357 4295 είς
3410 4228 3477 4282 τὸ
3534 4230 3722 4299 ἅγιον

432 4336 545 4379 erat
572 4364 586 4387 ,
618 4332 667 4378 et
697 4322 833 4393 quod
857 4337 922 4376 ea;
969 4339 1072 4376 non
1098 4322 1492 4386 exsistentibus,
1528 4323 1705 4392 [actus
1761 4333 1875 4387 est,
1926 4331 2019 4377 aut

2128 4320 2381 4390 Πνεῦμα.
2423 4318 2577 4385 Τοὺς
2617 4318 2686 4371 δὲ
2727 4318 3050 4389 λέγοντας-⁸
3082 4316 3196 4376 Ἦν
3241 4334 3405 4384 ποτε,
3448 4320 3550 4375 ὅτε
3593 4324 3719 4377 οὐκ

432 4416 614 4469 dicunt
657 4430 776 4468 eum
828 4428 893 4467 ea:
930 4413 1047 4467 alia
1103 4412 1378 4483 hypostasi
1429 4422 1521 4466 aut
1577 4414 1808 4467 essentia
1855 4430 2009 4476 esse,

2128 4411 2214 4486 ἦν,
2268 4413 2369 4468 καὶ
2426 4412 2570 4481 πρὶν
2617 4410 2985 4482 γεννηθῆναι
3045 4415 3157 4468 οὐκ
3194 4414 3295 4483 ἦν,
3342 4413 3442 4468 καὶ
3499 4414 3592 4469 ὅτι
3639 4415 3719 4481 ἐξ

434 4518 525 4563 aut
577 4506 925 4571 mutabilem,
973 4514 1067 4559 aut
1117 4504 1454 4558 alterabilem
1482 4504 1581 4559 Dei
1638 4504 1874 4569 Filium,
1922 4521 2011 4560 eos

2128 4508 2230 4561 οὐκ
2266 4505 2458 4558 ὄντων
2491 4504 2750 4573 ἐγένετο,
2807 4503 2847 4573 ἢ
2885 4503 2956 4570 ἐξ
2995 4504 3202 4573 ἐτέρας
3236 4504 3642 4573 ὑποστάσεως
3669 4507 3719 4577 ἢ

433 4600 769 4654 anathemate
817 4600 1046 4668 percutit
1092 4596 1375 4653 Catholica
1423 4608 1472 4652 et
1527 4599 1838 4667 Apostoliea
1909 4599 2014 4652 Ec-

2128 4598 2336 4662 οὐσίας
2363 4596 2713 4666 φάσκοντας
2749 4597 2923 4663 εἷναι,
2951 4597 2990 4666 ἢ
3019 4598 3276 4666 τρεπτὸν
3299 4597 3338 4664 ἢ
3371 4594 3723 4653 ἀλλοιωτὸν

432 4693 614 4747 clesia.
2117 4691 2226 4745 τὸν
2272 4690 2408 4745 Υἱὸν
2439 4691 2546 4745 τοῦ
2583 4691 2754 4755 Θεοῦ,
2785 4691 2928 4758 τοὺς
2958 4692 3269 4758 τοιούτους
3298 4688 3722 4761 ἀναθεματίζει

411 4786 416 4790 ”
2115 4782 2154 4850 ἡ
2186 4782 2488 4852 Καθολικὴ
2516 4783 2617 4837 καί
2666 4783 3066 4853 Ἀποστολικὴ
3109 4785 3460 4853 Ἐκκλησία.

2193 4900 2321 4971 (55)
2351 4900 2457 4954 Kal
2488 4898 2718 4969 σαφῶς.
2753 4898 2831 4953 ita
2854 4915 2996 4971 (mss.
3027 4909 3259 4971 septem.
3300 4899 3438 4954 Editi
3469 4909 3524 4954 et
3551 4899 3719 4958 Harl.

429 4970 582 5032 Harl.
608 4970 951 5044 λέγειζΕιίίιί
983 4971 1129 5044 λέξῃ,
1403 5038 1444 5044 _
1466 5040 1499 5044 μ
1533 5040 1544 5044 _
1589 5041 1600 5044 Α
1682 5041 1700 5044 Η
1770 4989 1778 4999 .

2128 4970 2362 5044 secunda
2385 4987 2562 5044 manu
2592 4972 2686 5044 ua).
2723 4970 2921 5044 σοφῶς.
2948 4970 3129 5044 Editio
3149 4970 3476 5044 Parisiensis
3507 4988 3723 5027 secun-

503 5044 616 5117 (52)
668 5038 849 5117 Ἐκεῖ.
876 5043 952 5096 lla
987 5038 1197 5117 septem
1221 5038 1546 5117 _mss._Editi
1583 5041 1804 5117 insumi.

2128 5041 2278 5117 ἀεί’-ξι)
2316 5042 2498 5117 priore
2528 5041 2695 5117 habet
2726 5038 2928 5117 σοφῶς,
2958 5043 3011 5095 in
3036 5043 3210 5117 altero
3245 5039 3452 5117 σαφῶς.

406 5109 412 5113 ’
447 5184 456 5186 _
499 5109 612 5186 (55')
652 5114 799 5168 Οὔτε
819 5114 896 5186 ἐκ
946 5109 1066 5181 τῆς
1089 5112 1321 5178 οὐσίας.
1357 5109 1529 5186 Tomis
1583 5110 1672 5164 hic
1702 5111 1854 5186 locus
1888 5125 2011 5186 per-

2187 5109 2569 5183 (56)“Κύριον.
2600 5110 2746 5165 Edili
2785 5109 2994 5166 addunt
3052 5112 3232 5183 ήμῶν,
3263 5109 3410 5182 (ιυυά
3449 5110 3611 5166 deest
3653 5112 3722 5168 in

428 5180 693 5251 dimi-His;
737 5185 834 5239 sed
880 5180 1061 5237 tamen
1104 5198 1228 5238 eum
1269 5183 1563 5249 explanare
1598 5180 1923 5251 conabimur
1954 5182 2009 5232 in

2128 5180 2320 5251 septem
2358 5197 2493 5251 mss.

403 5253 776 5325 _P"'.cl'atione,
809 5254 898 5308 tibi
925 5254 1250 5325 sententiam
1280 5253 1464 5325 Basilii
1497 5251 1564 5305 de
1596 5250 2009 5325 hyposmsi‘ex-

2180 5250 2297 5325 (ᾇῖ)
2328 5250 2440 5305 Καὶ
2480 5250 2555 5304 τὰ
2583 5250 3031 5325 er.,Adgidimus
3065 5251 3200 5325 illud
3229 5250 3300 5325 τά
3332 5268 3398 5307 ex
3426 5266 3526 5307 sex
3566 5267 3717 5310 mss.

469 5257 776 5322 "'aciatione,
809 5257 898 5308 tibi
925 5257 1250 5309 sententiam
1280 5257 1464 5306 Basilii
1497 5257 1564 5305 de
1597 5257 1879 5321 hyposmsi
1909 5265 2009 5302 ex-
2209 5257 2297 5321 57)
2328 5257 2440 5305 Kal
2480 5257 2555 5304 τὰ
2583 5257 3031 5313 ἐν.,Α‹]οἰ‹1ἱῐηιιε
3065 5257 3200 5307 illud
3229 5257 3300 5306 τά
3332 5268 3398 5307 ex
3426 5266 3526 5307 sex
3566 5267 3717 5310 mss.

469 5326 750 5380 cmlemus.
794 5325 1016 5379 Interim
1060 5323 1361 5378 observabo
1401 5323 1454 5375 in
1488 5335 1599 5375 uno
1633 5337 1707 5392 es,
1726 5320 2009 5392 codicibus
2185 5257 2299 5392 (58)
2332 5322 2743 5392 βατελθόντα.
2786 5321 3068 5379 Editiones
3120 5321 3464 5378 Parisienses
3504 5330 3561 5378 et
3622 5339 3723 5378 se—

469 5340 750 5380 cnueinus.
797 5340 1016 5379 Interim
1060 5340 1361 5378 onservano
1401 5340 1454 5375 Ill
1488 5340 1599 5375 11110
1635 5340 1700 5374 ex
1726 5340 2009 5375 COUlCIUUS

430 5340 648 5464 rlegiis,
709 5410 870 5465 quem
923 5394 1058 5448 citat
1094 5389 2007 5465 Combelisius,_legijitt‘ésﬂoo-

2187 5340 2299 5392 (an;
2341 5340 2743 5375 Λατεαισοντα.
2786 5340 3068 5379 nunuones
3120 5340 3464 5378 rarISienses
3504 5340 3561 5378 et
3622 5340 3720 5378 se-

2128 5393 2297 5447 :unda
2331 5390 2502 5445 Basil.
2553 5393 2765 5446 addunt
2790 5393 2870 5465 tu
2895 5393 3017 5465 τῶν
3055 5392 3321 5465 οὐρανῶν,
3352 5408 3475 5465 qua:
3496 5394 3720 5465 desunt

431 5460 744 5536 ctagqme'
764 5465 1039 5536 scriptura
1068 5460 1615 5536 plur.m_i_nn_arridet
1651 5460 2005 5536 Combglisio.
2110 5464 2168 5536 in
2218 5470 2345 5536 octo
2393 5477 2526 5516 mss.
2567 5473 2622 5516 et
2670 5463 2907 5536 vetustis
2953 5460 3338 5536 editioiiibus._
3372 5462 3544 5518 Paulo
3582 5473 3719 5532 post

524 5528 897 5604 54)’Σαςρῶς.’
925 5528 1222 5604 Νοιιίιηιιιε
1257 5533 1412 5586 Harl.
1462 5540 1527 5604 et
1552 5547 1695 5604 unus
1727 5547 1794 5585 ex
1823 5528 2011 5604 Regiis

2128 5532 2265 5588 leest
2284 5533 2340 5586 in
2361 5548 2462 5604 sex
2489 5548 2621 5587 mss.
2649 5533 2922 5604 articulus
2951 5542 3082 5591 ante
3110 5531 3395 5604 οὐρανούς,
3421 5528 3598 5603 queui
3627 5542 3721 5587 ta-

427 5600 710 5660 codicibus
740 5600 999 5670 εὐσεϐῶς.
1029 5603 1160 5658 Nam
1187 5604 1423 5671 primum
1466 5602 1786 5658 adverbium
1818 5600 2008 5658 statim
2114 5618 2244 5660 men
2284 5603 2558 5659 habebant
2594 5603 2755 5660 editi.

428 5675 628 5733 lterum
661 5677 903 5731 occurrit
936 5675 1116 5730 minus
1145 5676 1440 5744 eleganter.

503 4903 621 4977 (51)
648 4901 948 4977 AémLSie
976 4900 1267 4977 Medicaeus
1305 4900 1477 4954 codex
1503 4913 1628 4953 cum
1661 4898 1837 4954 tribus
1866 4899 2008 4954 aliis.
