3876 6214
169 307 277 362 δίο

1062 303 1550 361 EPlSTOLARUM
1588 301 1877 359 CLASSIS
1914 301 1977 357 Il.
2019 296 2239 357 EPIST.
2277 298 2489 357 CXXV.

3323 297 3431 357 τις)
3450 306 3455 309 ’

244 425 301 480 5.
359 423 512 476 Ἐπεὶ
536 419 628 478 οῦν
661 422 896 478 ἐνταῦθα
928 422 996 477 τά
1029 424 1127 496 μὲν
1158 424 1294 479 ἄλλα
1324 426 1637 496 ἀρκούντως
1661 425 1755 477 καί¹

1923 422 1983 477 '5.
2015 418 2281 487 Quoniam
2331 418 2499 488 igitur
2544 415 2634 471 hic
2688 423 2886 472 cattera
2916 415 3137 488 quidem
3175 416 3334 486 plene
3376 425 3432 472 ct

169 512 420 584 ἀκριϐῶς
464 511 767 585 διώρισται,
818 514 890 567 τά
934 515 1032 584 μὲν
1067 515 1160 567 ἐπὶ
1191 514 1473 587 διορθώσει
1502 514 1609 569 τῶν
1637 514 1758 585 βλασ

170 607 403 670 ϐέντων,
436 606 506 659 τὰ
543 606 600 660 δὲ
641 609 722 670 είς
763 605 1120 678 προφυλακὴν
1148 607 1257 660 τῶν
1292 605 1756 679 προσδοκωμένων

171 697 586 767 ὑποφυήσεθαι·
638 699 669 750 ὁ
713 697 770 750 δὲ
822 698 952 769 περὶ
1003 698 1098 751 τοῦ
1144 697 1461 768 Πνεύματος
1506 697 1661 765 λόγος
1698 698 1756 750 ὲν

169 790 503 860 παραδρομῇ
553 792 753 852 κεῖται,
804 789 1064 859 οὐδεμιᾶς
1113 789 1435 859 ἐξεργασίας
1486 787 1754 853 ἀξιωθεὶς,

168 880 261 934 διὰ
307 883 369 934 τὸ
419 881 642 950 μηδέπω
685 881 806 933 τότε
856 879 1015 933 τοῦτο
1056 880 1374 949 κεκινῆσθαι
1411 880 1471 932 τὸ
1514 879 1754 950 ζήτημα,

169 973 290 1027 ἀλλ’
324 972 774 1026 ἀνεπιϐούλευτον
818 971 1144 1042 ἐνυπάρχειν
1185 975 1305 1035 ταῖς
1334 971 1442 1023 τῶν
1478 970 1759 1023 πιστευόν-

166 1081 279 1116 των
317 1064 519 1134 ψυχαῖς
551 1065 651 1135 τὴν
682 1063 808 1138 περὶ
854 1063 1019 1118 αὐτοῦ
1068 1064 1338 1118 διάνοιανο
1385 1064 1527 1117 κατά
1564 1063 1757 1134 μικρὸν

165 1154 225 1208 δὲ
270 1157 532 1227 προϊόντα
563 1156 629 1209 τὰ
676 1155 889 1227 πονηρὰ
929 1157 1028 1225 τῆς
1063 1155 1319 1219 ἀσεϐείας
1360 1156 1669 1226 σπέρματα,
1721 1152 1758 1207 ἃ

167 1246 436 1317 πρότερον
475 1247 572 1316 μὲν
613 1246 719 1300 ὑπὸ
768 1247 981 1318 Ἀρείου
1020 1247 1114 1300 τοῦ
1147 1246 1450 1317 προστάτου
1478 1246 1577 1315 τῆς
1605 1244 1757 1317 αἱρέ-

166 1354 311 1401 σεως
364 1337 697 1408 κατεϐλήθη,
749 1336 977 1409 ὕστερον
1030 1338 1086 1390 δὲ
1131 1336 1235 1389 ὑπὸ
1283 1337 1392 1390 τῶν
1436 1336 1505 1389 τὰ
1548 1336 1756 1389 ἐκείνου

165 1427 359 1491 κακῶς
389 1427 807 1497 διαδεξαμένων,
834 1428 929 1479 ἐπὶ
960 1426 1104 1498 λύμῃ
1145 1426 1252 1479 τῶν
1298 1425 1631 1495 Ἐκκλησιῶν
1674 1425 1760 1492 ἐξ·

166 1518 405 1588 ετράφη,
450 1521 543 1572 καὶ
579 1521 612 1589 ἡ
650 1518 939 1572 ἀκολουθία
980 1518 1079 1588 τῆς
1105 1519 1359 1581 ἀσεϐείας
1383 1520 1461 1580 εἰς
1488 1518 1586 1589 τὴν
1620 1516 1759 1571 κατὰ

164 1609 262 1661 τοῦ
298 1609 621 1680 Πνεύματος
662 1609 1010 1680 βλασφημίαν
1061 1610 1378 1681 ἀπέσκηψεν
1408 1610 1518 1679 (59)
1541 1625 1554 1639 ⁸
1586 1609 1757 1676 ἀναγ-

1856 519 2109 565 accurate
2139 506 2365 562 deﬁnita
2411 510 2560 571 sunt,
2589 505 2789 574 partim
2826 504 2894 558 ad
2928 503 3268 558 emendanda
3307 519 3433 573 qua:

1856 600 1985 655 ltesa
2016 600 2268 662 fuerant,
2313 598 2513 668 partim
2554 597 2620 649 ad
2653 593 3015 667 praecavenda
3054 609 3177 665 qua:
3206 594 3431 650 subori—

1855 700 1979 746 tura
2030 688 2498 761 praevidebantur;
2544 687 2798 741 doctrina
2854 692 3038 739 autem
3097 685 3165 740 de
3224 685 3433 756 Spiritu

1858 789 2051 839 sancto
2084 781 2320 836 strictim
2371 779 2546 849 posita
2571 819 2586 843 ,
2620 793 2721 833 nec
2774 777 2940 831 ullam
2989 775 3434 846 disquisitionem

1855 873 1976 928 visa
2017 873 2331 942 requirere,
2372 886 2438 926 eo
2476 869 2618 939 quod
2665 869 2909 923 nondum
2963 876 3097 921 tunc
3135 874 3281 922 esset
3321 866 3435 921 haec

1858 976 2003 1019 mota
2036 966 2295 1035 quaestio,
2331 962 2429 1019 sed
2470 959 2839 1025 sine,insidiis
2890 960 3055 1014 insita
3113 965 3259 1013 esset
3310 972 3435 1012 cre-

1857 1053 2101 1109 dentium
2132 1052 2333 1107 animis
2375 1052 2444 1107 de
2482 1052 2574 1105 illo
2608 1050 2881 1108 sententia
2912 1068 2924 1102 :
2958 1048 3220 1118 paulatim
3252 1058 3435 1101 autem

1858 1147 2164 1202 crescentia
2224 1146 2524 1216 impietatis
2559 1144 2806 1206 semina,
2842 1156 2964 1211 qum
3022 1142 3175 1214 prius
3213 1141 3435 1211 quidem
3530 1184 3535 1189 .

1859 1242 1927 1295 ab
1957 1241 2088 1294 Ario
2119 1241 2343 1295 lueresis
2391 1247 2614 1293 auclore
2640 1236 2790 1306 jacta
2816 1274 2831 1299 ,
2868 1250 3061 1305 poStea
3095 1249 3226 1289 vero
3261 1236 3330 1288 ab
3369 1236 3437 1291 iis

1858 1334 1953 1404 qui
1983 1334 2132 1387 illius
2164 1346 2382 1387 errores
2429 1330 2676 1399 improbe
2723 1336 3091 1397 exceperunt,
3133 1327 3201 1380 ad
3242 1325 3438 1381 Eccle-

1859 1424 2067 1478 siarum
2110 1422 2412 1491 perniciem
2475 1421 2720 1474 enutrita
2766 1425 2936 1482 sunt,
2969 1418 3202 1487 ipsaque
3243 1416 3440 1487 impie-

1859 1516 1991 1571 tatis
2023 1514 2195 1569 series
2227 1513 2283 1567 in
2328 1511 2725 1581 blasphemiam
2757 1515 2948 1564 contra
3001 1507 3270 1578 Spiritum
3304 1524 3437 1562 eru-

1863 1607 1977 1677 pit;
2036 1612 2328 1675 prOpterea
2378 1600 2646 1656 adversus
2680 1615 2812 1663 eos,
2870 1599 2966 1669 qui
3019 1598 3265 1668 sibiipsis
3325 1615 3437 1654 non

164 1703 325 1753 καῖον
383 1700 521 1771 πρὸς
586 1702 713 1764 τοὺς
775 1703 849 1772 μὴ
925 1700 1274 1771 φειδομένους
1325 1700 1565 1763 ἑαυτῶν,
1627 1699 1759 1770 μηδὲ

1864 1704 2129 1767 parcunt,
2165 1708 2343 1764 neque
2391 1692 2737 1747 inevitabiles
2770 1690 2950 1745 minas
3001 1705 3032 1744 a
3074 1688 3309 1744 Domino
3337 1705 3439 1744 no-

162 1786 591 1858 προορωμένους
613 1789 711 1858 τὴν
731 1787 972 1856 ἄφυκτον
1000 1788 1251 1860 ἀπειλὴν,
1283 1790 1349 1859 ἢν
1377 1792 1488 1851 τοῖς
1516 1787 1759 1859 βλασφη-

167 1879 366 1953 μοῦσιν
396 1881 477 1943 είς
504 1880 565 1932 τὸ
594 1881 818 1950 Πνεῦμα
849 1880 908 1933 τὸ
938 1881 1131 1951 ἆγιονὸ
1158 1881 1362 1950 Κύριος
1391 1881 1547 1952 ἡμῶν
1584 1884 1756 1935 ἐπαν-

170 1968 427 2020 ετείνατο
480 1967 621 2038 (60),
672 1971 847 2021 ἐκεῖνο
907 1972 1242 2042 προτείνειν,
1282 1971 1365 2023 ὅτι
1413 1970 1517 2041 χρὴ
1566 1972 1761 2035 αὐτοὺς

164 2058 592 2129 ἀναθεματίζειν
633 2061 758 2124 τοὺς,
803 2059 1060 2129 λέγοντας
1104 2062 1310 2132 κτίσμα
1338 2062 1399 2114 τὸ
1442 2061 1665 2132 Πνεῦμα
1699 2061 1761 2114 τὸ

164 2150 348 2218 ἅγιον,
386 2150 637 2214 καὶτοὺς
681 2151 934 2215 νοοῦντας
980 2151 1143 2218 οὕτω,
1178 2153 1428 2217 καὶτοὺς
1470 2153 1543 2223 μὴ
1573 2153 1762 2222 ὁμολο-

160 2241 406 2310 γοῦντας
434 2242 567 2295 αὐτὸ
596 2241 757 2311 φύσει
791 2242 946 2311 ἅγιον
976 2239 1136 2307 εἶναι,
1165 2244 1241 2306 ὡς
1269 2243 1383 2296 ἔστι
1417 2243 1575 2312 φύσει
1607 2244 1761 2312 ἆγιος

162 2334 193 2385 ὁ
218 2332 437 2404 Πατὴρ,
466 2333 561 2387 καὶ
590 2333 749 2402 φύσει
782 2335 936 2402 ἆγιος
973 2336 1001 2388 ὁ
1028 2335 1178 2400 Υἱὸς,
1215 2333 1329 2388 ἀλλ’
1365 2334 1761 2400 ἀποξενοῦντας

163 2423 301 2477 αὐτὸ
326 2424 431 2493 τῆς
459 2422 607 2487 θείας
641 2425 737 2476 καὶ
779 2425 1057 2495 μακαρίας
1083 2425 1315 2494 φύσεως.
1372 2426 1671 2492 Ἀπόδειξις
1703 2427 1761 2480 δὲ

162 2515 258 2568 τοῦ
297 2514 470 2586 ὀρθοῦ
505 2517 852 2587 φρονήματος
875 2517 936 2570 τὸ
978 2517 1050 2589 μὴ
1094 2519 1347 2588 χωρίζειν
1387 2519 1519 2571 αὐτὸ
1551 2518 1761 2589 Πατρὸς

160 2607 261 2659 καὶ
289 2607 425 2660 Υίοῦ
460 2606 559 2677 (δεῖ
593 2608 704 2677 γὰρ
739 2610 889 2678 ἡμᾶς
940 2608 1299 2679 βαπτίζεσθαι
1340 2611 1457 2681 μὲν,
1493 2611 1569 2674 ὼς
1628 2628 1764 2682 παρ·

164 2692 444 2768 ἐλάϐομεν
468 2715 482 2729 ο
520 2699 796 2753 πιστεύειν
828 2700 908 2762 δὲ,
943 2702 1019 2762 ὡς
1066 2700 1440 2770 βαπιζόμεοα
1463 2719 1476 2732 ο
1519 2702 1761 2768 δοξάζειν

160 2788 241 2849 δὲ,
276 2789 356 2852 ὡς
392 2789 859 2861 πεπιστεύκαμεν,
910 2792 1129 2863 Πατέρα
1157 2794 1250 2845 καὶ
1298 2791 1427 2844 Υίὸν
1461 2793 1558 2844 καὶ
1606 2790 1760 2858 άγιον

167 2881 447 2952 Πνεῦμα),
492 2883 822 2953 ἀφίστασθαι
862 2883 920 2937 δὲ
952 2885 1052 2955 τῆς
1093 2884 1372 2948 κοινωνίας
1418 2884 1524 2938 τῶν
1558 2884 1763 2954 κτίσμα

162 2973 475 3042 λεγόντων,
533 2974 609 3037 ὡς
674 2973 924 3046 φανερῶς
988 2974 1448 3046 βλασφημούντων
1472 2991 1486 3006 ⁸
1549 2975 1758 3029 ἐκείνου

161 3065 647 3136 διωμολογημένον
685 3066 980 3137 (ἀναγκαία
1010 3066 1120 3137 γὰρ
1160 3069 1193 3139 ἡ
1237 3052 1633 3138 ὲπίσημείωσις
1675 3066 1761 3121 διὰ

164 3157 297 3220 τοὺς
338 3158 740 3225 συκοφάντας),
792 3158 874 3210 ὄτι
918 3156 1042 3211 οὕτε
1090 3159 1380 3230 ἀγέννητον
1425 3159 1654 3230 λέγομεν
1700 3159 1763 3211 τὸ

163 3246 402 3318 Πνεῦμα
438 3248 500 3301 τὸ
545 3249 729 3318 ἅγιονο
765 3248 861 3303 ἕνα
911 3249 1021 3321 γὰρ
1064 3250 1283 3320 οἴδαμεν
1327 3251 1620 3323 ἀγέννητον
1668 3252 1763 3304 καὶ

168 3342 306 3413 μίαν
354 3343 466 3394 τῶν
517 3342 687 3396 ὄντων
735 3343 944 3416 ἀρχὴν,
992 3343 1080 3397 τὸν
1134 3344 1354 3416 Πατέρα
1400 3344 1491 3398 τοῦ
1551 3346 1759 3416 Κυρίου

165 3435 330 3506 ἡμῶν
380 3435 554 3505 Ἰησοῦ
594 3436 829 3502 Χριστοῦ
850 3453 864 3467 ’
898 3435 1024 3489 οὔτε
1057 3437 1351 3506 γεννητόν⁹
1396 3436 1491 3488 ἕνα
1525 3437 1634 3507 γὰρ
1669 3454 1765 3506 μο-

164 3526 365 3593 νογενῆ
409 3528 468 3578 ἐν
512 3528 574 3596 τῇ
621 3526 919 3597 παραδόσει
951 3529 1050 3598 τῆς
1086 3528 1330 3590 Πίστεως
1369 3526 1758 3597 δεδιδάγμεθα*

164 3616 229 3668 τὸ
278 3616 338 3668 δε
391 3614 618 3685 Πνεῦμα
656 3616 753 3685 τῆς
806 3615 1064 3687 ἀληθείας
1096 3618 1159 3668 ὲκ
1204 3615 1296 3669 τοῦ
1344 3616 1557 3687 Πατρὸς
1600 3618 1764 3671 ἐκπο-

169 3705 432 3779 ρεύεσθαι
470 3706 828 3777 διδαχθέντες,
879 3711 944 3761 ἐκ
976 3707 1069 3760 τοῦ
1114 3707 1249 3760 Θεοῦ
1294 3703 1432 3761 εἶναι
1474 3707 1764 3777 ὁμολογοῦ-

172 3815 276 3870 μεν
313 3798 607 3861 ἀκτίστως.
665 3797 1107 3869 Ἀναοεματίζειν
1138 3798 1191 3851 δὲ
1233 3798 1326 3851 καὶ
1365 3799 1490 3862 τοὺς
1518 3798 1760 3870 λειτουρ-

169 3886 329 3956 γικὸν
383 3886 643 3954 λέγοντας
687 3888 748 3941 τὸ
795 3887 1023 3958 Πνεῦμα
1069 3888 1130 3941 τὸ
1181 3888 1369 3956 ἆγιον,
1419 3888 1493 3951 ὡς
1538 3888 1625 3941 διὰ
1662 3893 1762 3958 τῆς

168 3981 359 4049 φωνῆς
408 3978 612 4049 ταύτης
640 3980 723 4042 είς
769 3980 869 4051 τὴν
925 3978 1020 4033 τοῦ
1072 3979 1372 4050 κτίσματος
1420 3980 1763 4049 κατάγοντας

168 4072 351 4138 τάξιν.
389 4072 473 4124 Τὰ
500 4070 607 4141 γὰρ
641 4071 989 4142 λειτουργικά
1019 4070 1305 4142 πνεύματα
1333 4070 1608 4141 κτίσματα
1629 4074 1761 4143 ἡμῖν

166 4165 202 4233 ἡ
242 4163 441 4234 Γραφὴ
474 4163 812 4234 παρέδωκεν,
846 4161 1096 4224 εἰποῦσα,
1130 4162 1211 4214 ὅτι
1236 4161 1466 4228 Πάντες
1495 4162 1611 4215 εἰσὶ
1632 4166 1764 4216 κλει-

167 4254 458 4323 τουρτικὰ
505 4255 819 4322 πνεύματα
873 4257 961 4320 εις
1016 4254 1333 4307 διακονίαν
1386 4255 1759 4309 ἀποστελλό-

164 4359 343 4413 μενα.
382 4343 485 4397 Διά
525 4344 583 4397 δὲ
613 4346 740 4408 τοὺς
770 4347 945 4399 πάντα
977 4345 1266 4417 φύροντας,
1313 4346 1409 4399 καὶ
1451 4347 1524 4419 μὴ
1552 4346 1761 4416 φυλάσ-
1791 4377 1837 4432 D

171 4451 370 4498 σοντας
399 4434 501 4505 τὴν
541 4436 599 4487 ἐν
628 4438 742 4500 τοῖς
776 4435 1125 4505 Εὖαγγελίοις
1170 4435 1538 4499 διδασκαλίαν,
1589 4437 1760 4505 ἀναγ-
1801 4482 1807 4488 .

168 4526 327 4578 καίύν
356 4527 475 4578 ἐστι
502 4525 597 4577 καὶ
629 4524 788 4578 τοῦτο
815 4523 1358 4595 προσδιαστείλασθαι
1389 4550 1404 4566 ο
1427 4525 1509 4577 ὃτι
1540 4525 1760 4594 φεύγειν

166 4614 250 4668 δεῖ
284 4615 387 4666 καὶ
429 4615 558 4677 τοὺς
584 4615 682 4685 τὴν
727 4615 1049 4669 ἀκολουθίαν
1097 4618 1164 4686 ἣν
1203 4615 1522 4686 παρέδωκεν
1567 4617 1697 4686 ἡμῖν
1730 4617 1759 4668 ὁ

168 4707 383 4777 Κύριος
432 4708 842 4777 ὲναμείϐοντας,
891 4709 963 4772 ὡς
1012 4707 1261 4779 φανερῶς
1312 4708 1650 4779 μαχομένους
1691 4710 1758 4780 τῇ

168 4797 428 4867 εὐσεϐείᾳ
459 4797 571 4865 (61)
594 4813 607 4827 °
645 4799 739 4852 καὶ
782 4798 910 4852 Υίὸν
950 4799 1048 4869 μὲν
1085 4797 1488 4869 προτάσσοντας
1529 4798 1621 4851 τοῦ
1652 4799 1764 4851 Πα-

166 4890 320 4962 τρδς,
380 4889 512 4943 Υίοῦ
563 4889 620 4943 δὲ
669 4890 730 4943 τὸ
781 4890 1003 4962 Πνεῦμα
1053 4890 1115 4943 τὸ
1170 4891 1323 4958 ἆγιον
1386 4888 1760 4959 προτιθέντας.

180 4982 470 5054 ’Δκίνητον
496 4993 606 5054 γαρ
642 4983 739 5037 καὶ
780 4982 1250 5054 ἀπαρεγχείρητον
1276 4981 1569 5051 φυλάσσειν
1596 4998 1763 5053 προσ-

164 5077 293 5145 ήκει
332 5076 437 5147 τὴν
472 5075 815 5142 ἀκολουθίαν,
846 5077 913 5148 ἢν
958 5076 1017 5142 ἐξ
1063 5077 1234 5148 αὐτῆς
1267 5074 1362 5129 τοῦ
1402 5076 1609 5147 Κυρίου
1661 5075 1762 5146 τῆς

165 5168 359 5239 φωνῆς
400 5168 807 5240 παρελάϐομεν,
851 5169 1099 5233 εἰπόντος
1119 5187 1133 5200 ’
1185 5167 1608 5237 Πορευθέντες,
1644 5184 1760 5236 μα-

241 5368 362 5402 ¹⁶⁶¹⁵
394 5366 566 5424 Hebr.
606 5382 648 5434 ι,
674 5366 763 5425 14.

238 5553 353 5625 (53)
384 5550 797 5625 ΔἈρνειιεςγενιηψιενι.
829 5550 996 5607 Coisl.
1031 5558 1261 5620 uterque
1289 5559 1344 5605 et
1374 5562 1518 5604 unus
1552 5560 1618 5602 ex
1648 5544 1755 5601 Re-

165 5621 273 5692 giis
295 5621 635 5691 ἐπέσκηψεν.

237 5694 356 5765 (60)
398 5688 876 5748 Ἑσέάνετεινατο.
912 5689 1085 5746 Coisl.
1107 5689 1319 5759 primus
1355 5688 1748 5744 ἱπανετείνετο.

1859 1797 1977 1845 stro
2027 1786 2271 1858 Spiritus
2324 1785 2501 1842 sancti
2553 1782 3089 1853 blasphematoribus
3137 1783 3438 1838 intentatas

1860 1882 2244 1952 prospiciunt,
2275 1879 2412 1934 illud
2465 1877 2786 1934 necessario
2835 1875 3252 1947 pr0ponendum
3307 1886 3437 1932 est:

1859 1976 2117 2038 oportere
2171 1977 2229 2021 ut
2260 1969 2612 2023 anathemate
2668 1965 2868 2020 feriant
2900 1982 2997 2022 eos
3042 1968 3134 2038 qui
3171 1966 3436 2037 Spiritum

1861 2066 2111 2112 sanctum
2145 2058 2336 2113 dicunt
2386 2072 2511 2113 esse
2562 2067 2907 2121 creaturam,
2963 2070 3018 2113 et
3073 2074 3171 2113 eos
3221 2059 3316 2129 qui
3356 2058 3440 2113 sic

1860 2149 2139 2213 sentiunt,
2190 2155 2245 2202 et
2277 2162 2374 2202 eos
2426 2146 2520 2217 qui
2550 2161 2661 2200 non
2689 2145 3026 2201 conﬁtentur
3056 2160 3180 2200 eum
3241 2153 3441 2200 natura

1861 2249 2109 2296 sanctum
2158 2255 2315 2303 esse,
2341 2240 2486 2295 sicut
2521 2246 2722 2293 natura
2768 2249 2996 2294 sanctus
3043 2248 3128 2293 est
3160 2236 3345 2302 Pater,
3380 2245 3440 2292 et

1861 2345 2056 2388 natura
2096 2340 2325 2387 sanctus
2377 2338 2462 2387 est
2499 2328 2673 2386 Filius
2697 2371 2711 2396 ,
2738 2330 2835 2386 sed
2878 2330 3056 2402 ipsum
3099 2346 3126 2383 a
3158 2330 3342 2384 divina
3374 2344 3440 2384 ac

1859 2426 2019 2480 beata
2068 2434 2267 2479 natura
2321 2423 2657 2478 abalienant.
2710 2421 2896 2478 Recta:
2928 2430 3110 2478 autem
3148 2424 3439 2479 sententiae

1861 2523 2241 2585 argumentum
2292 2521 2415 2577 est,
2453 2514 2605 2567 illum
2641 2528 2752 2568 non
2810 2527 3069 2583 separare
3106 2527 3134 2565 a
3183 2510 3344 2567 Patre
3384 2518 3441 2567 et

1863 2607 2005 2662 Filio
2036 2608 2283 2680 (oportet
2327 2609 2472 2663 enim
2507 2622 2610 2664 nos
2662 2607 2930 2677 baptizari
2977 2606 3440 2677 quemadmodum

1850 2698 2176 2768 ‘accepimus
2208 2738 2222 2761 ,
2276 2706 2332 2754 et
2386 2697 2614 2753 credere
2682 2696 3142 2768 quemadmodum
3192 2697 3440 2768 baptiza-

1867 2805 2012 2855 mur,
2044 2789 2354 2856 gloriﬁcare
2396 2805 2528 2845 vero
2563 2791 2671 2854 ita,
2706 2800 2766 2844 ut
2796 2790 3107 2854 credimus,
3138 2787 3353 2844 Patrem
3384 2798 3440 2844 et

1863 2880 2061 2936 Filium
2092 2891 2148 2937 et
2202 2881 2468 2951 Spiritum
2500 2883 2790 2954 sanctum)
2824 2892 2988 2952 atque
3025 2885 3190 2939 etiam
3244 2885 3314 2939 ab
3344 2899 3442 2938 eo»

1862 2986 1984 3024 rum
2042 2970 2134 3040 qui
2183 2969 2447 3040 Spiritum
2497 2979 2807 3026 creaturam
2848 2972 3080 3038 dicunt,
3140 2980 3200 3027 ut
3254 2984 3444 3043 aperta

1788 3042 1832 3104 Ο
1863 3058 2361 3129 hlasphemantium
2386 3099 2402 3126 ,
2438 3061 2826 3115 communione
2857 3062 3113 3116 recedere
3142 3080 3156 3117 :
3203 3042 3309 3116 hoc
3346 3080 3443 3116 ex-

1864 3152 2077 3221 plorato
2127 3161 2197 3206 eti
2241 3154 2382 3208 citra
2439 3153 2877 3207 controversiam
2938 3162 3195 3208 manente
3264 3157 3439 3224 (nam

1862 3244 2174 3299 necessaria
2222 3252 2309 3299 est
2340 3243 2412 3298 ob
2461 3243 2830 3313 sycophantas
2871 3243 3217 3315 observatio)
3264 3260 3443 3315 neque

1864 3335 2164 3406 ingenitum
2205 3336 2314 3390 dici
2355 3350 2385 3388 a
2435 3335 2594 3390 nobis
2652 3333 2917 3405 Spiritum
2950 3344 3240 3403 santtum;
3272 3352 3440 3391 unum

1862 3428 2009 3484 enim
2063 3428 2318 3483 novimus
2354 3428 2657 3497 ingenitum
2680 3467 2694 3489 ,
2723 3435 2778 3481 et
2814 3442 2984 3480 unum
3043 3442 3225 3482 rerum
3289 3430 3443 3499 prin-

1863 3519 2067 3589 cipium
2091 3559 2107 3583 ,
2156 3517 2371 3574 Patrem
2408 3517 2625 3571 Domini
2675 3517 2849 3572 nostri
2890 3516 3023 3572 Jesu
3067 3518 3273 3575 Christi
3304 3540 3316 3575 ε
3351 3536 3443 3575 ne-

1864 3627 1971 3682 que
2025 3613 2306 3683 genitum;
2354 3627 2524 3667 unum
2577 3611 2724 3664 enim
2777 3626 2902 3666 esse
2954 3613 3334 3682 unigenitum,
3385 3614 3442 3670 in

1867 3701 1993 3756 ﬁdei
2030 3702 2324 3756 traditione
2370 3701 2714 3756 didicimus:
2764 3700 3029 3771 Spiritum
3068 3713 3248 3756 autem
3302 3703 3445 3759 veri-

1866 3793 1995 3846 tatis
2022 3806 2087 3845 ex
2117 3789 2280 3846 Patre
2311 3792 2613 3862 procedere
2641 3793 2820 3847 edocti
2842 3835 2855 3858 ,
2888 3808 2954 3847 ex
2999 3791 3112 3848 Deo
3147 3810 3270 3849 esse
3304 3811 3441 3850 con-

1863 3886 2082 3938 ﬁtentur
2149 3883 2288 3937 citra
2346 3885 2704 3939 creationem.
2763 3883 3037 3940 Praeterea
3095 3866 3444 3943 anathemate

1864 3977 2126 4044 feriendi,
2170 3979 2264 4049 qui
2321 3977 2851 4033 administratorium
2914 3979 3108 4034 dicunt
3172 3979 3440 4050 Spiritum

1863 4080 2149 4134 sanctum,
2197 4079 2258 4126 ut
2307 4072 2400 4142 qui
2456 4072 2609 4125 illum
2666 4072 2722 4127 in
2773 4082 3153 4127 creaturarum
3189 4074 3440 4129 ordinem

1864 4163 1966 4216 hac
2008 4177 2145 4218 voce
2193 4163 2508 4218 detrudam.
2542 4160 2677 4215 Nam
2729 4162 3233 4218 administratorios
3272 4163 3440 4235 spiri-

1863 4262 1954 4309 tus
2014 4262 2297 4309 crcaturas
2332 4269 2455 4310 esse
2504 4256 2666 4310 nobis
2718 4254 2944 4309 tradidit
2986 4252 3311 4323 Scriptura,
3344 4255 3440 4309 ubi

1864 4343 2053 4398 dicit:
2115 4343 2306 4399 Omnes
2358 4353 2485 4398 sunt
2542 4344 2992 4399 administratorii
3060 4346 3326 4413 spiritus,
3386 4349 3442 4400 in

1866 4433 2218 4486 ministerium
2245 4433 2394 4487 missi
2414 4431 2552 4489 ¹⁸·¹⁸.
2570 4430 2812 4502 Denique
2829 4440 3051 4503 pr0pter
3080 4448 3175 4488 eos
3195 4433 3289 4503 qui
3318 4448 3440 4488 om-

1864 4524 1955 4577 nia
1984 4524 2350 4593 permiscent,
2391 4540 2492 4580 nec
2527 4522 2836 4579 doctrinam
2869 4525 2923 4578 in
2966 4523 3279 4594 Evangeliis
3309 4526 3444 4579 reli-

1865 4625 2006 4669 ctam
2062 4616 2223 4686 217
2265 4617 2615 4683 custodiunt,
2656 4631 2884 4671 necesse
2922 4624 3006 4673 est
3060 4617 3164 4672 hoc
3219 4634 3444 4688 quoque

1866 4705 2170 4773 declarare,
2207 4723 2301 4763 cos
2324 4709 2486 4762 etiam
2532 4709 2625 4779 qui
2657 4708 2904 4762 ordinem
2946 4709 3107 4765 nobis
3148 4725 3177 4763 a
3210 4709 3444 4765 Domino

1866 4797 2132 4853 traditum
2195 4799 2507 4864 invertunt,
2565 4812 2619 4855 et
2660 4799 2857 4855 Filiqu
2910 4811 3040 4857 ante
3092 4801 3351 4866 Patrem,
3391 4812 3445 4857 et

1870 4889 2135 4959 Spiritum
2165 4900 2412 4946 sanctum
2443 4900 2567 4946 ante
2609 4889 2808 4946 Filium
2861 4894 3173 4963 collocant,
3223 4893 3444 4964 fugien-

1868 4982 1971 5038 dos
2017 4998 2178 5050 esse,
2224 4992 2284 5038 ut
2331 4985 2426 5055 qui
2478 4993 2668 5054 aperte
2724 5000 2848 5039 cum
2906 4986 3112 5056 pietate
3173 4995 3440 5058 pugnent.

1866 5071 2131 5131 lmmotus
2169 5075 2315 5130 enim
2357 5083 2411 5129 et
2456 5074 2790 5131 inviolabilis
2836 5077 3233 5133 custodiendus
3263 5077 3398 5130 ordo
3424 5116 3440 5142 ,

1865 5182 2031 5239 quem
2058 5182 2127 5223 ex
2171 5167 2293 5239 ipsa
2342 5166 2557 5225 Domini
2600 5180 2737 5223 voce
2778 5168 3043 5223 traditum
3078 5168 3440 5240 accepimus.

1863 5616 1892 5671 θ
1931 5546 2045 5669 ἕω)
2084 5546 2158 5616 Τῇ
2184 5546 2479 5614 ἐυσεϐείᾳ.
2512 5546 2591 5601 Ita
2629 5559 2826 5601 novem
2858 5550 2997 5600 is.
3037 5538 3182 5596 Editi
3218 5541 3285 5612 τῇ
3307 5538 3438 5610 ἀλη-

1898 5635 1921 5671 ε
1950 5635 2003 5671 α.

1898 5635 2003 5689 ειᾳ.
