3868 6218
428 286 541 344 £63

1715 293 1771 349 S.
1815 290 2062 348 BASILII
2100 292 2315 353 MAGNI

3596 292 3694 357 561i

436 413 557 482 ipse
586 427 617 466 a
658 418 848 468 nostra
881 411 1272 470 communione
1303 413 1564 483 abscidit,
1589 431 1767 486 neque
1795 416 1850 471 in
1882 431 2015 471 con-

2128 419 2183 484 it;
2226 421 2348 474 καθ’
2382 421 2542 493 ἡμῶν
2587 423 2891 496 συνέγραψε
2932 423 3399 495 διαπεμψάμενος.
3443 423 3555 495 Τῆς
3598 424 3693 495 μὲν

437 506 693 559 stitutum
717 505 899 561 locum
920 507 1219 562 convenire
1247 507 1539 564 nobiscum
1571 509 1626 564 in
1661 508 1905 563 animum
1934 509 2017 562 in-

437 598 674 663 ducens,
721 614 902 668 neque
950 597 1254 670 discipulos
1283 615 1414 656 suos
1448 599 1752 664 adducens,
1798 609 1859 656 ut
1891 617 2018 672 pro-

438 690 709 746 miserat:
745 690 843 747 sed
890 707 978 747 me
1025 692 1337 747 dilacerans
1382 706 1494 748 una
1537 708 1663 747 cum
1711 692 2016 764 Theophilo

439 782 613 837 Cilice
671 782 730 837 in
779 782 1242 852 frequentissimis
1299 786 1704 853 conventibus,
1759 787 1906 841 nuda
1963 794 2018 841 et

440 883 630 944 aperta
664 875 1067 939 criminatione,
1119 882 1180 930 ut
1211 875 1390 931 aliena
1434 876 1505 931 ab
1548 876 1726 947 ipsius
1765 876 2018 932 doctrina

440 966 630 1036 populi
672 966 874 1023 animis
921 968 1178 1039 dogmata
1222 968 1581 1025 inserentem.
1627 966 1753 1023 Haec
1796 967 2018 1039 quidem

442 1061 582 1116 satis
607 1076 801 1132 magna
823 1069 1002 1127 erant,
1033 1069 1092 1116 ut
1117 1068 1364 1117 nostram
1392 1077 1608 1117 onmem
1634 1078 1759 1116 cum
1788 1078 1853 1116 eo
1886 1077 2020 1115 con-

438 1153 782 1221 junCIionem
826 1154 1167 1210 dirimerent.
1205 1154 1502 1224 Postquam
1536 1169 1667 1208 vero
1699 1161 1753 1208 et
1789 1154 1844 1207 in
1884 1154 2019 1208 Cili-

443 1247 586 1300 ciam
620 1248 794 1312 venit,
825 1258 989 1319 atque
1020 1247 1297 1304 Gelasium
1327 1247 1620 1320 quemdam
1656 1247 2015 1309 conveniens,

446 1339 624 1393 eidem
654 1339 811 1395 ﬁdem
845 1342 1122 1411 exposuit,
1165 1358 1331 1412 quam
1368 1340 1720 1397 conscribere
1750 1348 1870 1395 erat
1901 1339 2019 1394 Arii

447 1431 641 1498 solius,
674 1441 728 1487 et
754 1434 800 1489 si
838 1437 961 1503 quis
991 1448 1287 1504 germanus
1335 1434 1485 1489 illius
1524 1433 1866 1503 discipulus;
1904 1440 2019 1486 tum

447 1520 665 1577 demum
707 1527 879 1595 magis
911 1527 1078 1581 etiam
1129 1526 1184 1580 in
1214 1526 1585 1595 disiunctione
1611 1523 1884 1580 oblirmati
1928 1539 2022 1578 su—

447 1631 601 1682 mus,
632 1617 768 1673 illud
800 1620 988 1675 animo
1009 1621 1441 1687 considerantes,
1487 1636 1668 1693 neque
1705 1619 2019 1691 Ethiopem

447 1711 643 1780 pellem
666 1727 821 1767 suam
848 1730 1086 1785 unquam
1116 1724 1480 1780 mutaturum,
1500 1730 1676 1786 neque
1697 1715 2017 1785 pantheram

448 1804 697 1861 maculas
725 1821 856 1861 suas
881 1808 925 1839 ³⁸
951 1850 967 1874 ,
998 1822 1179 1877 neque
1210 1807 1488 1863 hominem
1521 1808 1578 1861 in
1613 1807 1891 1878 perversis
1923 1822 2022 1861 nu-

446 1895 641 1950 tritum
669 1895 1024 1967 dogmatibus
1059 1897 1288 1954 haeresis
1321 1898 1515 1952 vitium
1543 1899 1793 1955 deterere
1836 1914 2018 1970 posse.

517 2074 574 2128 2.
634 2073 732 2129 His
783 2072 959 2128 audax
990 2071 1203 2129 facinus
1234 2072 1476 2140 addidit,
1534 2079 1596 2127 ut
1642 2073 1695 2126 in
1726 2088 1832 2131 nos
1881 2072 2022 2128 scri-

447 2171 602 2226 beret
665 2167 755 2223 vel
813 2164 994 2237 potius
1068 2170 1421 2234 componeret
1492 2164 1682 2234 longos
1743 2178 2024 2218 sermones

449 2265 598 2322 omni
628 2261 881 2317 convicio
903 2309 906 2312 .
932 2273 999 2314 ac
1023 2257 1298 2314 calumnia
1328 2255 1560 2311 refertos
1591 2271 1613 2311 :.
1654 2256 1856 2326 quibus
1887 2257 2024 2310 nihil

448 2353 833 2425 respondimus
872 2352 1138 2406 hactenus
1164 2389 1178 2414 ,
1216 2356 1504 2419 propterea
1535 2348 1680 2418 quod
1713 2348 1891 2402 edocti
1936 2364 2025 2401 su-

449 2465 575 2504 mus
618 2446 688 2503 ab
746 2444 1009 2515 Apostolo
1070 2457 1179 2497 non
1233 2441 1601 2510 nosmetipsos
1647 2439 1874 2502 ulcisci,
1929 2440 2023 2494 sed

448 2543 632 2596 locum
671 2539 767 2593 ira:
806 2537 939 2592 dare
966 2536 1051 2602 '9;
1081 2541 1199 2587 tum
1246 2533 1410 2586 etiam
1440 2533 1569 2601 quia
1608 2546 1733 2585 cum
1768 2529 2025 2585 conside-

450 2645 701 2688 raremus
735 2625 1194 2683 dissimulationis
1248 2622 1602 2694 profundum,
1637 2637 1746 2693 qua
1776 2636 1898 2677 sese
1926 2637 2027 2677 no-

2117 512 2212 570 οὖν
2241 515 2529 580 κοινωνίας
2560 516 2719 588 ἡμῶν
2760 517 2922 580 αὐτὸς
2966 515 3279 590 ἀπέρρηξεν
3314 516 3528 580 ἑαυτὸν,
3560 521 3693 587 μήτε

2120 608 2261 663 κατὰ
2290 609 2382 663 τὸν
2415 609 2721 682 ὡρισμένον
2747 610 2910 664 τόπον
2931 608 3261 680 συνδραμεῖν
3309 609 3442 678 ἡμῖν
3468 607 3695 676 ἀνασχόα

2122 715 2304 769 μενος,
2336 700 2472 770 μήτε
2501 701 2627 763 τοὺς
2655 698 2905 769 μαθητὰς
2940 698 3134 751 ἑαυτοῦ
3170 696 3527 768 παραγαγὼν,
3559 698 3695 765 ὅπερ

2122 792 2388 863 ὑπέσχετο
2410 806 2424 821 ⁶
2454 791 2593 846 ἀλλά
2634 792 2731 845 καὶ
2755 792 2904 863 ἡμᾶς
2932 789 3260 861 στηλιτεύων
3291 792 3348 843 ὲν
3396 789 3695 860 πανδήμοις

2123 886 2395 949 συνόδοις,
2441 884 2582 957 μετά
2613 883 2709 938 τοῦ
2757 884 2983 948 Κίλικος
3028 882 3290 953 Θεοφίλου
3319 920 3334 945 ,
3376 883 3557 951 γυμνῇ
3601 879 3697 932 ml.

2120 976 2571 1049 ἀπαρακαλύπτῳ
2596 979 2660 1048 τῇ
2700 975 3039 1049 βλασφημίᾳ,
3063 976 3141 1038 ὡς
3170 973 3423 1045 ἀλλότρια
3443 973 3543 1043 τῆς
3567 971 3695 1024 ἑαυ-

2119 1071 2215 1126 τοῦ
2245 1072 2320 1145 (4)
2368 1071 2715 1134 διδασκαλίας
2761 1073 2885 1133 ταῖς
2933 1070 3134 1139 ψυχαῖς
3173 1068 3267 1122 τοῦ
3305 1067 3437 1121 λαοῦ
3480 1065 3696 1120 ὲνσπεε-

2127 1180 2325 1235 ραντας
2350 1161 2621 1233 δόγματα.
2656 1160 2835 1215 Ἱκανὰ
2858 1160 2957 1232 μὲν
2985 1156 3079 1214 οὖν
3108 1155 3178 1231 ἦν
3202 1156 3488 1213 καὶταῦτα
3519 1159 3699 1210 πᾶσαν

2121 1255 2279 1327 ἡμῶν
2304 1254 2403 1327 τὴν
2423 1255 2560 1325 πρὸς
2597 1252 2762 1307 αὐτὸν
2788 1251 3086 1322 συνάφειαν
3109 1249 3362 1304 διαλῦσαι
3384 1248 3482 1319 (5).
3520 1248 3699 1301 Ἐπει-

2121 1348 2187 1420 δὴ
2211 1348 2268 1401 δὲ
2294 1347 2391 1402 καὶ
2418 1348 2499 1411 είς
2531 1346 2787 1400 Κιλικίαν
2815 1344 3006 1410 ἐλθὼν,
3031 1344 3127 1397 καὶ
3157 1340 3434 1411 συντυχὼν
3458 1338 3698 1408 Γελασίῳ

2119 1440 2249 1504 τινὶ,
2282 1437 2467 1492 πίστιν
2500 1437 2650 1509 αὐτῷ
2694 1436 2929 1504 ἐξέθετο,
2970 1436 3038 1507 ἣν
3071 1435 3234 1505 μόνου
3264 1432 3338 1505 (6)
3387 1428 3456 1503 ἦν
3490 1430 3725 1502 Ἀρείου.

2125 1531 2459 1604 συγγράψαι,
2492 1531 2586 1586 καὶ
2619 1530 2673 1584 εί
2700 1547 2784 1594 τις
2813 1528 2979 1583 αὑτοῦ
3004 1528 3229 1598 γνήσιος
3263 1522 3543 1595 μαθητής·
3577 1521 3698 1575 τότε

2121 1625 2185 1697 δὴ
2235 1625 2331 1678 καὶ
2382 1624 2544 1678 πλέον
2591 1622 2729 1695 πρὸς
2776 1622 2869 1675 τὸν
2914 1619 3193 1692 χωρισμὸν
3249 1614 3696 1684 ὲϐεὸαιώθημενο

2122 1716 2489 1787 λογισάμενοι,
2526 1717 2609 1769 ὅτι
2646 1713 2768 1767 οὔτε
2796 1711 2990 1781 Αίθίοψ
3026 1709 3245 1774 ἀλλάξει
3274 1708 3405 1761 ποτὲ
3437 1706 3499 1760 τὸ
3527 1706 3702 1776 δέρμα

2122 1805 2313 1871 αὐτοῦ,
2337 1805 2462 1859 οὕτε
2493 1803 2758 1876 πάρδαλις
2787 1801 2859 1855 τά
2895 1800 3229 1870 ποικίλματα
3266 1796 3466 1867 αὐτῆς,
3514 1794 3641 1847 οὔτε
3673 1796 3701 1847 ό

2122 1903 2181 1954 ὲν
2225 1899 2572 1970 διαστρόφοις
2618 1896 2855 1966 δόγμασι
2921 1892 3247 1964 συντραφεὶς
3295 1886 3702 1959 ἀποτρίψασθαι

2122 1991 2346 2046 δύναται
2374 1990 2437 2043 τὸ
2474 1988 2643 2043 κακὸν
2677 1987 2780 2058 τῆς
2813 1985 3101 2059 αἱρέσεως.

2192 2084 2248 2139 2.
2314 2080 2792 2136 Ἐπενεανιεύσατο
2831 2078 2889 2132 δὲ
2929 2076 3140 2140 τούτοις
3180 2075 3275 2129 καὶ
3311 2073 3530 2146 γράψας
3579 2069 3703 2124 καθ’

2124 2176 2300 2249 ἡμῶν,
2327 2174 2525 2247 μᾶλλον
2552 2173 2610 2226 δὲ
2630 2170 2950 2243 συγγράψας
2975 2169 3050 2240 (7)
3079 2168 3271 2237 λόγους
3314 2166 3560 2238 μακροὺς
3605 2163 3708 2217 πά-

2127 2287 2227 2341 σης
2248 2268 2514 2341 λοιδορίας
2547 2267 2644 2321 καὶ
2688 2264 3046 2333 συκοφαντίας
3086 2263 3390 2333 γέμοντας·
3444 2258 3590 2329 ὑπὲρ
3633 2253 3707 2311 ὧν

2124 2361 2279 2416 οὐδὲν
2307 2357 2722 2431 ἀπεκρινάμεθα
2752 2357 2909 2421 τέως,
2958 2355 3048 2410 διὰ
3100 2355 3163 2408 τὸ
3213 2352 3529 2424 διδαχθῆναι
3554 2350 3711 2421 παρά

2125 2453 2219 2507 τοῦ
2272 2451 2616 2516 Ἀποστόλου,
2653 2450 2729 2522 μὴ
2776 2448 3000 2512 ἑαυτοὺς
3035 2447 3289 2511 ἐκδικεῖν,
3334 2445 3470 2499 ἀλλὰ
3506 2444 3711 2497 διδόναι

2124 2543 2287 2599 τόπον
2316 2545 2383 2617 τῇ
2414 2544 2582 2616 ὀργῇ·
2631 2542 2727 2595 καὶ
2768 2542 2886 2611 ἅμα
2926 2542 3275 2612 ὲννοήσαντες
3306 2539 3367 2592 τὺ
3397 2537 3561 2607 βάθος
3610 2536 3711 2596 τῆς

2127 2635 2492 2706 ὑποκρίσεως,
2530 2632 2651 2704 μεθ’
2678 2627 2746 2705 ἧς
2772 2631 2951 2684 πάντα
3000 2630 3092 2683 τὸν
3134 2629 3325 2701 χρόνον
3367 2629 3501 2698 ἡμῖν
3540 2639 3713 2697 προσ-

449 2728 542 2785 bis
569 2724 719 2782 omni
769 2732 1018 2794 tempore
1049 2721 1388 2785 insinuavit,
1424 2720 1561 2774 muti
1599 2718 1836 2789 quodam
1865 2718 2023 2772 modo

2128 2726 2363 2798 ηνέχθη,
2401 2725 2610 2796 ἀφασία
2638 2725 2747 2777 τινὶ
2786 2724 2878 2777 ὑπ’
2913 2721 3229 2792 ἐκπλήξεως
3273 2717 3715 2790 κατεσχέοημεν.

453 2833 570 2890 pra:
622 2824 844 2887 stupore
897 2813 1078 2869 elIecti
1133 2826 1344 2869 sumus.
1395 2809 1595 2866 Verum
1640 2810 1855 2866 etiamsi
1892 2810 2023 2865 nihil

2129 2819 2193 2871 Εί
2225 2818 2284 2870 δὲ
2312 2818 2407 2871 καὶ
2436 2816 2603 2888 μηδὲν
2637 2811 2706 2888 ἦν
2751 2815 2998 2879 ἐκείνων,
3040 2813 3102 2867 τὸ
3137 2813 3374 2881 ὑπόγυον
3423 2810 3608 2872 τοῦτο,
3654 2809 3715 2862 τὸ

455 2914 655 2964 horum
698 2917 886 2970 esset,
926 2907 978 2961 id
1016 2904 1160 2977 quod
1201 2920 1396 2960 recens
1444 2919 1614 2961 ausus
1663 2912 1769 2969 est,
1810 2903 2023 2958 cuinam

2128 2910 2394 2984 τολμηθὲν
2423 2909 2593 2983 αὐτῷ,
2626 2909 2732 2963 τίνι
2765 2910 2866 2962 οὐκ
2893 2910 2959 2962 ἂν
2989 2907 3192 2979 φρίκην
3233 2906 3328 2960 καὶ
3359 2905 3715 2975 ἀποστροφὴν

456 3004 740 3056 horrorem
776 3010 831 3054 et
878 3000 1114 3053 hominis
1156 2997 1575 3053 detestationem
1647 2996 1866 3067 penitus
1917 3012 2023 3049 non

2131 3003 2371 3076 παντελῆ
2413 3001 2513 3058 τοῦ
2558 3002 2750 3074 ἀνδρὸς
2796 3001 3145 3071 Eveniat-quax];
3185 3000 3244 3063 ὃς
3280 3016 3366 3068 γε,
3421 2998 3499 3062 ὡς
3528 2997 3714 3051 ἀκούω

456 3092 788 3165 iageneret?
841 3090 943 3158 Qui
986 3090 1238 3145 videlicet
1272 3096 1332 3143 ut
1360 3089 1524 3144 audio
1551 3087 1621 3158 (si
1658 3088 1821 3143 modo
1863 3103 2023 3142 verus

2135 3097 2269 3166 (εἴγε
2296 3096 2499 3168 ἀληθὴς
2534 3098 2563 3150 ό
2594 3095 2771 3164 λόγος,
2803 3094 2898 3148 καὶ
2940 3094 3015 3164 μὴ
3048 3092 3275 3163 πλάσμα
3304 3090 3454 3144 ἐστὶν
3479 3090 3577 3142 ἐπὶ
3605 3089 3716 3140 δια-

455 3198 683 3248 rumor,
735 3197 839 3238 nec
895 3188 1263 3237 commentum
1308 3191 1395 3235 est
1444 3179 1514 3234 ad
1544 3179 1874 3234 calumniam
1935 3194 2023 3233 ex-

2133 3188 2262 3260 6ολῇ
2294 3186 2585 3259 συντεθὲν),
2616 3187 2699 3241 ὅτι
2728 3186 2824 3240 καὶ
2853 3182 3334 3257 ἀναχειροτονῆσαί
3375 3198 3528 3245 τινας
3568 3179 3717 3234 ὲτόλ-

454 3274 839 3347 cogitatum),
901 3273 1064 3328 etiam
1131 3271 1450 3328 reordinare
1498 3271 1795 3325 nonnullos
1861 3285 2023 3326 ausus

2135 3297 2327 3353 μησεν,
2360 3279 2388 3333 ὃ
2419 3279 2580 3351 μέχρι
2607 3279 2846 3350 σήμερον
2875 3277 3052 3340 οὐδεὶς
3094 3274 3201 3329 τῶν
3227 3272 3521 3345 αἰρετικῶν
3556 3274 3715 3342 ποιή-

453 3364 768 3437 est,.q-uod
818 3365 1082 3420 hactenus
1133 3364 1201 3418 ab
1246 3362 1627 3417 haereticorum
1688 3360 1906 3414 nemine
1953 3358 2023 3413 fa-

2135 3387 2235 3433 σας
2270 3369 2541 3439 φαίνεται.
2580 3367 2707 3431 Πῶς
2735 3364 2829 3422 οὖν
2860 3366 3082 3420 δυνατὸν
3112 3365 3304 3437 πράως
3338 3364 3526 3433 φέρειν
3569 3364 3717 3435 ἡμᾶς

355 3478 367 3497 ο
455 3469 608 3515 ctum
666 3458 902 3514 videtur.
960 3455 1247 3523 Quomodo
1305 3470 1437 3527 ergo
1490 3455 1607 3509 haec
1652 3453 1848 3509 leniter
1892 3453 2023 3508 ferre

2131 3461 2202 3516 τὰ
2232 3459 2477 3526 τοιαῦτα,
2513 3461 2608 3514 καὶ
2649 3458 2841 3530 ίάσιμα
2869 3454 3009 3512 εἶναι
3039 3455 3279 3529 νομίζειν
3314 3456 3408 3510 τοῦ
3432 3455 3632 3526 ἀνδρὸς
3654 3454 3718 3507 τὰ

457 3551 772 3622 possimus,
828 3556 882 3605 et
945 3548 1215 3604 sanabilia
1268 3546 1509 3602 hominis
1568 3552 1794 3616 peccata
1842 3544 2035 3600 existi-

459 3643 656 3699 mare?
713 3640 902 3712 Itaque
932 3639 1282 3696 sermonibus
1336 3637 1491 3695 falsis
1531 3652 1600 3693 ne
1642 3636 1990 3692 abducamini
2015 3674 2033 3701 ,

458 3749 642 3805 neque
688 3733 971 3789 hominum
999 3730 1159 3786 facile
1192 3729 1358 3800 223
1385 3730 1568 3784 omnia
1598 3728 1883 3783 inmalam
1911 3743 2036 3797 par-

456 3834 569 3882 tem
617 3824 1003 3895 accipientium
1056 3822 1467 3892 suspicionibus
1514 3821 1674 3875 tidem
1706 3820 2033 3884 adhibeatis,

458 3917 623 3992 quasi
654 3933 756 3973 nos
797 3932 886 3971 res
926 3914 1237 3984 hujusmodi
1300 3914 1353 3966 in
1400 3912 1834 3968 indili‘erentibus
1866 3927 2037 3982 pona-

459 4023 606 4063 mus.
642 4006 759 4063 Hoc
783 4008 928 4061 cnim
967 4005 1063 4060 tibi
1096 4002 1459 4074 persuadeas,
1497 4004 1582 4056 vir
1628 4002 1790 4058 nobis
1821 4000 2038 4057 deside-

461 4101 743 4156 ratissime
797 4114 862 4152 ac
914 4097 1322 4159 colendissime,
1369 4109 1650 4165 nunquam
1681 4110 1767 4150 me
1822 4101 2036 4147 tantum

2136 3552 2542 3623 ἀμαρτήματα;
2566 3550 2659 3622 Μὴ
2687 3551 2868 3605 τοίνυν
2898 3549 3118 3620 ψευδέσι
3150 3549 3331 3617 λόγοις
3373 3546 3717 3616 παράγεσθε.

2139 3643 2274 3714 μηδὲ
2303 3640 2579 3706 ὑπονοίαις
2607 3640 2819 3714 ἀνδρῶν
2874 3642 3048 3695 πάντα
3095 3638 3332 3702 εὐκόλως
3358 3638 3498 3710 πρὸς
3530 3638 3597 3691 τὸ
3622 3653 3722 3691 κα-

2135 3736 2231 3790 κὸν
2272 3734 2721 3806 ὲκλαμδανόντων
2767 3732 3041 3798 πείθεσθε,
3077 3732 3154 3796 ὼς
3200 3732 3310 3803 ἄρα
3367 3732 3532 3801 ἡμεῖς
3564 3729 3720 3783 ἁδιάο

2137 3845 2278 3900 φορα
2311 3829 2385 3900 (8)
2417 3828 2680 3900 τιθέμεθα
2713 3827 3047 3881 τὰτοιαῦτα.
3091 3825 3332 3877 Γίνωσκε
3368 3822 3502 3893 γὰρ,
3536 3823 3724 3878 ποθει-

2138 3920 2327 3973 νότατε
2361 3921 2491 3991 ἡμῖν
2525 3919 2621 3973 καὶ
2649 3916 2965 3989 τιμιώτατε,
3007 3916 3089 3970 ὅτι
3123 3913 3276 3967 οὔπω
3306 3908 3423 3966 οἶδα
3466 3910 3725 3965 τοσοῦτον

2139 4017 2336 4080 πένθος
2377 4014 2562 4070 ἄλλοτε
2616 4016 2683 4084 τῇ
2747 4011 2892 4082 ψυχῇ
2949 4027 3051 4081 μου
3081 4006 3551 4081 παραδεξάμενος,
3601 4007 3727 4059 ὅσον

2139 4108 2256 4176 νῦν,
2298 4109 2387 4162 ὅτε
2420 4109 2631 4180 ἤκουσα
2676 4106 2785 4159 τῶν
2838 4103 3309 4176 ὲκκλησιαστικῶν
3358 4098 3584 4171 θεσμῶν
3630 4099 3727 4169 τὴν

459 4193 670 4248 doloris
693 4191 879 4246 animo
907 4204 1031 4245 meo
1065 4200 1351 4260 acceptum
1387 4188 1549 4250 scire,
1573 4194 1837 4257 quant-um
1867 4200 2023 4240 nunc.

2142 4199 2421 4270 σύγχυσιν.
2462 4197 2628 4255 Ἀλλὰ,
2659 4198 2820 4268 μόνον
2852 4197 3034 4268 εὔχου,
3075 4196 3161 4248 ἵνα
3203 4193 3314 4264 δῴη
3369 4193 3501 4262 ἡμῖν
3539 4193 3571 4245 ὁ
3618 4190 3729 4241 Κύ-

461 4301 591 4340 cum
622 4284 692 4340 de
728 4281 1225 4338 ecclesiasticarum
1268 4280 1445 4351 legum
1500 4278 1910 4349 perturbatione
1951 4292 2023 4331 au

2145 4308 2258 4363 ριος
2293 4289 2459 4361 μηδὲν
2487 4289 2629 4343 κατά
2662 4287 2831 4359 θυμὸν
2861 4288 3123 4358 ἐνεργεῖν,
3156 4283 3270 4337 ἀλλ’
3298 4282 3443 4352 ἔχειν
3469 4280 3573 4351 τὴν
3595 4279 3731 4346 ἀγά-

460 4377 595 4434 divi.
658 4374 769 4430 Sed
815 4374 991 4429 solum
1042 4387 1305 4443 precare,
1350 4379 1413 4425 ut
1459 4370 1550 4425 det
1589 4370 1747 4425 nobis
1776 4368 2023 4423 Dominus

2145 4399 2275 4454 πην,
2311 4383 2433 4453 ἥτις
2475 4381 2576 4434 οὐκ
2612 4380 2932 4451 ἀσχημονεῖ.
2976 4379 3038 4430 οὐ
3082 4374 3389 4446 φυσιοῦται.
3434 4372 3585 4442 Ὅρα
3622 4370 3730 4439 γὰρ

462 4469 601 4526 nihil
631 4483 696 4525 ex
727 4465 1010 4523 iractmdia
1042 4480 1203 4536 agere
1224 4504 1238 4526 ,
1276 4464 1375 4520 sed
1424 4462 1745 4518 charitatem
1797 4460 2023 4524 habere,

2325 4443 2487 4544 ('9)voi
2518 4471 2593 4543 μὴ
2627 4443 2840 4541 ἔχοντες
2871 4468 3074 4540 ταύτην
3096 4443 3422 4539 ⁷ἐπήρθησαν
3457 4465 3560 4537 μὲν
3591 4463 3729 4535 ὑπὲρ

460 4580 585 4636 qua:
611 4577 671 4619 se
698 4560 960 4617 indecore
981 4574 1088 4613 non
1106 4558 1266 4629 gerit,
1292 4572 1394 4613 nec
1414 4554 1704 4611 inflatur".
1736 4554 1870 4610 Vide
1895 4554 2023 4609 enin

2142 4566 2212 4620 τὰ
2247 4565 2424 4637 μέτρα
2453 4563 2525 4618 τὰ
2553 4561 2888 4635 ἀνθρώπινα,
2925 4558 3354 4631 ἐνασχημονοῦσι
3385 4556 3445 4610 δὲ
3482 4556 3563 4628 τῷ
3608 4556 3729 4626 βίῳ,

461 4651 929 4728 quemadmodum
967 4652 1062 4721 qui
1109 4666 1173 4704 ea
1232 4659 1442 4715 carent,
1507 4663 1674 4719 supra
1728 4662 2023 4703 mensurau

2143 4657 2595 4729 κατατολμῶντες
2619 4654 2870 4727 πράξεων
2895 4655 3031 4724 (10),
3064 4646 3140 4707 ὧν
3160 4653 3196 4705 ὁ.
3220 4648 3512 4722 παρελθὼν
3541 4648 3733 4721 χρόνος

461 4749 762 4803 humanam
792 4745 919 4802 elati
956 4743 1091 4805 sint,
1147 4750 1203 4797 et
1227 4742 1484 4796 indecore
1530 4755 1590 4796 se
1622 4749 1832 4810 gerant,
1861 4754 1929 4794 ea
1967 4738 2023 4793 fa.

2144 4754 2251 4812 οὐκ,
2278 4751 2388 4822 ἔχει
2421 4749 2490 4802 τὰ
2515 4748 2919 4823 ύποδείγματακ

462 4845 656 4896 cinora
695 4838 983 4904 audentes,
1038 4850 1273 4906 quorum
1315 4835 1648 4904 prmterilum
1682 4840 1896 4903 tempus
1936 4846 2046 4886 non
2127 4837 2133 4844 '
2342 4824 2347 4828 ’

464 4936 629 4990 habet
667 4932 942 5002 exempla.

536 5094 581 5126 “
612 5092 726 5150 Jer.
761 5107 885 5159 xm,
910 5089 1003 5145 23.
1081 5089 1124 5123 ι’
1156 5087 1318 5143 Rom.
1358 5102 1459 5152 xu,
1490 5056 1605 5141 19..
1654 5087 1701 5119 ³⁸
1733 5084 1906 5141 lCor.
1939 5102 2058 5152 xm,
2094 5086 2155 5142 ιι

537 5247 613 5323 (4)
649 5248 765 5318 Τῆς
779 5249 1026 5323 ἑαυτοῦ1
1048 5245 1130 5323 ita
1150 5254 1261 5323 tres
1285 5240 1901 5323 vetustissimicodices
1925 5256 2048 5323 cum
2154 5238 2404 5323 suum
2427 5234 2511 5323 ξιξ
2537 5232 2892 5323 Athanasium
2919 5223 3630 5323 Ancy‘lranu.mns‘cfipta‘es.t;

468 5290 674 5391 3853‘
1152 5290 1279 5391 ἶτῖς
1299 5290 1899 5391 ’Ξιέιξδῧῖ”ιῖᾲἰὶιό]›’όςζι’
1915 5290 2049 5391 edi—ti
2354 5290 2692 5375 Ἃδιάφορα.
2713 5300 2848 5371 Reg.
2878 5290 3153 5355 secun'dus
3175 5303 3227 5351 et
3251 5290 3425 5349 CoislI
3462 5290 3737 5347 secundus

470 5379 874 5463 ξνέπείραντος.
917 5390 1055 5445 Tres
1081 5379 1265 5463 iidem
1312 5384 1535 5439 codices
1561 5398 1687 5437 cum
1716 5379 1955 5437 Clarom.
1997 5396 2023 5435 e

2156 5379 2467 5446 ἀδιάφορον.

2251 5448 2301 5463 Λι
2340 5448 2411 5463 un
2464 5461 2487 5463 ,ε
2566 5445 2577 5460 ι
2604 5461 2618 5463 _
2660 5442 2804 5463 ξομ..-
2863 5440 2935 5463 In-
2976 5453 3085 5463 _.-..
3140 5452 3252 5463 ..η-.-
3283 5434 3426 5463 tun:

471 5460 603 5530 Reg.
640 5430 880 5515 s‘ecundo
909 5458 1313 5529 ὲνσπείραντας.

2162 5430 2307 5530 ⁷7-(9)
2340 5430 2490 5515 ’Ὅρα
2516 5445 2626 5518 γὰρ
2651 5442 2827 5508 ὅπως.
2863 5440 2941 5495 Ita
2975 5453 3108 5494 mss.
3140 5452 3258 5492 sex;
3283 5434 3430 5489 Editi
3462 5434 3603 5505 Ὅρα
3632 5430 3736 5499 γὰρ

541 5529 618 5600 (εἰ)
642 5529 778 5585 Vide
806 5530 1087 5585 Addenda.

542 5603 619 5671 (6)
655 5603 768 5654 ἾῚν
795 5603 1009 5671 μόνον1
1037 5599 1113 5671 Ita
1145 5597 1320 5671 Πανὶ,
1347 5596 1511 5661 Med.,
1534 5594 1706 5651 Cois}.
1741 5600 1969 5662 uterque
1997 5604 2023 5645 e

2156 5536 2340 5670 πῢίῖθ)
2358 5582 2879 5671 οΙίιιι-αςτολβῶντες
2906 5578 3203 5671 πράξεων-3
3232 5571 3507 5671 ςὶιο.ηῌοο
3532 5573 3738 5671 ξένοι-(ιιι

472 5642 618 5739 Bc“?
640 5642 1120 5739 sééuJJL'sfvriJi'ii
1145 5642 1511 5739 ﬁJ'p-s'u-ovtw,
1542 5642 1723 5739 ”’”“”.
1746 5642 1849 5739 "'g
1881 5642 1964 5739 ιζ
2008 5642 2018 5645 -
2160 5642 2403 5713 nationis
2446 5642 2681 5739 facinus,
2713 5642 3097 5739 quod'orlimor
3235 5646 3501 5739 Basiliu‘m
3532 5642 3736 5739 detule-

550 5714 1217 5817 ᾗ)
1249 5714 1428 5809 Euan-Ei
1471 5743 1630 5790 notas
1661 5730 1724 5787 ad
1766 5731 2049 5802 epistolam
2164 5739 2267 5797 rut,
2296 5745 2405 5783 non
2443 5714 2855 5781 iidetur'cértis
2884 5720 3105 5778 iudiciis
3135 5717 3307 5774 fuisse
3331 5714 3736 5773 conﬁrmatum.
