3868 6218
451 267 556 326 557

1791 274 1849 332 S.
1887 275 1969 328 BA
1978 273 2127 330 SlLII
2165 271 2378 328 MAGNI

3596 271 3703 326 5'i8

450 391 554 446 bus
621 392 1070 459 condemnarent,
1116 395 1288 450 multa
1349 410 1562 450 mecum
1618 395 1977 452 considerans
2009 435 2022 457 .

2129 394 2224 447 xu".
2308 395 2402 447 ἀπ’
2483 393 2776 466 ἀλλοτρίων
2848 395 2958 465 (l7)
3030 392 3474 465 συγγραμμάτων
3553 391 3703 461 ἡμᾶς

450 499 675 539 causam
707 486 957 542 invenire
992 503 1100 543 non
1129 504 1353 557 possum
1385 531 1399 553 ,
1438 489 1544 544 nisi
1574 488 1742 558 quod.
1791 489 1843 542 id
1873 487 2019 558 quod

451 575 614 630 initio
665 576 813 645 dixi,
875 580 1040 647 hujus
1084 582 1247 635 etiam
1309 582 1387 635 rei
1443 582 1792 647 molestiam,
1835 596 2025 651 pinna-

452 681 596 731 rum,
621 684 742 740 qua:
767 670 900 725 mihi
918 671 989 726 ob
1015 681 1240 742 peccata
1271 673 1466 728 debitae
1493 681 1641 737 sunt,
1669 681 1878 744 partem
1903 688 2025 728 esse

447 754 713 825 iudicavi.

519 934 575 989 2.
636 934 771 990 Nam
830 939 1066 1008 primum
1125 941 1346 1012 quidem
1395 941 1580 995 animo
1629 941 1822 1006 dolui,
1878 943 2024 1011 quod

449 1025 713 1081 veritates
742 1042 772 1080 a
817 1027 944 1083 ﬁliis
994 1030 1272 1084 hominum
1307 1031 1587 1086 diminuta:
1641 1033 1750 1086 sint
1781 1052 1794 1088 :
1829 1032 2026 1088 deinde

449 1133 581 1172 vero
631 1129 846 1188 egomet
895 1121 1026 1174 mihi
1055 1123 1235 1186 timui,
1280 1139 1350 1178 ne
1397 1124 1560 1178 etiam
1616 1125 1738 1180 aliis
1785 1127 2025 1194 peccatis

450 1211 634 1266 odium
663 1213 946 1267 hominum
980 1215 1292 1283 adjicerem,
1327 1217 1463 1271 nihil
1507 1233 1629 1272 esse
1661 1216 1779 1272 ﬁdei
1823 1219 1876 1272 in
1914 1219 2028 1273 ullo

450 1319 680 1374 prorsus
741 1304 962 1360 homine
1007 1307 1376 1376 existimans;
1425 1310 1690 1379 siquidem
1739 1310 1814 1364 illi
1874 1311 2022 1382 ipsi,

449 1394 652 1464 quibus
703 1393 758 1448 in
795 1395 1048 1452 maximis
1092 1396 1254 1451 rebus
1299 1396 1670 1462 conﬁdebam,
1719 1399 1861 1454 tales
1896 1415 2025 1468 erga

449 1499 558 1546 me,
617 1484 751 1538 tales
795 1500 922 1556 erga
963 1489 1138 1554 ipsam
1169 1486 1451 1540 veritatem
1484 1501 1604 1541 sese
1653 1487 2025 1555 prmbueruut.

448 1574 679 1631 Noveris
720 1577 884 1644 igitur
909 1617 925 1639 ,
981 1577 1172 1642 frater,
1201 1590 1255 1632 et
1293 1577 1544 1649 quisquis
1571 1579 1814 1634 veritatis
1872 1595 2025 1632 ama-

448 1674 558 1728 tor,
593 1682 694 1721 nec
731 1683 846 1722 mea
875 1683 997 1722 esse
1029 1668 1254 1738 scripta,
1290 1684 1392 1723 nec
1441 1669 1576 1722 mihi
1639 1670 1880 1740 probari,
1950 1669 2027 1724 si-

447 1757 670 1826 quidem
701 1775 809 1813 non
864 1775 930 1814 ex
979 1775 1099 1815 mea
1137 1761 1410 1817 sententia
1449 1765 1751 1832 composita
1784 1763 2022 1818 fuerunt.
2059 1755 2100 1811 B

447 1850 605 1917 Quod
661 1851 707 1906 si
741 1851 936 1922 scripsi
967 1852 1262 1922 aliquando
1314 1863 1439 1909 ante
1490 1868 1664 1909 annos
1705 1855 1905 1910 multos
1955 1855 2024 1910 ad

447 1941 831 2011 Apolinarium
873 1950 969 1996 aut
1026 1943 1091 1997 ad
1128 1943 1364 2014 aliquem
1393 1943 1592 2008 alium,
1629 1946 1883 2000 accusari
1916 1961 2023 1998 non

447 2033 645 2089 debeo.
693 2032 827 2088 Nam
861 2051 963 2090 nec
997 2035 1112 2106 ipse
1145 2051 1365 2101 accuso,
1407 2036 1453 2092 si
1483 2036 1606 2107 quis
1655 2052 1722 2092 ex
1774 2037 2025 2092 sodalitio

449 2123 634 2192 aliquo
684 2124 738 2177 in
786 2123 1036 2182 haeresim
1097 2127 1378 2182 abscissus
1437 2135 1522 2184 est
1569 2127 1817 2200 (omnino
1843 2139 2023 2184 autem

448 2214 700 2270 homines
726 2217 991 2283 novistis,
1027 2219 1244 2273 tametsi
1305 2220 1626 2273 nominatim
1677 2236 1786 2274 non
1838 2221 2025 2291 appel-

449 2305 546 2376 lo),
593 2307 722 2376 quia
773 2308 1152 2379 unusquisque
1205 2325 1306 2364 suo
1368 2309 1542 2379 ipsius
1570 2319 1792 2378 peccato
1824 2312 2025 2365 morie-

447 2405 560 2452 tur.
617 2396 743 2453 Haac
791 2401 1012 2469 quidem
1060 2401 1131 2454 ad
1191 2402 1420 2456 missum
1471 2409 1680 2455 tomum
1721 2403 2021 2473 respondi,

446 2495 508 2540 ut
536 2496 589 2544 et
621 2489 735 2558 ipse
786 2491 1071 2546 veritatem
1104 2491 1397 2562 intelligas,
1453 2501 1509 2548 et
1552 2493 1620 2549 iis
1670 2494 1763 2564 qui
1833 2495 2026 2550 verita-

447 2579 556 2632 tem
595 2579 648 2632 in
677 2579 946 2648 injustitia
976 2580 1221 2636 detinere
1253 2582 1448 2636 nolunt
1474 2622 1488 2647 ,
1545 2582 1889 2638 manifestam
1944 2583 2022 2636 fa-

447 2671 582 2726 cias.
625 2671 781 2738 Quod
828 2673 874 2729 si
937 2673 1118 2731 fusius
1170 2676 1416 2747 singulas
1464 2676 1883 2732 criminationes
1938 2676 2021 2732 di-

449 2764 598 2816 luere
645 2765 948 2833 oportuerit
980 2805 994 2828 ,
1041 2776 1095 2820 et
1143 2767 1246 2821 hoc
1276 2808 1291 2833 ,
1343 2765 1639 2837 adjuvante
1698 2766 1830 2832 Deo,
1884 2785 2023 2838 pra:-

450 2852 630 2909 stabo.
696 2853 809 2908 Nos
843 2894 858 2920 ,
914 2855 1084 2911 frater
1152 2856 1408 2928 Olympi,
1488 2874 1665 2928 neque
1715 2857 1846 2915 deos
1910 2867 2021 2917 tres

449 2943 685 3002 dicimus
709 2987 732 3012 ,
759 2962 859 3003 nec
891 2963 1015 3003 cum
1045 2947 1362 3019 Apolinario
1389 2952 1878 3008 communicamus.

903 3285 1238 3344 EPISTULA
1284 3289 1561 3347 CXXXII‘.

2126 489 2449 557 κατακρίναι
2481 486 2615 555 (18),
2659 487 2829 540 πολλὰ
2874 487 3225 556 λογισάμενος
3276 485 3393 538 κατ’
3441 485 3699 555 ἐμαυτὸν,

2125 577 2356 629 ἐπινοεῖν
2404 577 2501 648 τὴν
2548 577 2727 631 αίτίαν
2757 577 2854 631 οὐκ
2902 577 3030 647 ἔχω,
3077 579 3125 629 εί
3180 575 3274 646 μὴ,
3317 576 3451 646 ὅπερ
3506 575 3568 640 ἐξ
3603 577 3704 647 ἀρ-

2125 670 2224 739 χῆς
2255 664 2428 731 εἷπον,
2464 668 2628 740 μέρος
2656 670 2846 742 ἔκρινα
2892 666 3030 721 εἶναι.
3064 668 3172 720 τῶν
3221 667 3582 738 ὀφειλομένων
3610 684 3702 737 μοι

2123 759 2211 812 διὰ
2257 759 2356 824 τὰς
2407 761 2681 832 ἁμαρτίας
2732 761 3030 824 κολάσεων,
3074 761 3162 814 καὶ
3211 759 3297 830 τὴν
3347 759 3438 813 ἐπὶ
3489 759 3700 824 τούτοις

2125 850 2327 922 λύπην.

2194 942 2251 996 9.
2295 942 2517 1015 Πρῶτον
2557 943 2657 1014 μὲν
2703 943 2810 1015 γὰρ
2858 944 3233 1014 κατεπὲνθησα
3277 944 3343 1013 τῇ
3393 941 3563 1011 ψυχῇ,
3617 941 3701 994 ὅτι

2125 1029 2478 1104 ῶλιγὼθησαν
2515 1035 2572 1087 αί
2612 1034 2859 1104 άλήθειαι
2891 1033 2997 1087 ἀπὸ
3035 1033 3140 1087 τῶν
3173 1034 3304 1086 υἱῶν
3351 1031 3458 1084 τῶν
3491 1029 3702 1102 ἀνθρώ-

2126 1143 2244 1178 πων
2269 1143 2283 1156 ·
2322 1125 2516 1180 ἔπειτα
2541 1125 2597 1179 δὲ
2629 1129 2722 1180 καὶ
2763 1127 3034 1198 ἐφοϐήθην
3079 1126 3238 1189 αὐτὸς
3278 1125 3404 1196 περὶ
3437 1122 3699 1194 ἐμαυτοῦ,

2129 1217 2202 1288 μή
2246 1232 2374 1268 ποτε
2413 1215 2551 1286 πρὸς
2597 1220 2718 1280 ταῖς
2763 1216 2874 1288 (l9)
2916 1216 3102 1279 ἄλλαις
3155 1214 3448 1286 ἁμαρτίαις
3476 1214 3568 1266 καὶ
3601 1213 3703 1283 τὴν

2129 1310 2544 1382 μισανθρωπίαν
2573 1309 2750 1376 πάθω,
2782 1309 2932 1362 οὐδὲν
2976 1306 3165 1359 πιστὸν
3195 1308 3250 1358 ἐν
3280 1305 3455 1358 οὐδενὶ
3489 1303 3706 1370 λογιζὸο

2129 1419 2287 1474 μενος
2337 1396 2497 1466 εἶναι,
2562 1400 2719 1471 εἴπερ
2755 1400 2803 1453 oi
2862 1401 2940 1462 είς
2986 1397 3056 1451 τὰ
3108 1397 3337 1468 μέγιστα
3397 1397 3525 1466 παρ’
3565 1391 3704 1464 ἐμοῦ

2127 1493 2504 1556 πιστευθέντες
2531 1492 2760 1546 τοιοῦτοι
2797 1492 2894 1562 μὲν
2922 1489 3048 1561 περὶ
3077 1489 3198 1559 ἐμὲ,
3232 1487 3462 1541 τοιοῦτοι
3491 1487 3548 1539 δὲ
3573 1487 3702 1560 περὶ

2127 1587 2295 1657 αὐτὴν
2359 1585 2640 1656 ἐφάνησαν
2695 1583 2794 1654 τὴν
2856 1581 3133 1654 ἀλήθειαν.
3204 1581 3444 1634 Γίνωσκε
3491 1580 3700 1642 τοίνυν,

2125 1677 2339 1746 ἀδελφὲ,
2375 1677 2471 1729 καὶ
2496 1677 2606 1738 πᾶς
2632 1677 2779 1738 ὅστις
2809 1675 2908 1745 τῆς
2941 1671 3198 1744 ἀληθείας
3231 1671 3401 1742 φίλος,
3437 1677 3571 1741 μήτε
3593 1669 3702 1740 ἐμὲ

2127 1763 2263 1822 εἶναι
2307 1767 2376 1821 τὰ
2406 1766 2780 1837 συντάγματα,
2822 1763 2944 1818 οὔτε
2987 1763 3316 1836 ἀρέσκεσθαι
3353 1761 3464 1832 (20)
3496 1764 3700 1823 αὐτοῖς,

2125 1859 2247 1912 ἐπεὶ
2309 1859 2382 1930 μὴ
2420 1861 2485 1930 τῇ
2550 1859 2655 1929 ἐμῇ
2689 1856 2878 1928 γνώμῃ
2923 1854 3352 1926 συγγεγράφθαι.
3398 1854 3459 1906 El
3506 1852 3563 1904 δὲ
3600 1855 3700 1904 ἑπ-

2125 1949 2344 2004 έστειλά
2370 1967 2497 2003 ποτε
2522 1949 2626 2021 πρὸ
2656 1948 2867 2001 πολλῶν
2887 1948 3148 2002 ἐνιαυτῶν
3185 1946 3297 2018 (21)
3346 1947 3702 2016 Ἀπολιναρίῳ

2125 2043 2156 2113 ἥ
2185 2042 2327 2113 ἄλλῳ
2352 2043 2478 2104 τινἰ,
2513 2041 2862 2109 ἐγκαλεῖσθαι
2891 2041 2990 2094 οὑκ
3028 2039 3244 2108 ὀφείλω.
3293 2037 3429 2092 Οῦτε
3465 2038 3573 2108 γὰρ
3606 2039 3672 2090 αὐ

2123 2133 2212 2195 τὸς
2240 2131 2352 2200 (22)
2400 2129 2638 2198 ἐγκαλῶ,
2687 2129 2741 2182 εἴ
2782 2147 2866 2192 τις
2894 2131 2958 2182 ἐκ
2987 2132 3090 2199 τῆς
3131 2129 3375 2199 ἑταιρίας
3425 2128 3568 2191 τινὸς
3620 2128 3702 2191 είς

2123 2223 2332 2293 αἵρεσιν
2372 2221 2674 2292 ἀπεσχίσθη
2710 2220 2905 2290 (οἴδατε
2945 2220 3001 2274 δὲ
3055 2220 3272 2282 πάντως
3309 2219 3434 2282 τοὺς
3479 2219 3702 2290 ἄνδρας,

2125 2313 2226 2366 κᾶν
2253 2313 2511 2384 ὀνομαστὶ
2544 2312 2615 2384 μὴ
2653 2312 2836 2381 λέγω),
2861 2311 2992 2366 διότι
3025 2311 3254 2374 ἕκαστος
3277 2314 3341 2382 τῇ
3386 2311 3491 2382 ἰδίᾳ
3522 2313 3693 2381 ἀμαρ-

2123 2405 2213 2474 τίᾳ
2245 2403 2612 2458 ἀποθανεῖται.
2653 2403 2837 2458 Ταῦτα
2863 2403 2958 2458 νῦν
3007 2403 3106 2474 μὲν
3150 2403 3530 2474 ἀπεκρινάμην
3567 2403 3710 2473 πρὸς

2123 2495 2212 2548 τὸν
2244 2496 2615 2550 ἀποσταλέντα
2662 2496 2829 2566 τόμον
2865 2496 3010 2566 (25)·
3050 2497 3136 2550 ἵνα
3191 2497 3353 2558 αὐτός
3401 2512 3461 2548 τε
3501 2495 3706 2564 εἰδείης

2122 2584 2218 2655 τὴν
2253 2585 2528 2657 ἀλήθειαν,
2575 2585 2806 2649 καὶτοῖς
2849 2585 3188 2656 βουλομένοις
3227 2583 3300 2654 μὴ
3340 2582 3587 2652 κατέχειν
3623 2581 3712 2646 ὠς

2123 2678 2179 2730 ἐν
2209 2677 2390 2748 ἀδικίᾳ
2442 2677 2551 2746 (24)
2590 2677 2685 2748 τὴν
2729 2676 2985 2749 ἀλήθειαν
3039 2675 3276 2747 φανερὰν
3322 2675 3702 2745 καταστήσῃςο

2123 2769 2217 2822 ἐὰν
2245 2769 2302 2822 δὲ
2346 2769 2438 2840 δὲῃ
2489 2769 2582 2822 καὶ
2621 2768 2956 2841 πλατύτερον
2987 2767 3128 2840 ὑπὲρ
3171 2767 3400 2820 ἑκάστου
3450 2765 3558 2818 τῶν
3605 2768 3708 2818 ἐπ-

2122 2861 2446 2932 ενεχθέντων
2476 2863 2606 2933 ἡμῖν
2643 2859 3110 2932 ἀπολογήσασθαι,
3157 2861 3249 2913 καὶ
3280 2861 3434 2913 τοῦτο
3481 2860 3692 2928 ποιήσο-

2125 2968 2244 3021 μεν,
2275 2949 2368 3003 τοῦ
2402 2951 2535 3004 Θεοῦ
2565 2951 2974 3022 συνεργοῦντος.
3029 2949 3241 3020 Ἡμεῖς.
3273 2949 3465 3018 ἁδελφὲ
3503 2948 3702 3017 Ὀλύμ-

2125 3058 2238 3105 πιε,
2279 3041 2401 3095 οὔτε
2423 3045 2570 3115 τρεῖς
2595 3042 2751 3106 θεοὺς
2771 3041 2880 3114 (9.5)
2898 3041 3150 3112 λέγομεν,
3180 3041 3304 3094 οὔτε
3341 3035 3700 3111 Ἀπολιναρίῳ

2122 3134 2372 3188 κοινωνοῦ
2381 3153 2501 3206 μεν.

2625 3297 2973 3351 ΕΠΙΣΤΟΛΗ
3010 3296 3180 3350 PAB’.

451 3399 576 3453 Cum
593 3398 720 3452 varii
737 3401 798 3454 de
818 3399 1048 3453 Abramio
1069 3416 1311 3455 sermones
1333 3412 1504 3466 essent,
1527 3403 1692 3456 scribit
1714 3409 1781 3456 ad
1799 3420 1906 3457 eum
1934 3407 2157 3478 Basilius.
2171 3411 2330 3460 statim
2368 3422 2427 3459 ac
2460 3407 2635 3460 aratcit
2657 3407 2707 3460 in
2725 3406 2910 3460 wdibus
2941 3407 3195 3461 Saturnini
3226 3405 3410 3458 comitis
3434 3405 3698 3460 Antiochia

1969 3482 2172 3520 versari.

763 3551 1045 3614 Abramio,
1077 3553 1323 3624 episcopo
1353 3553 1671 3610 Batnorum.

515 3643 637 3712 Quo
687 3645 752 3700 in
805 3647 926 3700 loco
972 3645 1149 3716 pietas
1205 3656 1296 3702 tua
1354 3654 1602 3702 versetur
1649 3647 1718 3702 ab
1759 3656 2024 3703 autumno

446 3751 678 3808 prorsus
711 3737 978 3806 ignoravi.
1016 3736 1230 3792 Etenim
1279 3738 1518 3793 incertos
1567 3753 1817 3794 rumores
1865 3755 2021 3810 repe-

523 3850 546 3871 ’
583 3849 731 3902 Alias
771 3847 1019 3902 CCCXV.
1059 3847 1272 3917 Scripta
1301 3863 1446 3903 anno
1477 3846 1598 3904 573.

517 3918 628 4040 (Et?)
681 3918 796 3972 Ἀπ’
852 3918 1206 3988 ἀλλοτρίων.
1266 3917 1434 3974 Coisl.
1483 3919 1693 3990 primus
1740 3919 1826 3974 ἐπ’
1873 3919 2024 3973 ἁλλο-

539 4005 634 4040 ων.

445 4004 634 4040 τοιων.

672 4057 1049 4127 Κατακρῖναι.
1090 4055 1264 4124 llarl.,
1297 4055 1431 4126 Reg.
1460 4058 1669 4127 primus
1700 4066 1755 4112 et
1784 4058 2020 4113 Clarom.

447 4127 820 4197 κατακρίνειν,
868 4137 922 4183 et
967 4129 1128 4198 paulo
1170 4136 1293 4198 post
1339 4131 1642 4184 κατανοεῖν.
1693 4127 1794 4184 Hic
1843 4138 2023 4182 autem

449 4200 698 4266 apposita
730 4199 931 4251 eratin
979 4199 1141 4253 editis
1187 4199 1634 4269 interrogationis
1668 4208 1816 4261 nota,
1861 4214 2024 4268 quam

447 4269 638 4322 tollere
678 4270 854 4323 satius
892 4283 1015 4324 esse
1053 4269 1398 4331 existimavi;
1452 4283 1628 4338 neque
1680 4277 1860 4323 tamen
1895 4285 2028 4322 con-

447 4338 690 4408 tendam.
725 4339 770 4390 si
802 4339 926 4408 quis
962 4338 1338 4408 apponendam
1368 4339 1600 4407 judicet.

2446 3558 2742 3625 Ἀϐραμίῳ,
2771 3559 3082 3622 ἐπισκόπῳ
3111 3556 3376 3611 Βατνῶν.

2191 3649 2373 3704 Πάντα
2408 3649 2502 3703 τὸν
2553 3649 2660 3702 ἀπὸ
2703 3649 2796 3703 τοῦ
2845 3647 3161 3722 μετοπώρου
3214 3647 3404 3720 χρόνον
3452 3648 3703 3718 ἠγνόησα

2121 3741 2249 3812 περὶ
2293 3741 2390 3811 τῆς
2438 3740 2722 3803 εὐλαϐείας
2783 3757 2899 3804 σου,
2949 3741 3085 3793 ὅπου
3143 3738 3371 3806 διάγεις.
3430 3738 3541 3790 Καὶ
3586 3737 3708 3810 γὰρ.

2194 3849 2306 3920 {25)
2349 3848 2513 3917 Τρεῖς
2547 3851 2736 3920 θεούς.
2783 3849 2937 3919 Saepe
2971 3848 3107 3920 alias
3148 3849 3292 3920 hunc
3352 3846 3698 3920 trium_deo-

2120 3935 2242 3974 rum
2282 3915 2526 3974 errorem
2565 3915 3087 3975 Catholicis’Ariani
3133 3918 3482 3972 aﬁinxerunt.
3535 3915 3699 3971 Hunc

2119 3989 2417 4058 Gregorius
2465 3988 2866 4052 Nazianzenus,
2914 3998 3056 4044 orat.
3099 3988 3149 4052 Ι,
3197 3995 3253 4042 et
3280 3986 3372 4051 29,
3419 4002 3474 4058 p.
3519 3988 3610 4050 16,
3641 3999 3704 4042 et-

2120 4058 2245 4122 489,
2277 4058 2498 4118 refellit.
2533 4066 2645 4112 uta
2676 4059 2970 4129 nonnullis
2991 4065 3414 4129 propugnatum,
3446 4073 3586 4127 quos
3611 4058 3698 4114 ni-

2124 4129 2230 4184 mis
2273 4129 2609 4184 orthodoxos
2642 4138 2823 4184 vocat.
2871 4128 3221 4187 Sed’tamen.
3255 4143 3378 4182 cum
3411 4129 3557 4181 nulla
3597 4144 3703 4182 εκε-

2124 4207 2270 4253 stent
2301 4199 2502 4269 saeculo
2532 4211 2730 4268 quarto
2758 4199 2924 4269 hujus
2954 4199 3159 4254 erroris
3184 4199 3436 4267 vestigia,
3467 4198 3695 4269 credere

2125 4269 2309 4339 malim
2344 4270 2416 4322 ita
2457 4268 2698 4322 locutum
2727 4267 2849 4325 esse
2876 4269 3219 4339 Gregorium,
3247 4284 3354 4321 non
3401 4267 3544 4336 quod
3577 4269 3704 4334 ipse-

2124 4337 2288 4406 hujus
2323 4340 2548 4393 haeresis
2579 4347 2877 4394 sectatores
2907 4337 3376 4408 deprehendisset.
3417 4339 3511 4392 sed
3546 4339 3694 4406 quod

521 4405 639 4480 (19)
673 4405 834 4480 Πρὸς(
858 4405 1013 4474 ταῖς.
1040 4405 1285 4478 Uterque
1335 4405 1467 4478 Beg.
1502 4418 1567 4480 et“
1584 4417 1812 4480 uterque
1844 4408 2018 4478 Bigot.
2054 4405 2100 4461 ὓ
2126 4405 2280 4480 εξειιιθ
2303 4425 2537 4480 Vre,7qua3
2556 4423 2670 4462 rem
2701 4405 3034 4480 causamque
3069 4425 3176 4480 non
3208 4409 3540 4469 continebat,
3565 4405 3700 4462 enm-

446 4492 570 4550 cum
603 4478 779 4550 Goisl.
809 4479 1051 4550 secundo
1088 4480 1162 4550 μή
1199 4495 1329 4532 ποτε
1355 4478 1578 4550 προσθῶ
1603 4478 1788 4542 ταῑςῖ..
1833 4495 2024 4550 μισαν-

447 4547 476 4600 0
483 4547 697 4619 ρωπίαν
729 4549 902 4602 οὐδέν.

523 4618 634 4690 (20)
687 4617 1088 4690 'Apéo'xso'ﬂat.
1118 4617 1211 4690 Ita;
1227 4626 1354 4690 octo
1382 4616 1683 4690 mss._Editi
1715 4617 2027 4690 ἀρκεῖσθαι.

444 4682 649 4760 Ibidem
703 4682 814 4760 [res
856 4688 1216 4744 vetustissimi
1259 4689 1477 4743 codices
1531 4687 1654 4741 ἐπεὶ
1689 4682 1766 4760 μῆ
1795 4692 1859 4759 τῇ
1892 4691 2020 4759 ἐμῇ.

444 4756 586 4832 Editi
622 4758 757 4830 μηδὲ
797 4763 864 4832 τῇ
903 4761 1034 4830 ἐμῇ,
1067 4775 1159 4813 nec
1197 4774 1263 4812 ea:
1292 4761 1408 4812 mea
1437 4756 1700 4813 sententid
1737 4756 2028 4828 composita

472 4845 629 4882 ωδεε.

689 4898 1036 4980 ξΕνιαυτῶν.
1097 4898 1172 4953 Ita
1210 4909 1320 4955 tres
1349 4899 1718 4970 antiquissimi
1768 4899 2018 4955 codices.

531 4979 587 5022 Ill
649 4987 777 5022 των.

531 4971 587 5022 ili
618 4969 777 5024 ὲτῶν.

517 5038 630 5112 (‘29)
663 5039 1063 5112 At’zzdc.__Editi
1093 5039 1301 5112 addunt
1331 5039 1462 5108 ἐγώ,
1483 5039 1626 5112 quod
1659 5039 1812 5112 deest
1845 5041 2019 5112 inser:

445 5109 655 5166 nostris
721 5109 1029 5164 codicibus.
1103 5109 1202 5163 ilic
1260 5119 1441 5164 autem
1504 5109 1719 5165 videtur
1784 5111 2028 5166 Basilius

442 5178 633 5233 Arium
672 5190 726 5235 et
778 5179 991 5235 Aetium
1041 5180 1350 5248 designare,
1381 5195 1611 5250 quorum
1661 5181 1868 5250 primus
1912 5179 2020 5234 Eu-

443 5250 630 5303 stalhii
668 5250 948 5317 magister,
984 5251 1122 5321 alter
1170 5252 1474 5321 discipulus
1520 5251 1718 5316 fuerat,
1751 5258 1812 5306 ut
1850 5250 2020 5306 disci-

444 5335 565 5374 mus
592 5335 655 5374 ex
697 5322 942 5390 epistolis
971 5319 1076 5374 225
1105 5328 1159 5374 et
1185 5321 1310 5376 240.

513 5391 625 5459 (25)
671 5393 878 5458 Τόμον.
913 5390 1053 5444 Editi
1084 5401 1204 5458 post
1231 5393 1373 5446 hanc
1406 5407 1590 5446 vocem
1623 5392 1830 5447 addunt
1859 5390 2020 5455 ἀλλὰ,

445 5458 538 5514 sed
574 5458 770 5515 melius
801 5461 955 5516 deest
987 5462 1042 5514 in
1078 5463 1256 5516 tribus
1294 5463 1684 5518 vetustissimis
1710 5462 2013 5517 codicibus.

515 5529 629 5602 (ﬁt)
681 5529 775 5602 Ὠς
808 5531 877 5602 ἐν
899 5530 1120 5602 ἀδικίᾳ..
1153 5531 1314 5586 Deest
1355 5533 1527 5601 prima
1558 5533 1751 5587 vocula
1789 5533 1843 5585 in
1876 5533 2018 5585 mul-

441 5597 821 5673 tis'veterihus
865 5601 1040 5664 libris,
1073 5597 1201 5673 inon
1252 5597 1437 5673 tamen
1490 5603 1544 5656 in
1593 5603 2016 5673 antiquissimis.

450 5665 650 5725 Ibidem
682 5670 812 5726 editi
849 5671 1215 5742 καταστήσας.
1251 5671 1382 5728 Mss.
1424 5673 1560 5728 utin
1589 5665 1763 5729 textu.

2128 4477 2347 4548 Arianis
2390 4479 2602 4548 litigare
2644 4481 2829 4534 nollet.
2863 4477 2957 4533 Sic
2994 4479 3228 4532 Basilius
3274 4480 3542 4548 interea,
3573 4493 3696 4547 qua:

2130 4546 2414 4620 Eustathio
2445 4546 2838 4620 subscribenda
2870 4549 3123 4620 prOponit
3161 4549 3215 4620 in
3245 4547 3557 4620 epist.‘l25.
3585 4546 3691 4602 non

2129 4618 2341 4688 (ﬁniuit
2385 4617 2659 4687 fugimdos
2711 4635 2823 4674 esse
2870 4615 3089 4688 eos—qui
3146 4615 3352 4672 Filium
3402 4615 3596 4688 Patri,
3642 4628 3698 4672 et

2128 4685 2272 4742 Filio
2315 4685 2574 4758 Spiritum
2603 4699 2845 4742 sanctum
2885 4685 3215 4758 praeportant.
3246 4688 3316 4742 At
3359 4687 3412 4742 id
3452 4687 3692 4743 Basilius

2126 4759 2340 4813 videtur
2392 4761 2572 4828 potius
2612 4761 2956 4814 concessisse
3005 4759 3322 4820 Eustathio,
3375 4772 3539 4828 quam
3593 4774 3693 4813 sua

2126 4836 2320 4896 sponte
2348 4829 2719 4884 necessarium
2759 4831 3002 4885 duxisse.
3033 4828 3218 4898 Neque
3243 4829 3386 4883 enim
3412 4829 3696 4898 probabile

2125 4907 2210 4952 est
2254 4900 2358 4953 hoc
2388 4915 2574 4969 errore
2609 4915 2934 4969 quemquam
2983 4897 3276 4954 insaniisse
3305 4915 3320 4954 :
3349 4897 3445 4952 sed
3472 4898 3693 4969 Eusta-

2126 4969 2273 5024 thius
2301 4978 2356 5024 et
2384 4971 2476 5023 alii
2521 4967 3004 5025 Pneumatomaehi
3055 4973 3196 5023 hanc
3235 4976 3422 5023 notam
3468 4967 3695 5024 inurere

2124 5041 2407 5093 tentabant
2435 5039 2682 5095 veritatis
2707 5040 3106 5104 defensoribus,
3137 5055 3200 5093 ac
3227 5039 3280 5092 in
3305 5038 3496 5108 primis
3539 5036 3695 5092 Basi-

2123 5108 2197 5163 lio
2237 5111 2326 5180 qui
2361 5111 2688 5164 calumniam
2737 5125 2768 5163 a
2810 5125 2869 5166 se
2917 5111 3199 5180 propulsat
3245 5111 3300 5163 in
3333 5109 3511 5180 Aepist.
3562 5108 3692 5163 251.

2123 5178 2316 5234 Simile
2341 5181 2646 5250 exemplum
2688 5178 3038 5250 suppeditant
3064 5178 3468 5250 Apolinaristae,
3499 5180 3594 5250 qui
3635 5188 3693 5233 ut

2121 5250 2391 5304 catholico
2437 5248 2676 5316 dogmati
2723 5248 2980 5304 invidiam
3029 5248 3302 5312 crearent,
3335 5248 3477 5303 duos
3516 5249 3694 5305 Filios

2121 5319 2191 5374 ab
2258 5320 2590 5375 adversariis
2633 5320 2748 5376 suis
2793 5320 3002 5374 admitti
3040 5331 3093 5375 et
3133 5319 3355 5372 Mariam
3391 5319 3701 5388 hominipa-

2120 5404 2236 5442 ram
2285 5390 2395 5444 dici
2440 5389 2733 5460 ﬁngebant.
2766 5389 3062 5460 Gregorius
3112 5388 3492 5444 Nazianzenus
3545 5391 3698 5444 bUnc

2118 5473 2360 5514 errorem
2414 5476 2607 5515 recens
2664 5471 2911 5514 exortum
2956 5476 3079 5516 esse
3123 5460 3256 5513 dicit
3305 5461 3359 5514 in
3404 5467 3546 5513 orat.
3603 5461 3696 5525 14,

2116 5544 2172 5652 p.
2207 5530 2348 5612 22.1..
2367 5528 2647 5610 Nyssenus
2675 5545 2801 5584 vero
2827 5537 2887 5582 ut
2913 5530 3340 5611 commentitium
3375 5537 3430 5584 et
3460 5531 3529 5609 ab
3555 5530 3696 5599 Apo-

2141 5608 2384 5652 Inarlstts
2417 5599 2764 5652 nnnudenter
2794 5599 2979 5652 ﬁctum
3031 5599 3272 5652 exnlodit
3299 5615 3355 5652 ιιι
3399 5608 3562 5652 enist.
3623 5599 3694 5652 ad

2141 5600 2384 5672 i_naris_tis
2417 5599 2764 5672 impudenter
2794 5599 2979 5672 ﬁctum
3031 5599 3272 5672 explodit
3299 5600 3355 5654 in
3399 5599 3562 5669 epist.
3623 5599 3694 5654 ad

2117 5667 2628 5738 Eustathium,tom.
2659 5667 2748 5736 Ill,
2769 5684 2823 5739 p.
2849 5669 2973 5725 660.
