3868 6218
181 311 287 368 569

1028 299 1517 359 EPISTOLARUM
1554 296 1840 354 CLASSIS
1876 295 1940 350 ll.
1985 292 2201 348 EPlS'l.
2243 288 2530 346 CXXXIV.

3324 279 3433 336 570

184 426 605 498 πεπλανημένας
637 422 735 487 τὰς
776 422 963 494 φήμας
999 420 1271 492 εὕρισκον,
1301 417 1410 470 τῶν
1441 416 1539 488 μὲν
1575 416 1756 482 άπαγ-
1788 454 1797 474 ,

1884 411 2094 473 'iebam,
2127 409 2247 464 aliis
2297 417 2349 462 te
2407 404 2708 460 Samosatis
2757 400 3082 459 commorari
3125 398 3430 454 nuntianti-

182 520 484 590 γελλόντων
529 518 586 570 ἐν
627 513 959 585 Σαμοσάτοις
995 509 1290 582 διατρίϐειν
1325 526 1417 563 σου
1464 508 1564 578 τὴν
1603 505 1762 559 εὐλά-

182 612 366 676 ϐειαν,
388 608 497 663 τῶν
516 607 573 661 δέ
600 609 660 661 ἐν
684 609 753 678 τῇ
782 603 936 676 χώρᾳ
956 620 968 632 ·
995 602 1170 657 ἄλλων
1197 602 1254 656 δὲ
1282 602 1409 673 περὶ
1429 600 1528 662 τὰς
1557 597 1764 660 Βάτνας

184 703 359 765 αὐτας
381 697 877 769 διαϐεϐαιουμένων
907 693 1207 765 ἑωρακέναι
1227 709 1241 722 ·
1278 690 1360 745 διδ
1379 690 1502 743 ούδέ
1527 687 1764 758 συνεχῶς

185 793 502 851 ἐπέστειλα.
553 789 671 844 Νῦν
714 789 794 855 δὲ,
842 786 1031 859 μαθὼν
1082 789 1141 842 ἐν
1198 783 1496 855 Ἀντιοχείᾳ
1535 781 1763 849 διάγειν,

182 887 250 941 ἐν
280 887 348 955 τῇ
389 883 537 954 οἰκίᾳ
582 878 677 934 τοῦ
710 878 1135 950 αἰδεσιμωτάτου
1173 876 1495 947 Σατορνίνου
1542 873 1638 928 τοῦ
1684 871 1771 925 κὸ-

188 992 387 1048 μητος,
414 974 591 1029 ἔδωκα
638 973 737 1044 τὴν
782 969 1068 1041 ἐπιστολὴν
1121 967 1415 1039 προθύμως
1461 964 1539 1037 τῷ
1584 963 1769 1018 ποθει-

186 1069 400 1139 veniqu
433 1067 529 1122 καὶ
579 1064 956 1133 εύλαϐεστάτῳ
1002 1058 1219 1131 ἁδελφῷ
1259 1057 1646 1128 Σαγκτισσίμῳ
1693 1054 1772 1127 τῷ

188 1158 666 1231 συμπρισϐυτέρῳ
695 1156 832 1226 (26),
861 1155 931 1208 δι’
961 1146 1022 1207 οὗ
1056 1150 1509 1224 προσφθέγγομαί
1540 1165 1634 1202 σου
1671 1147 1772 1218 τὴν

184 1254 436 1322 ἀγάπην,
489 1247 846 1322 παρακαλῶν,
894 1246 1140 1314 ὅπουπερ
1198 1241 1265 1295 ἂν
1318 1236 1415 1314 ᾗς,
1464 1236 1788 1310 μεμνῆσθαι

192 1342 432 1417 μάλιστα
468 1341 564 1413 μέν
589 1338 683 1394 τοῦ
708 1337 866 1403 Θεοῦ,
909 1334 1027 1390 εἶτα
1063 1335 1157 1388 καὶ
1190 1332 1365 1405 ἡμῶν,
1414 1330 1510 1394 οὓς
1553 1330 1772 1401 ἀγαπᾷν

188 1439 251 1505 ἐξ
279 1439 454 1509 ἀρχῆς
496 1434 768 1507 προείλου.
816 1432 915 1487 καὶ
972 1430 1116 1502 ἔχειν
1159 1431 1217 1482 ἐν
1260 1430 1373 1491 τοῖς
1424 1425 1774 1487 οἰκειοτάτοις

186 1528 647 1601 ἀριθμουμένους.

713 1636 1059 1691 ΕΠΙΣΤΟΔΗ
1095 1631 1263 1690 PM".

1858 502 1984 567 bus,
2042 500 2168 555 aliis
2198 514 2327 554 rure
2354 536 2371 563 ,
2423 496 2548 551 aliis
2575 509 2707 553 vero
2754 504 2810 549 te
2849 492 2997 547 circa
3028 490 3227 545 Batnas
3279 488 3433 558 ipsas

1857 594 2037 648 visum
2065 608 2097 647 a
2149 607 2209 647 se
2237 605 2361 647 esse
2417 586 2813 642 allirmantibus
2846 603 2859 637 :
2891 590 3222 655 quapropter
3283 579 3429 635 baud

1858 686 2055 741 crebro
2096 683 2313 753 scripsi.
2345 679 2501 735 Nunc
2535 686 2716 733 autem
2743 675 2906 732 simul
2940 683 3002 729 ut
3034 673 3199 728 didici
3230 680 3283 727 te
3320 672 3425 726 An-

1859 775 2077 831 tiochiae
2119 773 2327 829 versari
2367 773 2422 826 in
2452 769 2661 825 aedibus
2717 765 3093 823 colendissimi
3125 762 3285 832 225
3328 760 3430 815 Sa-

1864 867 2073 923 turnini
2128 867 2368 928 comitis,
2406 862 2529 919 dedi
2559 861 2845 932 epistolam
2892 860 3125 913 libenter
3153 854 3434 911 desidera-

1865 958 2080 1014 tissimo
2116 972 2182 1011 ac
2221 953 2640 1025 religiosissimo
2682 950 2839 1006 fratri
2885 947 3245 1003 Sanctissimo
3281 959 3436 999 com-

1864 1050 2183 1122 presbytero
2221 1063 2235 1099 :
2279 1062 2374 1118 per
2415 1062 2577 1116 quem
2637 1045 2816 1099 saluto
2866 1040 3212 1097 dilectionem
3258 1047 3432 1098 tuam,

1865 1143 2166 1199 obsecrans
2217 1151 2275 1195 ut
2309 1139 2622 1207 ubicunque
2674 1136 2862 1195 fueris.
2900 1135 2953 1188 in
3000 1132 3190 1203 primis
3216 1127 3432 1199 quidem

1867 1233 2188 1289 memineris
2226 1229 2353 1292 Dei,
2409 1229 2605 1283 deinde
2648 1236 2703 1281 et
2751 1225 2946 1287 nostri,
2986 1237 3125 1293 quos
3158 1220 3226 1272 ab
3276 1218 3438 1272 initio

1869 1325 2097 1394 diligere
2135 1319 2394 1387 statuisti,
2444 1328 2499 1374 et
2531 1320 2675 1374 inter
2701 1318 2937 1372 maxime
2966 1310 3442 1389 necessarios'nu-

1871 1431 2103 1471 merare.

2324 1615 2663 1675 H’ISTOLA
2698 1611 3004 1670 CXXXIII‘.

197 1762 401 1812 Petrum
420 1759 599 1810 salutat
619 1763 665 1809 et
690 1756 928 1813 hortatur,
953 1759 1021 1815 ut,
1041 1749 1446 1815 quemadmodum
1467 1754 1755 1815 ceterarum
1774 1760 1957 1815 rerum,
1975 1745 2043 1796 ita
2064 1742 2212 1815 etiam
2247 1736 2498 1815 ᾼιΙιαηςξῇὶ
2530 1734 2580 1808 ἔῃ
2597 1750 2649 1788 se
2677 1730 3126 1815 amoris‘sucressor
3148 1726 3239 1788 sit,
3267 1732 3313 1777 et
3336 1725 3442 1788 fra-

776 1795 1207 1877 Eﬁiaﬁi'iiﬁiié
1217 1795 1597 1878 ἇίῇιᾶεᾶἐᾶἷῶ
1614 1795 1785 1863 eodem
1803 1795 1965 1860 studio
1976 1795 2068 1869 ,ac
2091 1803 2391 1858 beatissimus
2414 1800 2497 1851 ille
2519 1796 2615 1860 vir,
2642 1795 2890 1860 suscipiat.

453 1927 672 1998 Πέτρῳ,
702 1926 1016 1990 ἐπισκόπῳ
1035 1921 1514 1990 Ἀλεξανδρείας.

266 2017 381 2094 τῆς
437 2022 535 2094 μὲν
593 2017 912 2091 σωματικῆς
965 2015 1147 2086 φιλίας
1203 2011 1470 2083 ὀφθαλμοὶ
1527 2007 1776 2080 πρόξενοι

189 2115 467 2184 γίνονται,
496 2112 592 2167 καὶ⁵
625 2113 658 2183 ἠ
686 2109 774 2164 διὰ
811 2106 1025 2180 μακροῦ
1059 2106 1253 2178 χρόνου
1287 2100 1610 2173 ἐγγινομένη
1657 2115 1779 2152 συν-

189 2207 356 2279 ήθεια
390 2205 614 2276 βεϐαιοίο
645 2203 743 2274 τὴν
776 2201 833 2255 δὲ
869 2198 1129 2271 ἀληθινὴν
1173 2196 1394 2266 ἀγάπην
1427 2196 1461 2263 ἡ
1486 2191 1578 2246 τοῦ
1612 2187 1780 2245 Πνεύ-

195 2274 371 2365 ματος
390 2274 572 2364 δωρεὰ
613 2290 917 2358 συνίστησι,
963 2287 1307 2340 συνάπτουσα
1349 2283 1447 2354 μὲν
1484 2281 1553 2335 τὰ
1585 2274 1780 2352 μακρῷ

189 2381 457 2437 διεστῶτα
497 2382 669 2452 τόπῳ,
712 2376 1057 2451 γνωρίζουσα
1089 2375 1147 2429 δὲ
1199 2373 1448 2444 ἀλλήλοις
1486 2373 1612 2434 τοὺς
1647 2370 1781 2437 ἀγα-

196 2474 436 2543 πητοὺς,
481 2473 541 2525 οὐ
584 2471 672 2524 διὰ
714 2467 1042 2539 σωματικῶν
1098 2465 1485 2537 χαρακτήρων,
1523 2459 1660 2515 ἀλλὰ
1693 2459 1780 2513 διὰ

190 2564 307 2618 τῶν
330 2564 433 2634 τῆς
460 2563 640 2634 ψυχῆς
667 2562 781 2632 (Ξῖ)
817 2559 1145 2631 ἰδιωμάτων.
1184 2558 1248 2610 Ὃ
1281 2555 1344 2623 δὴ
1382 2554 1476 2609 καὶ
1506 2552 1592 2623 ἐφ’
1624 2554 1656 2623 ἡ
1667 2550 1781 2622 μῶν

192 2655 231 2725 ἡ
261 2653 356 2706 τοῦ
381 2653 588 2723 Κυρίου
609 2652 770 2722 χάρις
791 2648 1039 2720 ἐποίησε.
1065 2643 1456 2720 παρασχομένη
1486 2642 1632 2712 ἡμᾶς
1657 2639 1781 2692 ἰδεῖν

195 2760 261 2796 σε
288 2744 401 2805 τοῖς
431 2742 531 2812 τῆς
555 2739 731 2810 ψυχῆς
760 2736 1089 2808 ὀφθαλμοῖς,
1124 2734 1221 2789 καὶ
1251 2728 1683 2804 περιπτύξασθαί
1722 2745 1781 2782 σε

192 2839 266 2908 τῇ
294 2835 484 2906 ἀγάπῃ
506 2836 571 2905 τῇ
597 2831 851 2906 ἀληθινῇ,
885 2832 981 2887 καὶ
1017 2829 1179 2883 οἱονεὶ
1214 2824 1524 2896 συμφυῆναί
1555 2840 1657 2881 σοι,
1688 2820 1783 2874 καὶ

195 2928 340 3000 πρὸς
393 2927 523 2998 μίαν
563 2924 737 2978 ἐλθεῖν
782 2922 978 2976 ἕνωσιν
1018 2924 1083 2975 ἐκ
1126 2919 1227 2988 τῆς
1268 2917 1411 2971 κατὰ
1455 2916 1554 2987 τὴν
1602 2913 1783 2967 πίστιν

194 3017 505 3079 κοινωνίας.
569 3010 918 3083 Πεπείσμεθα
978 3010 1096 3081 γάρ
1153 3024 1213 3060 σε
1275 3006 1467 3077 ἀνδρὸς
1530 3002 1782 3056 τοσούτου

194 3105 428 3176 θρέμμα
469 3104 808 3174 ὑπάρχοντα,
846 3101 940 3155 καὶ
980 3099 1080 3170 τὴν
1125 3100 1188 3152 ἐκ
1228 3093 1459 3150 παλαιοῦ
1500 3093 1782 3165 διατριϐὴν

198 3196 321 3257 μετ’
347 3195 514 3249 αὐτοῦ
546 3195 797 3266 λαχόντα,
820 3193 898 3264 τῷ
937 3189 1086 3262 αύτῷ
1125 3186 1452 3261 πορεύεσθαι
1486 3183 1775 3256 πνεύματι,

196 3255 297 3341 καὶ
325 3288 439 3349 τοῖς
464 3255 650 3348 αὐτοῖς
672 3255 901 3356 στοιχεῖν
939 3284 1039 3355 τῆς
1057 3255 1359 3342 ἐὐσεϐείας
1399 3279 1654 3349 δόνμασι.
1689 3274 1781 3330 Διὸ
1810 3255 1851 3315 c

196 3383 297 3433 καὶ
332 3377 829 3452 προσφθεγγόμεθά
864 3393 956 3429 σου
990 3374 1088 3446 τὴν
1125 3374 1434 3446 τιμιότητα,
1469 3370 1564 3425 καὶ
1604 3381 1782 3440 παρα-

197 3468 477 3541 καλοῦμεν
516 3468 655 3540 μετὰ
690 3467 800 3520 τῶν
839 3465 1013 3520 ἄλλων
1051 3463 1145 3518 καὶ
1183 3461 1283 3533 τὴν
1326 3463 1455 3533 περὶ
1491 3462 1637 3531 ἡμᾶς
1667 3458 1779 3516 διά-

198 3559 350 3614 θεσιν
389 3558 484 3614 τοῦ
534 3558 770 3630 μεγάλου
819 3555 1011 3628 ἀνδρὸς
1046 3552 1404 3619 διαδέξασθαισ
1448 3551 1780 3605 ἐπιστέλλειν

197 3669 262 3705 τε
292 3653 426 3723 ἡμῖν
458 3650 704 3721 συνήθως
736 3648 804 3704 τὰ
842 3648 984 3702 κατὰ
1025 3645 1240 3711 σαυτὸν,
1285 3644 1380 3698 καὶ
1410 3641 1780 3714 ἐπιμελεῖσθαι

198 3742 306 3813 τῆς
352 3740 631 3811 πανταχοῦ
677 3738 1034 3810 άδελφότητος
1075 3741 1186 3801 τοῖς
1233 3737 1414 3799 αὐτοῖς
1459 3733 1787 3805 σπλάγχνοις

2236 1915 2419 1976 Petro,
2452 1910 2696 1979 episcopo
2728 1902 3087 1959 Alexandria.

1944 2005 2258 2078 Corporalis
2308 2002 2528 2075 quidem
2584 1997 2838 2053 amicitiza
2884 1993 3265 2050 conciliatores
3316 1996 3445 2043 sunt

1879 2099 2046 2161 oculi,
2077 2110 2306 2165 eamque
2339 2093 2600 2147 diuturna
2628 2086 2968 2145 consuetudo
2999 2083 3304 2139 conﬁrmat.
3336 2078 3444 2134 Sed

1877 2204 2060 2245 veram
2087 2187 2409 2241 cliaritatem
2449 2182 2650 2237 donum
2698 2177 2935 2248 Spiritus
2961 2173 3276 2234 constituit,
3307 2186 3437 2225 con-

1871 2284 2114 2353 jungens
2138 2279 2298 2347 longo
2323 2273 2583 2330 distantia
2611 2272 2853 2326 locorum
2884 2264 3189 2325 intervallo,
3220 2276 3284 2316 ac
3308 2263 3446 2315 ami-

1879 2373 1960 2427 cis
2011 2375 2281 2440 praestans
2334 2371 2393 2419 ut
2443 2377 2564 2419 sese
2616 2360 2847 2415 invicem
2907 2361 3277 2426 cognoscant,
3335 2366 3446 2405 non

1878 2461 2159 2531 corporeis
2205 2460 2383 2524 notis,
2436 2456 2530 2513 sed
2575 2455 2769 2508 anima:
2816 2448 3257 2522 proprietatibus.
3291 2444 3447 2510 Quod

1880 2557 2057 2627 ipsum
2092 2563 2146 2608 et
2185 2552 2238 2605 in
2269 2551 2430 2606 nobis
2458 2546 2670 2602 Domini
2706 2543 2880 2615 gratia
2911 2539 3160 2611 perfecit,
3206 2536 3451 2607 largiens

1883 2626 1942 2699 ut
1989 2652 2044 2699 te
2096 2642 2407 2697 videremus
2440 2637 2605 2694 animi
2639 2634 2815 2690 oculis
2836 2672 2851 2695 ,
2898 2638 3059 2700 teque
3091 2626 3447 2697 amplectere-

1881 2749 2005 2789 mur
2045 2748 2177 2788 vera
2219 2730 2534 2792 dilectione,
2580 2742 2645 2782 ac
2683 2725 2845 2780 veluti
2889 2724 3286 2779 cohaereremus
3324 2715 3445 2778 tibi.

1881 2836 1935 2882 et
1983 2825 2037 2879 in
2076 2839 2240 2879 unam
2285 2823 2601 2877 veniremus
2650 2818 2905 2873 unionem
2934 2830 2999 2869 ex
3047 2811 3165 2866 ﬁdei
3205 2824 3451 2865 conmm-

1881 2916 2066 2971 nione.
2116 2913 2291 2970 Nobis
2333 2915 2481 2969 enim
2533 2922 2620 2967 est
2673 2921 2996 2980 persuasum
3046 2912 3137 2970 te,
3167 2901 3272 2958 viri
3325 2898 3453 2953 talis

1884 3007 2162 3061 alumnum
2185 3046 2202 3071 ,
2244 3015 2299 3060 et
2325 3006 2483 3075 longa
2526 3003 2675 3058 illius
2701 2998 3096 3056 consuetudine
3134 3010 3330 3058 usum,
3357 3006 3453 3046 ea-

1883 3098 2005 3154 dem
2052 3097 2304 3153 incedere
2349 3097 2569 3168 spiritu,
2605 3096 2905 3163 eademque
2938 3089 3156 3162 pietatis
3197 3088 3452 3157 dogmata

1886 3188 2064 3258 sequi.
2097 3185 2440 3257 Quapropter
2473 3193 2527 3241 ct
2552 3193 2699 3240 tuam
2732 3185 2909 3240 saluto
2938 3178 3327 3252 przestantiam,
3353 3175 3454 3229 ob-

1883 3288 2160 3351 testorque
2199 3287 2258 3333 ut
2293 3294 2418 3333 cum
2461 3279 2670 3335 caeteris
2711 3277 2877 3332 rebus
2901 3274 3063 3327 etiam
3094 3268 3272 3340 magni
3307 3265 3453 3319 illius

1882 3374 1985 3430 viri
2013 3373 2067 3426 in
2096 3386 2199 3426 nos
2227 3385 2471 3425 amorem
2504 3370 2771 3440 excipias,
2804 3365 3046 3434 mihique
3071 3374 3213 3429 saepe
3249 3356 3317 3411 de
3341 3356 3454 3410 tuis

1882 3464 2050 3519 rebus
2100 3463 2349 3527 scribas,
2413 3470 2471 3518 et
2520 3476 2708 3516 curam
2758 3457 3028 3527 suscipias
3093 3446 3455 3506 fraternitatis

1885 3554 2087 3624 ubique
2114 3554 2345 3615 dill‘uste.
2375 3554 2682 3609 visceribus
2712 3550 2906 3606 iisdem
2933 3562 2999 3602 ac
3037 3544 3220 3601 studio
3241 3539 3454 3603 eodem,

1887 3659 1998 3714 quo
2044 3652 2100 3701 et
2143 3646 2497 3702 beatissimus
2535 3643 2626 3698 ille
2673 3641 2760 3695 vir
2790 3640 2847 3694 in
2884 3651 3112 3702 omnes,
3149 3633 3244 3706 qui
3282 3629 3453 3686 Deum

1888 3738 1947 3791 in
1973 3738 2199 3794 veritate
2230 3737 2485 3808 diligunt,
2522 3751 2657 3791 usus
2678 3743 2782 3788 est.

201 3810 300 3889 καὶ
336 3837 403 3905 τῇ
441 3810 579 3905 αὐτῇ
619 3831 898 3906 προθυμίᾳ
929 3831 1064 3903 (28),
1166 3829 1263 3884 καὶ
1296 3831 1326 3883 ὁ
1366 3825 1782 3898 μακαριώτατος
1819 3828 2023 3893 ἐκεῖνος
2045 3832 2176 3902 περὶ
2200 3830 2403 3894 πάντας
2431 3827 2629 3900 ἐχρῆτο
2644 3827 2770 3890 τοὺς
2796 3821 3121 3894 ἀγαπῶντας
3180 3816 3271 3872 τὸν
3322 3810 3455 3866 Θεὸν

203 3933 262 3989 ἐν
285 3928 534 4003 ἀληθεία.

700 4046 1047 4100 ΕΠῘΣΤΟΛΗ
1081 4046 1250 4099 PAA'.

2321 4029 2661 4087 EPISTULA
2697 4024 3028 4086 CXXXIV".

389 4159 583 4214 Gratias
600 4158 701 4224 agit
714 4160 842 4226 quod
862 4172 1016 4224 imper
1032 4157 1300 4223 scripserit.
1322 4158 1559 4209 Hortatur
1583 4162 1636 4207 ut
1657 4156 1839 4217 sapius
1860 4148 2056 4203 scribet.
2083 4149 2244 4212 Negat
2270 4158 2324 4199 se
2337 4144 2528 4212 copiam
2557 4145 2733 4197 habere
2758 4141 2951 4194 librarii
2978 4147 3062 4192 aut
3080 4137 3275 4192 notarii.

656 4275 915 4341 Παιονίῳ
941 4271 1340 4344 πρεσϐυτέρῳ.

283 4364 447 4418 ὀσον
484 4362 773 4435 ηὔφρανας
816 4367 965 4437 ἡμᾶς
1004 4368 1117 4430 τοῖς
1159 4366 1511 4437 γράμμασιν,
1551 4364 1791 4430 είκάζεις

202 4471 312 4508 ’που
351 4455 568 4519 πάντως
618 4456 800 4521 αὐτοῖς
844 4452 926 4520 οἷς
968 4456 1304 4520 ἐπέστειλας*
1341 4455 1485 4509 οὕτω
1525 4455 1587 4509 τὸ
1620 4455 1792 4510 καθα-

209 4547 304 4618 ρὸν
336 4546 439 4615 τῆς
459 4546 709 4618 καρδίας,
733 4549 825 4616 ἀφ’
855 4541 924 4618 ἦς
951 4547 1215 4619 προῆλθεν
1239 4549 1422 4600 ἐκεῖνα
1449 4548 1519 4600 τα
1548 4547 1789 4618 ῥήματα,

2392 4255 2610 4312 Pmanio
2647 4252 2969 4325 presbytero.

1961 4356 2312 4426 Quantopere
2339 4366 2427 4405 me
2458 4349 2656 4402 litteris
2688 4340 3079 4406 oblectaveris,
3121 4336 3366 4410 profecto
3391 4350 3458 4391 ex

1890 4450 1958 4507 iis
1992 4463 2113 4520 qua?
2151 4443 2425 4516 scripsisti
2459 4440 2829 4509 conjecturam
2864 4436 3038 4490 facis:
3070 4431 3204 4487 adeo
3250 4429 3461 4502 puritas

1892 4542 2114 4603 cordis,
2171 4554 2238 4594 ex
2284 4551 2393 4606 quo
2437 4534 2604 4588 verba
2652 4532 2746 4585 illa
2806 4525 3149 4598 proﬂuxere,
3209 4527 3464 4576 accurate

205 4613 455 4734 Erg-ﬁciis
584 4613 1494 4734 τῶνιγραμμάτων’κατεμηνύετα
1680 4637 1789 4708 γὰρ

1892 4649 1960 4688 ex
2015 4629 2213 4685 litteris
2252 4625 2713 4699 perspiciebatur.
2760 4614 2893 4673 Nam
2935 4628 3197 4687 aquarum
3251 4613 3463 4669 rivulus

205 4724 367 4788 ὁλκὸς
405 4726 515 4797 (29)
557 4726 655 4797 μὲν
691 4724 880 4792 ὕδατος
920 4725 1160 4780 δείκνυσι
1201 4726 1298 4797 τὴν
1339 4726 1543 4780 οἰκείαν
1586 4726 1787 4797 πηγὴν,

204 4817 369 4886 λόγου
396 4819 454 4872 δὲ
478 4819 638 4887 φύσις
662 4819 760 4890 τὴν
796 4818 1229 4890 προενεγκοῦσαν
1259 4817 1419 4871 αὐτὸν
1447 4816 1675 4889 καρδίαν
1701 4834 1790 4887 χα-

209 4908 557 4981 ρακτηρίζει.
590 4911 753 4963 Ὥστε
791 4910 993 4964 ἄτοπόν
1034 4926 1096 4964 τε
1141 4910 1237 4963 xci.
1272 4908 1407 4963 πολὺ
1444 4908 1539 4962 τοῦ
1581 4908 1791 4973 εἰκότος

209 5002 668 5075 παρηλλαγμένον
697 5003 1019 5057 πεπονθέναι
1046 5001 1313 5074 ὁμολογῶ.
1336 4998 1661 5064 Σπουδάζων
1686 5002 1793 5073 γὰρ

207 5094 300 5147 ἀεὶ
350 5094 675 5166 γράμμασιν
730 5094 1076 5166 ἐντυγχάνειν
1123 5093 1225 5165 τῆς
1282 5092 1617 5164 τελειότητος
1676 5110 1792 5156 σου,

206 5186 405 5258 ἐπειδὴ
450 5186 642 5242 ἔλαϐον
676 5189 756 5250 είς
798 5189 986 5258 χεῖρας
1029 5187 1129 5258 τὴν
1191 5185 1507 5256 ἐπιστολὴν,
1548 5184 1645 5239 καὶ
1694 5187 1790 5239 άν-

289 5297 411 5380 (Ξϐὶ
444 5296 977 5380 Συέλςιιριινγὸῑινι-ἐτςίιξζ
1013 5294 1153 5352 Editi
1184 5295 1392 5351 addunt
1418 5294 1599 5367 ἡμῶν,
1641 5294 1785 5365 quod

210 5368 372 5425 deest
400 5371 454 5423 in
495 5372 753 5423 alumnus
780 5368 1067 5423 codicibus
1095 5381 1228 5421 mss.

282 5438 575 5521 ίὶῒίλῖῆς
619 5436 874 5521 ’ψέυχῆςμΔ
1056 5436 1234 5521 Cois].
1274 5434 1487 5521 primus
1539 5440 1596 5489 et
1643 5431 1784 5490 Med.

208 5504 486 5580 Ειίὶιὶξτῆς
516 5504 747 5580 αρετῆς,
773 5504 983 5580 virtutis
1009 5504 1434 5580 proprietatibus.

285 5579 400 5650 t28)
443 5574 779 5648 Ἠρὸθυιὶίᾳ.
846 5577 924 5650 ita
1000 5574 1163 5632 iidem
1215 5577 1347 5650 duo
1423 5574 1787 5650 vetustissimi

212 5645 460 5713 codices,
502 5645 688 5704 'mult'o
729 5645 929 5704 melius
974 5662 1147 5719 quam
1176 5646 1267 5701 alii
1309 5653 1362 5719 et
1403 5645 1531 5719 editi
1574 5658 1789 5715 προμη-

212 5719 358 5793 θείᾳ,
385 5735 509 5791 quae
543 5726 725 5775 tamen
754 5715 1021 5790 scriptura
1049 5718 1246 5789 legitur
1270 5715 1336 5771 ad
1364 5716 1662 5786 marginem
1691 5730 1779 5770 co-

1894 4728 2107 4781 fontem
2130 4738 2289 4778 suum
2323 4719 2565 4779 indicat;
2613 4711 2885 4769 sermonis
2915 4722 3093 4764 autem
3142 4715 3334 4760 natura
3366 4719 3463 4774 pe-

1889 4828 2033 4880 ctus,
2064 4815 2210 4869 unde
2238 4808 2534 4869 emanavit,
2568 4804 2812 4874 depingit
2858 4817 2921 4855 ac
2965 4801 3234 4868 designat.
3283 4794 3464 4862 Quare

1892 4905 2195 4963 absurdum
2243 4898 2505 4969 quiddam
2536 4903 2593 4950 et
2631 4908 2661 4946 a
2692 4889 2978 4946 verisimili
3022 4888 3180 4956 longe
3227 4887 3463 4938 alienum

1890 4995 2023 5051 mihi
2057 4994 2234 5047 fateor
2262 4987 2537 5045 evenisse.
2572 4984 2707 5037 Cum
2741 4980 2888 5034 enim
2915 4986 3038 5031 tuas
3070 4989 3285 5045 semper
3317 4974 3465 5028 litte-

1893 5104 1983 5144 ras
2034 5086 2214 5157 legere
2264 5092 2642 5154 percuperem,
2695 5073 2788 5127 ubi
2832 5070 3119 5141 epistolam
3169 5069 3223 5122 in
3267 5080 3464 5123 manus

1897 5179 2138 5256 sumpsi,
2191 5191 2255 5230 ac
2297 5172 2437 5244 legi,
2484 5169 2553 5224 iis
2595 5180 2717 5238 qua:
2758 5164 2963 5234 scripta
2993 5169 3149 5216 erant
3196 5175 3306 5216 non
3341 5175 3464 5215 sum

1892 5293 2032 5347 dicis
2056 5286 2404 5345 Cuisliniani.

1956 5343 2390 5432 (ὲθγῇολκόςη
2418 5352 2562 5432 Ante
2610 5350 2756 5432 hanc
2811 5360 3003 5432 vocem
3045 5343 3469 5432 .editi‘babent

1883 5416 1998 5511 καί,
2024 5416 2119 5511 sed
2159 5416 2327 5483 αυεεί
2343 5425 2413 5479 ab
2454 5418 2859 5492 antiquissimis
2883 5416 3171 5473 codicibus
3200 5424 3256 5475 et
3287 5416 3466 5486 pluri-

1884 5505 1991 5560 bus
2021 5503 2163 5554 aliis.

1954 5576 1972 5595 ’
2012 5570 2160 5625 Alias
2190 5562 2441 5623 CCCXX.
2478 5562 2696 5632 Scripta
2728 5573 2876 5615 anno
2903 5558 3031 5632 δῇ,

1919 5680 1926 5687 .
1959 5644 2000 5664 "
2040 5641 2190 5695 Alias
2221 5633 2496 5694 CCLXLI.
2534 5627 2750 5703 Scripta
2778 5645 2924 5687 anno
2950 5627 3067 5687 575.
