3868 6218
395 242 493 308 S'll

1696 256 1755 311 S.
1797 256 2038 311 BASlLll
2081 252 2295 311 MAG.“

3546 241 3659 297 572

394 371 701 424 delectatus
721 370 954 441 'magis,
986 385 1147 440 quam
1193 369 1372 436 dolui,
1404 370 1676 441 iacturam
1711 372 1961 426 conside-

2099 388 2240 440 γνων
2265 369 2456 440 αὐτὴν,
2491 368 2588 438 οὺχ
2612 364 2789 437 ἣσθην
2831 362 3032 434 μᾶλλον
3056 362 3168 424 τοίς
3206 360 3656 431 ἐπεσταλμένοις,

397 476 564 528 rans,
595 470 802 531 quanta
852 462 1014 516 nobis
1065 478 1162 530 per
1208 462 1411 516 silentii
1450 475 1662 532 tempus
1699 462 1959 517 evenerit.

398 548 503 604 Sed
544 552 673 621 quia
712 552 956 607 scribere
987 554 1226 622 cmpisti,
1263 554 1365 607 hoc
1392 552 1572 608 lacere
1604 569 1672 608 ne
1702 553 1976 608 intenuit-

398 652 515 710 tas;
549 659 673 697 nam
716 644 890 714 magis
921 644 1237 707 delectabis,
1268 661 1430 713 quam
1462 646 1555 714 qui
1591 645 1789 700 multas
1818 659 1978 715 pecu-

400 734 522 789 nias
570 734 752 788 avaris
797 734 1041 789 mittunt.
1092 735 1342 805 Scriptor
1387 745 1565 791 autem
1599 736 1782 791 nullus
1814 737 1978 807 226

399 826 533 879 mihi
578 827 804 889 aderat,
849 842 1026 896 neque
1066 842 1132 881 es
1165 827 1234 881 iis
1269 829 1364 896 qui
1396 828 1671 895 eleganter
1702 827 1972 893 scribunt,

400 931 578 984 neque
606 931 672 970 ex
720 916 787 971 iis
828 917 921 986 qui
956 917 1232 972 velociter.
1262 916 1396 971 Nam
1429 933 1570 985 quos
1595 932 1974 979 exercueram.

400 1006 596 1060 borum
632 1006 723 1060 alii
773 1007 838 1061 ad
865 1007 1152 1076 pristinum
1200 1008 1325 1061 vitaz
1362 1022 1535 1077 genus
1582 1006 1820 1074 rediere;
1872 1007 1967 1061 alii

402 1111 535 1151 vero
582 1096 856 1153 diuturnis
884 1096 1090 1153 morbis
1131 1096 1368 1152 alllietati
1421 1098 1634 1153 labores
1678 1096 1818 1153 ferre
1866 1112 1975 1152 non

403 1196 654 1255 possunt.

889 1365 1223 1422 EPISTOLA
1254 1365 1441 1421 CXXX
1456 1366 1539 1420 νο.

2071 463 2103 535 ἢ
2145 462 2404 533 ἠνιάθην,
2448 461 2548 533 τὴν
2588 459 2820 530 ζημίαν,
2867 456 3038 526 ὁπόση
3077 453 3299 523 γέγονεν
3338 455 3473 524 ἡμῑν
3509 453 3660 507 κατὰ

2072 557 2162 609 τὸν
2191 556 2288 626 τῆς
2321 554 2533 625 σιωπῆς
2565 554 2777 625 χρόνον,
2807 548 3259 619 διαλογιζόμενος.
3303 546 3440 599 Ἀλλ’
3464 545 3659 615 ἐπειδὴ

2073 646 2222 717 ἤρξω
2248 645 2500 717 γράφειν,
2532 645 2607 714 μὴ
2637 642 2885 714 statim;
2906 641 3015 709 (50)
3032 638 3189 692 τοῦτο
3212 636 3400 690 ποιῶν.
3430 638 3661 707 Εὐφρα-

2072 734 2182 793 νείς
2221 730 2329 800 γὰρ
2374 729 2534 782 πλέον
2576 730 2609 798 ἢ
2648 731 2696 782 οἱ
2742 729 2812 781 τὰ
2845 727 3014 781 πολλὰ
3056 730 3312 798 χρήματα
3351 727 3461 788 τοῖς
3503 726 3656 793 φιλο-

2075 822 2323 885 πλούτοις
2381 820 2833 893 διαπεμπόμενοι.
2891 820 3011 873 Τῶν
3063 819 3121 872 δέ
3167 818 3420 890 γραφέων
3476 819 3661 881 οὐδείς

2077 930 2170 985 μοι
2216 912 2433 983 παρῆν,
2485 911 2610 965 οὕτε
2653 910 2762 965 τῶν
2813 910 3323 980 καλλιγραφούντων
3374 907 3497 961 οὔτε
3545 908 3663 961 τῶν

2074 1000 2459 1071 ταχυγράςων.
2504 999 2612 1064 Οὓς
2658 1000 2767 1072 γὰρ
2814 999 3002 1070 ἔτυχον
3055 998 3393 1068 ἐξασκήσας,
3446 997 3499 1050 οἱ
3555 997 3664 1067 μὲν

2074 1093 2376 1163 ἀνέδραμον
2422 1092 2516 1146 ἐπὶ
2562 1094 2662 1164 τὴν
2699 1091 2922 1164 πρώτην
2964 1089 3064 1144 τοῦ
3105 1090 3225 1161 βίου
3263 1090 3573 1161 συνήθειαν,
3606 1091 3662 1142 οἱ

2075 1184 2131 1237 δέ
2175 1185 2508 1255 ἀπειρήκασι
2557 1184 2694 1256 πρὸς
2744 1184 2872 1247 τοὺς
2917 1183 3146 1249 πόνους,
3194 1182 3434 1253 χρονίαις
3473 1182 3668 1253 ἀρρυ-

2077 1276 2250 1339 στίαις
2280 1276 2679 1346 κεκακωμένοι.

2578 1370 2868 1425 ΕΠΙΣΤΟΛ
2876 1371 2922 1423 Η
2956 1370 3122 1423 PAE'.

407 1476 620 1550 Basilius
646 1478 846 1550 ingemte
865 1479 1060 1550 amouit
1080 1480 1198 1546 quid
1219 1481 1280 1550 de
1301 1480 1495 1549 duobus_
1507 1477 1644 1550 libris
1667 1493 1697 1528 a
1725 1478 1936 1549 Qiodoro
1963 1482 2239 1545 compositis
2271 1485 2470 1550 sentiet,
2517 1491 2561 1550 et
2597 1485 2660 1535 de
2688 1482 2897 1547 dialogis
2942 1479 3207 1550 scribendis
3244 1479 3394 1550 multa
3434 1486 3668 1550 peracute

467 1540 764 1591 observatis
802 1550 904 1590 erat
928 1540 1196 1592 Diodoium
1219 1540 1363 1605 plura
1396 1540 1495 1591 seri
1531 1548 1694 1590 turum
1713 1555 1730 1591 :
1747 1540 1849 1603 ipse
1873 1555 1985 1591 vero
2003 1540 2183 1594 tantum
2204 1560 2254 1597 se
2273 1562 2303 1596 a
2325 1540 2594 1606 scribendo,
2619 1540 2848 1609 quantuni
2867 1557 2898 1592 α
2939 1541 3206 1593 valetudine
3226 1549 3273 1593 et
3291 1541 3388 1592 otio
3424 1540 3669 1592 remottau

467 1615 568 1652 esse
589 1600 723 1652 dicit.
749 1555 976 1652 ﬂrimum
996 1602 1173 1652 librum
1195 1601 1393 1652 remittit
1408 1616 1426 1652 :
1450 1555 1659 1652 dferam
1677 1603 1864 1652 retinet.
1888 1602 2048 1652 volens
2067 1605 2356 1652 describere-
2385 1622 2471 1652 nec
2494 1606 2684 1652 mnium
2706 1607 2880 1652 habens
2910 1601 3240 1652 tacimaraohi.

464 1615 568 1653 esse
589 1600 723 1653 dicit.
749 1600 976 1653 Primum
996 1602 1173 1653 librum
1195 1600 1393 1654 remittit
1406 1616 1426 1664 ;

716 1707 974 1774 Diodoro,
1008 1710 1303 1765 Antiochia:
1332 1712 1654 1782 presbytero.

487 1800 539 1852 1.
575 1797 701 1871 Legi
750 1804 949 1858 missos
997 1818 1027 1856 a
1075 1812 1164 1857 tua
1193 1803 1510 1872 praestantia
1557 1804 1745 1859 libros.
1795 1804 1861 1859 Et
1894 1823 1983 1862 se-

407 1888 589 1945 eundo
617 1891 836 1961 quidem
885 1893 1041 1947 valde
1090 1893 1397 1948 oblectatus
1431 1911 1593 1955 sum,
1646 1911 1755 1949 non
1807 1899 1981 1951 solum

409 1988 632 2051 propter
677 1983 1030 2050 brevitatem,
1062 1995 1120 2038 ut
1160 2001 1259 2055 par
1285 1993 1404 2039 erat
1454 1986 1727 2041 hominem
1763 1988 1876 2058 jam
1915 1989 1981 2043 ad

409 2074 593 2127 omnia
634 2075 873 2145 segniter
911 2084 966 2144 et
1006 2075 1256 2130 debiliter
1284 2092 1403 2131 sese
1428 2076 1716 2131 habentem
1740 2121 1755 2145 ,
1796 2094 1985 2132 verum

410 2162 575 2216 etiam
616 2164 764 2233 quod
817 2163 981 2218 simul
1031 2170 1086 2217 et
1133 2163 1396 2233 frequens
1430 2172 1515 2217 est
1569 2163 1886 2228 sententiis,
1922 2179 1986 2217 ac

413 2247 701 2317 perSpicue
753 2257 865 2303 tum
919 2248 1359 2303 adversariorum
1394 2250 1629 2318 objecta,
1660 2257 1775 2303 tum
1821 2253 1984 2306 etiam

411 2338 644 2408 objectis
671 2354 934 2409 responsa
979 2341 1225 2395 continet
1258 2358 1270 2393 :
1305 2348 1359 2395 et
1397 2341 1629 2410 simplex
1673 2356 1772 2395 nec
1803 2342 1987 2397 elaboo

412 2438 595 2483 ratum
646 2431 863 2485 dicendi
914 2446 1087 2501 genus
1136 2446 1441 2502 congruere
1491 2433 1623 2486 mihi
1679 2434 1855 2487 visum
1903 2440 1988 2489 est

411 2520 708 2576 Christiani
750 2523 1070 2592 proposito,
1101 2538 1209 2577 non
1257 2534 1365 2578 tam
1414 2524 1479 2578 ad
1533 2527 1985 2589 ostentationem,

412 2626 576 2679 quam
614 2610 681 2664 ad
726 2626 1077 2667 communem
1121 2615 1411 2668 utilitatem
1462 2614 1776 2670 scribentis.
1830 2614 1990 2669 Prior

412 2716 565 2768 vero,
597 2704 703 2755 vim
740 2702 961 2772 quidem
998 2705 1244 2760 eamdem
1291 2707 1347 2760 in
1397 2707 1563 2761 rebus
1612 2707 1858 2772 habens,
1894 2708 1988 2763 sed

414 2792 659 2849 dictione
709 2794 964 2851 uberiore
992 2803 1047 2851 et
1081 2798 1250 2854 variis
1300 2798 1489 2869 ﬁguris
1536 2814 1600 2853 ac
1648 2799 1986 2870 dialogorum

415 2884 608 2953 gratiis
633 2893 952 2954 exornatus,
995 2887 1166 2941 multo
1200 2889 1332 2942 mihi
1360 2890 1511 2945 visus
1553 2897 1638 2945 est
1664 2900 1719 2945 et
1748 2899 1991 2961 tempore

417 2975 486 3029 ad
517 2974 801 3045 legendum
830 2984 883 3030 et
914 2979 1114 3033 mentis
1144 2980 1329 3034 labore
1369 2980 1436 3034 ad
1484 2980 1820 3050 colligendas
1861 2997 1990 3036 sen-

414 3066 621 3120 tentias
653 3081 717 3120 ac
747 3068 1004 3121 memoria
1038 3070 1298 3125 tenendas
1334 3070 1596 3143 indigere.
1637 3072 1990 3128 Adversario-
2019 3055 2069 3112 ο

419 3172 541 3211 rum
592 3158 736 3211 enim
801 3159 1110 3215 intertexta;
1164 3163 1632 3233 vituperationes,
1692 3163 1990 3235 laudesque

415 3255 770 3311 nostrorum,
822 3248 924 3302 etsi
977 3250 1242 3318 quasdam
1302 3268 1369 3306 ex
1425 3252 1641 3317 dialogo
1694 3254 1991 3309 suavitates

417 3339 570 3408 operi
601 3337 858 3393 videntur
883 3338 1109 3404 all‘erre;
1144 3344 1270 3411 quia
1306 3355 1488 3399 tamen
1514 3344 1761 3401 detinent
1787 3354 1842 3401 et
1872 3361 1994 3399 mo-

418 3436 635 3497 rantur,
671 3432 1140 3489 continuationem
1178 3437 1465 3491 sententia:
1496 3436 1794 3501 divellunt,
1831 3446 1995 3509 atque

422 3523 785 3578 contentiosa:
835 3526 1104 3583 orationis
1163 3529 1473 3584 ﬁrmitatem
1529 3531 1798 3585 relaxant.
1857 3530 1994 3585 Illud

418 3614 566 3668 enim
590 3618 814 3674 omnino
844 3619 1080 3674 solertiae
1105 3627 1211 3674 tua:
1253 3628 1444 3675 notum
1473 3627 1579 3684 est,
1608 3637 1704 3677 eos
1733 3623 1896 3677 etiam
1926 3638 1995 3677 ex

420 3708 762 3780 philosOphis
785 3711 988 3767 exteris
1037 3712 1134 3781 qui
1174 3710 1420 3781 dialogos
1458 3712 1751 3782 scripsere,
1783 3712 1996 3767 Aristo-

419 3800 581 3854 telem
622 3801 839 3870 quidem
882 3811 936 3857 et
978 3800 1417 3871 Theophrastum
1466 3803 1649 3856 statim
1703 3818 1792 3856 res
1843 3803 1995 3871 ipsas

423 3892 691 3960 attigisse,
724 3893 868 3963 quod
900 3893 1105 3947 conscii
1138 3894 1245 3948 sibi
1276 3902 1464 3947 essent
1492 3892 1685 3949 deesse
1718 3893 1823 3949 sibi
1848 3893 1997 3963 lepo-

424 3998 512 4039 res
534 3982 861 4040 Platonicos.
887 3982 1043 4038 Plato
1070 3991 1249 4037 autem
1275 3999 1339 4039 ea
1360 3994 1443 4039 est
1463 3983 1680 4038 dicendi
1708 3984 1987 4048 facultate,

423 4085 484 4129 ut
511 4076 673 4131 simul
721 4084 776 4131 et
806 4076 1109 4131 sententias
1156 4075 1470 4146 impugnet,
1511 4082 1567 4130 et
1610 4091 1876 4145 personas
1900 4091 1996 4130 co-

1519 1616 1659 1653 erum
1677 1601 1864 1663 retinet,
1888 1602 2048 1655 volens
2067 1605 2357 1670 describere,
2385 1622 2471 1659 nec
2494 1601 2684 1670 copiam
2706 1607 2880 1656 habens
2910 1601 3240 1670 tachygraphi.

2257 1700 2957 1789 Διοδώρῳ,’πρεσϐυτέρῳ
2984 1711 3341 1781 Ἀντιοχείας
3372 1709 3504 1782 (5i).

2158 1810 2209 1862 1.
2263 1810 2544 1879 Ἐνέτυχον
2576 1810 2689 1870 τοῖς
2726 1806 3072 1860 ἀποσταλεῖσι
3119 1803 3341 1874 βιϐλίοις
3376 1802 3529 1873 παρά
3562 1803 3670 1871 τῆς

2084 1900 2394 1971 τιμιότητός
2425 1918 2540 1953 σου.
2570 1900 2681 1954 Καὶ
2715 1898 2795 1970 τῷ
2833 1898 2930 1969 μέν
2958 1896 3194 1967 δευτέρῳ
3223 1893 3567 1965 ὑπερήσθην,
3598 1893 3665 1943 οὗ

2085 1991 2173 2046 διὰ
2221 1992 2317 2064 τὴν
2372 1992 2683 2065 βραχύτητα
2728 1992 2905 2062 μόνον,
2947 1988 3023 2051 ὡς
3056 1987 3201 2049 εἰκὸς
3239 1982 3306 2058 ἦν
3343 1985 3433 2039 τδν
3477 1984 3668 2056 ἀργῶς

2087 2084 2223 2155 πρὸς
2257 2085 2433 2138 πάντα
2479 2084 2575 2137 καὶ
2623 2082 2862 2145 ἀσθενῶς
2905 2081 3087 2133 λοιπὸν
3132 2078 3492 2150 διακείμενον,
3542 2076 3668 2130 ἀλλ’

2086 2174 2168 2228 δτι
2202 2175 2404 2229 πυκνόν
2433 2192 2493 2228 τε
2522 2174 2637 2246 ἅμα
2671 2175 2785 2227 ἐστὶ
2827 2174 2947 2235 ταῖς
2983 2169 3232 2233 ἐννοίαις,
3262 2168 3356 2223 καὶ
3393 2166 3666 2239 εὖκρινῶς

2087 2267 2144 2318 ἐν
2183 2265 2332 2337 αὑτῷ
2371 2266 2582 2338 ἔχουσιν
2622 2266 2683 2320 αῖ
2716 2282 2777 2318 τε
2824 2262 3122 2325 ἀντιθέσεις
3158 2260 3267 2314 τῶν
3308 2257 3667 2319 ὑπεναντίων,

2089 2355 2183 2408 καὶ
2216 2357 2270 2408 αἱ
2306 2356 2439 2428 πρὸς
2481 2355 2651 2419 αὑτὰς
2694 2356 3045 2424 ἀπαντήσεις
3092 2352 3186 2404 καὶ
3224 2350 3287 2403 τὸ
3324 2350 3423 2420 τῆς
3466 2347 3668 2412 λέξεως

2091 2446 2292 2499 ἁπλοῦν
2332 2464 2392 2499 τε
2435 2446 2530 2499 καὶ
2575 2447 2949 2500 ἀκατάσκευον
2994 2442 3205 2515 πρέπον
3252 2440 3395 2505 ἔδοξέ
3451 2457 3541 2510 μοι
3586 2434 3670 2490 εἷ-

2088 2549 2173 2585 ναι
2236 2532 2345 2603 (52)
2395 2532 2649 2603 προθέσει
2703 2528 3050 2602 Χριστιανοῢ,
3107 2530 3168 2583 οὑ
3221 2530 3357 2601 πρὸς
3408 2528 3670 2592 ἐπίδειξιν

2094 2624 2292 2695 μᾶλλον
2325 2624 2561 2695 ἢκοινὴν
2594 2624 2861 2693 ὠφέλειαν
2898 2623 3300 2693 συγγράφοντος
3334 2622 3465 2692 (55).
3499 2620 3573 2674 Τὸ
3607 2620 3669 2674 δὲ

2092 2718 2375 2790 πρότερον,
2415 2717 2519 2790 τὴν
2566 2717 2663 2788 μὲν
2707 2716 2933 2787 δύναμιν
2977 2714 3098 2785 ἕχον
3121 2714 3221 2785 τὴν
3257 2713 3427 2784 αὐτὴν
3457 2714 3517 2764 ἐν
3551 2715 3668 2774 τοῖς

2092 2810 2418 2881 πράγμασι,
2478 2809 2620 2875 λέξει
2679 2809 2735 2862 δὲ
2797 2807 3223 2878 πολυτελεστέρα
3281 2806 3376 2859 καὶ
3425 2806 3671 2875 σχήμασι

2092 2901 2356 2964 ποικίλοις
2404 2901 2498 2954 καὶ
2553 2899 2884 2973 διαλογικαῖς
2938 2899 3124 2970 χάρισι
3181 2895 3623 2968 κεκομψευμένον
3650 2934 3666 2960 ,

2094 2992 2290 3045 πολλοῦ
2326 3009 2413 3063 μοι
2453 2992 2623 3062 ἐφάνη
2653 2991 2747 3045 καὶ
2778 2990 2968 3063 χρόνου
3003 2989 3138 3061 πρὸς
3164 2988 3226 3042 τὸ
3258 2987 3500 3041 ἐπελθεῖν
3533 2985 3669 3055 (54),

2094 3084 2186 3136 καὶ
2215 3083 2376 3136 πόνου
2400 3081 2637 3146 διανοίας
2666 3081 2801 3152 πρὸς
2828 3080 2889 3132 τὸ
2914 3079 3007 3134 καὶ
3030 3077 3277 3143 συλλέξαι
3306 3078 3404 3140 τὰς
3437 3076 3669 3139 ἐννοίας,

2094 3176 2189 3229 καὶ
2231 3175 2675 3246 παρακατασχεῖν
2724 3170 2893 3234 αὐτὰς
2934 3172 3002 3241 τῇ
3056 3170 3244 3240 μνήμῃ
3290 3167 3564 3237 δεόμενον.
3603 3166 3671 3216 At

2093 3266 2202 3339 γὰρ
2242 3269 2299 3320 ἐν
2344 3266 2422 3336 τῷ
2459 3263 2659 3336 μεταξὺ
2714 3260 3228 3334 παρεμϐαλλόμεναι
3275 3256 3519 3311 διαϐολαὶ
3561 3255 3672 3307 τῶν

2096 3356 2452 3419 ὑπεναντίων,
2501 3356 2597 3410 καὶ
2645 3353 2933 3416 συστάσεις
2980 3351 3090 3405 τῶν
3135 3348 3437 3421 ἡμετέρων,
3482 3349 3531 3400 εί
3576 3347 3671 3400 καὶ

2095 3447 2437 3517 γλυκύτητάς
2458 3464 2608 3510 τινας
2630 3445 2941 3512 ἐπεισάγειν
2965 3441 3181 3497 δοκοῦσι
3194 3437 3534 3501 διαλεκτικὰς
3556 3438 3668 3509 (55)

2094 3537 2174 3610 τῷ
2202 3538 2612 3610 συγγράμματν
2645 3532 2759 3590 ἀλλ’
2792 3531 2886 3589 οὖν
2919 3533 2998 3602 τῷ
3036 3531 3228 3603 σχολὴν
3262 3534 3357 3584 καὶ
3390 3527 3671 3601 διατριϐὴν

2097 3631 2364 3700 ἐμποιεῖν,
2392 3627 2659 3682 διασπῶσι
2694 3627 2793 3699 μὲν
2820 3626 2882 3679 τὸ
2917 3625 3133 3694 συνεχὲς
3164 3623 3265 3693 τῆς
3297 3620 3533 3682 ἐννοίας,
3574 3619 3671 3672 καὶ

2097 3719 2190 3774 τοῦ
2214 3719 2508 3788 ἐναγωνίου
2539 3719 2697 3788 λόγου
2724 3719 2813 3772 τὸν
2839 3717 2990 3770 τόνον
3021 3711 3435 3785 ὑποχαυνοῦσιν.
3465 3711 3672 3764 Ἐκεῖνο

2097 3810 2206 3881 γὰρ
2248 3810 2466 3873 πάντως
2506 3807 2711 3862 συνεῖδέ
2760 3805 2886 3878 ('56)
2927 3822 3019 3857 σου
3061 3806 3094 3874 ἡ
3136 3800 3402 3872 ἀρχίνοια,
3446 3798 3530 3851 δτι
3576 3796 3671 3849 καὶ

2096 3900 2206 3953 τῶν
2252 3899 2448 3964 ἔξωθεν
2491 3898 2792 3968 φιλοσόφων
2843 3897 2893 3950 οί
2942 3896 3068 3958 τοὺς
3112 3893 3392 3961 διαλόγους
3433 3889 3671 3960 συγγρά-

2097 3990 2317 4060 ψαντες,
2367 3987 2746 4060 Ἀριστοτέλης
2804 3987 2902 4058 μὲν
2944 3985 3040 4038 καὶ
3091 3982 3464 4054 Θεόφραστος,
3513 3977 3672 4041 εὐθὺς

2099 4080 2277 4134 αὐτῶν
2320 4081 2530 4151 ἥψαντο
2575 4078 2700 4133 τῶν⁴
2727 4078 3103 4150 πραγμάτων,
3135 4074 3223 4129 διά
3265 4074 3327 4127 τὸ
3375 4069 3672 4124 συνειδέναι

424 4167 568 4221 inico
594 4181 747 4221 more
779 4167 1082 4231 describat,
1106 4164 1500 4237 Thrasyniaehi
1535 4168 1754 4236 quidem
1784 4167 1987 4221 temeri-

2099 4174 2313 4236 ἑαυτοῖς
2346 4172 2453 4227 τῶν
2491 4170 2849 4226 Πλατωνικῶν
2884 4169 3117 4241 χαρίτων
3150 4168 3247 4240 τὴν
3280 4165 3501 4219 ἔνδειαν·
3532 4164 3670 4218 Illit-

415 4249 588 4313 'tatem
639 4273 705 4314 ac
762 4258 1154 4330 impudentiam
1210 4258 1562 4327 vituperans,
1615 4257 1823 4328 llippize
1866 4275 1987 4314 vero

2099 4280 2207 4316 των
2238 4262 2293 4315 δέ
2326 4265 2405 4334 τῇ
2432 4261 2647 4333 ἐξουσίᾳ.
2675 4261 2770 4316 τοῦ
2808 4261 2966 4329 λόγου
3003 4259 3138 4331 ὁμοῦ
3170 4259 3268 4329 μὲν
3304 4260 3416 4321 τοῖς
3443 4257 3673 4327 δόγμασι

425 4352 701 4406 levitatem
765 4351 964 4406 mentis
1024 4361 1187 4421 atque
1249 4352 1571 4421 ignaviam,
1629 4353 1987 4422 arrogantiam

2105 4354 2355 4425 μάχεται,
2392 4353 2528 4425 ὁμοῦ
2578 4353 2636 4407 δὲ
2684 4353 2778 4407 καὶ
2822 4349 3221 4423 παρακωμῳδεῖ
3260 4348 3331 4402 τὰ
3377 4348 3672 4419 πρόσωπα,

426 4458 642 4513 quoque
668 4450 722 4497 et
760 4442 961 4498 fastum
1002 4441 1333 4512 Protagoran.
1367 4441 1469 4497 Ubi
1520 4458 1650 4497 vero
1691 4444 1987 4500 indelinitat

2102 4446 2468 4516 Θρασυμάχου
2508 4445 2608 4515 μὲν
2646 4443 2708 4496 τὸ
2749 4442 2923 4515 θρασὺ
2965 4440 3059 4494 καὶ
3113 4440 3301 4509 ἰταμὸν
3345 4437 3672 4497 διαϐάλλων,

428 4549 693 4604 personas
716 4534 770 4588 in
797 4533 1050 4604 dialogos
1082 4534 1404 4597 introducit,
1435 4536 1613 4589 utitur
1641 4534 1861 4605 quidem
1886 4551 1987 4606 per-

2114 4535 2327 4589 Ἱππίου
2364 4535 2421 4589 δέ
2453 4535 2515 4589 τὸ
2555 4534 2753 4605 κοῦφον
2790 4536 2889 4605 τῆς
2922 4533 3156 4595 διανοίας
3194 4531 3288 4585 καὶ
3324 4530 3541 4602 χαῦνον,
3584 4528 3676 4581 καὶ

428 4627 579 4683 sonis
604 4625 1006 4682 disserentibus
1051 4625 1120 4679 ad
1165 4640 1345 4680 rerum
1378 4627 1823 4696 perspicuitatem
1846 4666 1862 4691 ,
1905 4628 1987 4682 sed

2102 4626 2466 4699 Πρωταγόρου
2506 4626 2568 4679 τὸ
2618 4624 2933 4690 ἀλαζονικὸν
2977 4625 3073 4679 καὶ
3118 4623 3443 4694 ὑπέρογκον.
3506 4623 3675 4672 Ὅπου

430 4717 564 4772 nihil
608 4716 756 4771 aliud
789 4732 857 4772 ex
906 4717 1158 4787 personis
1200 4716 1468 4772 admiscet
1506 4717 1845 4786 argumentis
1889 4736 1902 4772 :
1946 4717 1987 4773 ic‘

2102 4715 2159 4769 δὲ
2193 4716 2421 4787 ἀόριστα
2458 4715 2726 4787 πρόσωπα
2767 4714 3049 4782 ἐπεισάγει
3090 4716 3201 4775 τοῖς
3246 4711 3543 4779 διαλόγοις,
3581 4709 3675 4778 τῆς

430 4804 573 4877 quod
601 4805 657 4860 in
684 4804 908 4877 Legibus
934 4805 1206 4875 praestitit.

2107 4807 2206 4876 μὲν
2235 4808 2541 4878 εὐκρινείας
2566 4807 2749 4860 ἕνεκεν
2780 4804 2887 4858 τῶν
2914 4803 3253 4875 πραγμάτων
3282 4802 3543 4872 κέχρηται
3570 4801 3677 4858 τοῖς

435 4898 968 4971 προσδιαλεγομένοις
991 4896 1291 4969 (57),οὺδέν
1311 4896 1367 4949 δὲ
1392 4896 1576 4966 ἐτερον
1632 4897 1696 4949 ἐκ
1745 4895 1855 4950 τῶν
1906 4898 2215 4969 προσώπων
2243 4898 2600 4954 ἐπεισκυκλεί
2636 4900 2756 4961 ταῖς
2790 4895 3131 4949 ὑποθέσεσιν·
3165 4895 3301 4965 ὅπερ
3334 4891 3588 4961 ἐποίησεν
3620 4891 3677 4943 ἐν

436 4994 539 5056 τοῖς
564 4992 800 5061 Νόμοις.

498 5152 520 5173 ⁶
558 5147 707 5202 Alias
745 5145 1001 5202 CLXVII.
1040 5145 1251 5215 Scripta
1284 5162 1428 5201 anno
1461 5147 1589 5202 575.

2183 5138 2647 5214 (34)'Erz§.z_6_sir.
2695 5138 2788 5214 Sie
2829 5152 2964 5214 mss.
2992 5153 3087 5214 se}
3111 5152 3222 5214 pro
3263 5151 3359 5214 eo“
3376 5136 3678 5214 quoderat

502 5218 612 5283 (30)
652 5219 747 5282 Μὴ
794 5217 1099 5285 διαλίπῃς.
1145 5217 1297 5271 Multi
1343 5218 1561 5273 codices
1604 5232 1713 5271 non
1745 5225 2004 5273 vetustis-

2113 5205 2357 5332 ίῃέθίίῖίίε
2396 5211 2655 5277 ὲξελθεῖν,
2701 5211 2784 5263 vel
2812 5217 2872 5262 ut
2897 5210 2951 5262 in
2993 5205 3233 5264 editione
3260 5206 3296 5261 2
3322 5205 3498 5261 Paris.
3523 5208 3678 5271 ἐπεξ-

2113 5302 2168 5332 ΕΛ
2207 5301 2305 5332 ειν.

2111 5301 2305 5337 εΛυειν.

435 5288 553 5343 simi
588 5287 660 5357 μὴ
694 5287 977 5357 διαλίποις.

506 5357 616 5428 (3t)
652 5356 938 5428 Διοδώρῳ.
978 5356 1148 5412 Cois].
1190 5357 1402 5427 primus
1444 5365 1502 5428 et
1537 5356 1677 5411 Med.
1719 5356 2002 5428 Θεοδῴρῳ.

507 5423 622 5496 (5‘).)
658 5423 846 5496 Εἶναιζ
906 5428 1055 5481 Ilane
1111 5423 1300 5481 vocem
1347 5427 1657 5496 addidimus
1719 5444 1785 5482 ex
1841 5423 2006 5493 neua,

438 5494 611 5568 llarh,
642 5494 809 5549 Coisl.
843 5498 1019 5568 primo
1049 5506 1105 5551 et
1130 5506 1365 5568 utroque
1397 5495 1584 5568 Regio.

511 5565 620 5631 Q55)
660 5565 1134 5634 Συγκράροντος.
1183 5565 1416 5622 Ιιιιινοσ
1458 5565 1821 5624 vetustissimi
1860 5566 2010 5622 cedi-

438 5651 551 5690 ces.
587 5634 724 5689 Editi
759 5636 1082 5705 γράφοντος.

2186 5354 2295 5423 (35)
2332 5352 2791 5423 Γλυκύτητας...
2831 5346 3227 5423 διαλεκτικὰς.
3268 5344 3409 5403 Med.
3444 5354 3500 5401 et
3530 5344 3675 5401 Bari.

2118 5417 2289 5495 prima
2315 5438 2480 5476 manu
2498 5421 2910 5495 γλυκυτάτας...
2944 5417 3225 5495 διαλέξεις.

2188 5494 2299 5563 (36)
2339 5490 2604 5563 Συνεῖδε.
2632 5487 3061 5563 γιιιινιησύνοιδὲ
3087 5489 3182 5542 sed
3215 5493 3455 5563 secunda
3495 5502 3673 5540 manu.

2190 5556 2303 5628 (‘37)
2343 5557 2974 5629 Προσδιαλεγομένοις.
3020 5556 3156 5614 Tres
3197 5560 3415 5615 Codices
3459 5574 3567 5612 non
3591 5574 3679 5613 ve-

2120 5633 2406 5690 tustissimi
2442 5629 2966 5702 προδιαλεγομένοις.
