3868 6218
414 296 521 353 575
1720 290 1779 346 S.
1819 289 2059 346 BASlLll
2101 287 2311 345 MAGNI
3565 288 3673 343 576

414 412 687 484 ﬂagellum
718 418 825 475 est,
854 409 1002 480 quod
1031 408 1443 466 accessionibus
1467 424 1565 478 pro
1589 411 1782 463 merito
1804 417 1941 463 nosti

2146 408 2238 462 ιλλ⁹
2287 406 2472 477 ἐπειδὴ
2526 406 2721 478 μάστιξ
2762 405 2856 460 τοῦ
2908 406 3113 476 Κυρίου
3165 406 3282 459 ἐστὶ
3327 402 3673 476 προσθήκαις

417 504 637 560 dolores
679 503 937 565 intendit,
968 502 1023 556 in
1049 501 1300 556 morbum
1329 516 1395 556 ex
1428 501 1618 555 morbo
1645 500 1833 566 incidi,
1859 502 1944 555 adt

2149 503 2215 563 ιτς
2254 500 2395 554 κατὰ
2434 499 2532 572 τὴν
2572 499 2847 571 ἡμετέραν
2893 497 3048 563 ἀξίαν
3085 497 3146 552 τδ
3184 497 3428 566 ἀλγεινὸν
3472 496 3676 551 ἐπιτείο

419 604 479 651 ttt
517 597 664 667 quod
707 595 834 651 inde
870 595 1252 664 consequitur,
1297 595 1380 648 vel
1439 608 1609 664 puero
1644 593 1946 648 manifesttu

2145 608 2289 659 tuoa,
2326 592 2610 647 ἀσθένειαν
2645 592 2737 645 ἐπὶ
2779 595 2845 663 τῇ
2887 591 3139 663 ἀσθενείᾳ
3173 589 3672 663 προσεκτησάμην,

419 688 514 753 sit,
562 696 814 743 nostrum
864 685 999 741 illud
1029 687 1465 757 integumentum
1512 686 1825 740 necessario
1849 684 1946 740 solt

2147 702 2237 738 στε
2283 685 2345 738 τὸ
2384 685 2491 739 ἀπὸ
2532 684 2722 738 τούτου
2765 683 2860 736 κα)⁸
2897 684 3050 737 παιδὶ
3098 682 3326 754 φανερὸν
3369 678 3537 746 εἶναι,
3586 682 3670 734 ὅτι

419 788 534 832 ῑιιιη
567 779 675 845 iri;
731 779 840 833 nisi
889 777 1034 834 forte
1081 777 1177 832 Dei
1224 777 1536 847 benignitas
1575 787 1793 848 tempus
1838 778 1946 832 nob

2142 778 2247 830 ᾶσα
2280 776 2492 848 ἀνάγκη
2519 773 2833 846 οἰχήσεσθαι
2860 775 2988 845 ἡμῖν
3021 774 3080 827 τὸ
3105 773 3324 845 ἔλυτρον
3345 772 3503 827 τοῦτο
3531 772 3668 841 (47)-

420 885 524 943 pro
588 887 689 927 sua
749 870 1013 942 patientia
1080 870 1148 924 ad
1206 871 1586 940 paenitentiam
1648 870 1947 923 concedens

2149 867 2236 939 λὴν
2267 870 2315 920 εί
2345 868 2417 939 μή
2446 884 2548 920 που
2582 867 2691 939 ἄρα
2720 868 2753 938 ἡ
2793 865 2888 920 τοῦ
2917 864 3053 919 Θεοῦ
3093 864 3495 938 φιλανθρωπία,
3534 865 3676 935 ἡμῖν

419 963 620 1017 cﬂlciat
672 964 836 1018 etiam
891 979 1059 1028 nunc,
1113 971 1173 1017 ttt
1230 979 1373 1033 saepe
1426 975 1616 1027 antea,
1667 961 1946 1031 solutione}

2147 975 2156 1006 ν
2215 960 2280 1029 τῇ
2339 958 2686 1030 μακροθυμίᾳ
2745 955 2931 1011 αὐτοῦ’
2963 956 3186 1027 χρόνους
3247 958 3325 1021 εἰς
3386 956 3674 1028 μετάνοιαν

420 1053 713 1123 quamdam
735 1061 788 1107 et
808 1054 1012 1109 exitum
1037 1070 1101 1109 ex
1130 1055 1288 1108 malis
1311 1054 1798 1108 iuextricabilibus.
1819 1053 1942 1123 Atqt

2142 1052 2452 1123 ιριζομένη.
2487 1053 2729 1123 ποιήσειε
2754 1050 2849 1103 καὶ
2876 1048 2991 1112 νῦν,
3019 1049 3094 1112 ὡς
3123 1052 3217 1102 καὶ
3243 1048 3504 1109 πολλάκις
3533 1047 3669 1118 πρό-

422 1144 540 1198 hare
583 1143 829 1214 quidem,
868 1152 927 1198 ut
970 1145 1023 1199 ei
1065 1154 1276 1214 gratum
1310 1151 1365 1199 et
1407 1144 1568 1199 nobis
1606 1144 1761 1208 utile,
1816 1143 1889 1197 ita
1937 1157 1949 1196 ε

2145 1161 2274 1214 ερον,
2316 1142 2469 1195 λύσιν
2507 1143 2629 1196 τινὰ
2664 1142 2758 1195 καὶ
2796 1141 2960 1212 πόρον
2994 1140 3059 1192 ὲκ
3091 1138 3199 1192 τῶν
3230 1139 3523 1210 ἀμηχάνων
3563 1136 3672 1190 δει-

422 1233 721 1288 habebunt.

2143 1233 2205 1286 Ξὺν
2249 1231 2382 1304 (48).
2428 1232 2614 1287 Ταῦτα
2654 1233 2750 1304 μὲν
2781 1228 2873 1286 οὖν
2911 1230 3043 1296 ἔξει,
3090 1230 3165 1295 ὡς
3202 1230 3350 1309 αὐτῷ
3388 1229 3540 1300 φίλον
3574 1227 3670 1282 καὶ

2098 1328 2228 1397 ἡμῖν
2255 1326 2549 1396 συμφέρον.

489 1432 545 1487 2.
587 1431 697 1487 Res
741 1440 921 1487 autem
957 1431 1342 1487 ecclesiasticae
1375 1428 1656 1500 quOmodo
1685 1427 1912 1497 dilapsae
1941 1434 1996 1482 et

2168 1441 2223 1495 2.
2260 1440 2341 1494 Τά
2376 1440 2432 1493 δὲ
2471 1438 2580 1494 τῶν
2609 1436 2912 1509 ἐκκλησιῶν
2943 1438 3090 1502 ὅπως
3117 1439 3321 1509 οἴχεται
3345 1435 3441 1489 καλ⁸
3470 1434 3670 1506 προπέ-

422 1525 653 1597 proditae
700 1527 829 1588 sint,
870 1525 998 1579 dum
1052 1539 1156 1579 nos
1188 1524 1426 1593 propriae
1471 1521 1785 1578 securitatis
1831 1533 1949 1573 eaut

2147 1550 2278 1596 οται,
2318 1531 2474 1604 ἡμῶν
2519 1531 2617 1601 τῆς
2655 1531 2859 1594 οἰκείας
2896 1530 3191 1597 ἀσφαλείας
3229 1529 3414 1584 ἕνεκεν
3450 1526 3520 1581 τά
3560 1526 3674 1580 τῶν

422 1638 545 1692 quae
587 1620 657 1676 ad
694 1622 1003 1691 proximum
1037 1621 1273 1674 attinent
1300 1618 1650 1690 negligimus,
1688 1631 1752 1670 ac
1793 1630 1863 1671 ne
1892 1614 1949 1668 hc

2146 1626 2325 1695 λησίον
2360 1623 2755 1696 περιορώντων,
2786 1625 2881 1679 καὶ
2917 1624 3038 1677 οὐδὲ
3068 1622 3223 1677 τοῦτο
3261 1623 3488 1693 συνορᾷν
3512 1621 3672 1674 δυνα-

421 1714 647 1785 quidem
701 1714 1005 1783 intelligere
1037 1727 1352 1782 possumus,
1396 1711 1561 1765 rebus
1603 1706 1948 1763 communibt

2146 1717 2303 1778 ένων,
2342 1718 2422 1770 ὅτι
2465 1719 2530 1787 τῇ
2574 1715 2668 1769 τοῦ
2707 1714 2884 1770 κοινοῦ
2931 1716 3279 1786 κακοπραγίᾳ
3320 1714 3430 1783 (49)
3475 1714 3571 1768 atat
3611 1713 3673 1766 τὸ

422 1806 565 1860 male
590 1805 937 1867 cadentibus,
972 1805 1213 1873 privatas
1236 1804 1400 1857 etiam
1436 1801 1602 1856 simul
1633 1800 1833 1870 perire,
1861 1797 1949 1869 qui

2142 1803 2217 1858 ιϐ’
2247 1805 2475 1858 ἕκαστον
2509 1805 2926 1867 συναπόλλυται,
2953 1805 3004 1858 τί
3032 1804 3135 1876 χρὴ
3172 1805 3266 1859 καὶ
3291 1804 3498 1873 λέγειν;
3538 1803 3669 1856 Ἀλ-

427 1899 626 1953 attinet
680 1898 765 1951 vel
811 1895 1038 1952 dicere?
1086 1893 1398 1949 Prwsertim
1430 1893 1598 1963 228
1632 1892 1700 1947 ad
1745 1903 1836 1957 te,
1901 1906 1954 1960 qt

2143 1913 2200 1959 υς
2228 1912 2285 1948 τε
2320 1895 2415 1949 καὶ
2457 1896 2594 1966 πρὸς
2635 1895 2822 1967 ἄνδρα,
2862 1895 2942 1959 ὃς,
2987 1895 3264 1967 πόρρωθεν
3302 1896 3509 1949 ἕκαστα
3537 1912 3670 1966 προ-

429 1998 625 2044 cuncta
651 1989 812 2059 longe
845 1996 969 2043 ante
1001 1987 1307 2059 praevidens
1336 1994 1391 2039 et
1429 1986 1486 2038 in
1534 1991 1880 2038 antecessum
1914 1991 1956 2036 ιε

2146 1989 2267 2054 δὼς.
2314 1989 2408 2044 καὶ
2455 1989 2908 2062 προδιεμαρτύρω
2957 1991 3051 2044 καὶ
3101 1989 3518 2062 προεκήρυξας,
3578 1990 3672 2043 καὶ

423 2092 603 2139 status
632 2097 692 2137 es
735 2088 790 2136 et
824 2080 1136 2144 declarasti,
1172 2086 1227 2133 et
1265 2079 1414 2149 prior
1462 2077 1579 2146 ipse
1608 2076 1949 2130 exsurrexist

2143 2081 2255 2144 ὒτός
2287 2099 2346 2134 τε
2378 2082 2795 2153 προεξανέστης,
2831 2082 3072 2145 καὶτοὺς
3102 2080 3318 2145 λοιποὺς
3351 2082 3670 2151 συνεπήγει-

422 2181 480 2227 et
521 2173 662 2227 alios
712 2172 986 2235 excitasti,
1025 2172 1234 2225 litteras
1280 2169 1553 2231 scribens,
1604 2181 1791 2221 coram
1840 2181 1949 2220 accc

2139 2192 2218 2240 ας,
2247 2175 2596 2238 ἐπιστέλλων,
2631 2175 2791 2238 αὐτὸς
2824 2175 3274 2246 παραγινόμενος.
3306 2174 3360 2228 τί
3386 2176 3448 2228 οὺ
3481 2175 3666 2239 ποιῶν,

422 2266 582 2327 dens.
612 2264 741 2335 quid
772 2280 882 2317 non
918 2279 1107 2334 agens,
1141 2276 1309 2332 quam
1337 2275 1525 2314 vocem
1561 2272 1670 2312 non
1703 2260 1949 2313 emitteus

2142 2267 2215 2320 ἶνα
2268 2266 2450 2336 φωνὴν
2498 2268 2599 2320 οὐκ
2647 2266 2857 2335 ἀφιείςί
2904 2260 2999 2320 Ὧν
3054 2266 3376 2338 μεμνήμεθα
3431 2267 3532 2337 μὲν
3585 2267 3669 2336 ἐφ’

425 2357 674 2423 Quorum
708 2355 928 2426 quidem
966 2354 1342 2419 meminimus,
1378 2361 1436 2406 ut
1469 2364 1700 2421 quasque
1742 2364 1832 2404 res
1870 2364 1952 2403 evt

2143 2357 2309 2428 ιάστῳ
2331 2355 2439 2409 τῶν
2471 2356 2826 2411 ἐκϐαινόντων
2846 2397 2861 2422 ,
2896 2357 3249 2429 ὠφελούμεθα
3281 2357 3338 2411 δὲ
3366 2357 3460 2411 ἀπ’
3493 2359 3670 2412 αὐτῶν

424 2450 528 2510 nit,
565 2448 661 2503 sed
710 2447 839 2502 inde
868 2446 1003 2501 nihil
1035 2445 1150 2515 jam
1202 2445 1552 2512 adjuvantur.
1587 2440 1748 2495 Nunc
1790 2447 1951 2493 auten

2108 2447 2296 2501 οὐκέτι.
2330 2448 2441 2502 Καὶ
2468 2448 2561 2503 νῦν
2594 2452 2642 2504 ει
2679 2449 2752 2521 μὴ
2789 2452 2846 2504 αἱ
2875 2451 3139 2521 ἁμαρτίαι
3183 2449 3516 2520 ἀντέστησαν
3549 2467 3635 2520 μοι

424 2538 535 2596 nisi
594 2540 728 2593 mihi
784 2553 903 2592 mea
949 2545 1174 2607 peccata
1221 2536 1567 2589 obstitissent
1621 2531 1707 2601 (ac
1760 2530 1951 2601 primm

2146 2538 2193 2590 ιὶ
2231 2538 2289 2590 τὸ
2337 2538 2433 2609 μὲν
2474 2537 2688 2611 πρῶτον
2718 2539 2827 2610 (50)
2858 2541 2886 2593 ὁ
2920 2538 3305 2602 εὐλαϐέστατος
3337 2541 3431 2593 καὶ
3459 2541 3673 2611 ἀγαπη-

425 2626 648 2697 quidem
683 2625 1143 2694 religiosissimus
1172 2638 1236 2677 ac
1271 2621 1667 2677 dilectissimus
1696 2619 1865 2673 frater
1899 2632 1952 2671 ιι(

2143 2631 2188 2691 ὣς
2215 2628 2440 2693 ἀδελφὸς
2468 2630 2622 2701 ἡμῶν
2663 2630 2960 2694 Εὑστάθιος
3000 2633 3028 2685 ὀ
3068 2631 3430 2697 συνδιάκονος,
3470 2635 3551 2695 εις
3583 2632 3670 2685 νό-

427 2726 544 2773 iter
576 2716 893 2773 Eustathius
940 2717 1322 2771 condiaconus
1368 2715 1425 2768 in
1477 2715 1724 2767 morbum
1775 2726 1954 2782 grave:

2145 2735 2191 2773 δν
2214 2719 2454 2791 χαλεπὴν
2490 2718 2835 2784 καταπεσὼν,
2858 2721 2937 2783 εἰς
2962 2719 3116 2784 ὅλους
3149 2738 3215 2791 με
3251 2719 3344 2775 δύο
3384 2721 3672 2792 παρέτεινε

427 2806 707 2878 delapsus,
754 2813 903 2861 totos
950 2819 1038 2859 me
1087 2804 1228 2859 duos
1276 2816 1493 2858 menses
1540 2800 1816 2862 distinuit,
1868 2798 1954 2853 dut

2146 2807 2297 2878 ῆνας,
2333 2810 2547 2881 ἡμέραν
2571 2809 2628 2876 ἐξ
2651 2810 2865 2881 ἡμέρας
2895 2809 2991 2882 τὴν
3033 2811 3306 2882 σωτηρίαν
3337 2810 3500 2864 αὐτοῦ
3525 2827 3673 2883 περι-

429 2897 574 2953 diem
622 2914 687 2953 ex
739 2899 828 2953 die
870 2897 1239 2953 valetudinem
1271 2895 1423 2949 illitts
1470 2902 1770 2963 exspecto:
1803 2890 1956 2946 deind

2146 2902 2332 2955 ένοντα
2355 2918 2367 2932 ·
2404 2901 2595 2955 ἔπειτα
2631 2901 2687 2954 δὲ
2721 2902 2771 2954 οἱ
2816 2903 2912 2955 σὺν
2951 2902 3074 2971 ἐμοὶ
3107 2902 3307 2966 πάντες
3345 2901 3669 2973 ἠσθένησαν,

430 2992 524 3062 qtti
563 3006 776 3045 mecum
808 2997 936 3045 sunt
978 3004 1171 3043 omnes
1202 2993 1560 3057 aagrotarunt,
1601 2998 1835 3054 quorum
1871 2982 1957 3036 rel}

2148 3010 2176 3044 ν
2215 2993 2282 3046 τά
2322 2992 2418 3064 μὲν
2462 2992 2876 3065 καταλείμματα
2911 2993 3333 3067 ὲξαριθμήσεται
3377 2996 3406 3047 ὁ
3452 2996 3674 3065 ἀδελφὸς

430 3085 589 3155 quias
639 3082 884 3137 narrabit
937 3080 1106 3135 frater
1160 3078 1407 3142 lsaaces;
1457 3085 1734 3147 postremo
1781 3074 1957 3127 tandet

2149 3086 2395 3154 σαάκης·
2430 3084 2491 3136 τὸ
2516 3084 2572 3137 δὲ
2603 3084 2909 3139 τελευταῖον
2942 3086 3103 3150 αὐτὸς
3133 3085 3242 3155 ἐγὼ
3274 3088 3341 3158 τῇ
3372 3086 3514 3161 νόσῳ
3546 3104 3676 3140 κατ-

432 3190 536 3244 ego
585 3174 703 3243 ipse
750 3172 857 3227 hoc
904 3187 1024 3226 sum
1061 3170 1252 3224 morbo
1301 3168 1631 3237 correptus),
1676 3165 1959 3233 jamdudm

2147 3174 2327 3247 ῑχέθην
2356 3174 2553 3247 ταύτῃ·
2590 3177 2712 3229 ἐπεὶ
2744 3175 2909 3231 πάλαι
2954 3175 3020 3230 ἂν
3065 3177 3212 3248 ἤμην
3261 3177 3411 3249 παρά
3442 3175 3542 3248 τὴν
3577 3178 3674 3248 σὴν

433 3265 577 3335 apud
610 3273 760 3318 tuam
786 3263 1160 3334 prastantiatn
1189 3261 1384 3323 forem,
1414 3275 1522 3315 non
1556 3258 1722 3314 rebus
1757 3273 1960 3311 contum

2146 3266 2403 3336 ιμιότητα,
2437 3267 2536 3319 οὐκ
2568 3267 2757 3337 ὄφελός
2800 3285 2854 3321 τι
2893 3270 3005 3331 τοῖς
3040 3271 3241 3331 κοινοῖς
3280 3269 3673 3340 παρεχόμενος,

435 3356 603 3411 nibus
648 3356 927 3426 quidpiam
978 3353 1212 3410 alierens
1259 3352 1641 3415 emolumenti,
1687 3351 1780 3407 sed
1839 3350 1962 3405 mihi

2129 3354 2214 3409 ιλλ⁹
2237 3354 2458 3426 ἐμαυτῷ
2485 3356 2626 3426 μέγα
2664 3356 2852 3427 κέρδος
2885 3358 2948 3410 ἐκ
2976 3359 3074 3429 τῆς
3105 3358 3392 3430 συντυχίας
3422 3376 3515 3413 σου
3544 3360 3656 3412 κτώ

435 3448 655 3518 metipsi
687 3448 898 3501 lucrum
925 3463 1033 3501 non
1063 3461 1292 3516 parvum
1322 3461 1389 3499 ex
1421 3452 1517 3497 tuo
1541 3458 1842 3512 congressu
1869 3457 1962 3496 con

2149 3464 2282 3511 ενος.
2328 3448 2438 3501 Kal.
2482 3448 2590 3519 γὰρ
2634 3448 2893 3517 ἐγνώκειν
2923 3449 3028 3516 ἔξω
3063 3452 3169 3505 τῶν
3212 3451 3676 3522 ὲκκλησιαστικῶν

432 3540 647 3594 cilians.
689 3537 900 3593 Etenim
937 3546 1236 3593 statueram
1270 3544 1427 3590 extra
1474 3536 1852 3591 ecclesiastica
1882 3550 1959 3591 ess

2151 3537 2352 3591 ενὲσθαι
2402 3537 2570 3608 βελῶν
2612 3538 2702 3593 διά
2755 3539 2816 3592 τὸ
2874 3540 3180 3608 ἀφύλακτον
3232 3541 3388 3613 ἡμῶν
3428 3542 3565 3614 πρὸς
3609 3542 3678 3595 τὰ

433 3631 572 3693 tela,
619 3645 686 3685 eo
724 3630 870 3700 quod
913 3628 1162 3699 imparati
1222 3627 1397 3682 simus
1447 3626 1713 3682 adversus
1764 3642 1826 3680 ea
1881 3643 1960 3696 qu:

2151 3629 2521 3700 κευωρούμενα
2548 3629 2657 3701 (51)
2690 3631 2841 3703 παρὰ
2869 3631 2978 3685 τῶν
3006 3632 3281 3687 ἐναντίων.
3315 3631 3486 3696 Σώζοι
3513 3649 3572 3686 σε
3602 3634 3678 3705 τῷ

433 3730 725 3778 struuntur
752 3722 820 3776 ab
871 3720 1224 3775 adversariis.
1277 3716 1475 3773 Servet
1520 3726 1573 3773 te
1612 3719 1868 3773 omnibus
1900 3719 1960 3772 ho

2151 3723 2206 3793 ἴῳ
2255 3723 2415 3775 παντὶ
2455 3723 2489 3793 ἡ
2539 3723 2751 3794 μεγάλη
2799 3722 2893 3777 τοῦ
2935 3723 3069 3778 Θεοῦ
3132 3725 3271 3797 χεὶρ,
3308 3725 3400 3778 τὸν
3435 3727 3678 3792 γενναῖον

435 3814 676 3869 minibus
709 3829 907 3884 magna
936 3812 1029 3866 Dei
1060 3827 1277 3874 manus,
1310 3826 1636 3881 generosum
1667 3810 1788 3865 ﬁdei
1818 3818 1962 3865 custc

2153 3814 2320 3869 ὑλακα
2353 3818 2451 3887 τῆς
2496 3815 2749 3879 πίστεως,
2788 3817 2880 3869 καὶ
2920 3817 3158 3887 νήφοντα
3210 3815 3316 3870 τῶν
3348 3815 3680 3886 Ἐκκλησιῶν

433 3907 581 3970 dem,
617 3921 682 3959 ac
712 3905 1029 3976 vigilantem
1081 3902 1453 3956 Ecclesiarum
1485 3900 1830 3957 defensorem
1854 3944 1869 3968 ,
1918 3901 1953 3955 d

2161 3907 2443 3979 οοστάτηνο
2484 3909 2579 3962 καὶ
2618 3905 3003 3972 καταξιώσειεν
3045 3910 3192 3980 ἡμᾶς
3231 3908 3338 3980 πρὸ
3362 3908 3460 3979 τῆς
3498 3906 3688 3973 ἐξόδου

438 4012 694 4067 gnosque
731 4011 832 4051 nos
859 3996 1076 4058 eﬂiciat,
1123 3995 1215 4063 qui
1248 4003 1341 4049 tuo
1384 4008 1684 4064 congressu
1733 4008 1798 4046 ac
1843 3993 1965 4046 colli

2167 4013 2204 4068 ,ς
2237 3997 2528 4068 συντυχίας
2559 4015 2651 4051 σου
2678 3999 2764 4051 ἐπ’
2787 3998 3020 4070 ὠφελείᾳ
3048 3999 3156 4053 τῶν
3187 3998 3374 4070 ψυχῶν
3404 3998 3585 4070 ἡμῶν.
3690 4066 3694 4071 _

435 4090 577 4159 quio
609 4099 733 4144 ante
763 4089 969 4142 obitum
1009 4087 1078 4142 ad
1108 4088 1416 4141 animarum
1445 4095 1757 4141 nostrarum
1805 4084 2008 4138 utilita-

434 4192 544 4237 tem
572 4183 863 4252 potiamur.

509 4376 622 4448 (47)
660 4376 857 4430 Τοῦτο.
902 4374 985 4448 Ιιιι
1023 4390 1157 4430 mss.
1193 4382 1446 4448 quatuor.
1481 4372 1628 4448 Editi
1650 4370 1869 4448 τούτουζ
1903 4371 2007 4448 De.
2043 4440 2074 4448 _
2112 4372 2207 4427 diu
2240 4372 2564 4448 absentibus
2592 4372 2876 4448 imminere
2905 4373 2994 4448 ait
3011 4372 3261 4442 pluribus
3294 4372 3453 4427 locis.
3493 4370 3689 4448 Ratios

435 4440 564 4503 sunt
589 4440 694 4501 hoc
723 4448 841 4499 loco
881 4447 1064 4499 multa;
1093 4440 1256 4499 voces
1295 4445 1346 4498 in
1385 4442 1548 4503 Med.,
1590 4441 1732 4494 Harl.
1758 4450 1811 4494 et
1831 4441 2001 4499 Coisl.
2043 4440 2084 4495 D
2112 4458 2234 4496 nem
2266 4458 2394 4509 ergo
2418 4443 2616 4502 reddit.
2644 4458 2742 4496 cur
2764 4440 3093 4511 colloquium
3117 4452 3171 4496 et
3194 4451 3549 4510 conspectum
3579 4441 3692 4495 Ett-

438 4520 639 4588 primo,
685 4517 740 4570 in
782 4515 981 4588 quibus
1020 4516 1223 4586 legitur
1250 4515 1547 4588 οίχήσεται,
1575 4524 1638 4566 ac
1666 4512 1873 4577 statim,
1907 4527 2012 4567 (ξω-
2116 4512 2248 4588 sebij
2272 4528 2379 4565 non
2403 4512 2469 4564 ad
2486 4526 2839 4588 commonent
2861 4514 3294 4588 utilita_tem,_sed
3318 4511 3385 4565 ad
3411 4512 3689 4580 ptopriam

442 4581 848 4668 ierisnon‘tissi's,
882 4586 1037 4668 svnt?)
1065 4581 1441 4668 μακροθυμίᾳ.
1488 4651 1515 4665 η

2165 4581 2463 4668 rofuturunt
2495 4590 2759 4651 speraret.
2801 4584 2936 4636 Cum
2969 4585 3111 4668 enim
3152 4583 3201 4637 ei
3243 4591 3462 4638 mutuas
3491 4596 3692 4668 operas

512 4658 628 4723 (48)
660 4655 896 4710 Δεινῶν.
930 4651 1111 4725 (Ιοῖεῐἑ
1130 4651 1338 4725 primus
1369 4651 1575 4707 κακῶν.
1649 4722 1661 4725 _
1703 4721 1715 4725 _
1751 4720 1765 4725 _

2161 4653 2356 4721 piscopi
2399 4653 2465 4705 ad
2514 4667 2858 4725 communem
2907 4653 3197 4725 utilitatem
3235 4654 3688 4725 uon_tradercnt.

513 4720 624 4798 (49)
655 4726 1056 4798 Κακοπρατίᾳ.
1080 4720 1215 4794 Reg.
1245 4725 1518 4779 secundus
1547 4729 1602 4777 et
1623 4720 1790 4777 (Joisl.
1818 4735 2014 4776 secun-
2116 4720 2377 4798 imparem
2405 4736 2469 4798 se
2502 4722 2714 4776 videbat
2742 4724 3051 4798 evertendis
3083 4722 3520 4798 adversariorum
3557 4736 3695 4798 conf

440 4792 544 4854 dus
565 4792 892 4868 δυσπραγία.
947 4792 956 4795 ⁷
1169 4792 1208 4868 __
1463 4860 1560 4868 ___
1592 4863 1604 4868 _
1682 4862 1698 4868 Δ
1749 4859 1782 4868 _
1855 4863 1866 4868 _
1987 4861 2000 4868 _
2116 4793 2278 4868 siliis,
2314 4793 2560 4861 satisque
2580 4807 2844 4868 magnum
2880 4793 2980 4846 sibi
3013 4793 3258 4868 facturus
3298 4792 3604 4853 videbatur,
3643 4792 3693 4845 si

514 4868 626 4936 (50)
663 4859 730 4922 Τὸ
757 4859 875 4936 ιὶὲὶι
899 4861 1152 4933 πρῶτον.
1187 4862 1265 4917 Ita
1299 4878 1432 4919 mss.
1463 4860 1644 4917 Editio
1677 4862 1702 4916 1
1745 4859 1922 4917 Paris.
1952 4861 2013 4915 τδ
2116 4863 2221 4915 sibi
2253 4863 2370 4931 ipse
2400 4859 2702 4936 consulens
2719 4875 2899 4936 _extra
2942 4878 3130 4936 eorum
3175 4863 3490 4936 t_ela_csset,
3523 4876 3695 4929 Seque

444 4932 781 5011 pﬁjtp'tbzov'.
939 4932 972 5011 θ’
1207 5001 1249 5011 __
1319 5003 1332 5011 _
1432 5001 1471 5011 __
1542 5001 1554 5011 .
1708 5008 1716 5011 _
1774 4998 1829 5011 Μ
2114 4933 2666 5011 θονιιιιιειιὺάιιςρτθι
2711 4932 3006 5011 _fu_ro_t'i_._id
3055 4932 3201 5001 quod
3239 4933 3401 5011 etiam
3446 4939 3693 5011 testatur

515 4998 625 5076 (δι’)
668 5006 1148 5076 Σκευωρούμενα.
1207 5001 1380 5076 llarh,
1432 5001 1608 5076 Paris.
1667 5008 1722 5056 et
1768 4998 2017 5055 Clarom.

2165 5003 2365 5076 tpra_in
2400 5002 2628 5076 epistola
2658 5004 2723 5056 ad
2756 5001 3033 5076 Urbicium
3061 4998 3415 5076 monachum.
3445 5001 3537 5054 Sic
3568 5001 3692 5076 ani-

447 5070 885 5147 σκαιωρούμεναῖ
922 5070 1096 5143 Hujus
1129 5075 1254 5147 loci,
1282 5073 1785 5147 qui__subol_tscu_rus
1811 5081 1916 5147 es_t._
1946 5085 2011 5147 ea
2115 5086 2208 5147 mo
2236 5070 2461 5147 allectus
2493 5071 2832 5147 Samosatam
2878 5073 3161 5147 cogitabat
3202 5086 3309 5127 non
3352 5070 3688 5147 communis,

446 5140 661 5201 videtur
703 5140 826 5201 esse
867 5140 1156 5200 sententia.
1206 5140 1324 5198 Non
1371 5142 1505 5196 dicit
1547 5141 1782 5197 Basilius
1815 5141 1919 5195 sibi
1957 5141 2011 5193 in
2115 5143 2210 5195 sed
2245 5141 2476 5211 propriae
2508 5142 2758 5198 utilitatis
2792 5140 2979 5197 causa.
3020 5142 3164 5197 Nihil
3211 5156 3438 5211 prorsus
3472 5140 3689 5211 viditin

446 5219 589 5272 votis
622 5232 744 5271 esse
767 5217 867 5270 iter
897 5215 1301 5279 Samosatense,
1347 5223 1405 5266 ut
1443 5219 1595 5266 extra
1630 5213 1735 5266 tela
1763 5211 2014 5263 inimieo-
2114 5211 2221 5265 hoc
2247 5209 2383 5282 loco
2428 5211 2813 5275 Coutbelisius,
2852 5214 2943 5282 qui
2979 5213 3059 5268 sic
3093 5209 3557 5282 interpretandum
3586 5209 3690 5263 doc

450 5302 568 5340 rum
607 5287 695 5341 sit.
725 5285 1009 5351 Quomodo
1032 5285 1375 5340 enimtutior
1408 5284 1600 5338 ruisset
1630 5284 1683 5335 in
1714 5291 1897 5335 extera
1924 5295 2010 5333 re-
2114 5289 2202 5334 cet
2248 5299 2264 5336 :
2321 5279 2639 5336 Putaveram
2694 5299 2807 5339 esse
2863 5279 2945 5338 nte
2993 5291 3146 5338 extra
3211 5279 3695 5338 ecclesiasticarum

452 5357 654 5426 gione?
698 5356 1040 5410 Metuendum
1084 5356 1267 5424 potius
1310 5362 1427 5426 erat
1468 5368 1538 5426 ne
1588 5353 1894 5426 iugregem
1943 5360 2011 5426 eo
2116 5351 2242 5417 tela,
2270 5359 2377 5408 etc.

453 5418 678 5483 absente
711 5426 819 5499 lupi
864 5418 1165 5492 irruerent;
1206 5424 1353 5495 quod
1404 5418 1707 5493 periculum
1738 5418 2011 5491 episcopis
