3868 6218
143 253 240 309 5η

658 392 1002 446 ΕΠΙΣΤΟΛΗ
1043 394 1209 446 ΡΛΖν.

914 249 1406 307 EPISTOLARUM
1443 250 1717 308 CLASSIS

1824 293 1834 306 .
1877 251 2102 307 EPIST.
2142 251 2477 309 CXXXVIII.
3292 251 3392 306 578

2253 392 2586 448 EPISTOLA
2623 391 2947 448 CXXXVII'.

148 528 360 578 Basilius
391 541 500 597 cum
529 541 637 592 1am
655 536 803 579 totum
839 543 1046 597 (incusem
1084 527 1225 592 aquis
1242 528 1434 597 calidis
1478 535 1751 597 ciu-aretur.
1777 529 1867 578 hac
1883 528 2386 597 “utituroexcusatione
2409 567 2421 587 ,
2445 543 2553 587 cur,
2583 526 2838 597 Antipatro
2875 527 3204 597 gubernacula
3226 542 3370 591 cape:

203 597 362 656 s_e_n_te,
403 587 574 641 adesse
609 605 702 640 non
725 591 891 652 possit.
942 593 1090 654 Rogat
1129 587 1189 641 ἰιι
1224 590 1472 656 judicium
1517 592 1578 642 de
1618 591 1828 654 quodam
1873 588 2122 641 Palladia:
2168 591 2456 656 propinqua:
2499 603 2602 641 sure
2640 587 2828 652 negotio
2868 587 2918 640 in
2959 590 3212 639 adventum
3253 587 3388 642 sum!

204 651 482 714 auferatur.

745 757 1124 828 Ἀντιπάτρῳ.

210 868 328 924 Νῦν
357 888 445 941 μοι
471 869 610 924 δοκῶ
645 869 881 942 μάλιστα
919 871 1342 927 ἐπαισθάνεσθαι
1371 874 1469 944 τῆς
1494 872 1718 944 ζημίας,

143 963 206 1034 ἦν
234 962 489 1031 ὑπομένω
517 962 604 1016 διά
644 963 705 1014 τὸ
742 965 1044 1035 ἀρρωστεῖν
1064 980 1077 994 ⁸
1109 963 1291 1026 ὁπότε,
1325 964 1513 1034 ἀνδρὸς
1544 963 1718 1017 τοιού-

142 1072 232 1107 του
265 1055 364 1124 τὴν
394 1053 626 1125 πατρίδα
653 1053 809 1124 ἡμῶν
835 1055 1148 1124 ἐφέποντος,
1180 1055 1341 1118 αὐτὸς
1368 1057 1585 1108 ἀπεῖναι
1632 1055 1719 1108 διὰ

142 1148 238 1216 τὴν
283 1145 597 1216 ἐπιμέλειαν
645 1146 738 1199 τοῦ
803 1145 1055 1217 σώματος
1105 1147 1501 1219 ἀναγκάζομαι.
1555 1147 1719 1217 Μῆνα

139 1237 249 1308 γὰρ
278 1237 396 1290 ὅλον
427 1237 527 1307 ἥδη
565 1239 1008 1309 προσκαθέζομαι
1050 1238 1160 1309 (52)
1185 1241 1250 1309 τῇ
1301 1242 1364 1292 ἐκ
1412 1238 1519 1291 τῶν
1565 1238 1719 1290 αύτο-

140 1327 291 1396 φυῶς
321 1327 540 1399 θερμῶν
565 1327 673 1397 (55)
702 1328 908 1381 ὑδάτων
941 1327 1225 1400 θεραπείᾳ,
1254 1328 1328 1392 ὡς
1355 1327 1416 1398 δή
1443 1345 1495 1380 τι
1529 1327 1718 1396 ὄφελος

137 1416 387 1469 ἐντεῦθεν
435 1417 588 1482 ἕξων.
619 1418 809 1470 Ἔοικα
848 1418 906 1470 δὲ
950 1417 1205 1488 διακενῆς
1255 1421 1434 1470 πονεῖν
1486 1419 1576 1470 ἐπὶ
1618 1417 1718 1488 τῆς

136 1509 376 1580 ἐρημίας
402 1549 416 1573 ,
458 1509 492 1580 ἦ
536 1510 629 1562 καὶ
671 1509 906 1578 γέλωτος
950 1511 1062 1573 τοῖς
1113 1509 1329 1573 πολλοῖς
1381 1509 1529 1576 ἄξιος
1579 1503 1718 1562 εἶναι

139 1599 446 1668 φαίνεσθαι,
499 1599 632 1670 μηδὲ
675 1599 776 1669 τῆς
824 1599 1120 1670 παροιμίας
1164 1599 1377 1652 ἀκούων
1414 1600 1514 1670 τῆς
1569 1598 1718 1652 οὐδὲν

137 1694 246 1747 ἀπὸ
287 1693 505 1763 θερμῶν
542 1693 732 1761 ὄφελος
765 1687 904 1745 εἶναι
943 1695 1055 1756 τοῖς
1100 1691 1387 1763 τεθνηκόσι
1433 1691 1716 1764 λεγούσης.

135 1784 340 1856 Διόπερ
363 1785 458 1838 καὶ
477 1782 648 1846 οὕτως
673 1781 810 1853 ἔχων
841 1782 1100 1853 βούλομαι
1132 1782 1308 1835 πάντα
1332 1784 1526 1856 παρεὶς
1549 1802 1718 1838 κατα-

137 1875 320 1928 λαϐεῖν
369 1893 462 1928 σου
509 1875 606 1946 τὴν
659 1875 1128 1945 σεμνοπρέπειαν’
1189 1873 1329 1927 ὥστε
1376 1875 1484 1928 τῶν
1529 1879 1586 1930 ἐν
1636 1879 1718 1930 σοι

138 1967 318 2020 καλῶν
341 1965 654 2028 ἀπολαύειν,
684 1966 778 2018 καὶ
799 1963 868 2018 τὰ
907 1965 1047 2019 κατά
1080 1965 1170 2018 τὸν
1194 1962 1340 2019 οἷκον
1363 1967 1453 2020 τὸν
1478 1968 1715 2038 ἐμαυτοῦ

138 2061 440 2132 πράγματα
479 2059 565 2112 διὰ
603 2058 702 2128 τῆς
739 2060 838 2128 σῆς
881 2057 1172 2129 ὀρθότητος
1221 2059 1508 2129 εὐπρεπῶς
1537 2060 1716 2113 διαθέ-

138 2151 280 2204 σθαι.
327 2150 489 2218 Ἐμὸς
523 2148 631 2217 γάρ
677 2150 821 2200 ἐστιν
857 2146 986 2210 ἴδιος
1033 2149 1061 2200 ό
1108 2147 1208 2216 τῆς
1249 2148 1582 2218 σεμνοτάτης
1615 2167 1716 2220 μη-

134 2242 263 2310 τρὸς
296 2243 322 2312 ἡ
334 2240 448 2310 μῶν
487 2239 790 2302 Παλλαδίας
823 2234 1000 2301 οἷκος’
1039 2239 1104 2309 ἢν
1137 2239 1198 2290 ού
1235 2239 1394 2309 μόνον
1426 2241 1458 2310 ἡ
1505 2241 1597 2292 τοῦ
1628 2241 1718 2308 γέ-

136 2351 260 2396 νους
315 2333 582 2402 οἰκειότης
635 2334 766 2402 ἡμῖν
825 2332 1118 2392 συνάπτει,
1169 2330 1307 2383 ἀλλὰ
1357 2331 1450 2384 καὶ
1506 2331 1566 2384 τὸ
1620 2331 1714 2385 τοῦ

131 2423 336 2493 τρόπου
382 2421 552 2488 δεξιὸν
598 2422 717 2474 ἀντί
763 2420 970 2492 μητρὸς
1027 2421 1159 2491 ἡμῖν
1213 2416 1350 2473 εἶναι
1395 2422 1714 2490 πεποίηκεν.

146 2516 300 2568 Ἐπεὶ
330 2511 422 2567 οὖν
455 2513 737 2585 κεκίνηταί
781 2531 864 2576 τις
907 2513 1119 2584 ταραχὴ
1155 2513 1283 2584 περ)⁵
1311 2513 1400 2565 τὸν
1439 2509 1584 2565 οἷκον
1621 2515 1717 2566 αύ-

133 2605 255 2672 τῆς,
280 2603 537 2674 ἀξιοῦμέν
563 2621 655 2656 σου
672 2605 770 2675 τὴν
800 2603 1151 2675 μεγαλόνοιαν
1177 2605 1370 2676 μικρὸν
1387 2607 1715 2676 ὑπερθέσθαι

132 2698 235 2766 τὴν
269 2695 536 2762 ἐξέτασιν,
575 2697 667 2750 καὶ
711 2698 996 2766 ἀναμεῖναι
1037 2696 1194 2767 ἡμῶν
1239 2697 1340 2768 τὴν
1391 2699 1714 2770 παρουσίαν,

133 2790 232 2859 οὐχ
261 2789 402 2842 ὥστε
444 2788 804 2860 διαφθαρῆναι
842 2789 902 2842 τὸ
945 2790 1152 2843 δίκαιον
1201 2789 1482 2860 (μυριάκις
1513 2792 1620 2862 γὰρ
1651 2793 1716 2846 ἂν

132 2881 429 2934 ἀποθανεῖν
460 2881 700 2952 ἑλοίμην,
736 2882 768 2952 ἢ
817 2881 1070 2954 τοιαύτην
1111 2883 1330 2954 αἰτῆσαι
1369 2885 1525 2953 χάριν
1566 2885 1718 2956 παρὰ

130 2973 390 3026 δικαστοῦ
443 2973 596 3044 φίλου
657 2978 766 3038 τοῖς
818 2977 1004 3045 νόμοις
1057 2976 1152 3028 κα)⁸
1203 2975 1281 3046 τῷ
1328 2976 1562 3047 δικαίῳ),
1599 2977 1714 3030 ἀλλ’

133 3064 271 3117 ὥστε
296 3064 332 3119 ἀ
365 3065 464 3117 οὐκ
503 3066 774 3136 εὐπρεπὲς
807 3067 930 3136 ἐμοὶ
958 3065 1212 3138 γράφειν,
1247 3065 1420 3119 ταῦτα
1451 3066 1558 3120 ἀπὸ
1600 3067 1716 3119 στό-

136 3172 306 3226 ματος
356 3157 780 3224 ἐπαγγέλλοντός
833 3175 932 3228 μου
984 3157 1196 3228 μαθεῖν.
1253 3157 1408 3211 Οὕτω
1440 3158 1548 3229 γὰρ
1592 3157 1714 3211 οὔτε

133 3249 295 3312 αὐτὸς
328 3249 430 3319 τῆς
461 3249 716 3319 ἀληθείας
763 3249 1128 3321 διαμαρτὴση,
1158 3248 1281 3301 οὔτε
1326 3251 1486 3320 ἡμεῖς
1528 3249 1714 3303 πεισό-

136 3339 276 3408 μεθά
302 3357 355 3392 τι
392 3339 500 3392 τῶν
527 3339 858 3409 ἀϐουλήτων.
897 3339 1096 3410 Δέομαι
1135 3335 1247 3404 οὖν,
1281 3342 1376 3392 τοῦ
1420 3340 1710 3412 προσώπου

2459 755 2761 823 Antipatro.

1893 867 2051 923 Nunc
2129 868 2263 922 mihi
2319 866 2512 922 videor
2574 868 2811 921 maxime
2868 866 3073 922 sentire
3130 866 3389 921 damnum

1821 959 1963 1026 quod
2005 973 2067 1010 ex
2101 959 2291 1011 morbo
2324 958 2532 1027 patior,
2569 955 2809 1025 quando,
2854 963 3010 1010 tanto
3051 954 3173 1008 viro
3205 957 3390 1024 patria

1819 1059 2022 1102 nostra:
2053 1049 2422 1117 gubernacula
2451 1055 2796 1116 capessente,
2827 1047 2943 1116 ipse
2975 1045 3168 1101 abesse
3203 1047 3273 1100 ob
3297 1063 3391 1101 cu-

1825 1141 2101 1194 rationem
2131 1141 2384 1210 corporis
2409 1155 2597 1209 cogor.
2623 1137 2742 1191 Iam
2773 1139 2918 1192 enim
2948 1145 3118 1192 totum
3145 1154 3391 1194 mensem

1819 1236 1977 1305 aquis
2015 1244 2213 1286 natura
2248 1231 2444 1288 calidis
2484 1247 2671 1297 curor,
2698 1239 2756 1285 ut
2790 1231 2916 1285 inde
2950 1229 3155 1299 aliquid
3183 1232 3387 1284 utilita-

1817 1329 1886 1382 tis
1910 1334 2253 1396 accepturus.
2279 1323 2479 1378 Videor
2493 1333 2671 1378 autem
2692 1323 2893 1378 frustra
2916 1323 3166 1377 laborare
3188 1323 3240 1376 in
3267 1323 3394 1377 solio

1818 1420 2028 1480 tudine,
2063 1420 2147 1473 vel
2196 1418 2360 1472 etiam
2407 1417 2604 1487 dignus
2652 1431 2775 1471 esse
2815 1431 2973 1486 quem
3022 1416 3268 1486 plerique
3315 1415 3393 1469 ri-

1819 1513 2008 1576 deant,
2049 1521 2109 1566 ut
2157 1512 2252 1581 qui
2304 1526 2372 1564 ne
2417 1508 2764 1579 proverbium
2799 1507 3018 1577 quidem
3069 1508 3390 1577 intelligam,

1818 1603 1965 1672 quod
1995 1612 2244 1657 mortuos
2268 1601 2463 1655 calidis
2485 1615 2595 1654 non
2627 1599 2806 1666 juvari
2840 1599 2994 1652 dicit.
3021 1597 3390 1669 Quapropter,

1822 1710 2139 1765 qumquam
2184 1695 2258 1747 ita
2288 1709 2373 1746 me
2404 1691 2602 1753 habeo,
2635 1689 3021 1760 przetermissis
3071 1690 3236 1743 rebus
3270 1704 3390 1742 om-

1819 1789 2006 1852 nibus,
2055 1785 2123 1840 ad
2173 1796 2320 1838 tuam
2376 1783 2784 1852 amplitudinem
2827 1781 3098 1851 proficisci
3139 1785 3283 1843 volo,
3333 1787 3394 1834 ut

1820 1881 1981 1934 bonis
2005 1894 2126 1949 qua:
2165 1879 2216 1930 in
2257 1885 2308 1931 te
2340 1884 2490 1941 sunt,
2521 1875 2797 1944 perfruar,
2829 1882 2882 1928 et
2915 1874 3111 1928 domus
3143 1889 3275 1929 mea:
3305 1890 3393 1929 re-

1819 1973 1942 2036 bus,
1995 1986 2091 2041 per
2140 1968 2510 2038 integritatem
2555 1975 2726 2029 tuam,
2779 1975 2838 2019 ιιι
2877 1981 2975 2035 par
3025 1972 3129 2029 est,
3183 1980 3359 2020 cousu

1819 2064 1947 2116 lam.
1984 2061 2210 2130 Propria
2255 2060 2399 2113 enim
2433 2073 2553 2111 mea
2604 2064 2688 2111 est
2721 2058 2914 2111 matris
2959 2066 3162 2111 nostra,
3209 2059 3395 2112 colen—

1817 2157 2058 2210 dissimze
2087 2151 2342 2206 Palladiae
2380 2151 2575 2204 domus
2603 2167 2616 2202 :
2649 2163 2810 2218 quam
2859 2163 2968 2202 non
3001 2149 3193 2204 solum'
3223 2165 3392 2219 gene-

1818 2248 1895 2300 ris
1924 2244 2306 2316 propinquitas
2335 2243 2494 2296 nobis
2517 2241 2824 2309 conjungit,
2851 2239 2946 2294 sed
2977 2240 3142 2294 etiam
3177 2257 3392 2295 morum

1821 2337 2068 2408 probitas
2121 2335 2270 2396 fecit,
2331 2342 2391 2387 ut
2453 2334 2647 2387 matris
2705 2334 2826 2386 loco
2871 2346 2990 2385 eam
3043 2332 3390 2388 haberemus.

1818 2431 1954 2484 Cum
1995 2430 2161 2499 igitur
2208 2427 2477 2480 tumultus
2516 2425 2741 2495 quidam
2789 2424 2936 2479 circa
2984 2425 3130 2480 illius
3169 2426 3390 2480 domum

1819 2529 2126 2576 commotus
2163 2520 2253 2581 sit,
2291 2533 2552 2587 rogamus
2588 2526 2735 2569 tuam
2775 2516 3300 2586 magnanimitatem,
3333 2527 3394 2573 ut

1819 2612 2102 2681 paulisper
2127 2609 2568 2680 disquisitionem
2591 2605 2836 2668 differas,
2869 2607 3273 2678 adventumque
3297 2624 3394 2662 no-

1819 2715 1995 2760 strum
2038 2713 2346 2772 exspectes,
2381 2718 2489 2754 non
2522 2711 2580 2754 ut
2617 2701 2710 2770 jus
2742 2708 3130 2769 corrumpatur
3170 2701 3394 2768 (millies

1817 2797 1963 2852 enim
2009 2797 2146 2848 mori
2186 2795 2427 2853 mallent,
2461 2808 2625 2862 quam
2671 2790 2942 2861 ejusmodi
2982 2792 3209 2862 gratiam
3246 2807 3276 2846 a
3303 2792 3394 2860 ju-

1818 2883 1941 2937 dice
1964 2881 2129 2952 229
2158 2883 2336 2952 legum
2368 2880 2624 2950 jurisque
2657 2888 2878 2934 amante
2919 2880 3263 2951 exposcere),
3296 2883 3394 2936 sed

1819 2984 1879 3028 ut
1911 2990 1972 3028 ea
2006 2990 2127 3043 qua:
2161 2990 2190 3026 a
2233 2989 2318 3028 me
2353 2974 2521 3029 scribi
2560 2989 2667 3026 non
2700 2971 2876 3032 decet.
2915 2988 2999 3027 me
3031 2972 3298 3028 referente
3327 2989 3395 3028 ex

1818 3080 1940 3119 meo
1992 3065 2165 3134 ipsius
2209 3078 2305 3118 ore
2338 3063 2542 3118 discas.
2593 3060 2725 3114 Nam
2773 3061 2877 3115 hoc
2913 3068 3072 3130 pacto
3116 3076 3292 3130 neque
3333 3067 3393 3117 tu

1819 3171 1848 3209 a
1885 3156 2118 3209 veritate
2143 3155 2450 3218 aberrabis,
2488 3169 2668 3223 neque
2707 3168 2808 3208 nos
2836 3153 3135 3222 quidquam
3172 3153 3390 3206 molesti

1818 3247 2117 3314 patiemur.
2164 3242 2542 3313 Rogoigitur,
2593 3251 2674 3304 ut,
2724 3255 2848 3294 cum
2898 3253 3134 3308 persona
3190 3239 3242 3292 in
3276 3246 3394 3292 tuto

1817 3339 1997 3408 posita
2032 3337 2104 3392 sit
2143 3343 2306 3406 atque
2353 3351 2382 3388 a
2427 3336 2656 3388 cohorte
2705 3332 3035 3394 detineatur,
3091 3331 3234 3384 hanc
3266 3345 3392 3401 gra-

133 3433 191 3482 ἐν
216 3431 488 3503 ἀσφαλείᾳ
512 3432 660 3495 ὄντος
686 3433 778 3484 καὶ
803 3432 1166 3502 κατεχομένου
1193 3431 1342 3502 παρά
1365 3433 1461 3502 τῆς
1486 3433 1710 3499 τάξεως,

1824 3430 1946 3480 tiam
1994 3427 2243 3482 molestia
2293 3435 2347 3480 et
2384 3425 2593 3479 invidia
2632 3435 2908 3478 carentem
2955 3424 3116 3478 nobis
3157 3438 3268 3476 non
3300 3423 3396 3477 de-

134 3523 412 3593 ἀνεπαχθῆ
442 3523 644 3593 ταύτην
678 3523 839 3594 χάριν
868 3525 962 3576 καὶ
999 3522 1354 3592 ἀνεπίφθονον
1381 3526 1511 3594 ἡμῖν
1541 3541 1711 3578 καταο

135 3613 345 3668 θέσθαι.

626 3730 969 3784 ΕΠΙΣΤΟᾹΗ
1007 3731 1182 3787 PAII'.

1820 3533 2004 3587 neges.

2218 3731 2553 3788 EPISTOIA
2589 3731 2941 3790 CXXXVIII“

140 3849 365 3916 lori-um
381 3860 548 3916 suum,
570 3849 708 3916 cuius
732 3856 831 3898 tum
852 3847 1281 3916 quinquagesimus
1303 3857 1410 3916 erat
1449 3851 1554 3902 dies
1576 3891 1588 3912 ,
1615 3855 1814 3916 excusat
1829 3889 1841 3908 ,
1867 3847 2028 3916 curiit
2054 3844 2255 3914 Syriam
2279 3846 2530 3916 proﬁcisci
2563 3862 2658 3899 non
2679 3847 2849 3916 possit
2868 3887 2880 3905 .
2913 3851 3304 3916 .quqmris‘hujus
3321 3856 3396 3908 rei

198 3908 542 3978 cupidissimus
564 3906 649 3967 sii,
678 3919 725 3978 ut
748 3906 964 3978 consiliis
985 3906 1177 3978 Eusebii
1199 3915 1261 3959 ad
1285 3911 1460 3978 multa.
1482 3906 1590 3978 qua}
1609 3914 1717 3965 scril

1831 3906 1936 3978 non
1958 3909 2068 3978 licet
2084 3906 2300 3978 ,"ulatuf.
2331 3906 2530 3960 Interim
2553 3906 2739 3978 nuntio}
2760 3909 2806 3960 ei
2835 3906 3396 3978 guiitEvugrius'Ronid

195 3969 388 4040 rediens
411 3971 732 4041 proposuerit.
775 3974 1273 4041 Narrat_Seba_steuos_
1288 3969 1674 4041 .tletectofitlcere
1703 3971 1936 4041 linunt/iii
1973 3972 2037 4037 ad
2064 3984 2114 4041 se
2131 3969 2430 4041 foufugere,
2455 3985 2598 4035 seque
2621 3971 2680 4019 ab
2709 3969 3037 4023 Iconiensibus
3063 3969 3322 4038 aduocari,
3345 3985 3398 4028 ut

194 4033 473 4096 episcoth
497 4032 596 4084 illis
617 4034 723 4093 det,
743 4042 930 4084 mortuo
955 4035 1200 4083 Faustino.
1231 4032 1322 4082 llis
1345 4035 1406 4085 de
1431 4037 1570 4086 rebus
1597 4035 1856 4087 consilium
1881 4032 2099 4094 exquirit
2122 4032 2336 4083 Eusebii.

410 4140 697 4204 Εὑσεϐίῳ,
723 4140 1033 4205 ἐπισκόπῳ
1061 4141 1444 4209 Σαμοσάτων.

209 4252 258 4306 ι.
295 4251 430 4304 Τίνα
471 4269 539 4322 με
569 4253 668 4305 οἴει
696 4252 872 4323 ψυχὴν
899 4253 1210 4325 ἐσχηκέναι,
1242 4255 1329 4307 ὅτε
1358 4256 1456 4327 τὴν
1493 4258 1713 4310 ἐπιστο-

139 4336 234 4405 λὴν
266 4337 534 4407 ἐδεξάμην
563 4339 659 4408 τῆς
683 4339 989 4404 θεοσεϐείας
1031 4359 1159 4407 σου;
1208 4343 1269 4394 Εἰ
1313 4346 1411 4413 μὲν
1443 4345 1550 4416 γὰρ
1579 4347 1715 4416 πρὸς

138 4428 236 4499 τὴν
259 4430 318 4481 ἐν
339 4428 418 4499 τῷ
454 4430 739 4500 γράμματι
777 4430 992 4483 ἀπεῖδον
1034 4431 1293 4498 διάθεσιν,
1326 4434 1486 4497 εὐθὺς
1514 4434 1716 4506 ὥρμων

141 4519 397 4572 τέτεσθαι
434 4519 531 4590 τὴν
562 4519 721 4583 εὐθὺς
766 4521 978 4591 Σύρων·
1021 4525 1070 4575 εἰ
1111 4523 1166 4576 δὲ
1214 4525 1350 4594 πρὸς
1392 4526 1491 4598 τὴν
1533 4529 1718 4599 ἀρρω-

140 4611 292 4663 στίαν
333 4608 426 4663 τοῦ
476 4609 744 4680 σώματος,
797 4612 886 4679 ὑφ’
922 4608 990 4684 ἦς
1047 4613 1416 4684 πεπεδημένος
1465 4617 1713 4688 ἐκείμην,

2130 4136 2378 4200 Eusebio,
2418 4139 2661 4207 episcopo
2699 4137 3124 4196 Samosatorum.

1896 4251 1945 4305 i.
1987 4251 2108 4318 Quo
2156 4267 2242 4306 me
2280 4252 2465 4305 animo
2501 4261 2661 4321 putas
2701 4251 2893 4316 fuisse,
2941 4271 3066 4309 cum
3107 4259 3396 4328 epistolam

1821 4344 2007 4413 accepi
2067 4345 2284 4413 pietatis
2336 4347 2485 4398 tum?
2535 4345 2589 4399 Si
2641 4345 2788 4399 enim
2839 4348 2904 4401 ad
2951 4349 3192 4404 studium
3251 4355 3395 4422 quod

1825 4436 1958 4491 mihi
2005 4436 2061 4490 in
2111 4435 2347 4506 epistola
2379 4437 2726 4506 significasti,
2776 4439 3169 4510 respiciebam,
3208 4446 3396 4500 statim

1825 4534 1886 4580 ut
1915 4533 2065 4581 recta
2106 4527 2172 4580 ad
2202 4526 2373 4596 Syros
2405 4530 2777 4593 convolarem,
2825 4529 3134 4599 incitabar;
3185 4536 3270 4589 sin
3300 4551 3400 4589 au-

1819 4624 1930 4670 tem
1979 4617 2046 4670 ad
2105 4618 2354 4686 corporis
2403 4619 2859 4682 imbecillitatem,
2909 4637 3015 4690 qua
3061 4625 3400 4682 constrictus

136 4699 453 4769 ᾐσθανόμην
496 4699 616 4770 οὐχι¹
643 4699 736 4752 τοῦ
771 4701 1029 4756 πέτεσθαι
1080 4703 1258 4773 μόνον,
1299 4704 1436 4758 ἀλλὰ
1483 4707 1578 4760 καὶ
1621 4706 1714 4760 τοῦ

1824 4710 2234 4774 decumbebam,
2268 4727 2378 4765 non
2416 4712 2578 4767 modo
2613 4712 2666 4766 id
2694 4713 2828 4766 mihi
2858 4713 3051 4768 deesse
3073 4716 3398 4782 sentiebam,

139 4789 232 4840 ἐπὶ
262 4787 364 4857 τῆς
400 4787 586 4860 κλίνης
633 4790 956 4859 στρέφεσθαι
1007 4791 1202 4855 ἐνδεῶς
1247 4793 1405 4864 ἔχων.
1447 4795 1719 4868 Πεντηκο-

141 4880 275 4946 στὶ-ιν
305 4879 415 4948 γὰρ
442 4877 645 4950 ταύτην
669 4880 879 4952 ἡμέραν
913 4877 1050 4951 ἦγον
1082 4884 1139 4935 ἐν
1166 4885 1232 4954 τῇ
1263 4885 1563 4958 ἀρρωστίᾳ,
1596 4889 1716 4942 καθ’

139 4970 208 5039 ἢν
241 4968 446 5038 ἐπέστη
479 4971 612 5040 ἡμῖν
643 4972 674 5023 ὀ
700 4973 982 5043 ἀγαπητὸς
1004 4975 1098 5028 καὶ
1122 4975 1539 5042 σπουδαιότατος
1565 4980 1720 5033 ἀδελ-

141 5061 240 5129 φὸς
287 5061 446 5132 ήμῶν
495 5061 837 5128 συνδιάκονος
902 5066 1199 5134 Ἐλπίδιοςο
1257 5068 1426 5124 πολλά
1489 5071 1588 5142 μὲν
1644 5073 1721 5144 τῷ

141 5151 366 5224 πυρετῷ
389 5153 745 5226 δαπανηθείςο
773 5157 851 5221 ὃς,
878 5158 1078 5232 ἀπορίᾳ
1099 5161 1196 5232 τῆς
1223 5162 1528 5235 τρεφούσης
1560 5165 1722 5220 αὐτὸν

218 5306 330 5381 (52)
535 5311 1024 5381 προσκαθέζομαι.
1056 5314 1130 5368 Ita
1155 5315 1305 5370 Harl.
1336 5325 1391 5371 et
1418 5316 1558 5374 Med.
1593 5334 1719 5374 cum

145 5377 325 5460 tribus
353 5379 499 5432 aliis.
533 5377 725 5434 Deerat
751 5382 851 5452 ἤδη
884 5377 939 5437 in
965 5385 1147 5449 editis,
1178 5397 1231 5442 et
1248 5389 1528 5457 legebatur
1553 5405 1724 5460 προσ-

147 5447 471 5516 καθέσομαι.

219 5516 332 5584 (55)
356 5515 624 5585 away.
665 5518 825 5576 Deest
855 5537 920 5577 ea
946 5538 1049 5577 vox
1091 5523 1144 5578 in
1180 5525 1463 5581 codicibus
1504 5526 1619 5582 Med
1673 5537 1727 5583 et

148 5584 320 5668 Coisl.
364 5584 724 5668 primm-“Sed
773 5607 897 5644 cum
945 5593 1101 5668 illud,
1145 5597 1432 5668 αύτοφυῶν
1481 5597 1724 5668 θερμῶν,

149 5656 298 5728 quod
330 5668 416 5713 est
446 5658 501 5711 in
533 5658 659 5714 aliis
687 5674 818 5715 mss.
856 5670 910 5716 et
937 5656 1120 5731 editis,
1145 5656 1401 5730 vitiosum
1429 5668 1519 5734 sit,
1546 5656 1728 5738 legero

1823 4810 1885 4857 ut
1909 4804 2096 4857 volare
2128 4819 2368 4872 possem,
2403 4804 2498 4860 sed
2530 4806 2695 4860 etiam
2745 4812 2804 4858 ut
2855 4820 2943 4858 me
2994 4804 3049 4858 in
3089 4805 3230 4861 lecto
3265 4823 3400 4863 con-

1824 4903 2057 4949 vertere.
2092 4893 2224 4948 Nam
2262 4895 2784 4965 quinquagesimum
2817 4895 2963 4950 hunc
2984 4895 3130 4951 diem
3169 4901 3398 4970 agebam

1827 4986 1886 5038 in
1914 4984 2257 5048 infirmitate,
2297 5001 2422 5040 cum
2453 4987 2677 5042 advenit
2711 4987 2870 5041 nobis
2893 4988 3129 5044 dilectus
3159 5004 3224 5045 ac
3257 4993 3403 5062 opti-

1827 5091 1952 5132 mus
1998 5075 2166 5130 frater
2213 5087 2400 5134 noster
2442 5079 2818 5134 condiaconus
2871 5079 3138 5151 Elpidius.
3174 5080 3401 5138 Multum

1829 5169 2051 5240 quidem
2080 5169 2232 5226 febre
2273 5186 2422 5226 eram
2456 5172 2744 5230 confectus
2778 5193 2790 5227 :
2824 5189 2948 5244 qua:
2980 5174 3258 5232 nutriente
3286 5191 3403 5232 ma-

1829 5337 1937 5397 non
1967 5323 2212 5397 dubitavi
2250 5324 2554 5393 αὐτοφυῶς,
2588 5327 2741 5397 utin
2787 5327 3018 5396 epistola
3058 5330 3307 5397 sequenti
3333 5329 3402 5385 ad

1828 5391 2174 5455 Eusebium,
2241 5391 2498 5449 omnibus
2569 5391 2856 5452 codicibus
2923 5414 3057 5453 mss.
3112 5391 3167 5454 εἰ
3239 5399 3406 5457 editis

1833 5464 2334 5535 consentientibus,
2355 5466 2588 5535 legitur.

1908 5533 2096 5606 '_A_li_as
2120 5533 2447 5606 οςςιξνιξ
2474 5533 2688 5606 Scripta
2718 5550 2865 5590 anno
2896 5535 3019 5591 573.

1913 5604 1950 5624 "
1978 5603 2128 5658 Alias
2163 5602 2516 5675 Vlll.Seripta
2546 5602 2689 5662 anno
2714 5607 2840 5663 375.
