3868 6218
468 254 574 309 5'79

1774 249 1830 303 S.
1872 246 2114 302 BASHJI
2152 247 2361 303 MAGNI

3624 253 3733 307 5'80

467 371 605 425 teria
657 367 954 430 destituta,
1007 373 1068 421 et
1121 364 1176 419 in
1232 362 1384 418 arida
1437 362 1539 416 hac
1574 375 1739 416 carne
1789 360 1939 415 velut
1988 359 2034 412 in

2147 356 2300 428 ὕλης,
2333 361 2399 429 τῇ
2436 358 2575 428 ξηρᾷ
2618 359 2789 431 ταύτῃ
2829 357 3013 430 σαρκὶ,
3051 352 3162 411 οἷον
3205 358 3479 431 θρυαλλίδι
3525 379 3733 416 κεκαυ-

467 477 667 519 exusw
702 461 941 533 quodam
974 458 1252 530 ellychnio
1280 455 1701 516 circumvoluta,
1734 467 2041 507 marcorem

467 568 533 606 ac
557 553 774 621 longam
807 548 1187 621 aegritudinem
1222 546 1453 618 peperit.
1493 543 1700 600 Deinde
1744 557 1875 597 vero
1898 543 2045 594 auti-

467 662 576 715 qua
610 660 729 700 mea
774 646 954 715 plaga,
988 643 1146 713 jecur
1178 641 1310 697 illud
1356 639 1646 700 accedens,
1683 637 1918 691 exclusit
1956 648 2044 707 me

468 752 497 789 a
529 736 690 798 cinis,
733 735 946 805 expulit
985 734 1052 788 ab
1084 732 1265 786 oculis
1299 744 1575 792 somnum,
1609 735 1662 781 et
1695 726 1751 780 in
1785 724 2042 779 confiniis

466 827 701 882 detinuit
758 828 883 880 vitm
926 840 990 879 ac
1034 826 1268 888 mortis,
1314 830 1529 875 tantum
1583 820 1769 874 vivere
1826 817 2039 877 sinens,

466 927 907 990 quantumopus
936 927 1053 972 erat
1093 917 1162 970 ad
1210 915 1527 969 seutiendos
1560 912 1805 976 dolores,
1839 910 2043 980 quibus

466 1026 554 1065 me
587 1010 994 1065 exstimulabat.
1026 1010 1209 1074 Quare
1237 1019 1290 1063 et
1324 1007 1484 1076 aquis
1515 1021 1650 1061 usus
1685 1018 1807 1057 sum
1844 1013 2042 1056 natura

466 1102 685 1167 calidis,
716 1110 771 1156 et
795 1103 1055 1157 nonnulla
1088 1118 1117 1155 a
1150 1100 1379 1155 medicis
1405 1098 1645 1154 remedia
1669 1095 1877 1166 accepi.
1908 1095 2042 1149 0m-

467 1196 558 1249 nia
598 1202 781 1250 autem
840 1195 1123 1264 superavit
1177 1194 1372 1263 ingens
1427 1189 1562 1245 illud
1612 1189 1851 1253 malum,
1895 1185 2040 1256 quod

466 1286 712 1356 quidem,
745 1287 791 1341 si
819 1286 963 1339 adsit
1000 1285 1364 1345 consuetudo,
1403 1282 1544 1337 forte
1582 1281 1730 1335 alius
1766 1278 2038 1350 perferat,

468 1378 652 1431 subito
675 1385 855 1431 autem
891 1374 1155 1429 infliclum
1182 1374 1364 1427 nullus
1398 1373 1533 1427 adeo
1564 1369 1952 1425 adamantinus
1985 1376 2043 1419 ut

468 1467 762 1522 sustineat.
812 1467 856 1550 [ξ
902 1480 1011 1533 quo
1051 1465 1147 1519 diu
1197 1470 1449 1525 vexatus,
1502 1475 1782 1530 nunquam
1827 1467 2039 1511 tantum

465 1558 639 1622 dolui,
682 1566 950 1627 quantum
978 1571 1128 1611 nunc
1164 1556 1233 1610 ab
1275 1570 1341 1610 eo
1387 1553 1702 1625 impeditus,
1745 1551 2041 1622 quominus

467 1652 522 1705 in
559 1651 789 1705 sincera
820 1657 927 1703 tuae
950 1648 1264 1703 dilectionis
1287 1661 1650 1715 congressum
1681 1646 2040 1715 colloquium-

2150 451 2284 522 μένῃ
2328 449 2795 520 περιειλούμενος,
2849 449 3139 520 μαρασμδν
3187 450 3299 521 (54)
3355 453 3450 506 καὶ
3507 455 3732 524 χρονίαν

2145 540 2424 609 ἐπήγαγεν
2456 541 2803 611 ἀρρωστίαν·
2837 540 2906 593 τὰ
2944 539 3001 593 δὲ
3035 540 3252 611 ἐφεξῆς,
3283 543 3316 614 ἡ
3355 545 3555 614 ἀρχαία
3591 546 3729 614 πληδ

2145 631 2215 700 γή
2256 646 2379 699 μου,
2407 629 2468 682 τὸ
2498 625 2652 700 ἧπαρ
2683 629 2841 682 τοῦτο
2864 629 3266 700 διαδεξάμενον,
3300 631 3588 684 ἀπέκλεισε
3625 633 3728 702 μέν

2149 740 2215 793 με
2242 722 2350 775 τῶν
2377 723 2583 785 σιτίων,
2608 723 2871 789 ἀπεδίωξε
2895 723 2953 776 δὲ
2986 724 3095 777 τῶν
3124 724 3385 794 ὀμμάτων
3418 725 3506 778 τὸν
3534 724 3725 789 ὕπνον,

2145 815 2203 866 ἐν
2233 815 2504 885 μεθορίοις
2534 814 2590 868 δὲ
2619 815 2852 885 κατέσχε
2879 815 3023 885 ζωῆς
3068 817 3161 869 καὶ
3193 817 3442 881 θανάτου,
3470 815 3726 869 τοσοῦτον

2145 905 2244 976 ζῇν
2281 906 2573 978 ἐπιτρέπον
2613 907 2748 976 (55),
2777 908 2901 960 ὅσον
2944 906 3053 959 τῶν
3103 908 3196 961 ἀπ’
3244 906 3409 961 αὐτοῦ
3445 904 3728 979 δυσχερῶν

2145 998 2590 1051 ἐπαισθάνεσθαι.
2622 998 2787 1051 Ὥστε
2835 999 2928 1051 καὶ
2979 998 3161 1052 ὕδασιν
3203 997 3520 1070 ἐχρησάμην
3566 999 3726 1053 αὐτο·

2145 1087 2295 1156 φυῶς
2341 1088 2595 1159 θερμοῖς,
2646 1087 2740 1141 καί
2785 1106 2938 1151 τινας
2986 1089 3117 1159 παρ’
3163 1088 3360 1160 ίατρῶν
3408 1090 3727 1159 ἐπιμελείας

2144 1179 2536 1251 κατεδεξάμην.
2568 1180 2819 1233 ’Λπαντα
2858 1180 2914 1233 δὲ
2948 1180 3140 1252 ῆλεγξε
3187 1181 3249 1234 τὸ
3285 1183 3533 1235 νεανικὸν
3566 1182 3725 1235 τοῦτο

2144 1272 2337 1325 κακόν·
2369 1271 2418 1335 ὃ,
2445 1270 2540 1324 τοῦ
2576 1272 2675 1342 μὲν
2707 1270 2860 1335 ἔθους
2906 1272 3191 1343 παρόντος,
3228 1272 3329 1327 κᾶν
3380 1273 3536 1337 ἄλλος
3571 1274 3726 1342 eve?—

2144 1380 2228 1417 κοι
2262 1363 2398 1433 (56),
2431 1362 2779 1434 ἀμελετήτως
2805 1362 2861 1414 δὲ
2903 1364 3321 1432 προσπεσόντος,
3351 1364 3525 1428 οὐδεὶς
3550 1364 3725 1429 οὕτως

2144 1455 2500 1525 ἀδαμάντινος
2526 1454 2667 1509 ὥστε
2701 1456 2995 1525 ἀντισχεῖν.
3032 1453 3153 1524 Ὑφ’
3184 1450 3244 1510 οὗ
3279 1456 3444 1510 πολὺν
3470 1456 3722 1528 ὀχληθεὶς

2143 1543 2353 1612 χρόνον,
2380 1540 2632 1594 οὐδέποτε
2676 1542 2850 1606 οὓτως
2886 1541 3133 1614 ἠνιάθην,
3174 1544 3296 1599 ὅσον
3335 1544 3450 1610 νῦν,
3497 1547 3723 1616 ἐμποδι-

2147 1630 2294 1695 σθεὶς
2326 1633 2454 1704 παρ’
2480 1630 2644 1685 αὑτοῦ
2688 1632 2825 1702 πρὸς
2865 1633 2963 1703 τὴν
3005 1634 3289 1704 συντυχίαν
3322 1635 3421 1705 τῆς
3461 1634 3722 1706 ἀληθινῆς

465 1760 572 1813 que
597 1742 836 1799 veniam.
870 1742 1033 1807 Quali
1063 1742 1210 1795 enim
1262 1741 1364 1795 sim
1402 1740 1568 1793 animi
1611 1740 1892 1809 voluptate
1922 1737 2034 1808 pri-

2141 1722 2362 1813 άγάπης
2395 1740 2509 1776 σου.
2552 1724 2680 1787 Οἶας
2720 1724 2831 1796 γὰρ
2881 1725 3334 1797 ἀπεστερήθημεν
3381 1726 3493 1797 (57)
3539 1726 3720 1797 θυμη-

463 1843 646 1897 vatus,
685 1832 811 1887 novi
844 1839 899 1886 et
937 1834 1075 1902 ipse,
1130 1832 1235 1886 etsi
1284 1839 1531 1885 extremo
1573 1830 1745 1899 digito
1778 1829 2037 1883 dulcissi-

463 1942 613 1980 mum
638 1925 900 1981 Ecclesiae
918 1934 1111 1980 vestra:
1140 1924 1247 1978 mel
1269 1938 1413 1977 anno
1434 1924 1711 1994 praeterito
1733 1920 2035 1991 degustavi.

532 2104 591 2159 ‘2.
631 2101 761 2157 Mihi
782 2109 965 2157 autem
1001 2109 1055 2156 et
1083 2101 1155 2156 ob
1190 2114 1295 2154 alia
1327 2115 1639 2155 necessaria
1661 2099 1877 2170 negotia
1899 2114 2037 2169 Opus

462 2202 603 2259 erat,
640 2204 790 2249 tuam
827 2202 886 2248 ut
925 2194 1178 2264 pietatem
1223 2192 1594 2257 convenirem,
1646 2207 1711 2247 ac
1740 2193 1808 2247 de
1851 2194 2038 2247 multis

462 2285 948 2349 communicarem,
999 2293 1054 2338 et
1102 2285 1273 2339 multa
1323 2284 1614 2339 discerem.
1668 2282 1854 2352 Neque
1890 2281 2035 2337 enim

461 2379 589 2433 licet
622 2378 710 2432 lzic
755 2393 935 2433 veram
975 2377 1298 2433 charitatem
1336 2375 1759 2445 deprehendere.
1798 2373 1954 2440 Quod
1990 2373 2036 2428 si

459 2472 585 2541 quis
614 2471 778 2525 etiam
811 2470 1037 2523 omnino
1061 2477 1332 2523 amantem
1366 2468 1629 2529 inveniat,
1664 2474 1847 2521 tamen
1880 2482 2036 2520 nemo

460 2571 568 2627 est,
599 2562 693 2632 qui
724 2564 903 2631 possit
937 2577 1092 2631 atque
1129 2576 1193 2615 ac
1220 2558 1465 2630 perfecta
1496 2569 1585 2612 tua
1618 2557 1905 2628 prudentia
1949 2566 2035 2610 at-

461 2666 568 2722 que
600 2648 959 2718 experientia,
1003 2664 1165 2718 quam
1204 2664 1270 2703 ex
1316 2648 1501 2701 multis
1536 2663 1632 2717 pro
1669 2648 1929 2702 Ecclesiis
1962 2648 2037 2700 Ia-

461 2740 688 2793 boribus
737 2746 1066 2794 consecutus
1098 2753 1181 2800 es,
1223 2736 1514 2791 consilium
1569 2736 1726 2789 nobis
1757 2736 1825 2790 de
1874 2735 2035 2790 rebus

462 2830 761 2901 propositis
808 2829 961 2885 dare.
1000 2830 1079 2883 Ac
1126 2836 1323 2882 caetera
1373 2826 1591 2898 quidem
1637 2827 1883 2882 sea-ibere
1927 2843 2033 2880 non

462 2925 591 2977 licet
622 2941 635 2977 :
669 2937 789 2993 qua:
825 2936 955 2976 vero
984 2921 1070 2975 vel
1108 2919 1353 2989 proferre
1388 2928 1561 2972 tutum
1593 2920 1686 2981 sit,
1730 2919 1841 2973 haec
1883 2928 2030 2973 sunt.

460 3013 752 3085 Presbyter
794 3012 1080 3082 Evagrius,
1110 3010 1425 3081 Pompeiani
1445 3011 1834 3065 Antiochensis
1866 3010 2031 3075 filius,

459 3105 555 3177 qui
586 3104 748 3174 230
773 3101 1048 3172 quondam
1082 3101 1137 3154 in
1182 3098 1539 3154 Occidentem
1576 3113 1699 3152 cum
1735 3098 1895 3151 beato
1929 3095 2036 3150 Eu-

460 3197 614 3251 sebio
646 3194 924 3265 proiectus
951 3193 1148 3258 fuerat,
1181 3192 1342 3247 rediit
1368 3207 1512 3246 nunc
1551 3189 1745 3252 Roma,
1788 3201 1978 3261 petens
2005 3206 2035 3244 a

461 3288 622 3342 nobis
654 3286 963 3356 epistolam,
1003 3285 1072 3339 ad
1122 3284 1344 3339 verbum
1379 3283 1497 3354 ipsa
1545 3283 1637 3337 illa
1683 3297 1804 3352 quae
1837 3283 1906 3336 ab
1950 3282 2030 3337 eis

460 3381 666 3451 scripta
693 3386 842 3443 sunt,
883 3380 1250 3433 continentem
1284 3377 1497 3443 (nostra
1537 3384 1719 3432 autem
1757 3377 1915 3432 nobis
1945 3391 2031 3431 re-

460 3480 547 3527 tro
570 3471 782 3535 retulit,
813 3477 871 3524 ut
900 3471 1035 3526 viris
1065 3470 1177 3524 illic
1202 3469 1641 3523 accuratioribus
1673 3484 1782 3523 non
1814 3469 2035 3538 placen-

461 3562 582 3635 tia),
628 3577 694 3617 ac
727 3562 1051 3632 legationem
1096 3562 1337 3630 aliquam
1372 3575 1469 3629 per
1511 3560 1663 3614 viros
1690 3560 1794 3613 fide
1838 3559 2032 3626 dignos

457 3655 712 3711 celeriter
749 3656 913 3721 mitti,
966 3662 1025 3708 ut
1068 3654 1373 3723 speciosam
1424 3651 1502 3705 illi
1542 3654 1889 3706 occasionem
1937 3652 2035 3704 ba-

457 3748 623 3803 beant
663 3763 767 3803 nos
817 3746 1109 3802 invisendi.
1159 3744 1264 3813 Qui
1315 3744 1579 3800 Sebastiae
1623 3745 1764 3799 idem
1819 3759 1884 3797 ac
1931 3757 2034 3798 nos

458 3842 726 3904 sentiunt,
762 3840 980 3893 occulto
1014 3853 1195 3907 prava;
1235 3840 1515 3909 opinionis
1539 3836 1812 3892 Eustathii
1844 3838 2026 3891 ulcere

457 3934 695 3995 detecto,
739 3931 980 4001 aliquam
1023 3946 1053 3983 a
1097 3930 1257 3985 nobis
1285 3931 1721 3986 ecclesiasticam
1762 3928 2031 3983 sollicitu-

457 4024 640 4077 dinem
663 4029 988 4092 exposcunt.
1017 4021 1261 4075 lconium
1291 4022 1486 4077 civitas
1515 4030 1603 4076 est
1626 4019 1865 4084 Pisidiae,
1898 4022 2029 4074 olim

456 4116 677 4185 quidem
723 4122 850 4183 post
881 4114 1113 4184 primam
1154 4114 1415 4176 maxima,
1466 4129 1614 4167 nunc
1652 4129 1782 4169 vero
1831 4122 1885 4168 et
1914 4115 2029 4183 ipsa

457 4207 714 4278 praesidet
743 4208 793 4261 ei
823 4206 987 4277 parti,
1014 4221 1136 4277 quae
1163 4221 1229 4261 ex
1258 4204 1491 4261 diversis
1535 4206 1834 4276 segmentis
1880 4222 2032 4261 com-

531 4405 642 4495 (ξίὲ)
675 4403 1325 4495 “laesaeéﬁzleﬂet';
1352 4404 1593 4495 νημαι·
1622 4406 1785 4495 ξΕάίιί
1849 4425 2024 4495 μερίιι-
2057 4395 2100 4449 ο

459 4473 682 4549 σμξθδηη
699 4478 864 4530 floisl.
886 4473 1105 4549 :primus
1129 4483 1183 4528 et
1212 4473 1345 4545 Reg.
1370 4478 1641 4549 secundus
1666 4473 2026 4549 μαρασμώδη.

525 4544 643 4669 (35)
673 4544 1037 4613 Ἐπιτρέπον.
1062 4548 1139 4598 Ita
1168 4560 1324 4612 mss.,
1344 4547 1542 4603 melius
1568 4544 1730 4618 quam
1750 4544 1883 4603 editi
1908 4544 2030 4602 ἐπι-

554 4634 689 4669 πων.

454 4634 689 4689 τρεπων.

462 4745 475 4761 1
529 4688 642 4761 (56)
706 4684 988 4761 Ἐφςέγκομ
1042 4684 1116 4738 ita
1170 4699 1305 4739 mss.
1363 4692 1512 4740 octo.
1576 4686 1757 4742 Editio
1816 4687 2025 4761 Hagan.

457 4745 700 4826 ἐνέγκὸς.
726 4745 858 4810 Aliae
884 4756 1133 4827 ἤνεγκεν.

532 4823 642 4897 (37)
691 4823 1228 4897 Ἄπεστὲρήθημεν.
1261 4823 1353 4879 Sic
1386 4825 1509 4897 du_or
1535 4827 1902 4897 antiquissimi
1936 4846 2030 4885 co-

455 4895 606 4971 dices
652 4897 802 4950 Harl.
843 4905 899 4949 et
937 4896 1108 4949 Coisl.
1151 4896 1382 4971 primus.
1437 4895 1581 4971 Editi
1623 4897 2024 4971 ἀπεστερήθην.

453 4967 625 5022 Paulo
654 4975 778 5038 post
814 4977 1052 5035 quatuor
1088 4967 1310 5022 codices
1353 4970 1691 5023 recentiores
1720 4967 2030 5038 ἀπεγευσά-

455 5039 636 5178 μιῗὲῗέ)
666 5109 770 5173 Εἷς
790 5106 1029 5178 ταυτόῖ.
1059 5104 1208 5160 Harl.
1233 5108 1314 5170 είς
1336 5106 1520 5178 ταυτό.
1551 5106 1720 5178 Paulo
1748 5119 1873 5177 post
1894 5111 2028 5167 editi

451 5178 563 5231 Καὶ
601 5175 711 5250 γὰρ
744 5176 916 5230 οὐδέν.
963 5175 1071 5233 Sex
1114 5190 1250 5233 mss.
1298 5186 1353 5232 et
1398 5176 1568 5233 editio
1615 5175 1827 5247 Hagan.
1871 5189 1929 5235 ut
1972 5187 2025 5238 in

664 5316 859 5386 Εὕροι.
896 5315 987 5371 Sic
1029 5324 1142 5372 tres
1182 5318 1545 5374 vetustissimi
1589 5319 1828 5375 codices.
1882 5323 2026 5379 Editi

449 5402 653 5527 ωῗὲίλ)
683 5458 981 5527 Μακαρίῳ.
1005 5456 1253 5523 Quatuor
1282 5457 1502 5513 codices
1531 5475 1636 5513 non
1662 5463 2022 5517 vetustissimi

448 5526 655 5580 addunt
685 5526 857 5596 ἀνδρί.
892 5527 1060 5581 Paulo
1090 5538 1213 5597 post
1242 5530 1408 5581 editio
1432 5529 1761 5586 Basileensis
1784 5536 2024 5589 secunda

448 5608 501 5649 ιιι
534 5597 878 5667 Ρατὶεἰθιιδεε
904 5597 1029 5667 ᾔτει
1072 5598 1518 5665 κατεπείγεσθαι.
1555 5600 1769 5667 Septem
1803 5618 1935 5658 mss.
1968 5613 2023 5658 et

451 5667 773 5722 vetustiores
819 5666 1088 5723 editiones
1142 5677 1199 5722 ut
1249 5669 1304 5722 in
1351 5677 1521 5724 textu.
1565 5666 1664 5735 Qui
1702 5682 2020 5729 contextum

2138 1812 2276 1875 δίας,
2307 1808 2423 1866 οἶδα
2465 1814 2559 1867 καὶ
2584 1813 2764 1877 αὐτὸς,
2795 1815 2843 1866 εἰ
2878 1815 2971 1867 καὶ
3004 1815 3157 1886 ἄκρῳ
3183 1814 3429 1886 δακτύλῳ
3459 1815 3552 1870 τοῦ
3583 1817 3716 1885 γλυο

2139 1905 2369 1957 κυτάτου
2418 1905 2630 1976 μέλιτος
2671 1906 2770 1978 τῆς
2801 1906 2930 1979 παρ’
2971 1908 3096 1978 ὑμῖν
3121 1905 3443 1978 Ἑκκλησίας
3488 1910 3718 1978 ἀπεγευ-

2140 1996 2319 2067 σάμην
2346 1995 2594 2067 πέρυσιν.

2205 2111 2262 2166 2.
2311 2111 2451 2178 Ἐγὼ
2479 2111 2534 2164 δὲ
2564 2114 2655 2165 κα).
2697 2113 2871 2168 ἄλλων
2904 2113 3214 2182 ἀναγκαίων
3241 2113 3425 2168 ἕνεκεν
3460 2114 3720 2184 πραγμά-

2136 2218 2243 2255 των
2280 2203 2507 2273 ἐδεόμην
2546 2206 2626 2269 είς
2671 2206 2865 2259 ταυτὸν
2892 2205 3002 2276 (58)
3024 2205 3291 2274 γενέσθαι
3325 2209 3390 2276 τῇ
3438 2205 3719 2276 θεοσεϐείᾳ

2140 2312 2253 2358 σου,
2296 2298 2388 2349 καὶ
2435 2297 2561 2367 περ).
2600 2298 2810 2353 πολλῶν
2854 2300 2952 2370 μὲν
3002 2297 3490 2365 ἀνακοινώσασθαι,
3547 2298 3721 2352 πολλὰ

2137 2385 2194 2439 δὲ
2228 2388 2437 2456 μαθεῖν.
2469 2389 2579 2442 Καὶ
2611 2389 2721 2462 γὰρ
2754 2390 2875 2443 οὐδέ
2909 2392 3054 2443 ἐστιν
3083 2389 3319 2444 ἐνταῦθα
3345 2390 3464 2443 οὐδέ
3497 2390 3719 2461 ἀγάπης

2136 2475 2392 2547 ἀληθινῆς
2443 2481 2733 2549 ἐπιτυχεῖν.
2772 2480 2938 2534 Ὅταν
2994 2480 3052 2533 δὲ
3103 2480 3197 2534 καὶ
3247 2481 3386 2534 πάνυ
3438 2498 3522 2544 τις
3575 2484 3718 2549 ἀγα-

2139 2569 2321 2622 πῶντα
2351 2570 2498 2643 εὖροι
2531 2573 2664 2642 (59),
2699 2575 2798 2626 οὐκ
2835 2573 2981 2626 ἔστιν
3021 2576 3049 2627 ὁ
3089 2573 3384 2643 δυνάμενος
3426 2572 3719 2644 παραπλη-

2139 2661 2263 2723 σίως
2292 2665 2356 2733 τῇ
2398 2663 2579 2735 τελείᾳ
2613 2682 2707 2717 σου
2757 2665 3013 2736 φρονήσει
3062 2669 3158 2721 καὶ
3201 2670 3268 2737 τῇ
3319 2665 3605 2736 ἐμπειρία,
3648 2666 3718 2734 ἢν

2136 2754 2200 2805 ἐκ
2227 2753 2435 2806 πολλῶν
2468 2755 2575 2808 τῶν
2609 2756 2737 2827 περὶ
2766 2757 2863 2820 τὰς
2905 2758 3200 2829 ἐκκλησίας
3234 2758 3497 2823 συνελέξω
3532 2757 3723 2826 καμάν

2133 2861 2261 2910 των,
2314 2845 2494 2899 δοῦναι
2539 2846 2761 2918 γνώμην
2801 2851 2932 2919 ἡμῖν
2981 2851 3110 2921 περὶ
3154 2850 3261 2903 τῶν
3313 2849 3713 2921 προκειμένων.

2138 2935 2217 2989 Τὰ
2264 2937 2363 3007 μὲν
2411 2934 2504 2991 οὖν
2542 2938 2676 2992 ἄλλα
2724 2940 2823 2994 οὐκ
2873 2941 2999 3012 ἐνῆν
3042 2942 3302 3013 γράφειν’
3336 2940 3372 2995 ἃ
3413 2940 3459 2994 δ’
3485 2937 3579 2995 οὖν
3618 2941 3717 2994 καὶ

2064 3056 2104 3110 C
2138 3027 2437 3095 ἐξενεγκεῖν
2482 3029 2749 3097 ἀσφαλὲς,
2801 3030 2976 3084 ταῦτά
3028 3032 3197 3085 ἐστιν.
3245 3031 3302 3084 '0
3345 3030 3717 3102 πρεσϐύτερος

2142 3120 2427 3190 Εὐάγριος,
2459 3122 2487 3174 ὁ
2512 3121 2625 3185 υἱὸς
2653 3123 3007 3192 Πομπηῖανοῦ
3032 3123 3126 3177 τοῦ
3161 3124 3495 3194 Ἀντιοχέως,
3536 3123 3565 3175 ὁ
3592 3141 3715 3177 συν-

2137 3211 2352 3280 απάρας
2376 3212 2507 3265 ποτὲ
2528 3212 2620 3265 ἐπὶ
2646 3212 2744 3284 τὴν
2773 3213 2923 3266 δύσιν
2948 3213 3024 3285 τῷ
3049 3214 3300 3285 μακαρίῳ
3320 3213 3451 3284 (59⁸)
3470 3214 3716 3284 Εὐσεϐίῳ

2137 3302 2378 3372 ἐπανῆκε
2419 3302 2514 3356 νῦν
2546 3305 2609 3357 ἐκ
2635 3305 2733 3374 τῆς
2765 3304 3005 3376 Ῥώμης,
3040 3306 3284 3360 ἁπαιτῶν
3318 3307 3468 3376 ἡμᾶς
3500 3308 3715 3359 ἐπιστο-

2135 3388 2253 3462 λὴν,
2288 3390 2427 3445 αὐτὰ
2457 3392 2525 3446 τὰ
2566 3392 2698 3464 παρ’
2719 3394 2941 3447 ἐκείνων
2975 3396 3337 3467 γεγραμμένα
3368 3397 3598 3466 ἔχουσαν
3624 3397 3714 3449 αὺ-

2133 3479 2339 3545 τολεξεὶ
2362 3481 2672 3552 (ἀνεκόμισε
2693 3482 2747 3535 δὲ
2770 3487 2901 3554 ἡμῖν
2922 3487 3002 3547 εἰς
3026 3485 3267 3538 τούπίσω
3284 3485 3352 3539 τὰ
3382 3485 3510 3558 παρ’
3533 3487 3565 3556 ἠ
3573 3487 3712 3555 μῶν,

2133 3572 2209 3635 ὡς
2247 3575 2346 3626 οὐκ
2390 3574 2661 3644 ἀρέσαντα
2700 3580 2813 3639 τοῖς
2850 3576 3258 3649 ὰκριῦεστέροις
3280 3576 3388 3630 τῶν
3421 3577 3577 3648 ἐκεῖ),
3618 3577 3715 3631 καὶ

2134 3666 2425 3733 πρεσϐείαν
2449 3667 2569 3720 τινὰ
2589 3666 2657 3720 δι’
2685 3668 2894 3740 ἀνδρῶν
2924 3669 3215 3739 ἀξιολόγων
3249 3670 3350 3741 ἤδη
3384 3670 3711 3739 κατεπείγε-

2135 3756 2278 3821 σθαι,
2308 3758 2448 3828 ὑπὲρ
2474 3759 2566 3812 τοῦ
2609 3760 2961 3831 εὐπρόσωπον
2994 3762 3137 3832 ἔχειν
3167 3762 3419 3833 ἀφορμὴν
3460 3764 3587 3827 τοὺς
3619 3764 3713 3817 ἀνα

2131 3847 2264 3917 δρας
2301 3849 2398 3918 τῆς
2422 3849 2761 3919 ἐπισκέψεως
2793 3851 2970 3921 ἡμῶν.
3007 3855 3070 3906 Οί
3103 3852 3245 3907 κατά
3281 3853 3608 3907 Σεϐάστειαν
3641 3855 3711 3909 τὰ

2132 3939 2373 4011 ἡμέτερα
2410 3940 2751 4010 φρονοῦντες,
2777 3942 3073 3997 Εὑσταθίου
3110 3943 3172 3997 τὸ
3219 3944 3448 3998 ὓπουλον
3478 3948 3579 4016 τῆς
3612 3962 3711 3998 κα-

2131 4028 2371 4094 κοδοξίας
2394 4030 2549 4094 ἕλκος
2576 4032 3087 4103 ἀπογυμνώσαντες,
3119 4034 3407 4089 ἀπαιτοῦσί
3430 4052 3552 4088 τινα
3578 4039 3711 4106 παρ’

2131 4121 2287 4192 ἡμῶν
2319 4111 2775 4195 ἐκκλησιαστικὴν
2802 4124 2911 4197 (60)
2938 4127 3272 4198 ἐπιμέλειαν.
3304 4128 3520 4183 Ἰκόνιον
3553 4130 3710 4192 πόλις

2130 4213 2247 4265 ἐστί
2277 4213 2372 4282 τῆς
2395 4214 2660 4282 Πισιδίας,
2685 4216 2747 4269 τὸ
2771 4216 2871 4288 μὲν
2904 4217 3131 4271 παλαιὸν
3157 4218 3296 4289 μετὰ
3314 4218 3411 4291 τὴν
3442 4220 3711 4293 μεγίστην

2132 4412 2427 4468 emendare
2465 4416 2781 4479 voluerunt,
2823 4433 2946 4471 cum
2991 4419 3174 4474 minus
3207 4421 3711 4480 animadverterent

2133 4483 2269 4555 illud
2316 4483 2415 4553 ἤδη
2466 4484 2779 4555 ἐπείγεσθαι
2832 4488 3025 4542 referri
3067 4492 3132 4543 ad
3183 4491 3406 4545 verbum
3457 4493 3709 4550 ἀπαιτῶν

2131 4554 2275 4631 quod
2311 4554 2584 4622 praecedit.
2604 4554 3069 4631 'posueruntuﬁ'rst
3097 4576 3193 4627 pro
3220 4561 3343 4631 ἤδη.
3388 4558 3594 4618 Lucem
3626 4577 3711 4619 at-

2129 4624 2356 4694 tulimus
2390 4639 2491 4694 ope
2524 4628 2885 4694 parenthesis.
2915 4624 3047 4682 Vide
3068 4624 3347 4685 Addenda.

2201 4692 2315 4776 (6.0)
2362 4692 2927 4776 Ἐκκλησιασζικήν.
2979 4698 3159 4776 Editio
3193 4699 3525 4776 Parisiensis
3557 4704 3710 4759 addit

2130 4765 2496 4844 adfremit-quae.
2523 4782 2626 4819 vox
2659 4769 2858 4844 melius
2887 4778 2941 4824 et
2962 4771 3280 4844 elegantius
3314 4774 3466 4844 deest
3492 4773 3551 4844 in
3585 4778 3710 4829 aliis

2129 4835 2472 4911 editionibus
2503 4846 2557 4890 et
2584 4853 2741 4911 _mss.
2787 4835 3156 4909 Perspicin'ius
3198 4856 3265 4896 ex
3307 4842 3540 4911 epistola
3579 4845 3707 4911 151,

2129 4905 2333 4957 multos
2387 4903 2647 4960 Sebastiae
2698 4923 2726 4960 a
2772 4903 3157 4966 communione
3204 4903 3473 4966 Eustathii
3523 4903 3708 4970 seces;

2129 4975 2290 5053 sisse.
2318 4974 2383 5028 Hi
2413 4975 2481 5028 ad
2510 4975 2789 5053 Basilium,
2826 4987 2886 5031 ut
2907 4980 3201 5053 primatum
3236 4982 3291 5035 in
3325 4979 3425 5036 has
3450 4985 3709 5053 regiones

2132 5045 2441 5119 habentem.
2493 5046 2877 5119 confugerunt.
2909 5045 3053 5104 Cura
3088 5062 3268 5106 autem
3299 5045 3707 5117 ecclesiastica.

2127 5131 2290 5191 quam
2328 5116 2865 5191 a_Basilio_Apetunt,
2919 5120 3191 5174 interdum
3244 5136 3314 5177 eo
3360 5133 3597 5191 spectat,
3652 5116 3709 5181 ut

2128 5186 2287 5264 pulso
2300 5186 3056 5264 episcopo_a_lius_ordinetur;
3074 5191 3224 5264 velut
3242 5207 3366 5264 cum
3388 5186 3599 5264 Xystus
3614 5192 3707 5261 Ill,

2126 5257 2288 5330 epist.
2321 5257 2373 5330 ί.
2400 5271 2451 5330 p.
2486 5257 2645 5330 1235,
2671 5259 2914 5330 minatur
2943 5261 3214 5330 episc0pis
3241 5257 3455 5318 haeresi'
3470 5257 3708 5318 {aventi-1

2124 5325 2229 5403 bus
2262 5345 2277 5380 :
2313 5325 2672 5403 Eccfesiqrum
2702 5328 2767 5381 ab
2796 5331 2923 5403 ipsis
2947 5325 3326 5403 occupaturum
3354 5347 3538 5386 curam
3565 5336 3702 5403 fore,

2124 5396 2172 5448 si
2204 5412 2305 5449 non
2336 5398 2440 5464 ipsi
2476 5398 2579 5451 sibi
2621 5396 3001 5455 consuluerint.
3047 5396 3117 5455 At
3155 5399 3439 5457 Sebasteni
3473 5396 3587 5458 non
3620 5396 3704 5458 vié

2124 5466 2399 5539 denturid
2430 5469 2689 5539 petiisse:
2743 5485 2921 5539 neque
2969 5471 3115 5525 enim
3162 5471 3268 5525 sub
3307 5471 3535 5529 Valente
3586 5474 3705 5529 fieri

2124 5536 2424 5617 potuisset;
2460 5538 2553 5591 sed
2586 5536 2790 5617 Basilio
2817 5536 3082 5617 regendos
3113 5556 3173 5596 se
3202 5556 3265 5596 ac
3286 5545 3706 5614 gubernandos,

2126 5615 2179 5658 ut
2211 5611 2468 5677 episcopo
2494 5616 2766 5676 carentes,
2800 5611 3165 5667 commisisse.
