3868 6218
429 253 536 307 583

1798 242 1855 298 S.
1897 241 1980 296 ΒΑ
1990 239 2141 294 SILI!
2182 241 2398 298 MAGNI

3574 231 3686 289 εει

421 365 745 421 cruciaruut
765 375 1018 431 corpora,
1055 359 1468 430 aﬂ‘eceruutque
1498 357 1819 428 ignominia,
1858 367 1913 414 et
1945 360 1998 413 in

2133 378 2161 412 ν
2206 361 2273 430 τῇ
2308 358 2552 428 πολιτεία
2597 356 2707 428 (69)
2743 356 3054 428 καμάτους,
3111 351 3174 406 οὐ
3224 349 3369 405 λαῶν
3422 348 3647 419 ἀγάπην
3675 366 3690 379 ο

422 456 678 514 exsilium
716 455 1022 522 ejecerunt,
1053 462 1109 506 et
1155 465 1390 521 quorum
1435 450 1575 504 bona
1627 451 1874 505 invenire
1901 467 2000 521 po-

423 555 650 604 tuerunt
675 587 690 610 ,
718 562 780 601 ea
811 545 1086 614 diripuere
1125 561 1139 596 :
1188 557 1364 611 neque
1394 541 1673 594 hominum
1712 544 1868 595 veriti
1903 544 2003 596 im-

427 641 825 714 prohationem,
858 653 1034 706 neque
1067 636 1393 690 horrendam
1417 635 1554 702 justi
1575 632 1786 689 Judicis
1819 651 2003 688 remu-

429 735 767 789 nerationem
807 728 1190 800 prtevidentes.
1225 725 1349 780 llaec
1380 740 1482 778 nos
1512 726 1916 794 perculserunt,
1952 733 2006 779 et

429 824 822 894 propemodum
881 832 1062 874 mente
1127 826 1472 874 emovernnt.
1523 817 1606 870 Ad
1663 818 1760 871 has
1821 825 2005 870 autem

431 916 790 985 cogitationes
833 913 926 966 illa
977 912 1142 966 etiam
1193 911 1427 965 accessit
1487 927 1501 962 :
1547 909 1686 962 Num
1746 909 2007 964 Dominus

435 1006 709 1061 Ecclesias
750 1022 879 1061 suas
924 1004 1185 1074 reliquit?
1225 1019 1354 1056 num
1389 1004 1686 1058 novissima
1729 1003 1863 1058 hora
1901 1011 2005 1066 est,

429 1107 488 1154 et
515 1099 752 1154 defectio
795 1114 888 1168 per
922 1098 1037 1152 haec
1083 1096 1408 1166 ingreditur,
1463 1105 1520 1148 ut
1572 1096 1842 1150 reveletur
1892 1105 2010 1150 tau-

435 1194 558 1248 dem
593 1193 813 1261 iniquus
855 1192 962 1254 ille,
999 1191 1142 1244 lilius
1183 1190 1503 1258 perditionis
1544 1190 1635 1258 qui
1665 1190 2008 1252 adversatur,

432 1295 490 1338 et
566 1282 789 1338 effertur
857 1283 1122 1337 adversus
1167 1297 1385 1336 omnem
1449 1282 1545 1351 qui
1603 1281 1809 1335 dicitur
1868 1279 2012 1336 Deus

437 1384 530 1431 aut
560 1393 760 1430 numen
783 1374 868 1428 "?

507 1623 564 1678 2.
601 1621 704 1677 Sed
733 1631 915 1675 tamen
959 1621 1074 1676 sive
1113 1618 1446 1690 temporaria
1494 1626 1579 1674 est
1621 1617 1727 1672 ista
1761 1618 2012 1680 teutalio,

441 1715 577 1771 ferte
623 1717 790 1777 illam,
836 1714 962 1769 boui
1000 1713 1203 1767 Christi
1250 1713 1464 1765 athletas

441 1825 658 1866 smnmo
692 1808 929 1862 interitui
974 1805 1186 1860 tradita:
1225 1812 1373 1866 sunt,
1423 1804 1607 1857 animo
1653 1819 1719 1857 ne
1753 1803 2011 1857 concida-

441 1919 565 1957 mus
593 1903 660 1956 ob
691 1900 998 1971 praesentia,
1042 1899 1138 1951 sed
1186 1904 1570 1964 exspectemus
1604 1911 1632 1948 e
1665 1895 1824 1950 caelis
1865 1909 2016 1948 reve-

442 1994 727 2056 lationeiu,
775 2000 828 2043 et
879 1989 1169 2042 adwnlunt
1228 1986 1408 2057 magni
1463 1985 1556 2039 Dei
1608 1995 1663 2038 et
1712 1984 2015 2039 Salvatoris

442 2089 616 2142 nostri
640 2085 766 2139 Jesu
803 2083 1029 2138 Christi.
1063 2081 1295 2140 Etenim,
1325 2081 1368 2134 si
1403 2087 1661 2132 creatura
1691 2081 1871 2133 omnis
1903 2079 2017 2133 dis-

443 2181 708 2237 solvetur,
745 2184 799 2231 et
841 2174 1303 2230 transmutahitur
1352 2171 1540 2225 mundi
1597 2170 1764 2238 hujus
1822 2171 2016 2240 ﬁgura,

445 2270 575 2341 quid
615 2271 809 2321 mirum
848 2275 932 2321 est
960 2283 1056 2320 nos
1083 2281 1330 2334 quoque,
1364 2265 1456 2333 qui
1490 2279 1672 2317 rerum
1708 2276 2014 2317 creatarum

446 2377 574 2431 pars
607 2374 820 2422 sumus,
845 2359 1228 2412 communibus
1261 2357 1418 2409 malis
1462 2355 1620 2418 allici,
1664 2371 1729 2408 ac
1759 2357 1900 2409 tradi
1941 2355 2020 2408 af-

445 2452 805 2514 flictionibus,
855 2465 991 2520 quas
1039 2465 1138 2517 pro
1183 2447 1380 2502 viriqu
1433 2459 1746 2500 nostrarum
1798 2447 2020 2504 modulo

447 2545 637 2613 inﬂigit
671 2543 827 2596 nobis
856 2539 1250 2608 justusJudex,
1299 2553 1408 2592 non
1445 2537 1639 2590 tentari
1681 2553 1783 2592 nos
1831 2537 2020 2594 sinens

447 2651 614 2706 supra
663 2635 715 2687 id
757 2631 901 2702 quod
939 2645 1254 2702 possumus,
1292 2629 1385 2681 sed
1421 2628 1561 2681 dans
1595 2642 1700 2680 una
1737 2642 1861 2679 cum
1899 2635 2020 2680 ten-

447 2731 655 2784 tatioue
697 2726 931 2784 exitum,
979 2729 1038 2775 ut
1079 2720 1320 2790 perferre
1370 2720 1648 2788 possimus
1697 2719 1776 2770 “1’
1817 2720 2016 2786 Exspe-

447 2797 598 2876 dtaut
625 2834 742 2877 vos,
778 2815 1000 2875 fratres,
1033 2822 1333 2882 martyrum
1365 2827 1583 2865 coroue
1619 2829 1633 2875 ;
1673 2812 1851 2879 parati
1893 2819 2022 2865 sunt

450 2911 830 2966 confessorum
865 2905 1020 2960 chori
1069 2919 1264 2957 manus
1308 2904 1466 2957 vobis
1513 2907 1818 2971 porrigere,
1856 2904 2022 2973 inque

452 3019 612 3060 suum
668 3013 957 3056 numerum
1023 2997 1288 3065 recipere.
1353 2993 1710 3049 Memineritis
1775 3005 2021 3049 veterum

454 3101 795 3153 sanctorum,
826 3103 1057 3158 quorum
1103 3101 1263 3140 nemo
1310 3085 1525 3140 deliciis
1570 3086 1896 3148 inserviens,
1933 3094 2026 3139 aut
2053 3085 2095 3117 υ

453 3183 861 3239 adulationibus
910 3179 1190 3238 delinitus,
1240 3193 1478 3232 coronas
1527 3178 1804 3246 patientize
1833 3194 2030 3233 conse-

453 3284 615 3328 cutus
656 3281 786 3338 est;
839 3268 935 3324 sed
980 3284 1192 3329 omnes,
1243 3284 1339 3337 per
1388 3284 1614 3334 magnas
1643 3268 2028 3326 amictatioues

453 3365 611 3435 quasi
655 3378 749 3432 per
778 3363 957 3431 ignem
991 3360 1204 3420 tentati,
1247 3359 1686 3428 experimentum
1737 3360 1824 3414 sui
1857 3359 2028 3414 dede.

457 3466 602 3511 ruut.
652 3455 758 3508 Alii
797 3454 943 3508 enim
995 3451 1248 3505 ludibriis
1289 3458 1344 3504 et
1391 3449 1576 3518 ﬂagris
1621 3451 1837 3518 probati
1874 3462 2026 3514 sunt,

456 3551 546 3604 alii
601 3548 824 3603 dissecti
874 3552 1023 3607 sunt,
1073 3545 1165 3598 alii
1234 3543 1472 3612 denique
1522 3543 1805 3598 occisione
1861 3544 2026 3613 gladii

453 3640 832 3696 occubuerunt
874 3637 940 3692 “.
985 3634 1079 3690 Ha:
1119 3643 1247 3688 sunt
1294 3633 1645 3702 gloriatioues
1687 3640 2023 3688 sanctorum.

455 3733 652 3786 Beatus
710 3731 804 3801 qui
856 3729 1053 3800 dignus
1131 3727 1363 3780 habetur
1435 3725 1530 3794 qui
1617 3725 1860 3794 patiatur
1930 3741 2029 3794 pro

454 3823 694 3877 Christo.
729 3821 942 3875 Beatior
969 3817 1064 3888 qui
1087 3818 1292 3886 majora
1319 3815 1546 3884 patitur,
1579 3817 2025 3886 quandoquidem

456 3913 778 3968 alilictiones
838 3911 1098 3978 temporis
1155 3909 1442 3978 praesentis
1489 3907 1670 3977 dignae
1721 3922 1832 3961 non
1901 3918 2032 3966 sunt

455 4018 578 4074 quae
603 4009 992 4070 comparentur
1015 4014 1140 4052 cum
1163 3997 1335 4057 gloria
1381 4011 1504 4065 qua:
1531 3997 1794 4062 deinceps
1819 4003 2031 4056 revela.

457 4095 605 4151 bitur
638 4093 691 4146 in
725 4093 884 4146 nobis
917 4091 986 4143 “.

2103 451 2240 504 ἀλλὰ
2266 451 2361 504 καὶ
2405 451 2665 522 ᾐκίσαντο
2700 450 2767 504 τὰ
2795 450 3026 520 σώματα
3051 487 3065 511 ,
3099 447 3194 500 καὶ
3241 445 3557 515 ἠτίμωσαν,
3594 441 3696 497 καὶ

2107 543 2341 615 ὲξορίαις
2378 543 2699 614 παρέδωκαν
2728 585 2741 607 ,
2775 543 2868 595 καὶ
2921 542 3226 613 διήρπασαν
3282 536 3383 599 τάς
3427 532 3696 604 ὑπάρξεις

2105 622 2178 683 ὦν
2213 630 2389 700 εὑρεῖν
2440 630 2822 700 ἠδυνήθησαν·
2861 629 2982 682 οὔτε
3031 628 3129 699 τὴν
3189 626 3340 696 παρά
3387 623 3695 696 ἀνθρώπων

2107 721 2452 787 κατάγνωσιν
2505 722 2614 790 (ἲο)
2670 721 3094 791 ἐντρεπόμενοι,
3134 717 3258 772 οὔτε
3298 717 3398 786 τὴν
3453 712 3695 783 φοϐεράν

2106 812 2199 864 τοῦ
2225 811 2434 864 δικαίου
2459 811 2662 881 Κριτοῦ
2688 790 3043 865 ἀνταπόδοσιν
3072 807 3468 880 προορώμενοι.
3503 803 3697 857 Ταῦτα

2109 903 2255 972 ἡμᾶς
2295 899 2588 970 ἐξέπληξε,
2639 903 2734 954 καὶ
2786 899 2981 971 μικροῦ
3037 899 3141 962 ἔξω
3199 897 3421 964 ἐποίησε
3461 893 3568 947 τῶν
3600 891 3697 943 λο-

2109 994 2340 1063 γισμῶν.
2376 993 2705 1062 Συνεισῆλθε
2735 992 2792 1044 δὲ
2816 991 3024 1054 τούτοις
3047 993 3158 1052 τοῖς
3189 987 3560 1056 διαλογισμοῖς
3594 985 3702 1036 κά-

2111 1087 2262 1156 κείνη
2303 1089 2335 1158 ὴ
2381 1086 2594 1139 ἔννοια⁸
2639 1081 2785 1155 Ἀρα
2837 1083 2911 1155 μὴ
2963 1081 3318 1150 ἐγκατέλιπεν
3353 1075 3546 1130 ἑαυτοῦ
3595 1074 3702 1137 τὰς

2124 1178 2451 1249 Ἐκκλησίας
2501 1175 2782 1238 παντελῶς
2835 1177 2864 1228 ό
2913 1173 3154 1244 Κύριος;
3213 1167 3320 1240 ἆρα
3378 1168 3452 1240 μὴ
3487 1165 3700 1235 ἐσχάτη

2112 1270 2232 1340 ῶρα
2288 1270 2443 1332 ἐστὶ,
2497 1268 2591 1322 καὶ
2624 1269 2656 1337 ἠ
2687 1264 3000 1320 ἀποστασία
3032 1262 3122 1315 διὰ
3171 1259 3374 1314 τούτων
3428 1253 3703 1324 λαμϐάνει

2113 1359 2210 1428 τὴν
2265 1357 2501 1419 εἴσοδον,
2548 1357 2635 1409 ἵνα
2689 1354 2874 1408 λοιπὸν
2907 1350 3263 1419 ἀποκαλυφθῇ
3307 1349 3335 1400 ό
3391 1345 3587 1414 ἄνομος
3613 1382 3630 1405 ,
3673 1344 3706 1394 ό

2117 1449 2232 1513 υἱὸς
2271 1451 2370 1520 τῆς
2399 1448 2673 1510 ἀπωλείας
2697 1486 2712 1511 ,
2763 1445 2793 1496 ὁ
2826 1443 3200 1513 ἀντικείμενος
3223 1479 3237 1503 ,
3273 1438 3369 1494 καὶ
3401 1433 3705 1507 ὑπεραιρό-

2120 1559 2279 1612 μενος
2306 1542 2398 1594 ὲπὶ
2429 1541 2606 1594 πάντα
2629 1539 2922 1608 λεγόμενον
2949 1533 3083 1588 Θεὸν
3117 1531 3150 1602 ἢ
3185 1530 3468 1599 σέϐασμα;

2187 1634 2242 1688 2.
2285 1633 2430 1704 Πλὴν
2461 1632 2569 1685 εἴτε
2600 1628 2934 1702 πρόσκαιρός
2961 1627 3108 1678 ἐστιν
3155 1627 3183 1678 ό
3223 1619 3559 1693 πειρασμὸς,
3606 1617 3707 1688 βα·

1517 1730 1529 1764 :
1571 1711 1687 1765 είνθ
1723 1712 1888 1765 “iam
1929 1727 2016 1764 “’5
2052 1726 2091 1780 Β
2119 1728 2353 1780 στάσατε
2386 1725 2586 1788 αὑτὸν,
2627 1725 2676 1776 οἱ
2731 1721 2888 1775 καλοὶ
2936 1716 3030 1772 τοῦ
3079 1713 3316 1786 Χριστοῦ
3364 1708 3703 1780 ἀγωνισταί·

2117 1821 2224 1873 εἴτε
2253 1820 2346 1872 καὶ
2379 1821 2444 1888 τῇ
2481 1815 2737 1870 παντελεῖ
2765 1813 2939 1883 φθορᾷ
2975 1811 3043 1864 τὰ
3078 1809 3380 1881 πράγματα
3407 1801 3707 1874 παραδίδο-

2116 1927 2205 1963 ται
2239 1909 2386 1980 (ἹΙ),
2439 1909 2513 1978 μὴ
2564 1905 2949 1976 άκηδιάσωμεν
2984 1901 3120 1974 πρὸς
3151 1899 3218 1952 τὰ
3271 1896 3549 1966 παρόντα,
3583 1890 3708 1944 ἀλλ’

2118 1999 2498 2069 ἀναμείνωμεν
2532 1997 2629 2065 τὴν
2689 1995 2748 2060 ἐξ
2780 1992 3028 2065 οὐρανῶν
3077 1987 3418 2056 ἀποκάλυψιν
3455 1984 3549 2038 καὶ
3579 1983 3710 2034 ἐπι-

2120 2092 2344 2160 φάνειαν
2376 2088 2469 2142 τοῦ
2508 2088 2743 2159 μεγάλου
2790 2086 2924 2139 Θεοῦ
2965 2085 3057 2138 καὶ
3107 2082 3358 2152 Σωτῆρος
3398 2076 3553 2150 ἡμῶν
3596 2075 3710 2144 '11;-

2122 2184 2214 2238 σοῦ
2263 2183 2518 2254 Χριστοῦ.
2549 2183 2610 2233 EE
2640 2181 2748 2252 γάρ
2781 2180 2930 2232 πᾶσα
2964 2180 2996 2248 ἡ
3049 2176 3228 2239 κτίσις
3253 2173 3576 2244 λυθήσεται,
3608 2169 3712 2222 καὶ

2123 2273 2617 2346 μεταποιηθήσεται
2656 2274 2715 2325 τὸ
2767 2272 2956 2343 σχῆμα
3001 2271 3095 2322 τοῦ
3145 2269 3348 2338 κόσμου
3383 2265 3572 2318 τούτου
3597 2303 3614 2328 ,
3651 2263 3711 2314 τί

2121 2366 2429 2437 θαυμαστὸν
2459 2366 2553 2418 καὶ
2585 2365 2763 2434 ἡμᾶς,
2804 2364 2967 2433 μέρος
2993 2361 3151 2423 ὄντας
3178 2359 3279 2429 τῆς
3316 2358 3566 2418 κτίσεως,
3599 2372 3716 2408 πα-

2123 2457 2232 2510 θεῖν
2262 2456 2329 2509 τὰ
2365 2454 2517 2508 κοινὰ
2555 2455 2699 2526 πάθη
2724 2495 2738 2514 ,
2771 2455 2866 2506 καὶ
2921 2451 3290 2524 παραδοθῆναι
3322 2447 3564 2517 θλίψεσιν
3587 2486 3602 2506 ,
3639 2444 3715 2506 ἃς

2123 2548 2266 2602 κατὰ
2313 2549 2374 2601 τὸ
2423 2547 2616 2618 μέτρον
2665 2548 2765 2615 τῆς
2821 2544 3101 2615 δυνάμεως
3149 2542 3307 2612 ἡμῶν
3336 2540 3452 2609 (72)
3503 2539 3714 2603 ἐπάγει

2124 2639 2253 2707 ἡμῖν
2282 2639 2310 2690 ό
2347 2637 2551 2698 δίκαιος
2586 2636 2825 2706 Κριτὴς.
2873 2636 2973 2688 οὐκ
3007 2635 3109 2686 ἐῶν
3158 2632 3305 2701 ἡμᾶς
3344 2628 3715 2700 πειρασθῆναι

2125 2731 2265 2800 ὑπὲρ
2291 2729 2318 2782 ὃ
2355 2728 2658 2799 δυνάμεθα,
2694 2728 2829 2781 ἀλλὰ
2857 2727 3030 2788 διδους
3062 2727 3158 2778 σὺν
3183 2723 3261 2795 τῷ
3292 2721 3582 2792 πειρασμῷ
3611 2722 3716 2773 καὶ

2123 2824 2221 2894 τὴν
2253 2821 2506 2884 ἑκϐασιν,
2541 2821 2634 2874 τοῦ
2664 2819 2956 2892 δυνηθῆναι
2990 2819 3348 2885 ὑπενεγκεῖν;
3389 2813 3717 2884 Ἀναμένου-

2129 2929 2212 2964 σιν
2270 2912 2451 2981 ὑμᾶς,
2507 2910 2757 2978 ἀδελφοὶ,
2806 2911 2856 2963 οἱ
2904 2909 3012 2962 τῶν
3072 2910 3366 2980 μαρτύρων
3409 2906 3711 2974 στέφανοιο

2126 3003 2334 3073 ἕτοιμοί
2381 3005 2518 3056 εἰσιν
2568 3005 2616 3056 οἱ
2660 3003 2811 3072 χοροὶ
2865 3001 2975 3054 τῶν
3024 2999 3372 3070 όμολογητῶν
3428 2999 3716 3069 προτεῖναι

2131 3095 2257 3162 ὑμῖν
2279 3093 2378 3156 τὰς
2403 3095 2592 3164 χεῖρας
2613 3134 2626 3156 ,
2663 3093 2756 3146 καὶ
2798 3091 3158 3155 ὑποδέξασθαι
3186 3091 3328 3160 ὑμᾶς
3357 3091 3435 3152 εἰς
3457 3088 3548 3140 τὸν
3579 3087 3718 3139 ἴδιον

2131 3182 2380 3254 ἀριθμόν.
2406 3185 2526 3253 Μνή
2538 3183 2699 3254 σθητε
2723 3183 2830 3237 τῶν
2863 3183 3028 3237 πάλαι
3064 3183 3254 3250 ἁγίων,
3282 3181 3362 3234 ὅτι
3389 3179 3564 3241 οὐδεὶς
3585 3195 3721 3248 τρυ-

2133 3275 2277 3343 φῶν,
2310 3275 2429 3328 οὐδὲ
2463 3274 2892 3343 κολακευόμενος
2923 3273 3037 3339 (75)
3062 3313 3076 3333 ,
3130 3271 3241 3324 τῶν
3285 3270 3564 3335 στεφάνων
3606 3267 3718 3337 τῆς

2132 3366 2407 3436 ὑπομονῆς
2445 3364 2649 3436 ἠξιώθη
2671 3382 2686 3394 ο
2740 3365 2874 3418 ἀλλά
2909 3365 3141 3426 πάντες,
3184 3362 3272 3415 δια
3309 3361 3559 3432 μεγάλων
3593 3359 3719 3412 θλί-

2132 3457 2276 3526 ψεων
2303 3457 2647 3529 πυρωθέντες
2684 3457 2830 3528 (74),
2865 3455 2926 3509 τὸ
2963 3455 3206 3526 δοκίμιον
3245 3452 3606 3516 ἐπεδείξαντο.
3645 3451 3720 3504 Οἱ

2140 3551 2236 3616 μὲν
2284 3548 2392 3618 γὰρ
2431 3547 2761 3618 ἐμπαιγμῶν
2811 3547 2904 3601 καὶ
2947 3546 3224 3616 μαστίγων
3264 3547 3460 3613 πεῖραν
3494 3541 3714 3605 ἔλαϐον,

2136 3641 2281 3692 ἄλλοι
2329 3640 2387 3692 δὲ
2419 3639 2530 3710 (75)
2566 3639 2940 3711 ἐπρίσθησαν,
2977 3639 3027 3692 οἱ
3065 3638 3121 3690 δὲ
3148 3639 3204 3690 ὲν
3240 3637 3384 3707 φόνῳ
3438 3634 3722 3706 μαχαίρας

2136 3731 2421 3786 ἀπέθανον.
2451 3730 2638 3784 Ταῦτά
2668 3733 2782 3784 ἐστι
2805 3731 2872 3783 τά
2898 3729 3350 3800 σεμνολογήματα
3377 3727 3487 3781 τῶν
3516 3727 3716 3795 ἁγίων.

2135 3823 2420 3894 Μακάριος
2451 3825 2480 3876 ό
2512 3822 2866 3886 καταξιωθεὶς
2889 3821 2998 3875 τῶν
3026 3821 3165 3891 ὑπὲρ
3199 3818 3436 3891 Χριστοῦ
3462 3818 3722 3888 παθημά-

2137 3933 2264 3970 των.
2284 3913 2610 3988 Μακαριώτε
2621 3933 2709 3987 ρος
2724 3915 2779 3968 δὲ
2799 3917 2828 3968 ὁ
2846 3915 3147 3977 πλεονάσας
3181 3916 3238 3966 ὲν
3257 3915 3368 3976 τοῖς
3388 3912 3676 3982 παθήμασι
3693 3929 3713 3942 ·

2131 4005 2264 4060 διότι
2306 4007 2408 4060 οὐκ
2457 4007 2584 4074 ἄξια
2628 4007 2695 4062 τὰ
2736 4007 3038 4077 παθήματα
3084 4005 3176 4058 τοῦ
3209 4005 3302 4058 νῦν
3350 4003 3540 4075 καιροῦ
3573 4002 3721 4075 πρὸς

2129 4099 2229 4170 τὴν
2270 4099 2567 4169 μέλλουσαν
2601 4099 2756 4162 δόξαν
2802 4097 3249 4168 ἀποκαλυφθῆναι
3277 4095 3388 4166 (76)
3422 4097 3502 4157 είς
3535 4096 3715 4165 ἡμᾶς.

528 4210 571 4240 ἰ
605 4207 647 4261 ll
681 4205 873 4260 Thess.
912 4219 971 4266 ιι,
1013 4203 1068 4256 4.
1143 4201 1190 4232 ’⁸
1223 4199 1396 4254 lCor.
1424 4216 1480 4264 κ,
1512 4201 1599 4255 l3.
1682 4201 1728 4234 ³⁸
1758 4155 1926 4260 Hebr.
1959 4221 2016 4260 χι

2133 4214 2247 4268 ἰ-57.
2324 4213 2370 4246 ’⁸
2393 4214 2554 4269 Rom.
2573 4230 2693 4281 vm,
2720 4212 2806 4268 18.

532 4321 642 4391 (69)
666 4317 954 4391 Πολιςείᾳ.
973 4316 1048 4391 Ita
1068 4315 1206 4391 Med.
1223 4325 1283 4391 _et
1308 4314 1478 4391 Coisl.
1505 4325 1731 4391 uterque
1749 4331 1871 4371 cum
1897 4319 2030 4374 duo-

458 4385 563 4448 bus
589 4385 788 4458 Regiis.
811 4388 942 4440 Edd.
960 4387 1141 4458 πολιᾷ,
1159 4386 1363 4439 labores
1382 4387 1432 4438 in
1448 4385 1781 4441 canitie.Nou
1803 4392 2029 4445 omnino

460 4451 712 4532 displicét
737 4459 951 4532 vulgata
976 4451 1813 4532 scriptura:_conlirmaij_euim
1842 4471 2028 4528 posset
2062 4451 2102 4504 D

460 4549 524 4588 ex
552 4524 796 4600 'epistola
836 4524 1002 4600 Petri
1019 4524 1380 4600 _Al'exaudriui
1409 4525 1567 4600 apud
1597 4524 2022 4600 Theodror'etum,

467 4595 634 4663 "isti,
663 4600 756 4653 lib.
789 4615 860 4655 Iv.
895 4612 944 4651 c.
978 4597 1068 4656 22,
1119 4612 1184 4650 ex
1231 4612 1338 4665 qua
1389 4595 1651 4650 discimus
1698 4595 2023 4654 Arianorum

463 4675 701 4725 furorem
751 4669 806 4721 iu
859 4667 1225 4721 uovemdecim
1279 4667 1624 4736 presbyteros
1655 4675 1708 4719 et
1737 4665 2022 4734 diaconos,

461 4755 694 4812 quorum
723 4739 971 4812 nonnulli
1003 4736 1624 4812 octogesimquannum
1653 4750 2022 4812 eacesseraut,

459 4805 754 4867 exarsisse.
807 4809 913 4862 Sed
961 4805 1297 4876 priel'ereuda
1336 4805 1549 4859 videtur
1588 4805 1840 4860 codicum
1887 4827 2022 4866 mss.

462 4883 780 4936 auctoritas.
832 4877 928 4932 His
968 4879 1112 4930 enim
1163 4877 1363 4937 verbis,
1411 4892 1513 4929 non
1562 4885 1770 4930 (etatem
1818 4881 2027 4933 reveriti

461 4963 606 5014 sunt,
639 4951 776 5005 satis
811 4947 1072 5003 indicavit
1107 4945 1340 5000 Basilius
1388 4947 1595 4999 nefaria
1645 4942 2023 5003 haereticorum

463 5023 708 5077 facluora
735 5020 792 5072 iu
823 5034 981 5074 senes
1005 5026 1057 5072 et
1080 5031 1307 5088 pueros;
1341 5030 1466 5088 nam
1494 5031 1560 5069 ne
1589 5018 1772 5088 pueris
1803 5021 2023 5088 quidem

465 5097 842 5163 pepercerunt.
885 5089 1261 5163 Quamobrem
1280 5085 1566 5163 legendum
1588 5085 1848 5163 duximus
1874 5091 1934 5142 ἐν
1957 5092 2022 5159 τῇ

463 5155 726 5232 πολιτείᾳ,
761 5159 963 5212 labores
997 5159 1112 5211 uiue
1136 5158 1220 5232 pie
1244 5156 1520 5232 institutis,
1550 5155 1603 5210 id
1635 5165 1741 5232 est,
1768 5159 1891 5213 vita:
1911 5155 2025 5232 mo:

463 5225 693 5287 nasticae'
737 5232 1103 5298 sanctitatem.
1181 5225 1259 5280 Ex
1302 5227 1369 5298 iis
1418 5228 1561 5298 enim
1619 5229 1710 5298 qui
1761 5231 2026 5284 ιιιιειυάιται³

465 5301 778 5369 mancipati,
813 5297 1103 5369 verberati,
1136 5296 1563 5369 lacerati,_torti,
1586 5295 1653 5369 ad
1680 5295 2024 5354 Pbeuueusia

463 5383 518 5424 et
540 5367 906 5424 Proconnesia
930 5368 1145 5422 metalla
1169 5367 1404 5420 damnati
1431 5377 1579 5428 sunt,
1599 5368 1891 5434 plerosque
1915 5384 2025 5422 mo-

464 5444 675 5494 nuchos
706 5441 874 5493 fuisse
893 5440 1054 5493 docet
1086 5437 1319 5508 epistola
1360 5437 1521 5508 modo
1549 5440 1738 5508 citata.
1758 5437 1876 5492 Non
1910 5439 2026 5492 dis--

465 5510 874 5588 simulabosob;
895 5512 952 5561 ὲν
970 5510 1037 5588 τῇ
1059 5507 1303 5588 πολιτείρ
1325 5507 1626 5576 καμάτους,
1653 5507 1721 5588 de
1743 5509 2025 5588 laboribus

466 5583 522 5634 in
583 5578 890 5649 reipublicae
934 5578 1424 5649 administratione
1464 5579 1740 5647 susceptis
1792 5578 2022 5649 intelligi

467 5646 775 5721 pos§e_;sed
807 5648 979 5721 magis
1003 5647 1180 5721 placet
1210 5648 1384 5721 prima
1414 5646 1812 5721 interpretatio.

541 5716 651 5789 (70)
683 5715 1086 5784 Katd'rfwa‘tr.
1134 5715 1272 5770 Med.
1308 5721 1361 5770 et
1407 5715 1576 5771 Cois].
1607 5718 1632 5772 ί
1674 5719 2020 5790 κατάκρισιν.

2209 4325 2322 4394 (71)
2347 4325 2758 4394 Παραδίδοται.
2791 4324 2868 4378 lta
2894 4323 3030 4378 Med.
3063 4331 3116 4378 et
3145 4321 3314 4382 Coisl.
3341 4321 3552 4392 primus
3581 4336 3716 4377 cum

2136 4396 2383 4466 pluribus
2413 4399 2554 4466 aliis.
2586 4395 2726 4448 Editi
2757 4395 3154 4466 παραδίδονται.

2201 4466 2315 4536 (72)
2363 4465 2568 4536 Ἠμῶν.
2601 4467 2678 4518 Ita
2715 4460 3076 4536 IIISS;AEdtl|0
3121 4460 3507 4536 primaLPAaris.
3528 4462 3717 4536 ῄμᾷς.

2131 4534 2187 4588 lu
2211 4530 2616 4593 vetustioribus
2657 4536 2830 4591 deest.
2866 4533 3039 4587 Paulo
3089 4530 3213 4602 post
3249 4533 3433 4602 editior
3465 4531 3486 4583 1
3527 4530 3712 4602 Paris.

2129 4605 2420 4676 δυνηθῆναι
2463 4607 2639 4677 ἡμῶν,
2687 4605 2930 4659 secunda
2985 4601 3278 4677 δυνηθῆναι
3322 4601 3489 4677 ἡμᾶς.
3521 4601 3718 4677 dices!

2131 4671 2330 4729 ultima
2351 4693 2451 4728 vox
2484 4671 2537 4728 iii
2565 4685 2800 4745 quatuor
2826 4691 2960 4728 mss.
2987 4671 3126 4745 Med.
3155 4682 3210 4745 et
3241 4671 3408 4727 Coisl.
3451 4671 3630 4741 primo
3655 4681 3720 4726 et

2130 4745 2347 4799 duobus
2389 4743 2654 4814 Regiis—et
2683 4747 2923 4814 antiquis
2952 4743 3309 4814 editiouihus.

2199 4815 2313 4887 (75)
2351 4811 2504 4869 Οὐδὲ
2525 4811 3020 4887 κολακευόμενος.
3051 4813 3130 4887 Ita
3155 4811 3290 4887 Med.
3324 4811 3572 4887 et_Coisl.
3595 4812 3721 4887 p_ri—

2130 4880 2252 4939 mtis
2277 4880 2400 4940 cum
2431 4887 2680 4954 pluribus
2707 4880 2849 4939 aliis.
2879 4885 3020 4939 Editi
3047 4883 3108 4938 οὺ
3132 4882 3582 4952 κολακευόμενος.
3612 4880 3722 4936 Se-

2129 4955 2307 5010 cunda
2341 4955 2516 5009 Paris.
2547 4955 2581 5024 ἦ
2613 4955 3059 5024 κολακευόμενος.

2198 5025 2307 5091 (74)
2340 5020 2739 5091 Πυρωθέντες.
2779 5027 2853 5079 lta
2881 5020 3063 5078 'Cuisl.
3097 5031 3328 5090 uterque
3367 5036 3492 5082 cum
3526 5020 3720 5091 tribus

2129 5089 2336 5163 Regiis.
2373 5089 2553 5148 Editio
2586 5089 2800 5164 Hagen:
2839 5093 3199 5164 πορωθέντες.
3236 5089 3488 5164 Basil._et
3528 5089 3716 5146 Paris.

2131 5161 2508 5235 πορευθέντες.
2541 5161 2748 5219 lbidém
2778 5161 2926 5235 Reg.
2945 5164 3224 5220 secundus
3248 5161 3594 5228 ὑπεδέξαντο,
3622 5179 3687 5215 ac
3709 5194 3723 5203 -

2128 5245 2390 5303 ceperunt.

2199 5305 2309 5374 (75)
2341 5306 2553 5360 ’Ἄλλοι
2582 5304 2670 5367 δέ,
2704 5311 2816 5362 etc.
2846 5303 2937 5358 Sic
2965 5301 3094 5357 Vat.
3133 5311 3189 5358 et
3216 5301 3386 5359 Coisl.
3433 5301 3720 5374 secunde:

2127 5371 2251 5445 cuin
2290 5371 2463 5430 tribus
2514 5376 2718 5445 Regiis.
2761 5375 2900 5429 Editi
2947 5374 3096 5428 ἄλλοι
3151 5375 3210 5428 δὲ
3261 5371 3715 5443 ἐπειράσθησαν

2127 5444 2482 5517 ἐπρίσθησαν,
2513 5449 2571 5498 ὲν
2599 5444 2764 5517 φόνῳ.

2199 5513 2321 5586 (76)
2338 5513 2884 5586 ξΑποκααὺςοθῆναι.
2905 5513 3306 5586 Qitatuormss.
3329 5514 3719 5574 ἀποκαλύπτε-

2128 5582 2270 5637 σθαι.
2294 5582 2450 5656 Mos
2480 5587 2534 5640 iu
2563 5582 2759 5641 tribus
2793 5586 2988 5656 legitur
3029 5584 3179 5656 αὐτῷ
3217 5601 3328 5656 μοι,
3362 5595 3417 5641 et
3465 5586 3611 5642 infra
3661 5591 3718 5642 in

2127 5662 2360 5724 quatuor
2395 5655 2650 5712 δύνασθαι
2684 5655 3045 5728 μεταϐαίνειν.
