3868 6218
149 261 258 318 535

1094 251 1585 310 EPISTULARUM
1624 251 1908 308 CLASSIS
1932 252 1998 309 ll.
2039 251 2256 309 EPIST.
2297 249 2454 308 CXL.

3305 250 3410 310 588

221 381 276 435 5.
309 378 372 430 Εἰ
401 375 500 447 μὲν
528 368 623 430 οῦν
650 368 720 446 ἦν
751 371 974 426 δυνατὸν
1006 371 1170 426 αὐτόν
1202 389 1268 444 με
1306 372 1732 442 παραγενέσθαι,

1911 372 2072 443 232
2121 373 2174 427 5.
2221 370 2377 438 Quod
2436 370 2485 426 si
2531 367 2652 426 ﬁeri
2703 377 2913 442 posset,
2958 377 3020 426 ut
3059 369 3127 426 ad
3163 385 3264 427 vos
3293 370 3412 442 ipse

145 471 304 526 οὐδὲν
331 470 398 524 ἂν
425 468 772 539 προετίμησα
802 467 900 537 τῆς
931 466 1220 536 συντυχίας
1255 465 1407 536 ὑμῶν
1427 483 1440 496 ·
1474 465 1614 520 ὥστε
1641 467 1734 521 κα)⁸

149 563 283 617 ἰδεῖν
308 563 437 625 τοὺς
465 560 706 632 ἀθλητὰς
734 558 827 614 τοῦ
853 558 1092 631 Χριστοῦ
1116 601 1131 626 ,
1156 560 1250 613 καὶ
1273 559 1730 631 περιπτύξασθαι,

145 655 245 709 καὶ
277 654 608 725 κοινωνῆσαι
649 653 760 706 τῶν
791 651 1112 723 προσευχῶν
1150 653 1245 706 καὶ
1287 651 1397 705 τῶν
1435 670 1734 724 πνευματι-

146 744 263 799 κῶν
305 747 364 798 ὲν
413 744 544 814 ὑμῖν
589 743 980 814 χαρισμάτων*
1023 742 1210 814 ἐπειδὴ
1257 743 1314 796 δὲ
1350 743 1412 796 τὸ
1447 743 1606 812 σῶμά
1641 761 1732 814 μοι

144 835 334 890 λοιπὸν
382 835 488 888 ὑπὸ
537 833 757 905 χρονίας
809 833 964 886 νόσου
1021 833 1398 887 κατανάλωται
1423 874 1438 898 ,
1485 833 1562 898 ὡς
1598 835 1731 907 μηδὲ

143 929 256 982 ἀπὸ
287 927 389 998 τῆς
445 927 635 996 κλίνης
670 924 928 978 δύνασθαί
987 942 1054 996 με
1100 925 1486 990 καταϐαίνειν,
1538 926 1632 979 καὶ
1681 927 1732 980 οί

143 1019 534 1091 ἐφεδρεύοντες
579 1021 710 1090 ἡμῖν
743 1017 964 1083 πολλοὶ,
1000 1019 1076 1082 ὼς
1120 1017 1273 1072 λύκοι
1303 1019 1578 1091 ἅρπαγες,
1609 1022 1732 1073 ἐπι-

141 1110 442 1180 τηροῦντες
465 1109 677 1180 καιρὸν,
705 1109 836 1162 πότε
873 1108 1144 1180 δυνηθῶσι
1182 1109 1482 1179 διαρπάσαι
1508 1110 1576 1162 τὰ
1600 1110 1734 1181 πρό-

143 1202 288 1256 ϐατά
345 1201 440 1256 τοῦ
494 1200 730 1274 Χριστοῦ
759 1241 774 1265 ,
831 1201 1150 1271 ἀναγκαίως
1205 1201 1296 1254 ἐπὶ
1352 1201 1454 1272 τὴν
1498 1201 1588 1254 διὰ
1636 1201 1730 1255 τοῦ

140 1297 476 1366 γράμματος
503 1295 795 1364 ἐπίσκεψιν
839 1289 1003 1365 ἦλθον
1027 1311 1042 1324 ⁵
1085 1293 1420 1365 παρακαλῶν
1455 1311 1731 1365 προηγου-

147 1387 328 1457 μένως
374 1386 475 1457 μὲν
523 1388 763 1448 ἐκτενεῖς
798 1384 898 1448 τὰς
937 1384 1079 1456 ὑπὲρ
1111 1384 1246 1456 ἐμοῦ
1283 1384 1556 1439 ποιεῖσθαι
1588 1387 1732 1456 ὑμᾶς

141 1475 389 1547 δεήσεις,
435 1478 525 1530 ἴνα
569 1475 892 1541 καταξιωθῶ
921 1477 1020 1540 τὰς
1067 1476 1196 1545 γοῦν
1229 1475 1558 1547 λειπομένας
1593 1477 1734 1548 ὴμέ-

1836 464 2236 534 proliciscerer,
2271 462 2410 518 nihil
2443 461 2809 534 praetulissem
2851 463 3174 534 congressui
3201 471 3409 528 vestro,

1834 564 1894 611 ut
1923 566 1978 611 et
2016 555 2224 611 Christi
2261 557 2498 612 athletas
2536 555 2780 613 viderem
2822 556 3310 628 amplectererque,
3355 562 3411 610 et

1831 663 2078 719 precum,
2128 663 2192 704 ac
2235 649 2503 704 donorum
2547 648 2940 720 spiritualium,
2987 663 3109 719 quae
3151 647 3207 702 iu
3255 647 3412 704 vobis

1833 749 1983 808 sunt,
2035 742 2312 812 particeps
2376 743 2583 798 ﬁerem.
2649 741 2756 797 Sed
2811 741 2940 811 quia
2986 755 3188 811 corpus
3228 757 3410 796 meum

1827 831 1943 902 jam
1989 831 2254 887 diuturno
2291 833 2484 888 morbo
2528 832 2840 888 confectum
2885 841 2990 898 est,
3043 830 3180 886 adeo
3234 838 3294 886 ut
3340 845 3412 887 ne

1831 936 1863 976 e
1906 921 2051 976 lecto
2092 922 2312 992 quidem
2343 923 2551 993 possim
2587 923 2964 987 descendere;
3008 929 3064 976 et
3097 922 3224 991 quia
3253 922 3412 978 multi

1832 1014 1993 1070 nobis
2037 1015 2397 1079 insidiantur,
2428 1016 2606 1071 instar
2633 1017 2884 1086 luporum
2914 1019 3221 1086 rapacium,
3248 1029 3414 1071 occa-

1833 1105 2044 1160 sionem
2095 1106 2468 1172 observantes,
2520 1108 2567 1162 si
2622 1107 2842 1178 quando
2898 1107 3106 1164 ChriSli
3155 1123 3286 1163 oves
3323 1121 3414 1160 ra-

1832 1212 1962 1268 pere
2009 1199 2242 1268 possint,
2289 1198 2599 1256 necessario
2635 1215 2734 1256 vos
2783 1215 2882 1270 per
2919 1200 3130 1255 litteras
3174 1201 3413 1256 invisere

1833 1290 2092 1346 constitui
2151 1310 2164 1346 :
2223 1292 2524 1348 adhortans
2570 1307 2689 1356 vos,
2749 1293 2986 1362 primum
3043 1293 3302 1364 quidem,
3350 1301 3412 1348 ut

1832 1381 2041 1436 intente
2068 1384 2368 1452 precemini
2421 1399 2520 1454 pro
2557 1399 2666 1446 me,
2695 1391 2755 1437 ut
2783 1384 2984 1454 dignus
3022 1382 3169 1448 ﬁam,
3197 1383 3292 1454 qui
3325 1397 3413 1438 re-

1832 1473 2014 1542 liquos
2057 1475 2249 1530 saltem
2293 1474 2412 1530 dies
2462 1483 2556 1530 aut
2605 1476 2770 1530 horas
2814 1474 3047 1530 Domino
3101 1475 3408 1532 secundum

145 1585 246 1641 ρας
293 1569 327 1639 ἢ
361 1568 513 1639 ῶρας
545 1567 828 1622 δουλεῦσαι
865 1566 944 1638 τῷ
989 1568 1180 1640 Κυρίῳ
1213 1568 1353 1621 κατὰ
1400 1569 1462 1622 τὸ
1492 1568 1732 1637 Εὐαγγέ-

1835 1563 1989 1633 regni
2025 1562 2381 1635 Evangelium
2414 1567 2648 1622 serviam
2687 1584 2703 1633 ;
2739 1565 2939 1622 deinde
2971 1582 3105 1622 vero
3146 1575 3205 1620 ut
3242 1567 3410 1621 etiam

139 1657 256 1712 λιον
287 1659 390 1729 τῆς
423 1657 700 1729 βασιλείας
721 1677 732 1689 ο
753 1658 945 1712 ἔπειτα
968 1659 1062 1714 καὶ
1097 1658 1427 1730 συγγνώμην
1455 1659 1598 1731 ἔχειν
1627 1677 1728 1731 μου

1835 1655 2131 1725 ignoscatis
2177 1659 2442 1714 absentia:
2487 1675 2623 1715 mea:
2658 1667 2712 1715 et
2751 1659 2881 1714 huic
2928 1659 3238 1714 litterarum
3273 1658 3414 1713 dila~

137 1754 206 1820 τῇ
236 1728 523 1820 ἀπολείψει
553 1752 648 1805 καὶ
683 1753 748 1822 τῇ
782 1751 1072 1823 βραδυτῆτι
1109 1753 1281 1824 ταύτῃ
1324 1728 1434 1806 τῶν
1464 1728 1728 1824 γραμμά-

1835 1750 1966 1804 tioni
2013 1765 2076 1805 ac
2109 1767 2295 1806 morae.
2329 1751 2430 1806 Vix
2477 1753 2623 1807 enim
2651 1752 2867 1823 copiam
2903 1751 3196 1806 habuimus
3232 1749 3412 1805 homi-

135 1859 270 1896 των.
300 1843 473 1906 Μόλις
512 1842 622 1914 γὰρ
658 1844 1052 1916 ηύπορήσαμεν
1081 1843 1371 1916 ἀνθρώπου
1391 1886 1406 1909 ,
1439 1843 1534 1897 τοῦ
1568 1845 1728 1898 δυνα-

1835 1843 1955 1910 nis,
1985 1843 2079 1914 qui
2123 1855 2316 1900 nostro
2365 1845 2642 1900 desiderio
2677 1855 2861 1916 posset
2907 1844 3238 1900 subservire.
3279 1841 3412 1898 Dico

140 1935 308 2004 μένου
347 1933 858 2008 ἑξυπηρετήσασθαι
890 1936 1050 2008 ἡμῶν
1077 1940 1142 2009 τῇ
1170 1938 1456 2008 ἐπιθυμίᾳ.
1484 1937 1730 2007 Λέγομεν

1835 1945 2011 1989 autem
2063 1935 2232 1989 hlium
2277 1944 2528 1992 nostrum
2571 1936 2873 2007 Eugenium
2927 1935 3277 1998 monachum,
3314 1949 3413 2006 per

135 2027 195 2080 δὲ
227 2027 321 2080 τὸν
367 2029 482 2081 υίὸν
529 2028 688 2099 ἡμῶν
742 2029 1002 2098 Εύγὲνιον
1053 2029 1144 2082 τὸν
1199 2029 1533 2100 μονάζοντα’
1570 2030 1637 2082 δι’
1669 2023 1728 2083 οὗ

1835 2041 1991 2096 quem
2023 2025 2257 2083 obsecro
2280 2042 2400 2091 vos,
2433 2035 2491 2083 ut
2517 2043 2616 2098 pro
2647 2027 2807 2082 nobis
2842 2041 2907 2082 ac
2941 2028 3195 2082 universa
3230 2023 3413 2079 Eccle-

136 2121 449 2192 παρακαλῶ
482 2120 744 2186 εῦξασθαι
771 2122 909 2194 ὑπὲρ
939 2121 1097 2194 ὴμῶν
1131 2124 1224 2177 καὶ
1251 2126 1352 2194 τῆς
1403 2121 1730 2193 Ἐκκλησίας

136 2213 361 2285 πάσης,
402 2215 498 2268 καὶ
545 2215 878 2286 ἀντιγράψαι
931 2217 1066 2286 ἡμῖν
1112 2215 1182 2270 τὰ
1231 2216 1361 2286 περὶ⁹
1393 2215 1588 2287 ὑμῶν.
1639 2215 1727 2269 ἵνα

135 2305 363 2374 γνόντες
396 2304 764 2378 εὐθυμότερον
796 2305 1154 2376 διατεθῶμεν.

667 2463 1014 2517 ΕΠΙΣΤΟΛΗ
1050 2463 1188 2518 PM’.

1828 2122 1911 2177 sia
1947 2123 2138 2188 oretis,
2186 2137 2251 2177 ac
2299 2123 2463 2179 nobis
2511 2122 2832 2179 rescribatis
2869 2121 2939 2178 de
2984 2121 3152 2177 rebus
3184 2119 3410 2176 vestris.

1826 2227 1888 2272 ut
1920 2217 2008 2273 his
2046 2217 2287 2288 cognitis
2320 2217 2559 2272 laetiores
2589 2216 2913 2272 eiliciamur.

2340 2457 2679 2515 EPISTOLA
2717 2456 2898 2514 CXL“.

138 2575 459 2643 Antiocheam
507 2573 722 2643 Basilius
757 2575 827 2643 οίιΔ
852 2574 1076 2643 εονρρπίξ
1102 2571 1418 2643 ,άεὺὶζξιμιεηι
1453 2571 1682 2643 ἰηυὶςςιενε⁸
1700 2585 1798 2622 non
1840 2578 1994 2643 potest
2013 2611 2026 2634 ,
2055 2574 2142 2624 sed
2167 2588 2268 2643 .eos
2315 2588 2404 2637 per
2429 2573 2614 2643 litteras
2653 2572 2702 2624 in
2723 2572 3260 2643 (erumnisjonsolatur
3280 2575 3411 2643 clad

195 2638 749 2706 patientimujiortalur.
795 2633 1007 2700 Appouit
1040 2635 1190 2700 ﬁdem
1227 2633 1512 2697 Nicwuam,
1538 2633 1708 2687 mentis
1748 2633 1852 2686 sua}
1889 2634 2014 2698 [eius
2063 2637 2262 2688 tradere
2298 2633 2394 2687 ium
2417 2636 2638 2697 audens;
2676 2637 2910 2700 additque
2947 2637 3413 2687 Pneumatomaclm

199 2698 713 2754 motimtuuicaudos.

530 2803 611 2874 Τῇ
659 2803 1001 2873 Ἀντιοχέων
1031 2803 1374 2872 Ἐκκλησία.

213 2902 265 2956 1.
295 2900 394 2969 Τίς
411 2898 589 2952 δώσει
610 2915 702 2962 μοι
720 2899 1036 2967 πτέρυγας,
1057 2897 1198 2951 ὡσεὶ
1217 2895 1605 2966 περιστερᾶς;
1631 2895 1731 2950 καί

2293 2803 2547 2858 Ecclesia:
2597 2804 2955 2859 Antiocheam.

1907 2899 1960 2953 1.
2016 2896 2148 2965 Quis
2194 2896 2342 2950 dabit
2387 2897 2516 2951 milii
2550 2897 2692 2960 alas,
2725 2898 2862 2951 sicut
2903 2895 3204 2951 columbae?
3231 2905 3283 2952 et
3323 2912 3413 2952 vo-

140 2993 601 3061 πετασθήσομαι
636 2990 748 3062 (77)
782 2991 918 3062 πρὸς
951 2993 1127 3062 ὑμᾶς,
1159 2992 1252 3043 καὶ
1281 2990 1619 3044 καταπαύσω
1640 2989 1732 3042 τὸν

1835 2991 1958 3045 laba
1981 2991 2025 3022 ’⁸
2046 2992 2112 3044 ad
2144 3005 2262 3053 vos,
2291 3005 2356 3047 ac
2385 2991 2613 3060 explebo
2641 3006 2818 3046 meum
2853 2989 3244 3061 congrediendi
3275 3005 3402 3044 cum

141 3087 310 3140 πόθον
356 3086 417 3138 ὃν
465 3084 573 3155 ἔχω
611 3085 702 3138 ἐπὶ
741 3087 806 3155 τῇ
859 3083 1114 3154 συντυχίᾳ
1153 3083 1251 3153 τῆς
1291 3082 1564 3153 ὑμετέρας
1593 3079 1730 3149 άγὰ-

140 3197 274 3250 πης.
307 3178 446 3232 Νυνὶ
486 3179 542 3232 δὲ
565 3179 685 3248 οὐχί
712 3175 1001 3248 πτερύγιον
1024 3175 1220 3239 ἐνδεῶς
1246 3174 1355 3246 ἕχω
1385 3175 1564 3246 μόνον,
1594 3171 1730 3227 ἀλλὰ

142 3271 238 3322 καὶ
265 3267 434 3321 αὑτοῦ
471 3267 562 3321 τοῦ
594 3267 866 3337 σώματος,
907 3265 1073 3319 πάλαι
1117 3266 1214 3336 μέν
1256 3283 1344 3336 μοι
1378 3266 1482 3318 ὑπὸ
1515 3264 1731 3336 μακρᾶς

141 3366 240 3434 τῆς
275 3361 591 3433 ἀρρωστίας
624 3360 1027 3429 πεπονηκότος,
1085 3357 1178 3410 νῦν
1217 3358 1274 3411 δὲ
1321 3357 1424 3410 ὑπὸ
1453 3356 1560 3410 τῶν
1602 3372 1729 3408 συν-

140 3455 283 3525 εχῶν
338 3453 573 3522 θλίψεων
627 3451 907 3515 παντελῶς
968 3451 1450 3522 συντετριμμένου.
1481 3449 1576 3520 Τίς
1622 3447 1732 3520 γὰρ

143 3547 317 3612 οὕτως
361 3547 725 3618 ἀδαμάντινος
761 3546 862 3617 τὴν
897 3543 1110 3616 ψυχὴν,
1147 3544 1231 3608 τίς
1270 3542 1412 3597 οῦτω
1451 3541 1730 3608 παντελῶς

143 3639 483 3712 ἀσυμπαθὴς
517 3639 614 3692 καὶ
667 3639 978 3711 ἀνήμερος,
1014 3637 1090 3701 ὼς
1118 3638 1332 3691 ἁκούων
1374 3636 1468 3690 τοῦ
1522 3652 1730 3689 παντα-

143 3734 302 3805 χόθεν
335 3735 484 3804 ἡμᾶς
510 3732 623 3802 (78)
653 3731 1086 3804 προσϐάλλοντος
1120 3727 1452 3800 στεναγμοῦ,
1481 3725 1593 3783 οἷον
1623 3726 1733 3781 ἀπό

143 3845 291 3892 τινος
319 3825 483 3898 χοροῦ
517 3823 796 3897 κατηφοῦς
844 3823 1022 3878 κοινόν
1069 3839 1190 3875 τινα
1223 3821 1422 3892 θρῆνον
1454 3820 1548 3873 καὶ
1597 3817 1734 3889 σύμ-

146 3933 326 3987 φωνον
379 3913 818 3988 προσηχοῦντος,
864 3914 940 3986 μὴ
991 3912 1114 3984 οὐχὶ
1149 3913 1342 3965 παθεῖν
1386 3911 1487 3982 τὴν
1529 3909 1731 3982 ψυχὴν,

145 4010 243 4064 καί
293 4005 765 4079 κατακαμφθῆναι
824 4006 904 4068 είς
955 4006 1060 4077 γῆν
1083 4045 1098 4065 ,
1139 4003 1234 4056 καὶ
1270 4005 1392 4066 ταῖς
1428 4001 1730 4073 ἀμηχάνοις

143 4098 374 4162 ταύταις
405 4099 700 4169 μερίμναις
738 4093 1014 4158 παντελῶς
1053 4095 1385 4164 ἐκτακῆναι;
1445 4091 1605 4145 Ἀλλὰ
1644 4091 1734 4144 δυ-

144 4191 308 4255 νατὸς
355 4192 386 4245 ό
435 4189 592 4258 ἆγιος
624 4185 755 4250 Θεὸς
789 4185 972 4239 δοῦναί
1017 4201 1142 4240 τινα
1174 4183 1328 4237 λύσιν
1365 4182 1474 4236 τῶν
1511 4181 1730 4253 ἀμηχά-

143 4302 288 4348 νων,
326 4281 422 4338 καὶ
467 4279 796 4354 χαρίσασθαι
831 4279 964 4351 ἡμῖν
994 4295 1115 4332 τινα
1145 4275 1254 4331 τῶν
1289 4274 1517 4348 μακρῶν
1554 4275 1734 4328 πόνων

1835 3093 2020 3139 vestra
2052 3083 2326 3138 charitate
2356 3083 2721 3138 desiderium.
2755 3081 2913 3138 Nunc
2963 3089 3147 3137 autem
3177 3097 3286 3137 non
3326 3097 3416 3138 so-

1831 3176 1942 3230 lum
2000 3174 2100 3229 alae
2135 3173 2266 3226 mihi
2316 3176 2540 3240 desunt,
2593 3172 2688 3228 sed
2738 3173 2917 3242 ipsum
2965 3172 3133 3227 etiam
3185 3187 3412 3243 corpus,

1831 3268 2040 3323 dudum
2107 3267 2326 3338 quidem
2391 3265 2524 3320 mihi
2581 3265 2741 3336 longa
2787 3264 3111 3335 a-gritudine
3164 3263 3415 3320 debilita-

1831 3368 1969 3426 tum,
2009 3375 2157 3414 nunc
2202 3373 2330 3414 vero
2362 3357 2629 3413 molestiis
2671 3356 2953 3412 continuis
2993 3357 3212 3426 penitus
3256 3357 3416 3411 attri-

1832 3460 1972 3508 tum.
2017 3451 2153 3517 Quis
2200 3450 2346 3504 enim
2391 3450 2577 3502 animo
2629 3448 2702 3501 ita
2752 3447 3128 3511 adamantino,
3173 3447 3298 3518 quis
3340 3449 3414 3502 ita

1832 3544 2332 3600 commiserationis
2375 3542 2558 3596 omnis
2609 3554 2674 3594 ac
2719 3540 3162 3595 mansuetudinis
3193 3555 3412 3610 expers,

1833 3643 1894 3691 ut
1931 3635 2165 3690 audiens
2194 3636 2459 3706 gemitum
2490 3633 2732 3703 undique
2758 3647 2923 3688 aures
2947 3640 3169 3688 nostras
3205 3631 3408 3687 ferien-

1832 3737 1963 3795 tem,
2009 3730 2160 3782 velut
2214 3743 2281 3782 ex
2335 3726 2482 3782 tristi
2535 3724 2773 3796 quodam
2830 3725 3003 3780 choro
3068 3739 3414 3779 communem

1832 3818 2123 3892 quamdam
2149 3834 2211 3875 ac
2241 3833 2541 3874 consonam
2571 3817 3015 3872 lamentationem
3047 3817 3267 3880 edente,
3305 3832 3415 3872 non

1832 3914 2018 3969 animo
2056 3911 2258 3977 doleat,
2295 3927 2405 3968 non
2455 3911 2610 3967 humi
2656 3910 3000 3982 procumbat,
3029 3918 3084 3965 et
3112 3925 3222 3965 non
3263 3908 3418 3978 peni-

1831 4013 1925 4063 tus
1970 4004 2454 4061 inextricabilibus
2487 4004 2574 4059 his
2612 4005 2763 4060 curis
2791 4001 3079 4058 tabescat?
3125 4000 3232 4058 Sed
3271 4000 3418 4058 Deus

1832 4111 2060 4156 sanctus
2108 4105 2290 4168 potest
2325 4111 2428 4153 nos
2461 4111 2527 4152 ex
2574 4095 2644 4151 iis
2675 4111 2797 4166 qum
2836 4094 3237 4149 inextricabilia
3284 4101 3417 4150 sunt

1832 4191 2068 4252 solvere,
2119 4200 2175 4246 et
2224 4190 2463 4260 aliquam
2513 4188 2677 4244 nobis
2728 4203 2793 4243 ex
2847 4187 3078 4244 diutinis
3133 4186 3416 4242 laboribus

1832 4283 2254 4355 respirationem
2302 4280 2512 4351 largiri.
2576 4279 2759 4348 Quare
2819 4289 2876 4336 et
2925 4295 3024 4336 vos
3091 4279 3235 4335 idem
3290 4279 3418 4336 volo

144 4380 444 4449 ἀναπνοήν.
490 4376 653 4429 Ὥστε
695 4375 791 4429 καὶ
836 4374 981 4445 ὑμᾶς
1030 4372 1130 4444 τὴν
1174 4371 1345 4432 αὐτὴν
1399 4369 1546 4441 ἔχειν
1595 4367 1731 4434 ἀξιῶ

1836 4378 2090 4434 solatium
2141 4375 2366 4438 habere,
2420 4389 2486 4429 ac
2529 4389 2626 4443 spe
2673 4373 3073 4429 consolationis
3114 4371 3416 4444 gaudentes

144 4469 533 4543 παράκλησιν,
562 4468 657 4524 καὶ
702 4469 767 4539 τῇ
817 4467 992 4520 ἑλπίδι
1038 4468 1139 4537 τῆς
1173 4462 1572 4536 παρακλήσεως
1611 4460 1733 4532 χαί-

149 4579 345 4634 ροντας
372 4562 518 4632 ὑμᾶς
552 4561 612 4612 τὸ
651 4558 826 4629 παρὸν
873 4557 1122 4625 ἀλγεινὸν
1155 4555 1266 4609 τῶν
1313 4553 1549 4624 θλίψεων
1598 4552 1733 4605 ὐπο-

151 4655 359 4722 μὲνειν.
392 4652 516 4705 Εἴτε
554 4651 662 4722 γὰρ
693 4650 1106 4722 ἁμαρτημάτων
1154 4647 1520 4716 ἀποτίννυμεν
1551 4643 1730 4708 δίκας,

148 4746 336 4800 ἱκαναὶ
370 4745 426 4798 αἱ
469 4743 733 4814 μάστιγες
761 4742 895 4814 πρὸς
930 4740 1261 4814 παραίτησιν
1285 4739 1396 4810 (79)
1421 4737 1607 4791 λοιπὸν
1635 4738 1734 4808 τῆς

146 4837 232 4906 ἐφ’
281 4838 418 4906 ἡμῖν
449 4834 618 4905 ὀργῆς
663 4832 760 4886 τοῦ
808 4831 943 4886 Θεοῦ
969 4849 981 4862 υ
1031 4832 1141 4885 εἴτε
1181 4833 1262 4895 είς
1302 4831 1432 4893 τοὺς
1465 4829 1606 4902 ὑπὲρ
1634 4829 1733 4899 τῆς

146 4926 433 4990 εὐσεϐείας
469 4924 690 4993 ἀγῶνας
740 4923 828 4979 διὰ
863 4923 976 4977 τῶν
1027 4923 1351 4996 πειρασμῶν
1391 4921 1597 4976 τούτων
1650 4937 1735 4974 κερ

147 5017 402 5091 κλήμεθα
442 5017 590 5085 (80),
627 5017 836 5081 δίκαιος
869 5018 898 5070 ὁ
925 5015 1221 5088 ἀθλοθέτης
1276 5017 1351 5088 μὴ
1395 5015 1552 5068 ἐᾶσαι
1585 5014 1735 5086 ἡμᾶς

146 5110 510 5184 πειρασθῆναι
544 5110 684 5180 ὑπὲρ
722 5109 751 5162 ὃ
794 5109 1070 5178 δυνάμεθα
1113 5109 1468 5177 ὑπενεγκεῖνσ
1498 5105 1613 5159 ἀλλ’
1641 5104 1735 5158 ἐπὶ

145 5206 258 5267 τοῖς
296 5203 810 5274 προπεπονημένοις
837 5201 1130 5256 ἀποδοῦναι
1171 5203 1306 5272 ἡμῖν
1333 5199 1425 5252 τὸν
1469 5199 1570 5270 τῆς
1603 5197 1738 5250 ὑπο-

213 5317 263 5349 ’⁸
303 5314 446 5370 Psal.
474 5329 585 5380 Liv,
622 5315 673 5371 7.

216 5407 334 5477 (7'7)
363 5407 849 5480 Πετασθήσομαι.
887 5405 1043 5462 Unus
1067 5405 1267 5480 Regius
1299 5406 1471 5462 codex
1507 5421 1537 5460 a
1570 5406 1736 5462 Com-

146 5478 342 5534 beiisio
376 5478 582 5548 citatus
611 5477 1042 5548 πετανθήσομαι.

148 5620 179 5669 ᾧ
217 5549 333 5635 (.78)
374 5545 582 5617 Ἦμᾶς.
639 5547 772 5620 Reg.
823 5545 1100 5604 secundus
1133 5556 1188 5604 et
1234 5547 1402 5604 Coisl.
1457 5545 1736 5604 secundus

174 5638 300 5669 μιν.

169 5638 246 5690 ii”

365 5689 525 5760 Πρὸς
556 5690 939 5758 παραίτησιν.
983 5689 1059 5742 Ita
1096 5705 1189 5745 sex
1238 5705 1373 5748 mss.
1408 5688 1553 5746 Editi
1596 5689 1734 5759 πρὸς

471 5785 744 5848 Ρηιιοι.
787 5786 905 5846 Gn.
942 5785 1214 5848 XXXII.

1837 4475 2162 4540 praesentem
2225 4465 2584 4522 amictionum
2655 4465 2902 4520 dolorem
2971 4465 3234 4536 perferre.
3289 4463 3418 4521 Sive

1834 4559 1980 4614 enim
2034 4565 2384 4628 peccatorum
2428 4557 2696 4611 solvimus
2743 4568 2961 4627 ρωπος,
3010 4553 3288 4610 sumciunt
3316 4553 3409 4610 ﬂac

1834 4651 1973 4722 gella
2017 4650 2084 4704 ad
2130 4648 2480 4705 avertendum
2531 4649 2789 4718 deinceps
2835 4647 2931 4702 Dci
2981 4647 3036 4701 in
3084 4663 3187 4704 nos
3233 4648 3416 4714 iram;

1836 4743 1951 4797 sive
1983 4743 2047 4796 ad
2080 4741 2399 4798 sustinenda
2430 4755 2528 4811 pro
2563 4741 2766 4810 pietate
2797 4739 3100 4794 certamina
3127 4737 3212 4794 his
3241 4745 3418 4793 tenta-

1835 4831 2078 4887 tionibus
2118 4847 2404 4895 vocamur,
2446 4831 2635 4900 justus
2664 4837 2750 4884 est
2780 4829 3143 4884 certaminum
3187 4827 3414 4893 arbiter,

1835 4935 1896 4978 ut
1928 4938 2038 4977 non
2075 4923 2219 4979 sinat
2246 4921 2444 4978 tentari
2492 4935 2594 4976 nos
2636 4920 2779 4974 ultra
2819 4933 2984 4989 quam
3028 4917 3173 4973 ferre
3220 4932 3419 4988 possu-

1837 5031 1960 5070 mus
1989 5034 2002 5069 :
2029 5013 2124 5069 sed
2148 5014 2308 5070 nobis
2341 5012 2534 5067 reddat
2565 5026 2666 5082 pro
2689 5010 2935 5066 toleratis
2964 5008 3077 5079 jam
3111 5008 3414 5074 laboribus,

1837 5108 2115 5178 patientiae
2138 5116 2194 5163 et
2225 5107 2340 5178 spei
2374 5109 2431 5161 in
2461 5106 2642 5177 ipsum
2684 5113 2889 5160 nostra;
2915 5115 3199 5158 coronam.
3228 5101 3419 5172 itaque

1837 5215 1908 5256 ne
1937 5199 2322 5272 defatigemur,
2354 5196 2623 5254 obeundis
2650 5210 2750 5269 pro
2772 5197 2974 5268 pietate
2998 5193 3418 5260 certaminibus,

1839 5398 2181 5470 παρέκτισιν.

1872 5469 2021 5552 “(80)
2050 5463 2418 5552 Ke‘xxiiy'sqa.
2451 5463 2546 5552 Sic
2590 5461 2822 5552 Med.net
2850 5460 3022 5552 Cois}.
3055 5460 3267 5532 primus
3294 5473 3420 5514 cum

1839 5532 1962 5595 aliis
1990 5532 2260 5608 quatuor.
2281 5535 2420 5608 [illiti
2450 5533 2835 5608 βεϐαιούμεθα,
2864 5532 3252 5602 conﬁrmamur

1911 5614 1928 5634 ‘
1959 5604 2111 5665 Aiias
2133 5607 2244 5664 LX.
2279 5604 2494 5678 Scripta
2521 5621 2666 5662 anno
2679 5604 2813 5661 375.

3065 5766 3134 5826 19
