3868 6218
419 299 514 354 591

1724 283 1780 339 S.
1823 279 2069 337 BASlLll
2111 276 2325 332 MAGNI

3574 277 3683 331 593

419 415 726 473 ministeria
781 410 1053 483 ejusmodi
1112 425 1221 464 non
1277 407 1645 464 concedunt?
1697 404 1820 460 Jam
1873 417 2004 458 vero

2139 416 2181 463 ις
2205 398 2300 452 καὶ
2342 396 2504 460 αὐτὸς
2533 391 2702 459 οἶδας,
2734 394 2814 448 ἐνὶ
2853 395 2949 459 τάς
2976 393 3227 456 τοιαύτας
3261 393 3574 463 οἰκονομίας
3609 392 3685 464 μὴ

417 508 695 580 quodnam
743 503 1053 560 remedium
1090 517 1201 557 non
1245 501 1510 557 adhibui?
1537 497 1823 566 Quodnam
1847 493 2000 565 judio

419 601 566 656 cium
597 598 736 670 ipsis
768 612 877 651 non
910 595 1164 650 revocavi
1199 595 1255 649 in
1287 593 1606 649 memoriam
1630 631 1647 658 ,
1677 589 1873 661 partim
1905 601 2002 656 per

419 693 659 752 litteras,
715 689 911 760 partim
966 701 1090 740 cum
1145 700 1333 740 coram
1383 682 1666 754 congressi
1715 677 2006 735 essemus?

420 784 702 840 Venerunt
731 784 875 836 enim
918 788 974 835 et
1005 795 1181 848 usque
1215 778 1281 832 ad
1315 777 1544 842 urbem,
1573 774 1761 829 audito
1811 770 2004 826 mortis

422 893 557 931 mea:
583 878 798 931 nuntio.
844 873 950 928 Sed
977 873 1106 942 quia
1134 872 1246 926 Deo
1282 871 1458 926 visum
1481 881 1585 933 est,
1619 877 1678 924 ut
1704 885 1790 924 me
1821 869 2004 922 vivum

424 966 917 1038 deprehenderent,
954 978 1070 1023 eos,
1109 970 1169 1016 ut
1202 976 1301 1032 par
1333 967 1474 1024 erat,
1529 976 1650 1015 sum
1714 959 2004 1012 allocutus.

423 1062 503 1115 Ac
541 1067 861 1129 praesentem
897 1057 1118 1127 quidem
1151 1064 1473 1110 reverentur
1497 1094 1512 1117 ,
1551 1063 1606 1109 et
1653 1052 1835 1107 omnia
1862 1064 2010 1120 quae-

425 1166 643 1221 cunqne
673 1148 833 1203 ollicii
865 1155 994 1202 sunt
1019 1147 1348 1217 pollicentur
1385 1165 1398 1200 :
1447 1155 1503 1200 at
1543 1144 1707 1200 simul
1739 1149 1800 1197 ut
1831 1156 2010 1196 reces-

429 1252 644 1305 serunt,
672 1242 870 1296 iterum
906 1247 1200 1294 recurrunt
1225 1238 1294 1292 ad
1325 1253 1481 1293 suam
1518 1238 1762 1307 ipsorum
1797 1242 2014 1288 senten-

426 1337 581 1391 tiam.
617 1333 675 1389 ln
706 1336 792 1388 bis
843 1348 945 1388 nos
986 1347 1208 1402 quoque
1249 1329 1560 1384 communis
1608 1343 1790 1383 rerum
1835 1336 2016 1385 status

430 1428 726 1498 participes
771 1441 985 1488 sumus,
1037 1423 1266 1478 Domino
1307 1421 1468 1492 235
1509 1421 1684 1489 palam
1727 1436 1828 1475 nos
1861 1421 2016 1475 dese-

429 1529 604 1584 rente,
624 1534 858 1590 quorum
883 1518 1124 1572 Charitas
1143 1515 1214 1570 ob
1236 1515 1648 1584 multiplicatam
1674 1513 2016 1583 iniquitatem

431 1611 666 1667 refrixit.
719 1609 823 1666 Sed
866 1609 1026 1665 nobis
1061 1609 1128 1663 ad
1172 1607 1358 1662 omnia
1405 1604 1638 1661 sufﬁciat
1683 1620 1879 1675 magna
1925 1612 2019 1659 tua

433 1718 496 1758 ac
524 1702 904 1773 potentissima
938 1701 1081 1771 apud
1115 1699 1284 1754 Deum
1309 1697 1642 1769 deprecatio.
1676 1695 1841 1750 Forte
1871 1697 2017 1751 enim

2104 489 2565 562 συγχωρούντων;
2600 489 2792 543 Καίτοι
2844 488 2966 541 τίνα
3004 486 3304 558 θεραπείαν
3350 485 3451 538 οὐκ
3493 483 3686 556 ἑθερά-

2102 600 2279 636 πευσα
2306 599 2320 648 ;
2350 583 2511 636 Ποίου
2541 581 2804 653 κρίματος
2832 581 3030 643 αὐτοὺς
3054 580 3153 632 οὐκ
3182 577 3466 648 ἀνέμνησα
3485 576 3556 629 τά
3588 578 3690 647 μὲν

2101 675 2188 730 διὰ
2209 675 2572 748 γραμμάτων,
2600 674 2666 726 τὰ
2685 673 2739 726 δὲ
2766 674 2859 727 καὶ
2888 671 2976 725 διά
3003 671 3103 740 τῆς
3133 669 3451 740 συντυχίας;
3481 663 3690 721 Ἦλθον

2103 770 2212 841 γάρ
2262 770 2354 822 καὶ
2387 767 2546 840 μέχρι
2606 767 2706 836 τῆς
2761 766 2990 829 πόλεως,
3033 763 3177 817 κατά
3217 763 3386 833 ἀκοὴν
3431 761 3526 814 τοῦ
3555 759 3690 831 ἐμοῦ

2105 861 2358 916 θανάτου.
2410 859 2564 913 Ἐπεὶ
2606 859 2663 912 δὲ
2694 858 2838 923 εδοξε
2875 857 2953 928 τῷ
2990 857 3109 928 Θεῷ
3143 857 3349 923 ζῶντας
3384 858 3531 927 ἡμᾶς
3558 855 3690 926 παρ’

2107 953 2284 1007 αὐτῶν
2317 951 2749 1022 καταληφθῆναι,
2777 950 3130 1022 διελέχθημεν
3166 951 3350 1014 αὐτοῖς
3375 949 3442 1003 τά
3478 950 3690 1002 εἰκότα.

2108 1045 2219 1098 Καὶ
2275 1042 2519 1115 παρόντα
2563 1042 2660 1112 μὲν
2695 1041 2991 1106 αἰδοῦνται,
3040 1041 3135 1094 καὶ
3185 1039 3576 1110 ὑπισχνοῦνται
3620 1037 3694 1089 τὰ

2109 1136 2294 1189 εἰκότα
2355 1136 2567 1190 πάντα·
2629 1134 3048 1201 ἀπολειφθέντες
3099 1133 3157 1186 δὲ
3215 1131 3379 1185 πάλιν
3426 1129 3564 1200 πρὸς
3597 1127 3698 1198 τὴν

2113 1229 2319 1283 ἑαυτῶν
2373 1227 2730 1299 ἀνατρέχουσι
2761 1225 3006 1297 γνώμην.
3045 1225 3232 1278 Ταῦτα
3266 1224 3359 1276 καὶ
3400 1223 3560 1292 ἡμεῖς
3596 1221 3699 1290 τῆς

2114 1321 2300 1391 κοινῆς
2354 1320 2745 1384 καταστάσεως
2788 1318 2896 1372 τῶν
2953 1317 3293 1389 πραγμάτων
3326 1313 3695 1382 ἀπολαύομεν,

2115 1410 2398 1482 προδήλως
2443 1408 2537 1462 τοῦ
2590 1407 2794 1480 Κυρίου
2860 1406 3316 1475 ἐγκαταλιπόντος
3371 1405 3537 1475 ἡμᾶς,
3569 1403 3699 1466 τοὺς

2115 1500 2205 1554 διὰ
2229 1500 2290 1552 τὸ
2319 1497 2692 1567 πληθυνθῆναι
2719 1498 2814 1568 τὴν
2855 1496 3084 1567 ἀνομίαν
3121 1493 3388 1565 ψύξαντας
3415 1492 3513 1564 τὴν
3553 1493 3697 1560 ἀγά-
3749 1519 3758 1526 -

2118 1609 2246 1663 πην.
2315 1589 2478 1643 Ἀλλὰ
2533 1590 2668 1661 πρὸς
2712 1588 2892 1642 πάντα
2942 1590 3068 1659 ἡμῖν
3099 1587 3387 1656 ἀρκεσάτω
3422 1586 3455 1656 ἡ
3490 1583 3701 1656 μεγάλη

2122 1704 2214 1739 σου
2247 1686 2343 1739 καὶ
2374 1683 2720 1754 δυνατωτάτη
2756 1684 2894 1754 πρὸς
2932 1683 3063 1736 Θεὸν
3093 1683 3288 1734 ἱκεσία.
3313 1680 3466 1750 Τάχα
3496 1680 3605 1750 γάρ
3634 1678 3704 1732 ἂν

435 1771 535 1848 aut
556 1796 719 1850 rebus
768 1793 976 1864 aliquid
1006 1792 1355 1862 proderimus
1376 1829 1390 1853 ,
1429 1799 1524 1843 aut
1566 1789 1610 1843 si
1641 1795 1832 1857 optato
1861 1787 2012 1842 exitu

2135 1779 2148 1851 δ
2188 1778 2482 1849 γενοίμεθά
2500 1795 2553 1831 τι
2574 1781 2685 1841 τοῖς
2719 1776 3008 1849 πράγμασι
3043 1776 3304 1846 χρήσιμοι
3337 1772 3472 1843 (90),
3499 1772 3558 1842 ἦ,
3619 1771 3702 1824 δι-

435 1889 776 1951 aberremus,
807 1884 1319 1940 condemnationem
1349 1881 1693 1952 effugiemus.

927 2122 1265 2181 El’lSTOLA
1295 2121 1520 2178 CXLII‘.

2121 1871 2459 1942 αμαρτόντες
2511 1870 2621 1940 (9|)
2665 1869 2773 1922 τῶν
2827 1865 3296 1937 σπουδαζομένων,
3319 1863 3583 1935 φύγοιμεν
3603 1861 3705 1934 τὴν

2122 1963 2468 2033 κατάκρισιν.

2627 2115 2974 2169 ΕΠΙΣΤΟΛΗ
3026 2115 3204 2168 PMB’.

1235 2238 1386 2299 Rogat
1408 2233 1623 2285 Basilius
1642 2239 1692 2284 ut
1717 2246 1986 2298 pauperum
2019 2230 2227 2294 hospitia
2251 2228 2562 2294 vectigalibus
2582 2227 2882 2281 exiinanlur.

900 2343 953 2398 Ν
958 2345 1222 2398 umerario
1245 2341 1559 2411 prwsidum.

510 2461 816 2518 Convocavi
843 2475 1036 2514 omnes
1096 2459 1162 2511 ad
1194 2465 1526 2512 conventum
1575 2469 1718 2508 oeau
1767 2451 2023 2523 martyris

440 2553 734 2626 Eupsychii
768 2551 968 2605 fratres
1007 2557 1229 2603 nostros
1260 2546 1686 2616 chorepiscoiios
1708 2583 1722 2603 .
1755 2549 1816 2596 ut
1864 2551 2023 2596 notos

443 2647 680 2701 facerem
710 2641 960 2712 dignitati
1003 2647 1129 2692 tum.
1174 2636 1280 2692 Sed
1314 2638 1440 2706 quia
1473 2634 1718 2696 abfuisti,
1749 2647 1847 2702 per
1878 2632 2016 2686 litte-

443 2754 536 2794 ras
565 2752 661 2794 eos
684 2749 909 2790 necesse
933 2742 1012 2787 est
1047 2731 1242 2786 sistere
1272 2727 1570 2798 integritati
1594 2735 1716 2781 tute.
1745 2726 2026 2796 Cognosce

445 2827 618 2898 igitur
653 2823 878 2878 fratrem
904 2823 1093 2884 istum,
1131 2819 1226 2890 qui
1261 2819 1460 2886 dignus
1491 2823 1576 2872 est
1605 2816 1677 2870 ob
1705 2813 1920 2868 Domini
1957 2815 2027 2868 ti-

444 2930 689 2971 morem.
727 2913 816 2968 cui
871 2921 962 2966 tua
996 2911 1284 2981 prudentia
1328 2908 1487 2962 fidem
1519 2907 1734 2961 habeat.
1772 2904 1839 2958 Et
1879 2920 2028 2974 quae-

446 3021 663 3076 cunque
690 3020 988 3076 pauperum
1020 3017 1187 3057 causa
1234 3001 1300 3054 ad
1336 3008 1484 3052 tuam
1529 2999 1724 3053 bonam
1775 2998 2030 3050 volunta-

2472 2336 2856 2404 Νουμεραρίῳ
2897 2335 3179 2405 ἐπάρχων
3213 2335 3345 2407 (92).

2196 2449 2510 2520 Συνήγαγον
2550 2449 2660 2516 (95)
2691 2449 2788 2519 μὲν
2821 2447 3031 2512 πάντας
3059 2450 3118 2502 ὲν
3147 2452 3212 2519 τῇ
3253 2449 3454 2520 συνόδῳ
3481 2449 3575 2504 τοῦ
3609 2469 3715 2520 μα-

2124 2542 2317 2614 καρίου
2346 2543 2621 2613 μάρτυρος
2646 2541 2916 2612 Εὐψυχίου
2946 2543 3072 2605 τοὺς
3102 2541 3363 2612 ἀδελφοὺς
3395 2542 3553 2614 ἡμῶν
3585 2546 3713 2606 τοὺς

2125 2633 2595 2705 χωρεπισκόπους,
2628 2630 2769 2684 ὥστε
2821 2633 3133 2703 γνωρίμους
3177 2633 3399 2704 ποιῆσαι
3441 2636 3508 2705 τῇ
3539 2638 3716 2706 τιμιό-

2130 2725 2252 2796 τητί
2280 2741 2372 2777 σου
2396 2739 2407 2752 ⁸
2446 2725 2565 2777 ἐπεὶ
2588 2723 2642 2777 δὲ
2670 2723 3024 2796 ἀπελείφθης,
3040 2725 3127 2778 διὰ
3149 2726 3496 2797 γραμμάτων
3519 2729 3716 2793 αὐτοὺς

2131 2815 2427 2884 ἀναγκαῖόν
2485 2817 2600 2868 ἐστι
2666 2815 3042 2887 προσαχθῆναί
3099 2833 3192 2871 σου
3243 2821 3310 2889 τῇ
3391 2819 3716 2892 τελειότητι.

2132 2903 2371 2977 Γνώριζε
2411 2905 2589 2960 τοίνυν
2641 2908 2731 2960 τὸν
2759 2906 2985 2976 ἀδελφὸν
3029 2908 3200 2974 τόνδε,
3247 2909 3404 2974 ἄξιον
3455 2911 3584 2965 όντα
3621 2912 3722 2966 τοῦ

2134 2998 2486 3051 πιστεύεσθαι
2520 2999 2670 3070 παρά
2700 3000 2799 3070 τῆς
2826 2999 2924 3070 σῆς
2956 3003 3268 3072 φρονήσεως
3313 3001 3399 3056 διὰ
3434 3003 3526 3056 τὸν
3557 3004 3720 3073 φόϐον

445 3109 555 3156 tem
601 3101 869 3160 retulerit,
905 3097 953 3150 ei
1005 3101 1065 3150 ut
1110 3109 1299 3149 verum
1340 3091 1546 3146 dicenti
1585 3090 1826 3160 digneris
1866 3090 2023 3144 fidem

2135 3088 2221 3142 τοῦ
2247 3091 2473 3160 Κυρίου.
2535 3090 2647 3142 Καὶ
2703 3089 2848 3162 άπερ
2882 3092 2948 3144 ἂν
2977 3091 3085 3144 τῶν
3119 3091 3348 3161 πτωχῶν
3372 3092 3558 3148 ’ἐνεκεν
3584 3096 3719 3149 ἀνα-

447 3192 670 3255 habere,
703 3197 867 3258 atque
891 3186 1177 3241 aﬂlictatos
1205 3199 1304 3255 pro
1337 3183 1480 3237 virili
1513 3183 1792 3252 adjuvare.
1825 3181 2024 3254 Digna-

446 3282 596 3337 beris
623 3288 803 3336 autem
836 3279 1027 3349 procul
1066 3277 1233 3332 dubio
1261 3283 1316 3332 et
1350 3291 1649 3346 pauperum
1693 3275 1915 3330 domum
1955 3274 2023 3329 ad

447 3393 619 3451 pagos
652 3378 754 3449 ipsi
789 3377 1114 3430 commissos
1137 3374 1500 3446 pertinentem
1535 3371 1792 3435 invisere,
1819 3386 1883 3425 ac
1909 3385 2027 3426 om-

449 3468 583 3524 nino
616 3467 972 3536 vectigalibus
1018 3466 1282 3521 eximere.
1329 3461 1446 3517 Hoc
1490 3462 1635 3517 enim
1679 3461 1793 3532 jam
1829 3469 1884 3517 et
1931 3469 2028 3517 tuo

449 3558 673 3627 collega:
695 3557 871 3612 visum
906 3563 989 3610 est
1009 3558 1260 3628 exiguam
1293 3568 1590 3624 egenorum
1622 3555 2026 3623 possessionem

450 3648 676 3706 tributis
699 3649 962 3703 eximere.

947 3977 1287 4034 EPISTOLA
1324 3977 1599 4034 CXLIII“.

2130 3181 2272 3254 φέρῃ
2303 3198 2396 3234 σου
2425 3183 2492 3252 τῇ
2534 3181 2712 3252 ἀγαθῇ
2747 3183 3083 3256 προαιρέσει,
3124 3183 3460 3250 καταξίωσον
3489 3184 3568 3250 ὡς
3597 3187 3723 3258 ἀληο

2130 3270 2339 3325 θεύοντι
2409 3271 2724 3339 πείθεσθαι,
2781 3275 2876 3328 καὶ
2925 3275 3024 3346 τὴν
3089 3273 3320 3347 δυνατὴν
3394 3279 3724 3349 ἐπικουρίαν

2130 3361 2464 3434 παρέχεσθαι
2485 3367 2596 3428 τοῖς
2620 3365 3132 3437 καταπονουμένοις.
3153 3365 3523 3438 Καταξιὼσεις
3542 3368 3600 3422 δὲ
3624 3369 3725 3438 δη-

2131 3455 2303 3508 λονότι
2320 3456 2413 3509 καὶ
2435 3457 2852 3527 πτωχοτροφίαν
2874 3459 2972 3530 τῆς
2997 3460 3304 3532 συμμορίας
3330 3461 3429 3532 τῆς
3447 3461 3538 3514 ὑπ’
3561 3462 3726 3515 αὐτὸν

2133 3547 2552 3617 ἐπισκέψασθαι,
2600 3550 2695 3602 καὶ
2744 3550 2920 3617 πάντη
2979 3552 3189 3605 ἀνεῖναι
3247 3551 3346 3622 τῆς
3388 3553 3722 3617 συντελείας.

2137 3637 2310 3692 Τοῦτο
2370 3639 2480 3712 γάρ
2512 3639 2616 3712 ἢδη
2666 3643 2764 3694 καὶ
2802 3625 2887 3712 τῷ
2933 3642 3137 3716 ἑταίρῳ
3176 3659 3270 3696 σου
3317 3645 3585 3716 συνήρεσε
3625 3647 3726 3717 τὴν

2141 3731 2345 3802 μικρὰν
2393 3732 2588 3802 κτῆσιν
2644 3733 2753 3786 τῶν
2803 3737 3051 3807 πενήτων
3105 3736 3524 3810 ἀλειτούργητον
3565 3758 3729 3797 κατα-

2139 3839 2355 3894 στησαι.

2642 3989 2986 4044 ΕΠΙΣΤΟΛΗ
3025 3990 3202 4046 ΡΜΓ.

1622 4089 1765 4142 Idem
1789 4089 1906 4155 petit
1926 4092 1987 4142 ab
2015 4090 2169 4144 altero
2191 4095 2492 4145 numerario.

975 4202 1146 4257 Alteri
1180 4203 1502 4255 numerario.

527 4319 654 4375 Mihi
676 4319 894 4389 quidem
924 4319 970 4372 si
987 4292 1172 4372 liceret
1197 4288 1516 4387 dignitatem
1539 4325 1690 4370 tuam
1715 4318 2031 4380 convenire,

2616 4206 2823 4276 Ἐτέρῳ
2874 4209 3260 4278 νουμεραριῳ.

2211 4321 2275 4374 El
2305 4321 2404 4390 μὲν
2427 4321 2579 4392 αὐτῷ
2607 4339 2697 4392 μοι
2718 4325 2945 4376 δυνατὸν
2964 4339 3034 4393 ην
3057 4325 3423 4394 συμπαρεῖναι
3453 4325 3516 4395 τῇ
3542 4327 3731 4395 τιμιό-

455 4429 556 4483 per
601 4427 688 4467 me
720 4412 836 4481 ipse
877 4425 1107 4480 prorsus
1151 4410 1464 4464 retulissem
1505 4409 1708 4478 quibus
1757 4409 1826 4465 de
1867 4409 2023 4467 rebus

2135 4413 2260 4484 τητί
2299 4429 2415 4477 σου,
2458 4413 2527 4467 δι’
2561 4413 2799 4484 ἐμαυτοῦ
2845 4414 2912 4468 ἂν
2944 4416 3161 4479 πάντως
3195 4417 3468 4487 ἀνήνεγκα
3491 4419 3622 4490 περὶ
3652 4412 3733 4472 ὧν

458 4505 728 4560 sollicitus
750 4519 892 4565 sum,
923 4513 972 4558 et
1003 4502 1326 4556 alllictornm
1356 4501 1733 4556 defensionem
1764 4504 2037 4574 suscepis-

457 4613 596 4654 sem.
626 4595 733 4650 Sed
763 4610 886 4650 cum
916 4610 1003 4650 me
1031 4595 1280 4664 corporis
1313 4594 1529 4648 infirma
1561 4595 1814 4650 valetudo
1841 4611 1906 4650 ac
1937 4614 2031 4652 ne-

459 4691 732 4759 gotiorum
777 4687 1165 4757 impedimenta
1215 4686 1521 4748 retrabant,
1572 4685 1683 4740 mei
1718 4686 1840 4741 loco
1886 4686 2036 4742 hunc

459 4779 682 4835 fratrem
711 4777 1168 4846 chorepiseopum
1200 4775 1299 4829 tibi
1330 4775 1675 4839 commendo,
1702 4783 1764 4828 ut
1792 4776 1842 4830 ei
1871 4791 2033 4832 aures

463 4937 756 5004 impetrare
801 4939 1098 5004 potuerunt
1132 4927 1372 5004 Marcelli
1418 4927 1698 5004 discipuli,
1746 4938 2035 5004 antequam

460 5000 603 5059 Petri
626 5000 976 5057 Alexandrini
998 5001 1298 5054 auctoritas
1325 5000 1652 5053 accessisset
1684 5017 1696 5053 :
1726 5009 1781 5054 et
1814 5016 1937 5054 cum
1970 5003 2039 5054 ab

459 5077 730 5147 episcopis
765 5075 827 5147 in
853 5071 1141 5126 Palaestina
1175 5070 1554 5124 exsulantibus
1582 5087 1690 5147 non
1720 5080 2038 5147 exspectato

461 5141 694 5200 aliorum
746 5145 1167 5213 episc0porumﬂ
1181 5155 1456 5213 consensu
1496 5141 1744 5213 restituti
1783 5141 2036 5213 fuissent,

463 5219 661 5269 factum
679 5209 903 5268 moleste
928 5209 1118 5282 tum”
1138 5209 1305 5282 libere
1335 5211 1707 5282 reprehendit.
1726 5214 1890 5282 epist.
1906 5211 2033 5266 265.

531 5293 550 5308 '
589 5285 739 5339 Alias
777 5279 1148 5351 υυαῖχνιιιη
1170 5279 1386 5351 Scripta
1417 5295 1563 5333 anno
1593 5281 1718 5351 5775.

534 5359 571 5380 “
592 5356 742 5408 Alias
771 5350 1088 5409 CCCCXIX.
1129 5350 1346 5421 Scripta
1377 5365 1523 5405 anno
1551 5350 1676 5405 573.

531 5423 644 5494 (90)
682 5424 992 5494 Χρήσιμοι.
1025 5421 1340 5494 lii-gendum
1363 5431 1494 5492 puto
1517 5422 1812 5492 χρήσιμον,
1845 5432 1905 5477 ut
1923 5422 2040 5492 jam

461 5492 745 5547 obServavi
774 5493 840 5547 ad
875 5492 1018 5562 epist
1047 5492 1136 5545 72.

533 5563 644 5633 (9i)
683 5560 1131 5633 Διαμαρζόντες.
1178 5560 1255 5614 Ita
1289 5560 1532 5632 quinque
1562 5576 1708 5633 _mss.
1760 5561 1900 5616 Editi
1926 5563 2041 5616 δια-

465 5630 1042 5714 μαρτάνοντεςζῐὶεε.
1112 5630 1390 5687 secundus
1446 5630 1500 5686 et
1562 5630 1741 5688 Paris.
1806 5633 2040 5703 διαμαρ-

461 5719 680 5767 τωντες.

2140 4503 2462 4575 ὲῦουλόμην,
2492 4506 2586 4558 καὶ
2609 4505 2882 4576 προέστην
2909 4506 3018 4559 τῶν
3048 4507 3543 4578 καταπονουμένων
3562 4525 3577 4539 ·
3605 4511 3732 4563 ἐπεὶ

2138 4594 2197 4649 δέ
2244 4612 2311 4666 με
2349 4596 2631 4667 ἀρρωστία
2681 4594 2930 4667 σώματος
2972 4597 3067 4651 καὶ
3106 4597 3351 4668 ἀσχολίαι
3384 4600 3734 4668 πραγμάτων

2139 4685 2469 4755 ἀφέλκουσιν
2505 4687 2638 4758 (94),
2676 4688 2792 4742 ἀντ’
2811 4688 3050 4759 ἐμαυτοῦ
3083 4706 3166 4742 σοι
3195 4690 3286 4743 τὸν
3319 4689 3550 4759 ἀδελφὸν
3576 4693 3733 4746 τόνδε

2137 4777 2231 4832 τὸν
2287 4779 2708 4849 χωρεπίσκοπον
2759 4779 3080 4850 συνίστημι·
3115 4779 3278 4846 ὥστε,
3324 4781 3384 4834 σὲ
3427 4781 3579 4853 αὐτῷ
3604 4800 3737 4854 γνη-

2213 4931 2328 5003 (92)
2379 4933 2710 5001 Ἐπὰρχων.
2757 4932 2891 5004 Reg.
2922 4935 3199 4990 secundus
3227 4946 3281 4990 et
3318 4937 3485 4992 Coisl.
3521 4953 3732 4994 secun-

2139 5002 2246 5056 dus
2289 5003 2588 5075 ἐπαρχιῶν.
2633 5002 2903 5058 Sanxerat
2932 5004 3131 5061 Valens
3168 5022 3314 5060 anno
3354 5009 3481 5072 565,
3519 5017 3580 5062 ut
3624 5027 3733 5063 nu-

2141 5075 2364 5127 merarii
2395 5077 2769 5144 consularium
2798 5083 2851 5129 et
2899 5077 3190 5144 praesidum
3215 5088 3547 5133 vocarentur
3571 5079 3734 5134 dein-

2139 5157 2270 5212 ceps
2322 5144 2597 5199 tabularii.
2651 5143 2756 5199 Sed
2803 5143 2946 5200 forte
2994 5146 3080 5200 lex
3130 5147 3220 5200 illa
3265 5149 3446 5203 minus
3486 5149 3588 5203 fuit
3622 5152 3728 5203 ob-

2139 5221 2356 5294 servata
2387 5233 2400 5269 :
2441 5216 2522 5294 vel
2551 5215 2680 5269 huic
2701 5216 3068 5294 epistolm._ut
3098 5218 3348 5294 pluribus
3372 5219 3516 5278 aliis.
3544 5235 3656 5294 non
3696 5237 3728 5273 a

2140 5281 2664 5360 BasilioLsed‘post
2697 5281 2820 5360 eum
2859 5281 3179 5360 _a_librariis
3225 5289 3416 5343 titulus
3446 5289 3728 5360 prasfirus.

2215 5353 2324 5424 (95)
2362 5353 2736 5430 Συκήγαγον.
2775 5356 2945 5412 Coisl.
2995 5365 3228 5429 uterque
3277 5369 3333 5414 et
3363 5353 3497 5430 Reg.
3529 5377 3733 5416 secun-

2141 5422 2259 5496 dus
2280 5422 2680 5496 συνηγάγομεν.

2213 5493 2325 5576 (9})
2380 5493 2812 5576 ᾎεξέλὲιορτνρίν..
2836 5495 2936 5576 Ita“
2960 5513 3056 5553 sex
3101 5499 3492 5576 codi_ces_mss.
3531 5515 3632 5572 pro
3662 5517 3730 5556 eo

2141 5564 2528 5652 quod'cstjn'
2571 5566 2734 5652 editis
2789 5566 3162 5652 ἀνθέλκουσιν.
3213 5569 3406 5652 Paulo.
3437 5564 3561 5641 pos't
3622 5586 3728 5640 Ope

2142 5631 2312 5716 Quisl.
2369 5635 2530 5716 primi
2579 5646 2634 5716 et
2669 5635 2801 5706 Reg.
2846 5631 3082 5716 secundi
3124 5631 3540 5698 emendavimus
3577 5631 3729 5713 quod

2144 5704 2260 5760 erat
2293 5707 2345 5760 in
2386 5706 2545 5761 editis
2569 5704 2710 5759 ὥστε
2744 5704 2975 5779 σεαυτῷ.
