3868 6218
171 330 278 388 593

1131 319 1628 378 EPISTOLARUM
1666 314 1953 376 CLASSIS
1986 313 2049 370 11.
2085 311 2304 369 EPIST.
2343 307 2550 367 CXLV.

3327 306 3433 363 594

169 445 301 508 σίως
341 457 670 515 προσχοντα,
701 439 1013 512 χρήσασθαι
1065 456 1130 492 συ
1140 438 1376 511 μδούλῳ,
1418 439 1495 504 ὼς
1535 436 1750 508 φιλαλη-

1866 434 2077 489 sincere
2107 427 2534 486 accommodans
2558 464 2574 492 ,
2604 438 2727 496 ipso
2773 436 2954 480 utaris
2999 420 3335 488 consiliario,
3371 429 3433 477 ut

168 537 279 600 θῶς
309 536 406 589 καὶ
434 532 721 605 ἐμφρόνως
746 531 1030 603 δυναμένῳ
1071 530 1467 603 συμϐουλεῦσαι
1492 531 1622 602 περὶ
1646 529 1756 583 τῶν

171 623 538 697 πραγμάτων.
583 621 658 674 Τὸ
699 620 809 691 γὰρ
843 621 1280 690 πτωχοτροφεῖον
1321 618 1383 672 τὸ
1422 619 1553 689 παρ’
1587 614 1754 672 αὐτοῦ

167 713 623 786 οίκονομούμενον
651 711 872 765 ἐπειδὰν
912 709 1260 784 καταξιὼσῃς
1291 709 1589 764 θεάσασθαι
1612 707 1755 780 [ὄψει

167 805 302 876 γὰρ,
331 801 393 858 εὖ
437 801 572 866 οἶδα,
605 803 700 856 καὶ
735 803 796 855 οὑ
833 802 1194 874 παραδραμῇ,
1225 800 1413 871 ἐπειδὴ
1447 799 1569 853 οὐδὲ
1598 799 1756 852 ἀπει-

168 913 264 969 ρος
290 895 400 966 (95)
419 891 470 948 εἶ
493 893 586 948 τοῦ
612 893 774 965 ἔργου
793 909 807 924 ·
831 892 973 956 ἀλλ’,
999 892 1077 956 ὡς
1092 895 1122 945 ὁ
1148 891 1297 944 δεῖνά
1314 908 1402 961 μοι
1435 890 1751 960 ἀνήνεγκεν,

168 988 230 1040 ἐν
281 986 393 1040 τῶν
452 988 512 1040 ἐν
547 989 615 1058 τῇ
656 984 923 1056 Ἀμασείᾳ
954 981 1015 1047 ἐξ
1038 977 1115 1037 ὧν
1143 981 1312 1036 ἔδωκέ
1343 997 1424 1034 σοι
1476 982 1505 1034 ό
1551 979 1756 1051 Κύριος

163 1078 475 1150 διατρέφεις
495 1076 654 1149 (96)],
681 1076 903 1131 ἐπειδὰν
947 1072 1041 1129 οὖν
1095 1073 1210 1148 ἴδῃς
1247 1071 1544 1136 καὶτοῦτο,
1578 1070 1758 1125 πάντα

165 1170 320 1241 αὐτῷ
373 1170 588 1242 παρέξῃ
637 1168 710 1222 τὰ
755 1166 1180 1239 ἐπιζητούμενα.
1219 1165 1356 1236 Ἤδη
1393 1163 1501 1236 γάρ
1534 1179 1624 1234 μοι
1664 1163 1757 1216 καὶ

164 1266 196 1316 ό
221 1263 440 1334 ἑταῖρός
466 1280 559 1316 σου
592 1261 706 1333 (97)
725 1260 1202 1332 κατεπηγγείλατο
1213 1257 1620 1330 φιλανθρωπίαν
1635 1253 1758 1308 τινὰ

166 1357 301 1428 περὶ
328 1355 398 1408 τὰ
425 1356 856 1425 πτωχοτροφεῖα.
891 1351 1064 1404 Τοῦτο
1091 1351 1146 1404 δὲ
1175 1350 1340 1418 λέγω,
1370 1349 1469 1418 οὐχ
1497 1346 1751 1402 ἵναάλλον

163 1446 332 1508 αὑτὸς
357 1447 580 1517 μιμήσῃ·
603 1443 686 1512 (σὲ
717 1442 826 1514 γὰρ
843 1441 989 1505 είκδς
1024 1441 1232 1512 ἐτέροις
1269 1435 1409 1493 εἶναι
1433 1437 1542 1491 τῶν
1570 1435 1752 1490 καλῶν

168 1539 458 1612 ἡγεμόνα),
493 1537 607 1591 ἀλλ’
639 1537 726 1590 ἶνα
754 1535 918 1606 γνῷς,
975 1537 1059 1588 ὅτι
1091 1533 1154 1604 δὴ
1178 1533 1305 1605 περ).
1349 1531 1528 1588 αὐτῶν
1548 1530 1754 1585 τούτων

167 1631 262 1684 καὶ
287 1630 440 1685 ἄλλοι
475 1630 623 1701 ἡμᾶς
649 1627 1080 1697 ἐδυσωπήθησαν
1111 1626 1245 1695 (98).

662 1829 1006 1884 ΕΠΙΣΤΟΛΗ
1043 1829 1216 1882 PMA'.

1860 525 2086 581 homine
2123 531 2178 579 et
2210 537 2395 578 amore
2423 521 2674 578 veritatis
2714 527 2770 573 et
2805 516 3096 588 prudentia
3132 516 3201 571 ad
3249 515 3436 571 consl-

1853 619 1988 672 lium
2019 615 2086 672 de
2104 616 2270 671 rebus
2292 613 2531 670 dandum
2559 612 2776 667 idoneo.
2805 609 3102 679 Postquam
3127 609 3272 664 enim
3297 623 3432 678 pau-

1857 724 2048 780 perum
2073 707 2373 778 hospitium
2408 705 2476 760 ab
2503 719 2568 760 eo
2591 704 2956 774 gubernatum
2976 700 3158 756 visere
3179 699 3434 770 dignatus

1858 801 2030 856 fueris
2055 799 2284 869 (invises
2307 798 2478 860 enim,
2499 805 2586 853 sat
2611 795 2748 857 scio,
2771 809 2872 850 nec
2897 794 3198 864 praeteribis
3223 811 3236 848 :
3258 791 3435 862 siqui-

1857 893 1982 949 dem
2012 906 2112 947 nec
2135 891 2217 946 rei
2248 891 2568 960 inexpertus
2595 904 2686 944 es:
2719 885 2836 951 sed,
2860 894 2974 942 uta
2996 885 3232 958 quodam
3258 883 3325 938 ad
3349 897 3434 938 me

1859 984 2093 1040 relatum
2123 994 2234 1048 est,
2271 998 2441 1038 unum
2471 998 2539 1036 ex
2573 981 2659 1036 his
2687 995 2809 1051 qua:
2837 980 3082 1034 Amaseas
3113 983 3434 1033 constructa

1861 1081 2012 1137 sunt,
2040 1088 2108 1129 ex
2127 1074 2289 1128 bouis
2311 1088 2432 1144 quae
2458 1073 2554 1128 tibi
2576 1071 2838 1126 Dominus
2860 1069 3088 1124 tradidit
3105 1066 3432 1138 sustentas),

1862 1165 1975 1230 ubi,
2013 1166 2270 1236 inquam,
2308 1171 2364 1218 et
2408 1163 2514 1218 hoc
2553 1163 2789 1229 videris;
2834 1162 3105 1218 concedes
3151 1161 3204 1216 ei
3249 1161 3436 1216 omnia

1861 1270 1983 1326 qua:
2010 1270 2150 1326 opus
2180 1265 2361 1310 erunt.
2392 1252 2510 1309 Jam
2541 1255 2686 1310 enim
2710 1261 2768 1309 et
2806 1255 3010 1324 collega
3038 1261 3167 1308 tuus
3193 1253 3433 1323 aliquam

1857 1349 1992 1402 mihi
2016 1363 2145 1419 erga
2169 1363 2464 1419 egenorum
2488 1348 2722 1417 hospitia
2745 1347 3134 1402 humanitatem
3159 1345 3436 1416 pollicitus

1857 1448 1966 1497 est.
2013 1440 2127 1496 Hoc
2172 1449 2352 1496 autem
2395 1441 2541 1504 dico,
2585 1456 2694 1495 non
2741 1447 2803 1494 ut
2845 1441 3012 1494 alium
3050 1441 3166 1509 ipse
3204 1438 3435 1494 imiteris

1864 1535 1986 1608 (par
2017 1537 2162 1593 enim
2194 1544 2248 1593 te
2277 1536 2399 1592 aliis
2427 1543 2579 1592 recte
2614 1535 2881 1590 factorum
2909 1535 3104 1590 ducem
3138 1535 3307 1607 esse),
3335 1533 3434 1590 sed

1862 1635 1923 1682 ut
1955 1628 2227 1698 sciasjam
2251 1628 2412 1684 nobis
2440 1629 2509 1684 ab
2537 1628 2659 1684 aliis
2686 1627 3045 1683 reverentiam
3071 1626 3159 1682 bis
3185 1627 3238 1682 in
3271 1625 3434 1681 rebus

1865 1719 2105 1774 habitam
2145 1720 2337 1775 fuisse.

2244 1831 2408 1904 236
2434 1829 2768 1886 EPISTOLA
2805 1828 3050 1886 cxuvx

911 1945 1146 1994 Eamdem
1165 1941 1515 1994 immunitatem
1544 1943 1660 2006 petit
1683 1956 1741 1993 ac
1765 1941 1813 1994 in
1839 1941 2027 1996 duabus
2048 1945 2430 2009 prwcedentibus
2452 1943 2684 2008 epistolis.

564 2055 893 2125 Τρακτευτῇ
919 2055 1040 2110 τῶν
1069 2055 1366 2124 ἐπάρχων.

232 2172 528 2245 Γνωρίςεις
581 2172 799 2235 πάντως
839 2169 992 2224 τόνδε
1036 2171 1101 2222 ἐκ
1129 2169 1230 2238 τῆς
1262 2169 1404 2222 κατά
1456 2168 1556 2238 τὴν
1593 2167 1750 2221 πόλιν

165 2264 462 2336 συντυχίας
483 2281 496 2294 '
527 2265 678 2334 ὅμως
708 2263 765 2316 δέ
801 2279 884 2315 σοι
913 2262 1077 2315 αὑτὸν
1106 2261 1202 2314 καὶ
1223 2259 1309 2313 διὰ
1336 2259 1435 2322 τῆς
1457 2257 1749 2328 ἐπιστολῆς

165 2359 519 2430 προσάγομεν
589 2354 964 2416 συνιστῶντες,
1013 2353 1096 2406 ὅτι
1149 2354 1228 2415 είς
1278 2351 1450 2405 πολλά
1509 2367 1590 2404 σοι
1639 2349 1749 2403 τῶν

165 2443 621 2514 σπουδαζομένων
663 2445 932 2514 χρήσιμος
965 2441 1138 2505 ἔσται,
1173 2439 1263 2493 διὰ
1304 2441 1365 2492 τὸ
1399 2441 1492 2494 καὶ
1516 2439 1754 2503 συνετῶς

163 2542 260 2594 καὶ
288 2537 536 2598 εὐλαϐῶς
579 2537 839 2591 δύνασθαι
877 2533 1225 2589 ὑποτίθεσθαι
1267 2532 1336 2587 τὰ
1368 2533 1638 2604 πρακτέα.
1686 2533 1754 2586 Ἃ

161 2631 220 2684 δὲ
242 2632 370 2701 ἐμοὶ
397 2632 477 2693 είς
504 2628 565 2681 τὸ
593 2624 685 2692 οὖς
714 2625 1013 2696 διελέχθης,
1051 2624 1221 2678 ταῦτα
1267 2623 1364 2677 νῦν
1407 2624 1522 2676 ἐστι
1563 2624 1754 2697 καιρὸς

159 2719 555 2784 ἐπιδείξασθαι,
601 2717 818 2772 ἐπειδάν
875 2733 956 2770 σοι
996 2716 1026 2768 ό
1078 2713 1474 2787 προειρημένος
1527 2714 1753 2785 ἀδελφὸς

161 2813 232 2866 τά
261 2811 374 2865 τῶν
406 2809 638 2881 πτωχῶν
667 2808 944 2881 ὑποδείξῃ.

662 2935 1008 3021 ΕΠιΣΤοᾸΗ
1047 2963 1225 3016 PME'.

2323 2055 2625 2109 Tractatori
2667 2053 2976 2124 praesidum.

1924 2165 2224 2238 Cognoscis
2262 2167 2510 2237 profecto
2547 2168 2704 2222 illum
2733 2183 2800 2222 ex
2832 2173 3022 2221 mutuo
3063 2165 3118 2220 in
3151 2165 3288 2222 urbe
3319 2165 3426 2220 θοις

1855 2257 2061 2329 loquio.
2098 2257 2204 2314 Sed
2243 2267 2421 2313 tamen
2452 2274 2576 2314 eum
2612 2259 2712 2314 tibi
2739 2266 2793 2315 et
2835 2273 2932 2329 per
2961 2257 3170 2313 litteras
3212 2256 3350 2313 sisto
3378 2263 3434 2312 et

1854 2353 2200 2419 commendo,
2225 2363 2286 2408 ut
2311 2352 2380 2408 ad
2405 2355 2594 2420 multa,
2624 2369 2745 2425 quae
2770 2353 2868 2408 tibi
2892 2368 3040 2408 curas
3067 2358 3217 2414 sunt,
3244 2352 3433 2407 utilem

1856 2443 2121 2510 futurum,
2155 2460 2222 2500 eo
2251 2444 2396 2514 quod
2446 2446 2534 2515 pie
2573 2460 2637 2500 ac
2678 2444 2979 2515 prudenter
3007 2444 3182 2514 possit
3225 2441 3435 2514 agenda

1857 2551 2169 2606 suggerere.
2217 2536 2349 2603 Quae
2387 2545 2568 2592 autem
2619 2536 2751 2590 mihi
2795 2537 2850 2591 in
2884 2551 3072 2590 aurem
3114 2534 3339 2599 dixisti,
3370 2548 3434 2591 ea

1856 2641 2005 2680 nunc
2054 2633 2272 2698 tempus
2322 2634 2407 2682 est
2449 2627 2712 2699 exsequi;
2763 2635 3052 2698 postquam
3102 2633 3436 2683 memoratus

1856 2716 2028 2772 frater
2060 2733 2362 2790 pauperum
2395 2726 2599 2776 statum
2629 2719 2725 2775 tibi
2760 2720 3105 2776 indicaverit.

2353 2962 2693 3020 EPISTULA
2729 2963 2976 3024 CXLV".

163 3085 400 3155 quamvis
421 3084 605 3154 multm
625 3094 907 3155 magnaeque
943 3080 1153 3155 rationes
1199 3078 1464 3155 liusebiuni
1497 3077 2060 3155 prohiberewoitle‘antur,
2085 3079 2342 3155 quominus
2365 3096 2569 3155 peregre
2590 3091 2698 3154 eat;
2722 3098 2816 3155 non
2855 3091 3030 3155 tamen_
3043 3086 3266 3155 desperat
3298 3083 3436 3155 Basi-

223 3146 322 3213 lius
341 3161 453 3198 eum
472 3145 638 3213 omnia
659 3143 1004 3213 inipedintenta
1034 3149 1393 3213 superaturum.
1428 3143 1588 3213 Quare
1619 3154 1730 3213 eum
1747 3147 1920 3213 rogat,
1947 3155 2007 3194 ns
2033 3143 2168 3206 spem
2190 3143 2424 3196 Ecclesia
2449 3143 2766 3198 Cizsarieitsis
2787 3145 2982 3198 irritam
3005 3143 3153 3213 faciat
3169 3185 3182 3209 ,
3209 3159 3354 3199 auum
3375 3148 3440 3200 de

219 3207 330 3274 ejus
353 3214 567 3260 adventu
589 3201 805 3258 Basilius
828 3219 954 3256 anno
977 3201 1228 3270 praeterito
1249 3201 1401 3270 Syria
1424 3202 1619 3254 rediens
1637 3201 1882 3253 attulerat.

431 3319 726 3384 Ε’ὺσεόίῳ,
751 3317 1066 3382 ἐπισκόπῳ
1096 3316 1484 3386 Σαμοσάτων.

232 3409 367 3466 Οἶδα
411 3413 538 3474 τοὺς
589 3412 814 3482 μυρίους
852 3409 1048 3472 πόνους
1073 3409 1184 3481 (99)
1222 3425 1335 3473 σου,
1388 3406 1483 3472 οὓς
1522 3407 1752 3477 ἀνέτλης

163 3503 445 3576 ὺπέριτῶν
482 3501 817 3572 Ἐκκλησιῶν
842 3499 937 3554 τοῦ
964 3500 1097 3554 Θεοῦ
1113 3517 1126 3530 ·
1158 3501 1252 3554 καὶ
1278 3499 1385 3554 τῶν
1411 3499 1676 3570 ἀσχολιῶν
1693 3499 1754 3552 τὸ

2139 3317 2400 3385 Eusebio,
2439 3321 2682 3389 episcopo
2727 3319 3154 3376 Samosalorum.

1927 3407 2065 3464 Novi
2108 3409 2430 3466 innumeros
2468 3410 2685 3466 labores
2717 3417 2874 3474 tuos,
2908 3427 3046 3481 quos
3075 3427 3174 3481 pro
3202 3409 3296 3468 Dei
3331 3410 3437 3466 Ec-

1859 3503 2041 3558 clesiis
2093 3503 2422 3568 exantlasti;
2476 3517 2578 3556 nec
2636 3506 2982 3574 negotiorum
3033 3502 3436 3558 multitudinem

168 3595 369 3664 πλῆθος
399 3593 500 3646 οὐκ
523 3591 722 3661 ἀγνοῶ,
757 3591 823 3655 ἃς
853 3590 1017 3660 ἔχεις·
1055 3589 1152 3661 τὴν
1175 3589 1486 3660 οἰκονομίαν
1513 3591 1574 3642 οὐ
1608 3606 1750 3660 παρ-

1866 3593 2087 3664 ignoro,
2120 3594 2324 3664 quibus
2363 3593 2662 3659 detineris;
2695 3594 3050 3649 commissam
3085 3595 3438 3650 administra-

167 3687 364 3755 έργως,
394 3683 532 3738 ἀλλὰ
599 3683 738 3737 κατά
776 3683 840 3735 τὸ
883 3682 1096 3753 θέλημα
1139 3681 1233 3734 τοῦ
1277 3682 1482 3751 Κυρίου
1523 3679 1756 3734 διατιθέ-

170 3794 350 3847 μενος.
413 3776 524 3829 Καὶ
578 3775 670 3829 τὸν
733 3775 797 3827 ἐκ
843 3773 1100 3842 γειτόνων
1163 3772 1293 3843 ὑμῖν
1345 3773 1754 3844 ἐπικαθήμενον

161 3868 332 3922 ἐννοῶ
390 3868 490 3938 (l),
533 3861 577 3935 ᾧ
623 3866 835 3937 ἀνάγκη
889 3865 1058 3935 ὑμᾶς,
1115 3862 1304 3936 ὥσπερ
1361 3865 1581 3937 ὄρνιθας
1613 3863 1755 3934 ἀετῷ

168 3957 654 4026 ὑποπτήσσοντας,
708 3955 782 4026 μὴ
842 3955 1032 4026 πόρρω
1101 3957 1204 4023 τῆς
1257 3955 1468 4024 σκέπης
1525 3955 1754 4031 ἕκαστον

163 4049 512 4119 ἀποτρέχειν.
537 4047 756 4100 Τούτων
788 4063 854 4117 με
881 4046 1036 4100 οὐδὲν
1066 4045 1307 4118 λέληθεν.
1352 4047 1490 4099 Ἀλλ’
1527 4049 1557 4100 ό
1593 4046 1755 4110 πόθος

165 4141 402 4210 πρᾶγμα
435 4139 628 4208 βίαιον,
665 4139 758 4191 καὶ
793 4139 1011 4193 ἐλπίσαι
1055 4141 1122 4194 τὰ
1163 4140 1236 4210 μὴ
1271 4138 1615 4210 ἐνδεχόμενα,
1660 4139 1755 4200 καὶ

164 4232 486 4302 ἐγχειρῆσαι
518 4235 630 4295 τοῖς
658 4233 942 4296 ἀδυνάτοις
965 4234 1064 4303 (2)'
1096 4233 1296 4304 μᾶλλον
1345 4231 1403 4284 δὲ
1451 4233 1484 4302 ἡ
1519 4233 1612 4285 ἐπὶ
1641 4231 1754 4284 Κύ-

167 4339 281 4391 ριον
312 4322 471 4385 ἐλπὶς
514 4322 861 4393 ἰσχυρότατον
902 4322 1138 4377 πάντων.
1171 4323 1245 4376 Οὐ
1273 4321 1382 4394 γὰρ
1428 4321 1607 4391 ἀλόγῳ
1633 4323 1754 4374 ἐπι-

163 4417 358 4489 θυμίᾳ,
391 4416 506 4470 ἀλλ’
539 4416 684 4487 ίσχύῖ
714 4416 953 4479 πίστεως
1001 4415 1287 4487 προσδοκῶ
1336 4416 1430 4469 καὶ
1475 4414 1647 4485 πόρον
1692 4415 1753 4466 ἐν

163 4512 471 4583 ἀμηχάνοις
508 4508 866 4579 φανήσεσθαι,
909 4509 1004 4562 καὶ
1061 4508 1278 4561 πάντων
1331 4506 1528 4579 ῥᾳδίως
1578 4523 1638 4561 σε
1673 4507 1750 4578 (5)

383 4642 691 4714 ΑἈπειρος.
723 4639 963 4714 Uterque
987 4641 1167 4714 Coisl..
1192 4655 1315 4714 cum
1345 4641 1478 4714 Reg.
1509 4639 1751 4714 secundo

159 4710 448 4767 et'Paris.
494 4711 720 4783 ἄπορος,
772 4710 899 4765 Non
946 4729 1096 4764 cares
1141 4710 1492 4780 facultatibus
1539 4712 1607 4764 ad
1655 4712 1751 4766 hoc

387 4851 746 4922 Διατρέςρεις.
785 4851 860 4906 Ita
884 4851 1054 4907 Coisl.
1081 4860 1312 4922 uterque
1332 4861 1386 4906 et
1415 4850 1536 4906 Vat.
1571 4852 1749 4922 Etlitio

160 4921 340 4992 prima
368 4921 542 4977 Paris.
600 4922 939 4993 διατρέφοιῆ
960 4922 1128 4976 Paulo
1151 4921 1272 4993 post
1297 4922 1427 4976 editi
1466 4921 1740 4992 παρέξεις.

156 4987 335 5063 Coisl.
376 5003 626 5063 uterque.
659 4987 890 5063 Médiet
912 4991 1041 5063 Reg.
1067 4987 1344 5048 secundus
1385 5003 1442 5046 ut
1465 4993 1518 5063 in
1550 4987 1739 5047 'teittu.
1774 4987 1820 5044 D
1849 4987 2852 5063 Harl.,Med.,Claronf.,Coisl.secun

233 5062 350 5133 (97)
378 5064 432 5115 '0
456 5062 689 5131 ἑταῖρός
716 5079 853 5133 σου.
875 5061 1172 5117 υιιοίεῑοιιι
1201 5062 1495 5117 numerarii
1528 5063 1580 5116 in
1611 5079 1745 5118 una-

159 5132 384 5203 quaque
415 5135 718 5199 provincia.
766 5132 884 5186 Non
925 5141 1108 5186 tamen
1135 5133 1343 5204 collega
1375 5134 1477 5188 hoc
1503 5135 1624 5188 loco
1657 5135 1743 5188 in-

157 5203 600 5274 telligitur-alter
625 5205 1000 5274 numerarius.
1045 5204 1134 5258 cui
1181 5206 1434 5273 superior
1479 5204 1744 5274 inscripta

155 5272 416 5340 epistola.
450 5272 588 5327 Huic
624 5273 771 5327 enim
821 5273 1054 5328 Basilius
1089 5272 1342 5328 similiter
1368 5274 1504 5328 dicit
1542 5272 1742 5330 beneli-

155 5344 309 5415 cium
342 5343 447 5415 sibi
479 5344 534 5398 in
566 5357 837 5415 pauperes
877 5344 946 5398 ab
970 5342 1141 5412 ipsius
1171 5344 1377 5415 collega
1411 5345 1741 5415 promissum

159 5414 359 5469 fuisse.
401 5413 587 5480 Quare
617 5413 876 5484 collegam
919 5416 1210 5484 utriusque
1236 5413 1538 5469 numerarii
1569 5415 1738 5470 inter-

159 5495 352 5556 pretor
395 5491 748 5556 tractatorem
794 5485 1110 5553 praesidum,
1154 5485 1320 5556 cujus
1362 5485 1631 5556 promissa
1684 5487 1739 5540 in

154 5555 394 5624 epistola
435 5554 684 5624 sequenti
715 5564 1098 5624 reposcuntur.
1148 5555 1198 5610 Is
1236 5554 1378 5609 cum'
1400 5571 1600 5610 munus
1637 5558 1741 5610 ad-

159 5623 521 5678 ministraret
550 5639 747 5694 magna
780 5623 906 5678 cum
959 5626 1288 5681 numerariis
1337 5626 1743 5682 necessitudine

154 5694 548 5817 congunctum,
582 5708 772 5748 eorum
803 5695 1009 5765 collega
1033 5694 1141 5776 dici
1172 5703 1402 5765 poterat.

234 5767 254 5817 (
293 5766 348 5817 8i
422 5762 962 5817 Ἑδινσωπήθησαν.
1026 5764 1115 5817 Sic
1166 5766 1333 5817 Coisl.
1388 5782 1402 5817 ε

234 5762 348 5835 (98)
422 5762 969 5833 Ἐδυσωπήθησανῖ
1026 5764 1115 5822 Sic
1166 5762 1333 5823 Coisl.
1388 5763 1663 5823 secundus
1705 5782 1737 5821 e

1859 3685 2063 3739 tionem
2094 3700 2203 3738 non
2241 3685 2634 3755 perfunctorie,
2666 3686 2761 3741 sed
2792 3685 3095 3741 secundum
3123 3684 3215 3740 Dei
3243 3686 3438 3740 volun~

1856 3783 2022 3829 tatem
2051 3791 2269 3846 gerens.
2304 3777 2460 3830 lllum
2495 3778 2661 3832 etiam
2703 3778 2903 3848 cogito,
2940 3778 3035 3848 qui
3064 3778 3220 3833 vobis
3246 3793 3276 3832 e
3311 3793 3432 3848 pro-

1856 3868 2060 3937 pinquo
2099 3867 2383 3932 imminet,
2429 3870 2531 3924 sub
2567 3883 2678 3940 quo
2723 3885 2820 3924 vos
2861 3884 3088 3925 necesse
3130 3876 3234 3936 est,
3268 3871 3438 3925 veluti

1856 3975 1986 4016 aves
2035 3961 2140 4016 sub
2199 3962 2382 4033 aquila
2438 3962 2819 4028 formidantes,
2875 3979 2984 4017 non
3045 3963 3206 4033 longe
3255 3977 3288 4016 a
3334 3978 3440 4018 suo

1856 4069 2127 4123 quemque
2171 4061 2319 4110 tecto
2348 4071 2659 4111 excurrere.
2696 4055 2903 4110 [lorum
2951 4056 3087 4110 nihil
3144 4071 3228 4111 me
3280 4055 3434 4112 latet.

1858 4141 1966 4199 Sed
2008 4143 2342 4201 desiderium
2389 4162 2479 4202 res
2508 4147 2766 4213 violenta,
2797 4155 2911 4201 tum
2957 4148 3014 4202 in
3046 4148 3112 4203 iis
3147 4148 3436 4217 sperandis

1855 4251 1976 4305 quae
2009 4237 2271 4306 parabilia
2319 4254 2426 4293 non
2471 4249 2621 4305 sunt,
2649 4247 2766 4293 tum
2814 4239 2870 4294 in
2905 4238 3284 4309 aggrediendis
3313 4252 3436 4309 quas

1855 4322 1972 4378 ﬁeri
2004 4339 2113 4378 non
2146 4337 2418 4395 possunt:
2465 4328 2546 4382 vel
2577 4328 2759 4398 potius
2795 4342 2920 4396 spes
2960 4328 3014 4380 in
3061 4325 3291 4381 Domino
3317 4341 3435 4381 om-

1855 4415 2008 4468 nium
2036 4429 2216 4470 rerum
2245 4417 2566 4473 fortissima.
2608 4417 2726 4473 Non
2760 4419 2907 4473 enim
2957 4419 3248 4474 temeraria
3281 4419 3434 4489 cupi-

1853 4507 2053 4574 ditate,
2094 4509 2192 4564 sed
2236 4509 2360 4564 ﬁdei
2389 4509 2588 4565 robore
2619 4517 2878 4580 exspecto
2905 4509 3143 4580 aliquem
3186 4510 3432 4564 luturum

1857 4638 2007 4714 Reg._
2029 4642 2322 4698 secundus.
2353 4641 2495 4714 Editi
2525 4643 2900 4714 ἐδυσώπησαν.

1924 4711 2037 4782 (99)
2078 4714 2330 4779 Πόνους.
2371 4713 2619 4778 Quatuor
2655 4710 2786 4768 mss.
2817 4714 3040 4776 κόπους.
3069 4710 3215 4766 Infra
3253 4711 3428 4778 Harl.,

1853 4780 1992 4854 Med.
2019 4780 2083 4837 vet
2111 4783 2365 4854 Clarum.
2383 4783 2597 4854 θέλημα
2622 4784 2715 4837 τοῦ
2746 4783 2903 4854 Θεοῦ.

1922 4853 1996 4921 (1)
2051 4851 2291 4907 Ἐννοῶ.
2333 4851 2593 4918 Quamvis
2641 4855 2744 4909 hoc
2785 4851 3010 4908 verbum
3056 4869 3166 4910 non
3207 4854 3434 4908 omnino

1851 4925 2222 4977 necessarium
2270 4923 2383 4977 sit:
2417 4923 2544 4992 quia
2592 4933 2773 4978 tamen
2815 4926 2862 4978 le
2905 4926 3012 4978 itur
3055 4926 3106 4980 in
3140 4925 3427 4979 codicibus

1851 4991 2024 5048 Harl..
2041 4992 2204 5048 Med..
2223 4993 2484 5048 Clarom..
2501 4993 2670 5048 Coisl.
2688 4941 2952 5048 secuugo.
2965 4993 3427 5048 etRea.secuudo.

2898 4993 3428 5064 o,etReg.secuudo,

1851 5062 2222 5132 recipiendum
2255 5064 2430 5118 visum
2462 5073 2544 5116 est
2589 5065 2644 5118 iu
2680 5073 3018 5118 contextum.
3064 5062 3267 5119 Ibidem
3297 5065 3430 5118 editi

1848 5125 1894 5200 ᾧ
1918 5125 2129 5205 ἀνάγκη
2160 5134 2328 5204 ἡμᾶς.
2372 5133 2563 5189 Melius
2589 5135 2643 5189 in
2663 5135 2836 5189 Coisl.
2866 5136 3042 5204 primo
3064 5143 3118 5191 et
3143 5136 3266 5189 aliis
3297 5151 3434 5189 non-

1847 5205 2014 5259 nullis
2043 5219 2184 5272 riuos
2209 5205 2383 5257 secuti
2408 5221 2619 5259 sumus.

1919 5271 1996 5346 (2)
2048 5271 2404 5346 Ἀδυὲνάτοιᾳ
2449 5273 2588 5328 Editi
2637 5283 2766 5346 post
2807 5273 2963 5346 hanc)
2988 5290 3178 5330 vocem
3226 5273 3436 5330 addunt

1849 5345 2012 5422 ποιεί,
2041 5343 2138 5400 sed
2173 5344 2226 5398 in
2257 5344 2409 5399 nullo
2432 5343 2662 5414 prorsus
2697 5361 2762 5401 ex
2795 5345 3004 5401 nostris
3027 5357 3156 5402 octo
3183 5362 3318 5402 mss.
3350 5363 3436 5401 re-

1848 5422 2076 5483 peritur.

1922 5483 1998 5553 (5)
2052 5484 2296 5552 Ῥᾳδίως
2329 5499 2422 5540 σε.
2459 5484 2618 5540 Deest
2639 5485 2832 5539 vocula
2866 5485 2919 5540 in
2950 5487 3133 5550 editis.
3160 5487 3360 5553 legitur
3382 5487 3435 5540 in

1849 5555 2105 5627 omnibus
2155 5570 2288 5610 mss.
2325 5557 2526 5627 Ibidem
2571 5557 2705 5610 editi
2736 5557 3152 5627 περιγενέσθαι.
3186 5555 3341 5612 Harl.
3383 5567 3431 5614 et

1850 5624 2020 5679 Coisl.
2054 5628 2263 5695 primus
2293 5638 2349 5680 ut
2382 5626 2434 5680 in
2467 5634 2642 5682 textu.

1926 5695 1944 5712 '
1989 5695 2140 5751 Alias
2171 5695 2467 5766 CCCCXX.
2503 5695 2722 5766 Scripta
2764 5711 2906 5751 anno
2933 5697 3058 5754 375.

1941 5768 1982 5788 “
2021 5767 2170 5824 Alias
2198 5765 2394 5824 CCLV.
2428 5765 2642 5838 Scripta
2673 5784 2814 5823 anno
2839 5769 2961 5824 573.
