3868 6218
400 269 522 329 Μ

1712 270 1777 330 8.
1811 266 2053 331 BASILII
2091 270 2303 330 HAGNI

3546 252 3674 318 ’σεδ

416 393 584 441 etiam
608 381 663 437 in
692 380 859 437 rebus
882 380 1225 441 difﬁcillimis
1245 385 1478 449 exitum,
1499 392 1664 457 teque
1683 386 1866 441 omnia
1894 386 1997 440 im-
2025 446 2026 449 η

2137 384 2205 440 ὥν
2242 380 2584 453 κωλυμάτων
2633 375 3113 452 περιγενήσεσθαι,
3153 373 3290 446 πρὸς
3341 369 3402 426 τὸ
3452 370 3583 424 ίδεῖν
3616 387 3674 424 σε

424 475 736 545 pedimeuta
769 484 1181 546 superaturum,
1221 486 1283 533 ut
1316 478 1685 535 Ecclesiarum
1725 478 1999 534 amicissi-

423 579 569 621 mam
608 564 840 633 videas,
886 574 1050 636 atque
1094 569 1259 623 etiam
1305 570 1376 624 ab
1430 570 1548 640 ipsa
1595 569 1999 639 conspiciaris:

420 657 572 727 quod
594 657 812 728 quidem
841 659 1089 714 omnium
1128 660 1202 716 illi
1231 661 1504 716 bonorum
1552 663 2001 732 antiquissimum

424 756 532 812 est,
558 744 769 804 vultum
790 757 940 803 tuum
960 750 1298 820 conspicere,
1325 767 1389 805 ac
1411 760 1559 805 tuam
1583 766 1772 805 vocem
1790 751 2003 804 audire.

423 839 571 896 Cave
609 840 774 911 igitur
800 856 927 910 spes
959 841 1106 896 illius
1131 856 1302 897 vanas
1327 857 1392 897 ac
1419 842 1605 897 irritas
1631 840 1822 896 facias.
1849 841 2007 894 Anno

427 932 571 991 enim
607 934 881 1002 przeterito
931 948 1055 989 cum
1097 948 1128 990 e
1184 933 1343 1006 Syria
1385 934 1638 1000 redii-ns,
1675 932 2005 1005 promissum

428 1023 574 1093 quod
606 1038 924 1095 acceperam
949 1028 1247 1095 reportari,
1270 1026 1548 1096 quomodo
1577 1039 1695 1081 eam
1724 1035 1881 1094 putas
1909 1038 2006 1093 spe

436 1130 761 1185 Suspensam
785 1131 816 1170 a
849 1132 937 1171 me
966 1115 1280 1172 fuissei-Ne
1314 1117 1483 1187 igitur
1512 1118 1565 1170 in
1607 1115 1754 1170 aliud
1791 1123 2004 1183 tempus

430 1207 653 1263 ὤσει-σε
700 1207 849 1263 illius
893 1209 1298 1272 visitationem,
1344 1209 1428 1262 vir
1474 1206 1815 1262 admirande.
1866 1204 2001 1259 Nam

431 1298 647 1358 etiamsi
680 1299 793 1353 ﬁeri
825 1300 1040 1369 possit,
1090 1300 1267 1369 ipsam
1298 1307 1358 1353 ut
1410 1297 1705 1368 aliquando
1756 1297 1962 1351 invisas
1983 1334 1999 1358 .

432 1390 529 1447 sed
560 1406 666 1444 non
686 1391 852 1444 etiam
879 1392 1189 1457 nobiscum,
1210 1406 1349 1461 quos
1380 1398 1535 1462 urget
1557 1390 1781 1445 morbus
1804 1388 1874 1443 ab
1903 1388 2007 1442 hac

432 1480 654 1536 tandem
691 1495 1001 1537 aerumnosa
1029 1482 1140 1536 vita
1163 1482 1438 1538 secedere.

926 1634 1262 1692 EPISTOLA
1297 1633 1546 1692 CXLVI‘.

2097 477 2196 549 τὴν
2229 475 2489 546 φιλτάτην
2520 471 2630 526 τῶν
2645 468 3001 541 Ἐκκλησιῶν,
3033 467 3129 521 καὶ
3166 465 3345 537 μέντοι
3378 464 3472 518 καὶ
3513 462 3675 533 ὀφθῆ-

2100 585 2186 622 ναι
2216 566 2344 641 παρ’
2376 565 2550 635 αὐτῆς
2576 580 2595 597 ο
2621 562 2651 617 ὃ
2683 562 2903 616 πάντων
2931 561 3070 631 αὐτῇ
3093 558 3202 611 τῶν
3234 555 3453 626 ἀγαθῶν
3486 571 3675 626 προτι-

2106 660 2356 733 μότατον,
2387 656 2468 728 τῷ
2498 655 2576 727 σῷ
2607 653 2945 726 προσϐλέψαι
2976 651 3051 722 (4)
3083 648 3394 722 προσώπῳ,
3441 648 3537 701 καί⁵
3579 646 3680 715 τῆς

2105 752 2207 821 σῆς
2238 748 2462 805 ἀκοῦσαι
2494 746 2701 817 φωνῆς.
2740 744 2831 815 Μὴ
2888 743 3069 796 τοίνυν
3120 742 3257 812 αὐτῇ
3307 740 3406 803 τὰς
3460 737 3683 799 ἐλπίδας

2104 841 2313 905 ἀτελεῖς
2362 840 2728 911 καταστήσῃς.
2775 835 2886 889 Καὶ
2937 833 3046 908 γάρ
3096 833 3359 905 πέρυσιν,
3416 831 3525 884 ἀπὸ
3584 829 3685 900 τῆς

2103 934 2305 1006 Συρίας
2361 927 2671 985 ἐπανελθὼν
2724 927 2821 997 (5),
2880 925 2950 997 ἥν
3005 923 3271 993 ἐδεξάμην
3319 919 3685 990 ἐπαγγελίαν,

2099 1026 2303 1094 ταύτην
2324 1022 2665 1093 διακομίσας,
2698 1019 2816 1081 πῶς
2863 1018 2964 1070 οἴει
3008 1014 3276 1087 μετέωρον
3327 1013 3496 1081 αὐτὴν
3548 1028 3687 1064 κατ-

2103 1116 2303 1185 έστησα
2324 1115 2445 1176 ταῖς
2477 1111 2657 1165 ἐλπίσι
2679 1126 2694 1176 ;
2721 1108 2813 1180 Μὴ
2843 1103 2935 1161 οὖν
2958 1108 3037 1169 εἱς
3060 1104 3216 1160 ἄλλον
3243 1103 3432 1173 καιρὸν
3471 1102 3691 1174 ὑπέρθῃ

2099 1208 2202 1279 τὴν
2231 1204 2519 1274 ἐπίσκεψιν
2550 1203 2720 1271 αὐτῆς
2754 1201 2854 1271 (6),
2886 1193 2930 1252 ὧ
2965 1198 3253 1268 θαυμάσιε.
3282 1195 3392 1249 Καὶ
3429 1193 3541 1264 γὰρ
3593 1193 3691 1247 ἐὰν

2108 1298 2393 1372 ᾕδυνατὸν
2442 1296 2569 1350 ἰδεῖν
2620 1294 2791 1364 αὑτήν
2854 1308 3006 1354 ποτε,
3064 1288 3179 1344 ἀλλ’
3234 1288 3356 1358 οὐχὶ
3411 1285 3507 1340 καὶ
3569 1285 3690 1357 μεθ’

2108 1389 2287 1461 ἡμῶν,
2314 1387 2407 1451 οὒς
2432 1386 2638 1455 ἐπείγει
2666 1386 2701 1456 ἡ
2731 1385 2886 1446 νόσος
2919 1383 3131 1453 ἀπᾶραι
3158 1378 3344 1434 λοιπὸν
3371 1377 3469 1433 τοῦ
3490 1378 3691 1448 ὀδυνη-

2115 1479 2208 1553 ροῦ
2229 1479 2417 1533 τούτου
2458 1477 2595 1549 βίου.

2606 1633 2950 1687 ΕΠΙΣΤΟΛΗ
2985 1632 3182 1700 ΡΜςι.

437 1774 751 1839 Antiochum,
773 1774 858 1839 qui
883 1787 1031 1826 mamt
1050 1788 1142 1825 sua
1160 1773 1363 1827 salutem
1399 1783 1717 1841 apposuerat,
1739 1776 1957 1829 uicissim
1987 1777 2169 1830 salutat
2198 1774 2416 1828 Basilius
2437 1781 2483 1826 et
2516 1775 2757 1837 hortatur,
2776 1784 2828 1826 ut
2859 1774 3036 1827 anima:
3058 1773 3201 1826 saluti
3223 1772 3439 1825 animum
3457 1769 3697 1823 intendat.

1083 1883 1368 1940 Antiocho.

510 1993 631 2049 Non
674 2010 900 2065 possum
945 2007 998 2052 te
1045 1997 1256 2052 inertiae
1298 2005 1392 2052 aut
1441 1997 1675 2069 pigritiae
1721 2012 2009 2065 accusare,

439 2085 585 2153 quod
608 2100 729 2138 cum
757 2094 974 2155 tempus
1003 2087 1289 2142 tncidisset
1314 2087 1614 2151 scribendi,
1648 2089 2011 2144 eonticueris.

441 2174 616 2239 Quam
664 2176 809 2229 enim
855 2178 1165 2231 veneranda
1206 2179 1335 2232 mihi
1372 2178 1531 2248 237
1572 2196 1732 2234 manu
1783 2182 2016 2237 salutem

442 2267 679 2330 misisti,
714 2266 855 2322 hanc
895 2269 1070 2338 pluris
1113 2268 1255 2323 facio
1289 2285 1450 2339 quam
1489 2271 1689 2326 multas
1731 2273 2013 2341 epistolas.

442 2356 521 2413 Te
547 2359 714 2429 igitur
740 2360 980 2414 vicissim
1008 2362 1207 2428 saluto,
1225 2377 1289 2415 ac
1319 2363 1596 2425 exhortor,
1616 2372 1674 2417 ut
1699 2374 1920 2421 strenue
1950 2366 2018 2420 ad

444 2449 640 2503 anima:
666 2450 897 2504 salutem
925 2452 1231 2515 inctnnbas,
1260 2468 1453 2507 omnes
1485 2453 1671 2509 carnis
1703 2457 2018 2511 atiectiones

443 2539 661 2591 ratione
693 2537 936 2604 frnnans,
970 2555 1035 2594 ac
1072 2542 1446 2597 indesinenter
1494 2542 1588 2599 Dei
1633 2548 2016 2617 cogitationem

445 2630 594 2684 velut
623 2630 677 2682 in
711 2632 1061 2686 sanctissimo
1101 2635 1335 2703 quodam
1379 2639 1579 2706 templo
1603 2678 1616 2697 ,
1651 2639 1722 2691 ita
1754 2640 1808 2693 in
1840 2644 2021 2696 animo

453 2736 553 2773 tuo
577 2733 952 2776 consecratam
984 2723 1225 2780 habens:
1257 2736 1420 2796 atque
1452 2736 1508 2780 ut
1544 2729 1596 2781 in
1630 2732 1845 2786 actione
1870 2732 2021 2786 omni

448 2820 502 2864 et
533 2810 588 2863 in
623 2814 770 2864 onmi
803 2828 1059 2867 sermone
1089 2823 1214 2870 ante
1248 2820 1437 2871 oculos
1470 2818 1671 2875 habeas
1704 2820 1906 2875 Christi
1934 2822 2022 2891 ju-

450 2902 699 2968 dicium;
746 2903 820 2956 ita
873 2913 930 2958 ut
972 2897 1074 2959 tibi
1120 2921 1284 2976 opera
1333 2910 1545 2978 singula
1596 2911 1661 2965 ad
1708 2923 2023 2968 accuratum

452 2992 583 3047 illud
609 3008 672 3046 ac
696 2993 1036 3046 tremendum
1065 3011 1291 3049 examen
1327 2999 1576 3061 collecta,
1606 3000 1833 3069 gloriam
1864 3002 1916 3055 in
1939 3002 2027 3057 die

452 3087 914 3142 τθιιιιηιρηιὶιιιιὶε
942 3086 1193 3148 aﬂ'erant,
1227 3105 1412 3143 ('Ol‘illl'i
1445 3096 1592 3145 οιιιιιί
1619 3101 1871 3146 creatura
1905 3095 2027 3146 iilll-

454 3178 576 3232 dem
605 3181 962 3249 consequenti
1020 3179 1175 3245 Quod
1202 3182 1246 3236 si
1282 3199 1385 3236 non
1413 3195 1668 3254 gravetur
1700 3185 1764 3239 ad
1810 3201 1907 3241 nos
1937 3202 2027 3240 ns-

2710 1885 2986 1955 Ἀντιόχῳ
3017 1884 3114 1957 (7).

2183 1998 2296 2052 Οὐκ
2343 1996 2450 2067 ἔχω
2502 1995 2820 2066 μέμψασθαί
2875 2012 2957 2048 σοι
3002 1993 3201 2065 ἀργίαν
3243 1991 3363 2045 οὖδέ
3396 2008 3702 2064 ρᾳδυμιαν,

2112 2089 2215 2152 ὅτι,
2248 2086 2442 2159 καιροῦ
2479 2087 2893 2158 παραπεσόντος
2935 2083 3011 2154 (8)
3050 2083 3417 2156 γραμμάτων,
3452 2080 3702 2139 ἀπεσιώ-

2116 2195 2316 2250 πησας.
2368 2178 2471 2232 Ἢν
2514 2175 2624 2247 γὰρ
2675 2176 2763 2229 διὰ
2813 2177 2910 2244 τῆς
2969 2176 3155 2245 τιμίας
3191 2175 3315 2245 ἐμοὶ
3364 2174 3548 2244 χειρὸς
3621 2171 3705 2225 δι-

2123 2270 2355 2340 επέμψω
2394 2267 2786 2341 προσηγορίαν,
2814 2265 3023 2320 πολλῶν
3039 2264 3337 2320 ἐπιστολῶν
3364 2263 3707 2335 τιμιωτέραν

2117 2364 2398 2433 ποιοῦμαι.
2456 2362 2602 2415 Ἀντὶ
2636 2356 2728 2413 οὖν
2775 2360 2977 2430 ταύτης
3030 2356 3420 2430 προσαγορεύω
3489 2372 3572 2419 σε,
3610 2355 3708 2408 καὶ

2119 2453 2420 2525 παρακαλῶ
2466 2451 2769 2515 σπουδαίως
2823 2452 3148 2520 ἀντέχεσθαι
3193 2451 3291 2520 τῆς
3336 2447 3478 2502 κατὰ
3520 2447 3710 2516 ψυχὴν

2122 2545 2414 2617 σωτηρίας,
2470 2544 2649 2598 πάντα
2705 2542 2773 2596 τὰ
2829 2541 2974 2613 πάθη
3029 2543 3128 2612 τῆς
3172 2540 3373 2611 σαρκὸς
3421 2539 3711 2610 πραιδαγωο

2120 2636 2317 2706 γοῦντα
2334 2636 2411 2707 τῷ
2435 2636 2598 2706 λόγῳ,
2627 2635 2722 2688 καὶ
2741 2633 3003 2703 διηνεκῶς
3028 2633 3125 2704 τὴν
3156 2632 3283 2704 περὶ
3310 2633 3445 2685 Θεοῦ
3470 2630 3707 2693 ἔννοιαν,

2121 2721 2231 2778 οἷον
2262 2727 2318 2779 ἐν
2347 2724 2462 2795 ναῷ
2492 2742 2595 2777 τινι
2631 2725 2942 2794 ἁγιωτάτῳ,
2988 2726 3055 2795 τῇ
3090 2722 3284 2776 σαυτοῦ
3313 2721 3458 2791 ψυχῇ
3489 2720 3710 2790 ἐνιδρυμ-

2127 2817 2291 2887 μένην
2325 2815 2546 2886 ἔχοντα·
2599 2818 2691 2869 ἐπὶ
2738 2816 2918 2885 πάσης
2962 2815 3018 2867 δέ
3054 2815 3305 2885 πράξεως
3354 2812 3448 2865 καὶ
3504 2810 3713 2872 παντὸς

2123 2907 2278 2975 λόγου
2316 2907 2421 2978 πρὸ
2460 2904 2753 2976 ὀφθαλμῶν
2793 2905 3090 2975 λαμϐάνειν
3133 2905 3190 2957 τὸ
3222 2903 3314 2957 τοῦ
3348 2900 3588 2973 Χριστοῦ
3633 2899 3718 2970 (9)

2126 2998 2496 3070 δικαστήριον,
2550 2999 2690 3052 ῶστε
2733 3016 2815 3052 σοι
2869 2998 2968 3062 τὰς
3010 2997 3151 3051 κατὰ
3209 2996 3372 3066 μέρος
3427 2994 3716 3064 ἐνεργείας

2130 3090 2483 3161 συναχθείσας
2523 3092 2615 3143 ἐπὶ
2648 3091 2746 3161 τῆς
2788 3089 3054 3162 ἀκριϐοῦς
3090 3087 3305 3159 ἐκείνης
3339 3085 3435 3140 καὶ
3470 3085 3715 3156 φοϐερᾶς

2130 3183 2424 3248 ἐξετάσεως
2469 3183 2627 3249 δόξαν
2689 3185 2747 3236 ἐν
2796 3186 2862 3253 τῇ
2920 3182 3099 3253 ἡμέρᾳ
3148 3181 3246 3251 τῆς
3301 3176 3718 3238 άνταποδὸσεως

456 3286 563 3340 que
599 3273 868 3341 prolicisci
894 3288 1122 3343 magnus
1150 3275 1239 3329 ille
1263 3276 1364 3330 vir.
1395 3292 1583 3345 parum
1614 3293 1724 3331 non
1755 3278 1858 3332 erit
1889 3279 2026 3333 lucri

2137 3275 2391 3343 ἐνεγκεῖν,
2433 3275 2524 3326 ἐπὶ
2556 3273 2737 3345 πάσης
2762 3274 2862 3344 τῆς
2885 3274 3111 3336 κτίσεως
3140 3271 3246 3324 τῶν
3272 3270 3506 3324 ἐπαίνων
3531 3268 3721 3334 ἀξιου-

463 3370 519 3417 te
550 3377 659 3417 una
687 3379 811 3419 cum
838 3364 957 3435 ipso
986 3366 1045 3419 in
1077 3375 1266 3421 nostra
1296 3367 1520 3438 regione
1546 3370 1884 3440 conspicere.

947 3691 1284 3748 EPISTOLA
1321 3691 1556 3750 CXLVII
1566 3697 1626 3748 ”.

2137 3364 2302 3436 μένῳ.
2341 3365 2402 3417 Εί
2445 3365 2501 3419 δέ
2547 3365 2893 3435 καταδέχοιτο
2933 3365 3032 3435 τὴν
3090 3364 3282 3434 μέχρις
3321 3359 3477 3432 ήμῶν
3531 3358 3655 3411 ὁδὸν
3689 3359 3720 3411 ὁ

2139 3455 2333 3525 μέγας,
2366 3456 2426 3508 οὐ
2453 3456 2649 3528 μικρὸν
2670 3457 2859 3529 κέρδος
2887 3456 3014 3510 ἰδεῖν
3045 3472 3105 3507 σε
3148 3454 3263 3525 μετ’
3299 3450 3461 3505 αὑτοῦ
3491 3449 3590 3503 ἐπὶ
3616 3448 3720 3519 τῆς

2139 3546 2433 3618 ἡμετέρας.

2629 3701 2979 3755 ΕΠΙΣΤΟΛΗ
3016 3700 3197 3753 ΡΜΖ’.

463 3807 679 3873 Aburgto
700 3805 917 3860 Basilius
940 3809 1212 3883 Maximth
1231 3810 1549 3883 commendat,
1574 3824 1632 3860 ac
1649 3816 1793 3883 rogat
1807 3850 1819 3869 ,
1842 3816 1893 3861 ut
1910 3809 2157 3883 hominem
2175 3812 2319 3883 longe
2336 3815 2599 3883 optimum,
2629 3816 2725 3883 qui
2738 3815 3060 3881 Cappadocia:
3083 3826 3263 3880 praeses
3281 3812 3441 3875 fuerat
3459 3848 3475 3872 ,
3496 3809 3721 3863 euntibus

1141 3871 1281 3923 rebus
1302 3871 1560 3937 spoliatum
1575 3910 1588 3931 ,
1613 3880 1657 3924 et
1680 3871 1732 3924 in
1748 3875 1981 3926 aerumnis
1995 3876 2236 3941 jacentem
2255 3871 2488 3929 adversus
2510 3871 2815 3931 caluiimiant'
2829 3871 3034 3929 tueatur.

1127 3974 1380 4045 Aburgt'o.

539 4088 797 4144 Fabulam
845 4090 1115 4146 hactenus
1154 4092 1443 4146 credebam
1497 4089 1716 4145 Homeri
1761 4091 2042 4154 carmina,

470 4197 593 4236 cum
619 4183 946 4252 perlegerent
971 4184 1197 4236 alteram
1220 4184 1368 4237 illius
1397 4183 1578 4252 poesis
1603 4190 1831 4252 partem,
1858 4183 1909 4236 in
1936 4196 2045 4253 qua

472 4258 687 4346 Ulyssis
716 4277 1060 4332 calamitates
1086 4284 1291 4330 narrat.
1329 4274 1433 4331 Sed
1461 4276 1706 4330 fabulosa
1740 4275 1830 4328 illa
1860 4276 2046 4328 hacte-

2778 3986 3099 4054 Ἆϐουργίῳ.

2215 4095 2398 4150 Μῦθον
2431 4097 2679 4168 ἐνόμιζον
2704 4097 2840 4162 τέως
2873 4097 2939 4150 τὰ
2970 4097 3064 4150 τοῦ
3117 4097 3375 4168 Ὀμήρου,
3408 4095 3493 4147 ὅτε
3530 4093 3724 4165 ἐπῄειν

2147 4188 2308 4242 αὑτοῦ
2334 4189 2395 4242 τὸ
2424 4189 2608 4260 ἕτερον
2643 4189 2806 4262 μέρος
2839 4190 2938 4259 τῆς
2974 4190 3263 4259 ποιήσεως,
3313 4188 3371 4239 ἐν
3418 4179 3462 4254 ᾧ
3510 4185 3584 4239 τὰ
3628 4184 3724 4238 τοῦ

2160 4281 2458 4345 Ὀδυσσέως
2496 4283 2641 4355 πάθη
2677 4281 3072 4353 μεταδιδάσκει.
3124 4280 3261 4333 Ἀλλ’
3300 4281 3481 4332 ἐκεῖνα
3524 4278 3596 4330 τά
3629 4296 3728 4349 μυ·

472 4384 578 4422 nus
616 4375 670 4422 et
712 4369 1079 4431 incredibilia,
1120 4369 1348 4420 onmino
1381 4383 1481 4422 nos
1522 4368 1823 4436 probabilia
1855 4366 2026 4421 existi-

2150 4372 2277 4427 θικὰ
2313 4375 2453 4437 τέως
2493 4374 2586 4428 καὶ
2623 4374 2828 4428 ἄπιστα
2860 4374 3000 4427 πάνυ
3041 4373 3186 4442 ἡμᾶς
3246 4370 3449 4424 πιθανὰ
3483 4368 3730 4440 νομίζειν

470 4472 625 4511 mare
647 4455 835 4511 docuit
869 4458 1027 4527 longe
1065 4458 1252 4526 optimi
1296 4457 1512 4511 Maximi
1559 4458 1864 4512 calamitas.
1912 4457 2026 4510 Nan

2149 4463 2443 4535 ἐδίδαξενὴ
2482 4465 2608 4536 περὶ
2647 4464 2739 4517 τὸν
2787 4463 2963 4517 πάντα
3005 4462 3224 4532 ἄριστον
3273 4460 3530 4530 Μάξιμον
3578 4477 3731 4532 περι-

472 4556 528 4602 et
558 4547 645 4602 hic
680 4550 894 4617 praefuit
927 4548 1071 4617 genti
1116 4564 1225 4601 non
1258 4549 1553 4609 vilissimae.
1589 4548 2046 4616 quemadmodum

474 4642 567 4698 ille
604 4642 711 4698 dux
750 4642 852 4696 fuit
891 4640 1389 4711 Cephalleniorum.
1442 4640 1518 4695 Ac
1557 4639 1779 4712 Ulysses
1826 4641 2046 4712 quidem

549 4780 566 4798 ‘
603 4776 755 4830 Alias
788 4775 1105 4832 CCLXVlIl.
1152 4775 1361 4843 Scripta
1403 4791 1546 4829 anno
1573 4776 1696 4830 575.

550 4849 591 4869 “
630 4848 778 4902 Alias
828 4844 1093 4899 (IULLVI.
1132 4844 1343 4915 Scripta
1380 4864 1522 4900 anno
1558 4847 1679 4901 575.

548 4916 624 4983 (4)
668 4918 1073 4985 Προσϐλέψαι.
1125 4916 1199 4968 Ita
1250 4932 1463 4970 summo
1516 4931 1786 4972 consensu
1840 4922 2051 4971 veteres

476 4987 623 5043 libri.
663 4986 840 5039 Editio
871 4990 1041 5057 prima
1069 4985 1603 5057 Paris.__7rpo€ikéd«at.

554 5058 630 5119 (5)
684 5056 1075 5112 Ἐπανελθὼν.
1123 5055 1386 5125 ὃίιχΗιιΗ.
1417 5067 1469 5108 rt
1499 5057 1647 5111 Coisl
1693 5056 1902 5125 primus
1925 5072 2051 5111 cum

481 5128 730 5198 pluribus
760 5128 903 5198 aliis.
943 5126 1121 5198 fiditio
1157 5130 1170 5178 I
1207 5124 1384 5180 Paris.
1414 5124 1752 5198 άπανελθών.

552 5196 629 5267 (6)
653 5195 886 5268 nimim.
944 5195 1097 5268 Hanc
1139 5211 1334 5268 vocent
1379 5197 1686 5252 addiditth
1731 5212 1794 5251 ex
1845 5203 2053 5268 septem

481 5263 619 5321 mss.
652 5266 964 5321 Harlaeanus
997 5267 1165 5319 Codex
1198 5263 1396 5320 αὐτῶν.
1909 5263 1927 5310 ἴ

555 5336 631 5406 (7)
683 5338 983 5406 Ἀντιόχῳ.
1026 5335 1248 5406 Legitur
1276 5337 1326 5387 in
1361 5337 1617 5390 omnibus
1646 5351 1779 5391 mss.
1816 5343 1870 5390 et
1892 5334 2058 5390 editis

484 5404 762 5476 τῷαύτῷ,
798 5404 923 5476 quia
972 5404 1182 5460 scilicet
1228 5407 1337 5459 haec
1379 5409 1606 5476 epistola
1656 5408 1902 5473 sequitur
1941 5406 2057 5474 epi-

487 5476 682 5545 stolam
714 5478 802 5531 51.
854 5478 989 5531 alias
1021 5476 1144 5529 ‘2b'7.
1195 5476 1297 5528 Sed
1357 5488 1534 5530 tamen
1587 5479 1930 5545 perspicuum
1976 5482 2061 5528 est

485 5543 630 5598 hanc
687 5547 972 5616 epistolam
1034 5563 1137 5600 non
1203 5548 1519 5616 inscriptam
1572 5543 1740 5600 fuisse
1804 5545 2058 5608 Eusebio,

488 5630 648 5686 quem
679 5615 913 5671 Basdius
943 5617 1191 5686 designat
1220 5618 1302 5670 his
1339 5615 1518 5670 vt‘tbis
1548 5636 1558 5670 :
1594 5616 1747 5683 Quod
1768 5618 2059 5686 simugnus

487 5683 581 5740 illo
605 5687 706 5753 uir,
736 5698 870 5753 etc.,
902 5688 997 5743 sed
1032 5683 1202 5757 ipsius
1244 5686 1428 5741 fratris
1458 5687 1587 5759 ﬁlio,
1621 5704 1780 5757 quem
1802 5685 2058 5750 Basilius,

2152 4553 2361 4606 πέτεια.
2402 4554 2511 4606 Καὶ
2549 4552 2656 4623 γὰρ
2702 4552 2797 4606 καὶ
2846 4544 3000 4614 οὗτος
3047 4551 3228 4621 ἄρχων
3285 4549 3501 4618 ἐγένετο
3542 4548 3733 4610 ἔθνους

2149 4645 2209 4697 οὐ
2239 4644 2595 4714 φαυλοτάτου,
2623 4643 2811 4715 ὥσπερ
2858 4644 3064 4706 ἐκεῖνος
3093 4643 3121 4694 ὁ
3153 4639 3457 4712 στρατηγὸς
3486 4638 3601 4709 (10)
3626 4636 3733 4691 τῶν

2154 4784 2213 4830 ιιι
2241 4776 2523 4845 aequalem.
2555 4775 2638 4829 vel
2673 4773 2814 4829 forte
2841 4774 3005 4828 etiam
3036 4778 3170 4825 natu
3197 4770 3486 4832 minorem,
3518 4767 3589 4822 ad
3620 4767 3736 4838 pie-

2151 4855 2318 4900 tatem
2351 4847 2620 4898 hortatur.

2226 4917 2300 4985 (8)
2344 4911 2960 4985 Παραπεσόντοςᾏδῐο-
2981 4917 3216 4985 quatuor
3238 4907 3602 4985 vetustissimi
3637 4922 3731 4985 σοι·

2153 4977 2327 5044 dices.
2378 4977 2551 5042 Harl"
2604 4984 2767 5037 ΜεδιΙ..
2817 4977 3164 5043 ΟοὶεΙ.ζΥ;ιι.
3217 4988 3272 5033 et
3320 4980 3409 5031 alii
3462 4977 3734 5031 nonnulli.

2154 5055 2296 5110 Editi
2343 5054 2813 5127 παρεμπεσόντος.
2855 5053 3174 5127 Paulopost
3217 5048 3736 5127 auctoritateqnin-

2154 5143 2261 5195 que
2286 5119 2559 5181 codicum.
2588 5138 2816 5193 qthrUttt
2846 5121 3090 5176 notinnlli
3120 5119 3509 5195 antiquissimi.
3540 5126 3734 5195 trans-

2157 5186 2441 5266 posuimus
2484 5186 2627 5266 ἐμοί,
2674 5208 2800 5250 cum
2852 5194 3121 5263 legeretur
3161 5192 3217 5243 in
3254 5186 3431 5243 'editis
3481 5187 3611 5259 ἐμοὶ
3656 5188 3737 5241 δι-

2155 5283 2254 5320 επε
2264 5283 2388 5320 μυρω
2400 5309 2410 5319 .

2229 5286 2626 5405 ῗῶψῖἳιξριστοῦ.
2688 5331 2780 5388 Sic
2824 5330 3067 5403 plerique
3112 5345 3246 5385 mss.
3301 5328 3541 5384 codices.
3599 5326 3738 5381 Editi

2158 5407 2388 5459 Κυρίου.

2232 5424 2457 5544 ἱῗῖἶῖυλο
2497 5474 2849 5543 στρατηγός.
2893 5470 3121 5544 Additus
3162 5469 3530 5544 articulusrx
3565 5468 3737 5544 tribus

2160 5536 2552 5601 vetnsiissimis
2569 5536 2858 5598 codicibus
2885 5552 2937 5596 et
2967 5542 3143 5595 tribus
3168 5541 3311 5592 aliis.
3347 5538 3574 5594 ibidem.
3605 5536 3739 5609 Reg.

2163 5619 2439 5674 secundus
2466 5627 2518 5673 et
2546 5616 2715 5671 Consl.
2756 5613 3031 5670 secundus
3058 5609 3412 5681 Κεφαλήνων.
