3868 6218
169 323 310 382 ’597

1113 325 1597 386 ΕιιιδτοιΑιιυιι
1625 328 1909 385 CLASSIS
1941 328 2005 388 ll.
2044 326 2261 386 EPIST.
2300 328 2572 386 CXLVIII.

3337 336 3444 394 598

204 439 593 511 Κεφαλλήνων.
640 441 751 496 Καὶ
803 441 973 496 πολλά
1034 445 1291 514 χρήματα
1358 444 1505 513 ἄγων
1550 447 1804 511 ἐκεῖνος,

1895 460 2002 500 :ntn
2024 442 2268 515 pecuniae"
2287 444 2581 516 plurimum
2606 428 2966 515 exportasset,
2992 447 3169 504 nudus
3192 463 3443 506 reversus

205 531 411 602 γυμνὸς
437 531 705 602 ἐπανῆλθε
724 547 737 561 ’
768 533 862 587 καὶ
887 533 1073 587 τοῦτον
1111 534 1285 600 οὕτως
1318 538 1351 606 ἡ
1402 537 1654 608 συμφορά
1701 537 1778 591 δι-

207 623 425 695 έθηκεν,
448 624 522 688 ὡς
546 623 885 679 κινδυνεῦσαι
909 628 967 678 ὲν
993 626 1291 698 ἀλλοτρίοις
1313 628 1534 699 ῥάκεσιν
1549 628 1777 699 ὀφθῆναι

205 714 321 776 τοῖς
353 715 494 767 οἴκοι
539 716 673 784 (Η).
715 717 825 773 Καὶ
867 717 1040 772 ταῦτα
1076 718 1331 783 πέπονθε,
1372 721 1781 792 Λαιστρυγόνας

204 805 347 875 τάχα
370 822 473 860 που
503 809 589 875 ἐφ’
608 809 796 862 ἑαυτὸν
825 809 1154 878 παροξύνας,
1189 813 1283 865 καὶ
1305 812 1517 887 Σκύλλῃ
1547 830 1778 886 περιπε-

210 895 320 949 σὼν
348 898 404 949 ἐν
439 900 723 972 γυναικείᾳ
758 904 937 973 μορφῇ
986 903 1206 957 κυνείαν
1252 904 1450 978 ἐχούσῃ
1491 906 1780 978 ἀπανθρωσ

210 988 344 1042 πίαν
380 990 474 1043 καὶ
500 992 816 1064 ἀγριότητα.
865 996 1016 1048 Ἐπεὶ
1061 992 1154 1050 οὖν
1203 997 1355 1067 μόλις
1383 997 1529 1069 αύτῷ
1574 997 1782 1070 ὑπῆρξε

208 1079 303 1133 τὸν
346 1079 582 1148 ἄφυκτον
640 1083 827 1137 τοῦτον
878 1084 1230 1156 διανήξασθαι
1287 1087 1552 1148 κλύδωνα.
1601 1089 1662 1142 σὲ
1709 1088 1780 1141 δι’

210 1171 371 1244 ἡμῶν
402 1172 650 1233 ἱκετεύει.
686 1175 852 1240 ἀξιῶν
876 1177 1188 1247 αἰδεσθῆναι
1234 1178 1332 1248 τὴν
1375 1179 1560 1250 κοινὴν
1597 1179 1779 1249 φύσιν,

210 1265 309 1317 καὶ
327 1264 420 1317 ἐπὶ
441 1268 558 1329 ταῖς
581 1268 709 1338 παρ’
735 1267 890 1333 ἀξίαν
918 1268 1084 1321 αὐτοῦ
1111 1272 1416 1339 συμφοραῖς
1444 1269 1781 1338 ἀλγήσαντα,

215 1355 293 1426 μὴ
318 1359 490 1428 σιωπῇ
515 1358 719 1429 κρύψαι
747 1358 816 1412 τά
840 1359 960 1412 κατ’
984 1360 1166 1422 αὐτὸν,
1198 1359 1334 1413 ἀλλὰ
1351 1361 1651 1428 διαγγεῖλαι
1672 1364 1785 1424 τοῖς

211 1447 273 1499 ἐν
293 1446 541 1519 δυνάμει,
598 1449 737 1505 ὥστε
785 1451 1015 1522 μάλιστα
1074 1452 1170 1522 μὲν
1214 1452 1306 1505 καὶ
1356 1450 1609 1530 γενέσθαι
1664 1453 1786 1506 τινὰ

212 1540 366 1612 αύτῷ
413 1540 656 1612 βοήθειαν
699 1544 838 1613 πρὸς
880 1544 978 1616 τὴν
1038 1544 1474 1615 σκευωρηθεῖσαν
1510 1544 1621 1613 (ΙΞ.)
1684 1545 1783 1596 ὲπ-

213 1632 441 1702 ήρειαν·
476 1635 519 1685 εἰ
539 1633 596 1685 δὲ
627 1632 721 1705 μὴ,
753 1633 1171 1705 δημοσιευθῆναι
1191 1633 1320 1702 γοῦν
1354 1633 1451 1703 τὴν
1473 1630 1786 1703 προαίρεσιν

209 1721 310 1775 τοῦ
355 1724 437 1786 είς
466 1724 622 1779 αὐτὸν
662 1726 1179 1797 ἐμπατοινήσαντος.
1233 1722 1502 1795 Ἀρκοῦσα
1552 1722 1661 1794 γάρ
1706 1722 1785 1794 τῷ

1875 544 1958 593 est
1977 546 1997 592 ι’
2043 537 2189 591 hunc
2233 546 2414 593 autem
2454 552 2521 592 eo
2566 552 2656 593 res
2705 538 2946 594 adversae
2993 541 3351 610 redegerunt,
3383 551 3445 597 ut

1876 644 2017 700 pene
2060 630 2116 682 in
2156 629 2352 683 alienis
2394 638 2450 683 et
2482 629 2681 684 laceris
2712 632 2907 700 pannis
2938 631 3121 686 domui
3154 648 3265 691 sua:
3294 636 3446 689 visus

1878 715 1967 769 sit.
1998 714 2175 784 Atque
2204 713 2317 769 haec
2349 728 2641 784 perpessus
2669 722 2784 779 est,
2822 715 2959 770 forte
2984 716 3112 786 quia
3146 714 3446 789 Laesung

1878 821 1978 861 nas
2011 805 2066 859 in
2102 820 2161 859 se
2192 805 2506 875 instigavit,
2539 820 2603 859 ac
2640 805 2694 859 in
2725 803 2961 877 Scyllam
2989 807 3211 872 incidit,
3243 807 3447 862 haben-

1880 906 1987 955 tem
2014 899 2070 953 in
2100 898 2350 952 muliebri
2382 897 2552 952 forma
2578 898 2826 952 caninam
2860 898 3251 954 immanitatem
3274 914 3339 955 ac
3363 899 3445 956 fe-

1879 990 2117 1043 ritatem.
2148 988 2285 1044 Cum
2336 988 2500 1058 igitur
2533 988 2622 1042 vix
2659 989 2709 1043 ei
2758 988 2974 1043 licuerit
3004 1004 3068 1044 ex
3113 990 3448 1045 ineluctabili

1882 1082 1972 1137 illa
2000 1083 2236 1152 procella
2256 1096 2554 1153 emergere,
2585 1088 2640 1136 te
2663 1096 2780 1136 mea
2812 1096 2976 1152 opera
3005 1085 3231 1153 supplex
3267 1092 3445 1154 rogat,

1881 1181 1941 1229 ut
1970 1182 2221 1229 naturam
2254 1188 2601 1228 communem
2649 1175 2954 1229 reverearis
2977 1215 2992 1237 ,
3026 1188 3091 1228 ac
3123 1175 3453 1230 calamitati-

1883 1266 2014 1329 bus,
2050 1280 2186 1335 quas
2226 1280 2334 1319 non
2382 1265 2577 1319 merito
2617 1278 2718 1319 suo
2757 1279 2952 1334 passus
2988 1274 3105 1330 est,
3139 1276 3450 1322 commotus

1882 1357 1950 1412 de
1998 1357 2160 1411 rebus
2203 1356 2352 1412 illius
2396 1370 2506 1409 non
2550 1364 2765 1422 taceas,
2816 1355 2912 1411 sed
2957 1356 3093 1411 viris
3138 1356 3452 1427 potentibus

1882 1447 2123 1511 nunties,
2152 1447 2206 1500 in
2234 1447 2426 1518 primis
2457 1456 2517 1500 ut
2543 1446 2780 1515 praesidii
2818 1447 3026 1518 aliquid
3057 1457 3250 1503 contra
3299 1455 3451 1502 strue

1883 1548 2024 1595 ctam
2058 1538 2382 1592 calumniam
2415 1538 2638 1593 habeat:
2675 1540 2758 1594 sin
2790 1539 2990 1604 minus,
3022 1547 3081 1593 ut
3109 1540 3449 1610 propositum

1883 1630 2060 1692 illius,
2097 1631 2189 1699 qui
2232 1632 2286 1683 in
2328 1629 2506 1698 ipsum
2547 1628 2915 1686 debacchatus
2948 1639 3065 1693 est,
3116 1631 3450 1701 divulgetur.

1884 1719 2003 1775 Non
2048 1723 2164 1776 leve
2213 1721 2357 1774 enim
2405 1719 2614 1774 homini
2665 1721 2882 1789 injuriis
2925 1721 3116 1777 all‘ecto
3164 1723 3449 1787 solatium,

210 1813 525 1884 ἠδικημένῳ
555 1816 876 1887 παραμυθία
906 1818 940 1888 ἡ
970 1815 1079 1871 τῶν
1106 1814 1606 1870 ἐπιϐουλευσάντων
1633 1813 1780 1884 αύτῷ

1895 1828 2071 1869 eorum
2092 1851 2106 1877 ,
2139 1811 2233 1883 qui
2263 1811 2368 1882 ipsi
2396 1811 2641 1867 insidiati
2687 1819 2846 1879 sunt,
2877 1812 3242 1884 improbitatis
3273 1813 3454 1869 decla-

210 1906 315 1975 τῆς
343 1908 606 1978 πονηρίας
632 1908 952 1980 φανέρωσις.

708 2063 1053 2118 ΕΠΙΣΤΟΛΗ
1090 2064 1277 2118 ΡΜΗ’.

1891 1905 2051 1959 ratio.

2339 2057 2680 2114 EPISTULA
2714 2056 3007 2115 CXLVIII‘.

647 2177 916 2227 Maximum
942 2179 1159 2243 Trojano
1181 2175 1482 2229 commendat
1504 2174 1738 2237 Basilius,
1763 2189 1821 2227 ac
1842 2182 1983 2243 rogat
2004 2182 2057 2227 ut
2077 2175 2125 2227 ei
2145 2174 2197 2226 in
2210 2173 2403 2241 judicio
2424 2172 2746 2241 patrocinium
2764 2173 3024 2239 impendat.

865 2283 1143 2354 Τραϊανῷ.
1600 2356 1603 2357 ν

285 2388 497 2459 Πολλὴν
540 2391 695 2464 φέρει
740 2396 853 2458 τοῖς
893 2396 1383 2468 καταπονουμένοις
1416 2398 1784 2471 παραμυθίαν,

214 2481 314 2536 καὶ
363 2482 426 2535 τὸ
467 2481 605 2553 ἔχειν
656 2484 1025 2556 ἀποδύρασθαι
1070 2487 1169 2552 τὰς
1222 2489 1428 2542 ἑαυτῶν
1469 2491 1782 2563 συμφοράς·

212 2574 313 2629 καὶ
353 2574 599 2645 μάλιστα,
632 2578 757 2631 ὅταν
791 2580 999 2652 ἀνδρῶν
1044 2581 1339 2653 ἐπιτύχωσι
1384 2582 1693 2654 δυναμένων
1722 2586 1787 2636 ἐκ

212 2666 319 2735 τῆς
344 2665 438 2720 τοῦ
473 2668 668 2738 τρόπου
714 2670 1118 2741 καλοκαγαθίας
1162 2673 1515 2745 συμπαθῆσαι
1542 2678 1654 2738 τοῖς
1687 2674 1784 2728 άλ-

210 2761 441 2828 γεινοῖς.
464 2759 621 2815 Ὅθεν
646 2763 738 2816 καὶ
765 2764 794 2817 ό
815 2762 1238 2835 αἰδεσιμὼτατος
1262 2765 1485 2834 ἀδελφὸς
1514 2766 1784 2837 Μάξιμος,

210 2850 245 2903 ὁ
281 2849 383 2920 τῆς
418 2853 668 2922 πατρίδος
694 2853 848 2925 ἡμῶν
887 2856 1252 2927 ἡγησάμενος,
1284 2855 1471 2910 παθὼν
1509 2851 1596 2910 οἷα
1634 2857 1785 2911 οὐδέ-

215 2955 307 2992 πω
330 2939 442 3009 (15)
474 2958 556 3005 τις
584 2942 885 3015 ἀνθρώπων
917 2947 1122 3017 ἔτερος,
1157 2948 1250 3000 καὶ
1288 2947 1505 3001 πάντων
1550 2949 1646 3020 μὲν
1693 2965 1789 3017 γυ-

2549 2282 2653 2338 Τιά
2650 2283 2679 2353 j
2683 2299 2803 2339 ano.

1961 2398 2188 2453 Multum
2216 2395 2371 2452 aliert
2396 2397 2606 2452 alllictis
2635 2395 2815 2450 solatii
2843 2394 2929 2450 vel
2961 2406 3122 2461 posse
3152 2393 3349 2449 deﬂere
3367 2409 3458 2449 ca-

1892 2485 2166 2542 lamitates
2208 2502 2369 2549 suas;
2412 2487 2681 2550 maxime,
2716 2500 2841 2541 cum
2876 2485 3024 2540 viros
3069 2485 3214 2541 nacti
3260 2484 3461 2541 fuerint

1892 2592 2104 2631 morum
2158 2566 2427 2646 probitate
2480 2576 2737 2643 idoneos,
2786 2575 2878 2645 qui
2934 2589 3123 2631 eorum
3176 2576 3458 2631 doloribus

1891 2677 2361 2723 commoveantur.
2391 2666 2545 2724 Unde
2565 2676 2621 2723 et
2647 2668 2798 2722 omni
2827 2670 3032 2723 honore
3059 2667 3258 2737 dignus
3289 2666 3461 2723 frater

1886 2759 2176 2819 Maximus.
2218 2760 2311 2829 qui
2343 2761 2530 2829 patria:
2569 2767 2772 2814 nostra;
2798 2757 3035 2829 praefuit,
3072 2759 3201 2812 talia
3238 2770 3458 2828 passus,

1888 2852 2074 2921 qualia
2116 2851 2357 2904 nondum
2392 2850 2680 2919 quisquam
2714 2849 3017 2912 hominum,
3050 2855 3103 2902 et
3143 2847 3263 2903 suis
3293 2847 3459 2903 rebus

1887 2942 2144 2996 omnibus
2173 2947 2289 2994 tum
2334 2940 2576 3010 paternis
2622 2949 2734 2994 tum
2779 2939 3013 3009 pristino
3057 2939 3243 2994 labore
3289 2939 3461 3009 partis

217 3032 459 3103 μνωθεὶς
503 3034 605 3087 τῶν
646 3037 982 3108 προσόντων,
1018 3039 1117 3092 ὅσα
1148 3056 1208 3092 τε
1248 3035 1315 3110 ἦν
1344 3039 1491 3111 αύτῷ
1538 3040 1786 3111 πατρῷα,

1895 3033 2152 3096 nudatus,
2186 3032 2353 3103 238
2381 3031 2685 3086 innumeris
2710 3030 2940 3086 alIlictns
2968 3030 3219 3099 corporis
3243 3044 3457 3083 Incom—

217 3124 314 3178 καὶ
361 3125 463 3178 ὅσα
525 3126 591 3179 ἐκ
636 3129 917 3200 προτέρων
965 3131 1138 3183 πόνων
1199 3131 1411 3201 ὑπῆρχε
1454 3130 1565 3197 (id)
1608 3148 1785 3184 συνει-

212 3215 482 3287 λεγμένα,
530 3219 911 3289 κακοπαθήσας
963 3219 1021 3272 δὲ
1068 3219 1146 3291 τῷ
1190 3219 1399 3291 σώματι
1448 3221 1617 3290 μυρία
1664 3223 1788 3285 ταῖς

213 3308 331 3363 ἄνω
374 3309 491 3378 (l5)
540 3310 634 3363 καὶ
671 3312 821 3366 κάτω
864 3312 1115 3376 πλάναις.
1165 3313 1257 3366 καὶ
1306 3313 1425 3367 οὐδὲ
1484 3312 1651 3376 αὐτὴν
1688 3313 1788 3383 τὴν

214 3401 505 3472 ἐπιτιμίαν
549 3404 948 3476 ἀνεπηρέαστον
992 3405 1280 3469 διασώσας,
1317 3400 1384 3476 ἦς
1416 3407 1578 3459 ἕνεκα
1615 3407 1790 3461 πάντα

217 3496 408 3546 πονεῖν
462 3497 575 3558 τοῖς
619 3495 941 3567 ἐλευθέροις·
977 3496 1223 3569 σύνηθες,
1282 3496 1453 3550 πολλὰ
1509 3497 1607 3568 μὲν
1655 3496 1790 3567 πρὸς

214 3585 368 3655 ἡμΞς
426 3586 555 3656 περὶ
606 3586 712 3640 τῶν
783 3587 1103 3657 συμϐάντων
1165 3586 1313 3658 αύτῷ
1366 3586 1788 3658 ἁπωλοφύρατο,

214 3674 422 3745 ἠξίωσε
446 3676 503 3729 δὲ
533 3676 598 3728 δι’
628 3677 806 3748 ήμῶν,
859 3678 933 3740 ὡς
980 3679 1038 3731 ἐν
1082 3678 1357 3749 κεφαλαίῳ
1404 3677 1644 3749 φανεράν
1701 3694 1793 3746 γε·

212 3767 404 3820 νέσθαι
436 3785 517 3820 σοι
536 3768 633 3839 τὴν
666 3771 996 3840 περιστᾶσαν
1026 3770 1173 3840 αύτῷ
1204 3770 1311 3823 τῶν
1345 3770 1529 3824 κακῶν
1572 3769 1790 3824 Ἰλιάδα.

218 3856 413 3925 Κάγὼ,
445 3859 630 3927 ἐπειδὴ
668 3859 838 3923 ἄλλως
867 3860 1019 3913 οὐδὲν
1060 3861 1281 3928 ἀφελεῖν
1326 3862 1492 3914 αὑτοῦ
1533 3861 1641 3913 τῶν
1687 3861 1794 3913 δει-

218 3948 326 4000 νῶν
352 3948 640 4019 ἠδυνήθην,
677 3951 907 4020 ἑτοίμως
934 3951 1137 4023 ταύτην
1163 3952 1336 4005 ἔδωκα
1370 3951 1465 4023 τὴν
1501 3952 1657 4023 χάριν
1681 3967 1695 3980 ⁸
1733 3951 1794 4005 τὸ

217 4038 379 4106 ὀλίγα
400 4040 465 4091 ὲκ
487 4039 716 4105 πολλῶν,
748 4034 824 4094 ὧν
853 4042 1057 4112 ἥκουσα
1095 4042 1224 4114 παρ’
1255 4042 1441 4105 αὑτοῦ,
1487 4043 1791 4111 διαγγεῖλαι

214 4133 285 4201 τῇ
322 4131 637 4202 κοσμιότητί
664 4150 755 4186 σου
778 4151 791 4165 '
822 4134 1008 4206 ἐπειδὴ
1029 4135 1189 4199 αὐτὸς
1217 4135 1471 4206 ὲρυθριᾷν
1503 4152 1592 4204 μοι
1617 4134 1792 4187 ἐδόκει

216 4223 320 4287 τὰς
352 4224 544 4277 ἑαυτοῦ
574 4226 857 4298 συμφορὰς
887 4227 1132 4297 ἐναργῶς
1161 4227 1543 4299 διηγήσασθαι.
1587 4227 1649 4278 El
1682 4225 1791 4297 γὰρ

219 4316 315 4367 καὶ
375 4317 609 4386 πονηρόν
670 4317 762 4370 τὸν
828 4317 1127 4388 ἠδικηκότα
1193 4318 1471 4388 συνίστησι
1523 4315 1594 4370 τά
1638 4316 1792 4384 γενό-

1893 3126 2092 3190 modis,
2127 3124 2256 3179 dum
2298 3122 2570 3192 susdeque
2601 3128 2770 3184 errat,
2817 3136 2881 3175 ac
2926 3138 2995 3175 ne
3032 3120 3209 3191 ipsum
3241 3121 3456 3189 quidem

1890 3217 2028 3273 civis
2070 3225 2269 3271 statum
2296 3256 2312 3282 ,
2343 3215 2502 3284 cujus
2549 3229 2715 3270 causa
2757 3214 2910 3267 liberi
2953 3214 3089 3268 nihil
3132 3215 3459 3267 intentatum

1887 3309 2199 3375 relinquere
2247 3308 2455 3369 solent,
2496 3307 2564 3360 ab
2602 3306 2824 3375 injuriis
2862 3305 3136 3376 integrum
3178 3305 3459 3365 retinens,

1889 3401 2141 3473 pluribus
2190 3398 2333 3469 apud
2392 3412 2478 3453 me
2541 3412 2706 3452 casus
2748 3412 2879 3451 suos
2948 3396 3274 3451 lamentatus
3338 3400 3461 3455 est,

1890 3508 1955 3547 ac
2012 3491 2251 3563 rogavit,
2302 3497 2360 3544 nt
2405 3491 2670 3543 malorum
2707 3504 2929 3544 suorum
2974 3487 3192 3542 Iliadem
3226 3485 3464 3541 breviter

1891 3585 1986 3638 tibi
2018 3593 2143 3639 ante
2176 3584 2366 3638 oculos
2413 3596 2689 3652 ponerem.
2725 3580 2837 3650 Ego
2883 3589 3064 3634 autem
3122 3593 3246 3632 cum
3302 3577 3463 3631 aliter

1892 3675 2039 3730 illius
2086 3690 2360 3728 aerumnas
2427 3674 2606 3728 levare
2662 3687 2770 3725 non
2810 3686 3065 3741 possem,
3111 3670 3343 3724 libenter
3405 3666 3462 3722 id

1892 3767 2121 3840 praestiti
2179 3765 2452 3825 beneﬁcii,
2486 3772 2546 3818 ut
2590 3779 2764 3834 pauca
2819 3778 2886 3817 ex
2928 3762 3117 3816 multis
3150 3776 3274 3830 qua:
3308 3760 3375 3814 ab
3396 3774 3464 3814 eo

1893 3859 2101 3920 audivi,
2132 3856 2382 3926 dignitati
2414 3863 2519 3909 tuae
2550 3855 2832 3914 referrem,
2864 3852 3307 3923 quandoquidem
3336 3865 3475 3905 eum.

1893 3950 2149 4022 pudebat,
2173 3956 2233 4002 nt
2265 3948 2393 4002 mihi
2425 3948 2724 4009 videbatur,
2759 3945 3099 4000 calamitates
3124 3959 3252 3999 suas
3278 3949 3467 4012 aperte

1892 4056 2182 4110 exponere.
2217 4039 2350 4094 Nam
2397 4055 2517 4109 qua:
2550 4053 2781 4093 evenere
2805 4077 2819 4100 ,
2845 4037 2891 4090 si
2931 4045 3208 4091 auctorem
3251 4034 3466 4104 injuriae

1892 4148 2127 4202 nequam
2170 4146 2292 4186 esse
2323 4128 2737 4190 demonstrant.
2770 4136 2917 4184 certe
2957 4144 3080 4184 eum
3126 4128 3219 4196 qui
3268 4141 3465 4197 passus

1893 4232 1997 4288 est,
2033 4224 2267 4276 maxima
2293 4222 2647 4276 miseratione
2676 4221 2899 4291 dignum
2925 4219 3258 4274 ostendunt:
3287 4217 3463 4287 siquia

1894 4316 2016 4372 dem
2050 4313 2182 4367 illud
2216 4314 2392 4383 ipsum
2427 4312 2479 4365 in
2506 4313 2648 4366 mala
2667 4312 2928 4375 divinitus
2954 4309 3466 4366 innnissaincidero

224 4423 362 4477 μενα
393 4406 529 4485 (16),
560 4407 673 4460 ἀλλ’
698 4403 791 4462 οὖν
817 4426 879 4478 γε
904 4409 994 4462 τὸν
1032 4408 1337 4462 πεπονθότα
1371 4409 1468 4480 τῆς
1495 4408 1792 4461 ἐλεεινοτά-

1896 4412 2217 4473 argnmcnto
2247 4414 2332 4458 est
2362 4401 2765 4472 quodammodo
2802 4417 2924 4456 eum
2957 4403 3069 4471 qui.
3099 4402 3214 4457 haec
3261 4401 3467 4471 patitur

217 4511 320 4564 της
350 4494 479 4548 ὄντα
510 4496 722 4567 μερίδος
760 4497 1027 4550 δείκνυσιν
1049 4515 1062 4527 ’
1096 4497 1282 4568 ἐπειδὴ
1311 4498 1441 4550 αὐτὸ
1467 4497 1528 4549 τὸ
1567 4512 1793 4567 περιπε-

221 4582 335 4632 σεῖν
361 4582 476 4667 τοῖς
504 4581 783 4653 θεηλάτοις
816 4588 1002 4648 κακοῖς
1028 4584 1302 4650 ἀπόδειξίν
1330 4603 1446 4649 πως
1473 4584 1618 4656 ἔχειν
1646 4584 1795 4637 δοκεῖ

217 4672 315 4725 τοῦ
368 4674 763 4744 παραδεδόσθαι
809 4680 921 4740 τοῖς
971 4678 1216 4733 πάθεσιν.
1280 4678 1419 4731 Ἀλλ’
1477 4679 1638 4750 ἀρκεῖ
1681 4676 1791 4745 (17)

218 4763 371 4834 αύτῷ
404 4765 542 4835 πρὸς
580 4767 928 4837 παραμυθίαν
965 4768 1071 4822 τῶν
1120 4767 1438 4840 συμϐάντων
1478 4769 1538 4822 τὸ
1578 4768 1797 4837 εὐμενεῖ

218 4853 386 4908 αὐτὸν
427 4857 759 4927 προσϐλέψαι
784 4856 859 4928 τῷ
893 4858 1100 4928 δμματί
1141 4876 1220 4922 σε,
1255 4860 1347 4914 καὶ
1383 4860 1482 4930 τὴν
1513 4858 1794 4930 πολυαρκῆ

219 4944 406 5015 χάριν,
441 4941 510 5016 ἦς
539 4947 739 5010 πάντες
767 4948 1129 5014 ἀπολαύοντες
1158 4950 1400 5022 δαπανᾷν
1438 4952 1497 5004 ού
1544 4950 1795 5003 δύνανται

219 5036 346 5108 (τὴν
376 5036 476 5107 τῆς
507 5037 605 5109 σῆς
637 5040 970 5111 ἡμερότητος
1008 5040 1194 5111 λέγω),
1239 5040 1333 5094 καὶ
1358 5042 1446 5093 ἐπ’
1487 5040 1649 5096 αὐτὸν
1697 5041 1795 5109 ἀφ-

296 5215 411 5283 (ιι)
458 5215 584 5282 Τοῖς
621 5216 793 5271 obeat.
829 5216 920 5273 Sic
952 5226 1062 5274 tres
1090 5218 1450 5275 vetustissimi
1480 5219 1701 5274 codices
1741 5225 1797 5272 et

216 5285 468 5342 Clarum.
504 5286 640 5340 Edili
674 5290 784 5350 τοῖς
809 5289 1048 5353 οἰκείοις.

298 5355 411 5477 gl?)
452 5357 958 5425 Σκευωρηθεῖσαν.
1018 5357 1169 5413 llarl.
1211 5364 1267 5413 et
1311 5356 1550 5413 Clarom.
1594 5373 1796 5419 σκαιω-

336 5442 511 5477 εισαν.

220 5442 511 5497 ρηυεισαν.

213 5495 413 5618 ὲῦἓξ)
456 5496 719 5551 οὐδέπω.
758 5496 835 5553 Ita
868 5495 1016 5552 Harl.
1053 5512 1178 5554 cum
1208 5497 1447 5568 quinque
1483 5495 1624 5553 aliis.
1653 5495 1796 5552 Editi

296 5635 415 5704 (ll)
466 5634 737 5704 Ὑπῆρχε.
770 5636 884 5696 Hoc
920 5638 1143 5694 verbum
1173 5636 1484 5694 addidimus
1508 5651 1574 5692 ex
1608 5634 1784 5703 Ilarl.,

222 5702 373 5759 ﬂed.
395 5702 462 5761 et
498 5702 738 5762 Claram.
1452 5736 1455 5737 ν

1894 4497 2332 4552 alllictationibus
2359 4511 2482 4551 esse
2518 4495 2804 4550 traditum.
2851 4493 2968 4549 Sed.
2986 4502 3166 4550 tamen
3195 4495 3330 4550 satis
3381 4501 3468 4549 est

1894 4589 1971 4644 illi
2001 4589 2066 4643 ad
2093 4589 2347 4644 solatium
2376 4588 2666 4652 malorum,
2700 4597 2759 4642 ut
2781 4589 3018 4657 benigno
3051 4586 3202 4640 illum
3232 4584 3469 4656 aspicias

1894 4681 2077 4744 oculo,
2104 4695 2167 4734 ac
2195 4680 2417 4736 uberem
2449 4680 2593 4735 illam
2624 4680 2874 4750 gratiam.
2898 4693 3057 4749 quam
3084 4692 3274 4731 omnes
3302 4692 3470 4746 expe-

1895 4773 2133 4834 riuntur,
2162 4787 2264 4826 nec
2290 4778 2472 4826 tamen
2499 4777 2727 4841 possunt
2749 4770 3043 4826 absumere
3070 4769 3321 4839 (gratiam
3345 4754 3469 4823 dico

1894 4865 2138 4921 lenitatis
2176 4864 2303 4937 tuae)
2341 4866 2506 4920 etiam
2547 4866 2600 4918 in
2639 4864 2790 4917 illum
2831 4860 3115 4918 extendas.
3160 4860 3215 4914 In
3259 4858 3468 4930 judicio

1897 4967 2076 5012 autem
2106 4972 2306 5029 magno
2333 4958 2385 5012 ei
2411 4956 2524 5011 fore
2545 4955 2960 5010 ad.viucendum
2982 4952 3249 5023 praesidio
3282 4961 3470 5020 patro-

1896 5050 2102 5106 cinium
2134 5059 2312 5103 tuum.
2348 5048 2519 5103 nobis.
2541 5047 2797 5101 omnibus
2824 5054 2977 5099 certo
3005 5056 3330 5114 persuasum
3360 5046 3465 5094 est.

1969 5221 2080 5292 (15)
2125 5221 2259 5288 Ταῖς
2283 5221 2423 5275 ἄνω.
2457 5222 2535 5275 Ita
2588 5220 2764 5292 Har-1..
2803 5219 3180 5292 Med.,(10isl.
3216 5225 3465 5292 uterque.

1897 5288 2299 5363 Be'ga'nterque
2323 5299 2383 5345 et
2402 5299 2630 5363 uterque
2654 5291 2829 5358 Bigot.
2862 5290 3003 5345 Editi
3023 5294 3142 5363 ταῖς
3173 5306 3231 5363 τε
3262 5288 3394 5363 ἄνω.

1971 5359 2081 5429 (16)
2129 5359 2556 5431 Τὰ’γενόμενα.“
2584 5360 2674 5415 Sic
2711 5370 2825 5415 tres
2859 5359 3220 5416 vetustissimi
3252 5359 3469 5412 codices

1898 5440 1952 5488 et
1977 5433 2065 5485 alii
2094 5430 2365 5485 nonnulli.
2396 5430 2534 5484 Editi
2563 5433 2631 5485 τά
2661 5431 2939 5498 γεγονότα.

1969 5502 2080 5569 (17)
2133 5500 2340 5569 Ἀρκεῖ.
2374 5499 2513 5573 Male
2537 5502 2590 5555 in
2617 5502 2852 5573 editione
2876 5502 2901 5554 -ι
2930 5498 3104 5557 Paris.
3132 5501 3319 5573 ἀρκεῖν
3339 5513 3477 5555 emta

1900 5579 1984 5626 tra
2014 5582 2256 5627 veterum
2284 5571 2534 5625 οοόίιιιιιιι
2564 5572 2741 5625 tidem.

1976 5644 1990 5662 '
2031 5643 2180 5698 Alias
2207 5638 2524 5697 CCLXXVI.
2578 5639 2791 5711 Scripta
2820 5656 2963 5696 anno
2990 5640 3113 5695 573.
