3868 6218
409 252 516 309 599

1707 258 1766 318 3.
1806 259 2054 317 BASILII
2091 260 2306 318 MAGNI

3562 250 3671 311 σου

415 371 592 439 Atque
622 369 871 424 omnium
907 368 1268 440 dignissimus
1303 378 1389 428 est
1422 386 1539 443 Ipse
1569 371 1680 437 ille.
1719 375 1813 445 qui
1841 390 1991 432 meas

2097 377 2304 449 εθῆναι.
2329 376 2451 430 Ὀτι
2493 375 2551 430 δὲ
2595 376 2691 431 καὶ
2723 377 2782 431 ὲν
2819 375 3189 449 δικαστηρίοις
3249 371 3461 445 μεγάλη
3517 374 3669 446 αὑτῷ

413 461 648 526 litteras,
687 471 749 519 ut
791 463 898 519 sibi
927 462 1132 536 aliquid
1168 465 1487 535 profuturas
1527 467 1797 536 poposcit.
1823 482 1988 537 quem

412 567 540 608 cum
576 554 702 610 aliis
745 556 1032 612 videamus
1065 557 1196 612 totis
1235 572 1349 613 suae
1380 558 1530 615 vocis
1561 558 1771 616 viribus
1799 559 1992 617 laudes

413 646 699 716 gravitatis
733 656 839 702 tuae
869 650 1280 718 praedicantem.

2093 469 2315 542 ἀφορμὴ
2341 469 2478 541 πρὸς
2515 469 2616 541 τὴν
2655 469 2810 540 νίκην
2840 472 2874 540 ἡ
2919 470 3072 540 παρὰ
3103 467 3198 522 σοῦ
3254 464 3416 540 ῥοπὴ,
3467 464 3668 529 πάντες

2095 561 2340 633 ἀκριϐῶς
2383 559 2750 631 πεπείσμεθα.
2803 560 3152 622 Δικαιότατος
3202 557 3260 610 δὲ
3313 556 3532 610 πάντων
3574 557 3670 607 καὶ

2099 654 2264 717 αὑτὸς
2295 648 2474 718 οὗτος,
2519 655 2549 706 ὀ
2578 651 2673 723 τὴν
2703 652 2990 722 ἐπιστολὴν
3035 651 3212 722 ἡμῶν,
3259 647 3336 712 ὣς
3381 664 3434 700 τι
3477 645 3670 715 ὄφελος

413 735 560 806 αὑτῷ
597 737 884 809 ἐσομένην,
938 740 1298 811 ἐπιζητήσας·
1333 740 1392 794 ὃν
1440 740 1578 812 μετὰ
1628 741 1738 796 τῶν
1775 740 1949 797 ἄλλων
1979 743 2182 815 ἴδοιμεν
2205 748 2272 816 τῇ
2301 745 2444 798 κατὰ
2472 743 2701 816 δύναμιν
2727 743 2892 800 αὑτοῦ
2932 742 3043 814 (18)
3070 743 3219 812 φωνῇ
3249 739 3348 812 τὴν
3374 737 3470 808 σὴν
3492 738 3667 808 εὐφη-

415 829 619 887 «circa
644 834 962 906 σεμνότητα.

879 992 1219 1050 EPISTOLA
1255 993 1512 1051 CXLIX'.

2587 991 2932 1046 ΕΠΙΣΤΟΛΗ
2970 991 3148 1045 PMB'.

417 1127 471 1178 ιι
489 1125 556 1178 ad
579 1124 921 1198 quenlscripta
943 1133 1013 1198 est
1034 1126 1137 1196 hac
1163 1126 1369 1197 epistola
1385 1164 1397 1184 ,
1418 1124 1615 1198 ridet-al
1635 1127 1909 1198 primordia
1927 1140 2259 1198 agrumagrum
2279 1125 2488 1198 yaximi
2500 1140 2520 1188 ;
2539 1125 2631 1177 sed
2651 1133 2815 1196 postea
2835 1139 2990 1196 pana?
3008 1125 3381 1198 ac‘cortturpelige
3415 1127 3667 1190 grauiores

631 1187 827 1249 inﬂicta:
849 1195 957 1239 sum
970 1226 984 1248 ,
1002 1202 1061 1238 ac
1082 1187 1294 1239 vicarius
1317 1193 1460 1239 modo
1482 1187 1745 1241 advenerat
1759 1227 1774 1251 ,
1797 1197 1848 1240 ut
1870 1188 2001 1240 mala
2017 1191 2251 1253 expleret.
2276 1187 2476 1240 Homini
2497 1187 2777 1240 miserrimo
2797 1187 2938 1252 opem
2961 1188 3189 1251 implorat
3218 1187 3444 1240 Basilius.

1061 1317 1318 1387 Trojano.

481 1447 603 1517 Ipse
655 1448 832 1504 oculis
890 1449 1076 1504 vidisti
1151 1451 1508 1505 :alamitatem
1565 1450 1666 1504 viri
1713 1449 1987 1520 quondam

413 1541 567 1603 clari,
616 1541 710 1596 sed
763 1557 910 1596 nunc
969 1542 1262 1596 miserrimi
1326 1543 1569 1597 omnium
1610 1541 1829 1596 Maximi
1896 1541 1990 1612 qui

2678 1319 2938 1388 Τραϊανῷ
2960 1319 3092 1390 (l9).

2163 1451 2274 1505 Καὶ
2306 1450 2469 1514 αὑτὸς
2511 1450 2776 1514 ὑπέϐαλες
2811 1451 2920 1518 (20)
2973 1449 3237 1521 ὀφθαλμῷ
3275 1451 3380 1521 ’τὴν
3416 1451 3666 1504 κακοπά-

2095 1539 2244 1593 θειαν
2284 1539 2378 1593 τοῦ
2413 1540 2676 1612 πρότερον
2717 1541 2816 1610 μὲν
2872 1541 3179 1611 εὑδοκίμου,
3215 1539 3309 1594 νῦν
3346 1538 3396 1592 δὲ
3433 1540 3666 1592 ἐλεεινο-

415 1631 604 1700 patria:
647 1640 848 1687 nostrae
886 1633 1214 1702 pmfuerat,
1256 1641 1419 1704 atque
1460 1634 1668 1689 utinam
1695 1651 1804 1689 non
1851 1650 1991 1704 pra:-

2097 1631 2254 1684 τὰτου
2285 1631 2495 1685 πάντων
2531 1631 2808 1702 Μαξίμου,
2837 1632 2931 1685 τοῦ
2970 1631 3233 1707 ἄρξαντος
3264 1632 3363 1702 τῆς
3404 1630 3666 1703 πατρίδος

414 1719 646 1775 fuisset!
699 1720 968 1776 Existimo
1023 1724 1170 1778 enim
1218 1722 1376 1786 fore,
1441 1732 1500 1778 ut
1533 1724 1688 1778 multi
1741 1725 1986 1794 gentium

413 1812 782 1882 gubernacula
838 1814 1069 1884 fugiant,
1102 1815 1148 1870 si
1200 1815 1705 1870 administrationes
1742 1816 1809 1870 ad
1843 1815 1991 1883 ejus-

414 1907 561 1962 modi
614 1908 821 1962 exitum
874 1910 1123 1964 redituras
1167 1922 1315 1965 sunt.
1368 1910 1551 1976 Quare
1577 1910 1706 1979 quid
1740 1925 1878 1980 Opus
1907 1917 1992 1964 est

413 1996 625 2067 singula
686 2013 982 2063 enarrem,
1025 2007 1080 2055 et
1117 2017 1238 2070 quas
1288 2001 1440 2066 vidi,
1497 2010 1552 2055 et
1601 2018 1722 2071 quae
1784 2001 1988 2064 audivi,

414 2087 530 2142 viro
572 2087 642 2143 ob
699 2090 954 2144 eximiam
1009 2090 1208 2162 ingenii
1260 2093 1431 2146 aciem
1479 2091 1720 2156 idoneo,
1781 2094 1872 2162 qui
1922 2108 1989 2148 ex

413 2184 604 2252 paucis
647 2180 807 2237 factis
857 2197 921 2238 ea
969 2199 1091 2252 qua:
1147 2185 1477 2238 omittuntur
1517 2186 1834 2240 existimet?
1883 2183 1990 2240 Sed

413 2284 594 2330 tamen
625 2274 764 2330 forte
788 2276 1061 2345 superﬂua
1120 2276 1267 2345 loqui
1304 2278 1400 2330 tibi
1437 2293 1546 2330 non
1583 2278 1808 2332 videbor
1838 2317 1853 2340 ,
1885 2279 1990 2332 hoc

412 2367 459 2424 si
513 2367 724 2431 dixero,
775 2382 897 2421 cum
931 2369 1096 2422 multa
1127 2378 1178 2421 et
1218 2369 1402 2437 gravia
1438 2376 1564 2423 ante
1616 2378 1766 2422 tuum
1789 2369 1991 2424 adven-

411 2465 528 2511 tum
585 2459 640 2510 in
701 2457 878 2527 ipsum
919 2465 1228 2526 perpetrata
1273 2459 1405 2521 sint,
1438 2474 1558 2528 quae
1605 2467 1794 2529 postea
1839 2469 1989 2530 gesta

413 2556 540 2601 sunt
576 2547 704 2601 talia
734 2563 877 2612 esse,
939 2554 999 2601 ut
1041 2548 1323 2617 superiora
1375 2550 1767 2607 humanitatem
1801 2552 1995 2608 existi-

412 2653 565 2693 mare
630 2647 845 2708 cogant.
911 2637 1141 2694 Tantam
1197 2642 1540 2697 contumeliae
1587 2651 1643 2697 et
1697 2643 1880 2697 damni
1936 2652 1993 2698 et

414 2731 588 2800 ipsius
613 2731 861 2801 corporis
887 2732 1352 2786 incommodorum
1389 2735 1814 2804 magnitudinem
1829 2735 1995 2806 239

417 2819 676 2886 habuere,
736 2837 856 2889 quae
895 2823 950 2876 in
989 2823 1166 2892 ipsum
1221 2825 1563 2894 postmodum
1591 2839 1620 2878 a
1663 2826 1867 2881 vicario
1895 2842 1993 2882 ex-

415 2913 652 2984 cogitata
700 2921 848 2970 sunt.
901 2911 966 2966 Et
1012 2928 1158 2969 nunc
1214 2931 1337 2969 cum
1375 2915 1744 2972 cohortalibus
1775 2919 1992 2988 appari-

2091 1720 2267 1790 ἡμῶν,
2313 1721 2389 1785 ὡς
2431 1721 2530 1774 οὐκ
2571 1719 2776 1790 ὤφελεν
2808 1721 2950 1791 (2|)!
2993 1718 3161 1792 Οἶμαι
3196 1720 3306 1792 γὰρ
3345 1722 3405 1774 ἂν
3446 1719 3662 1784 πολλοῖς

2092 1810 2370 1882 ἀπευκτὴν
2420 1810 2636 1864 ἔσεσθαι
2684 1810 2781 1876 τὴν
2829 1811 2937 1866 τῶν
2979 1810 3148 1864 ἐθνῶν
3191 1811 3381 1884 ἀρχὴν,
3426 1813 3474 1863 εί
3524 1809 3665 1880 πρὸς

2089 1902 2329 1957 τοιοῦτον
2369 1902 2542 1976 πέρας
2580 1902 2832 1973 μέλλουσι
2887 1903 3284 1974 καταστρέφειν
3328 1904 3379 1956 ai
3425 1919 3668 1974 προστα-

2092 1992 2220 2045 σίαι.
2251 1993 2414 2045 Ὥστε
2459 1992 2511 2046 τι
2557 1991 2638 2044 δεῖ
2677 1994 2822 2063 ἡμᾶς
2851 1993 2920 2044 τὰ
2955 1992 3077 2045 καθ’
3115 1991 3342 2046 ἕκαστον
3388 1992 3665 2060 ἐπαγγέλ-

2090 2085 2223 2148 λειν,
2255 2077 2330 2136 ὧν
2385 2101 2444 2138 τε
2494 2083 2731 2154 εἴδομεν,
2778 2076 2853 2136 ὧν
2893 2100 2953 2136 τε
2997 2085 3340 2156 ἠκούσαμεν.
3380 2086 3533 2155 ἀνδρὶ
3573 2086 3664 2139 διὰ

2091 2177 2291 2248 πολλὴν
2329 2178 2427 2249 τῆς
2455 2178 2692 2240 διανοίας
2719 2175 2954 2249 ὀξύτητα
2987 2178 3156 2250 ἱκανῷ
3195 2181 3254 2246 ἐξ
3311 2178 3503 2246 ὀλίγων
3554 2180 3667 2232 τῶν

2092 2268 2443 2340 πραχθέντων
2469 2267 2834 2338 στοχάσασθαι
2859 2270 2926 2324 τὰ
2957 2269 3286 2340 λειπόμενα;
3316 2267 3458 2338 Πλὴν
3486 2270 3670 2322 ἐκεῖνό

2090 2378 2154 2428 γε
2184 2358 2373 2424 εἰπὼν,
2408 2360 2537 2423 ἴσως
2570 2362 2630 2415 οὑ
2655 2363 2910 2433 περιττός
2942 2379 3021 2414 σοι
3055 2363 3383 2432 φανήσομαι,
3412 2360 3494 2412 ὅτι
3537 2362 3671 2415 πολ-ο

2091 2453 2199 2506 λῶν
2231 2453 2399 2506 ὄντων
2448 2453 2541 2506 καὶ
2573 2453 2760 2506 δεινῶν
2803 2454 2913 2508 τῶν
2962 2456 3042 2517 είς
3085 2453 3245 2506 αὑτὸν
3287 2451 3667 2522 τολμηθέντων

2092 2544 2198 2616 πρὸ
2243 2545 2344 2616 τῆς
2396 2545 2497 2616 σῆς
2531 2549 2858 2617 παρουσίας,
2897 2547 3125 2600 τοιαῦτα
3167 2547 3356 2616 γέγονε
3405 2546 3475 2598 τὰ
3527 2545 3667 2616 μετὰ

2089 2635 2301 2700 ταῦτα,
2351 2636 2426 2699 ὡς
2468 2637 2880 2710 φιλανθρωπίαν
2947 2639 3170 2708 ποιῆσαι
3219 2638 3539 2710 νομισθῆναι
3597 2640 3668 2691 τὰ

2093 2727 2391 2795 φθάσαντα.
2438 2730 2718 2800 Τοσαύτην
2767 2727 2913 2802 εἶχεν
2956 2732 3260 2804 ὑπερϐολὴν
3312 2730 3521 2802 ὕϐρεως
3573 2734 3667 2785 καὶ

2093 2819 2318 2891 ζημίας,
2343 2823 2436 2875 καὶ
2462 2822 2563 2892 τῆς
2597 2825 2675 2886 είς
2700 2823 2829 2877 αὑτὸ
2857 2825 2918 2877 τὸ
2949 2825 3108 2894 σῶμα
3134 2823 3505 2886 κακοπαθείας
3528 2823 3664 2892 (22),

2093 2910 2162 2961 τὰ
2189 2909 2251 2981 δὴ
2295 2909 2521 2983 ὕστερον
2565 2912 2713 2984 αὐτῷ
2754 2917 2905 2986 παρὰ
2947 2916 3040 2969 τοῦ
3083 2917 3402 2987 κρατοῦντος
3444 2915 3668 2987 ἐξευρε-

415 3006 631 3061 toribus
691 3006 858 3068 venit,
893 3012 951 3058 ut
995 3005 1204 3076 reliqua
1248 3021 1345 3060 sua
1399 3007 1542 3060 mala
1575 3007 1663 3061 hic
1712 3008 1935 3078 impleat
1971 3050 1986 3074 ,

2097 2997 2271 3052 θέντα.
2305 3001 2415 3052 Καὶ
2441 3000 2537 3054 νῦν
2565 3001 2874 3074 ἔμφρουρος
2903 3004 3026 3075 ἥκει
3056 3005 3126 3057 τὰ
3160 3004 3384 3074 λείψανα
3422 3004 3532 3057 τῶν
3563 2999 3666 3057 ὧδε

415 3097 523 3153 nisi
579 3105 638 3152 tu
697 3112 948 3168 magnam
1005 3104 1152 3151 tuam
1205 3112 1424 3151 manum
1483 3099 1818 3168 praetendere
1859 3101 1991 3157 velis

415 3189 634 3246 afﬂicto.
703 3187 1168 3261 Supervacaneam
1209 3205 1321 3244 rem
1368 3191 1482 3245 scio
1532 3207 1618 3246 me
1668 3193 1868 3254 facere,
1897 3195 1989 3262 qui

413 3289 566 3335 tuam
617 3281 960 3336 clementiam
995 3280 1063 3335 ad
1100 3281 1493 3336 humanitatem
1528 3283 1803 3336 adhorter.
1850 3282 1989 3349 Quia

416 3383 596 3428 tamen
629 3371 775 3426 hunc
804 3374 979 3426 virum
1008 3375 1170 3442 cupio
1195 3372 1417 3442 juvare,
1470 3373 1792 3444 dignitatem
1841 3385 1986 3429 tuam

415 3478 570 3534 rogo,
623 3473 683 3518 ut
734 3465 934 3518 innata:
986 3465 1087 3519 tibi
1145 3464 1214 3519 ad
1256 3465 1456 3521 bonum
1504 3467 1855 3538 propensioni
1891 3468 1990 3522 ali-

414 3557 549 3628 quid
589 3573 708 3612 mea
740 3571 907 3613 causa
961 3556 1234 3626 adjicias:
1291 3558 1428 3613 adeo
1477 3565 1539 3612 ut
1599 3557 1891 3614 manifesta
1920 3557 1993 3615 sit

415 3649 622 3707 homini
651 3666 785 3707 mea
811 3665 912 3722 pro
947 3650 1042 3706 illo
1064 3651 1462 3721 deprecationis
1486 3651 1716 3709 utilitas.

487 4024 508 4045 ⁹
547 4019 698 4076 Alias
725 4019 1118 4076 CCCLXXVII.
1155 4018 1373 4088 Scripta
1406 4033 1550 4073 anna
1580 4019 1706 4076 3T5.

487 4089 846 4162 (18)Αὺτοῦ.
903 4092 1056 4146 Hanc
1111 4105 1298 4146 vocem
1342 4090 1652 4146 addidimus
1694 4106 1758 4146 ex
1808 4088 1985 4155 llarl.,

415 4161 561 4216 Med.
585 4169 641 4214 et
673 4161 912 4215 Claram.

2097 3089 2284 3143 κακῶν
2315 3091 2480 3145 αὑτοῦ
2511 3093 2944 3165 ἁποπληρὼσων,
2976 3095 3068 3148 ἐὰν
3099 3095 3172 3167 μὴ
3209 3098 3266 3149 σὺ
3295 3096 3393 3165 τὴν
3420 3095 3668 3168 μεγάλην

2099 3181 2296 3234 σαυτοῦ
2345 3186 2501 3256 χεῖρα
2559 3185 2850 3257 ὑπερσχεῖν
2899 3186 3159 3260 ἐθελήσῃς
3201 3185 3274 3257 τῷ
3320 3205 3667 3242 καταπονου-

2100 3270 2264 3341 μένῳ.
2298 3273 2559 3345 Περιττδν
2590 3276 2688 3344 μὲν
2733 3273 2825 3330 οὖν
2874 3273 2992 3330 οῖδα
3020 3279 3218 3343 ποιῶν,
3258 3277 3356 3350 τὴν
3399 3279 3497 3350 σὴν
3531 3298 3668 3352 χρη-

2099 3363 2332 3434 στότητα
2380 3368 2459 3430 είς
2505 3367 3310 3440 φιλανθρωπίαν,παρακαλῶν.
3359 3371 3504 3443 Πλὴν
3551 3373 3667 3426 ἀλλ’

2096 3455 2285 3524 ἐπειδὴ
2319 3456 2580 3529 βούλομαι
2630 3461 2884 3529 γενέσθαι
2918 3463 3190 3534 χρήσιμος
3225 3463 3303 3532 τῷ
3343 3463 3527 3534 ἀνδρὶ,
3557 3466 3670 3516 ἱκε-

2095 3545 2237 3598 τεύω
2271 3564 2364 3600 σου
2414 3547 2512 3619 τὴν
2562 3553 3000 3623 σεμνοπρέπειαν
3045 3553 3358 3626 προσθεῖναί
3403 3571 3456 3606 τι
3495 3557 3560 3625 τῇ
3603 3556 3670 3608 ὲκ

2100 3635 2313 3704 φύσεως
2335 3640 2464 3711 περὶ
2489 3641 2548 3694 τὸ
2579 3641 2742 3696 καλὸν
2774 3645 2975 3716 σπουδῇ
2997 3645 3064 3698 δι’
3085 3647 3249 3718 ἡμᾶς,
3271 3646 3410 3699 ὥστε
3438 3647 3670 3718 ἐναργὲς

2095 3727 2172 3798 τῷ
2216 3729 2368 3801 ἀνδρὶ
2420 3732 2672 3800 γενέσθαι
2722 3735 2822 3806 τῆς
2866 3736 3006 3809 ὑπὲρ
3059 3736 3223 3791 αὑτοῦ
3272 3736 3672 3808 παρακλήσεως

2095 3821 2252 3891 ἡμῶν
2276 3823 2337 3875 τὸ
2369 3822 2578 3893 ὖφελος.

2165 4022 2278 4106 tius
2304 4023 2652 4106 incommoda
2687 4027 3165 4106 intelligidebent,
3197 4046 3319 4106 quae
3347 4031 3418 4086 ab
3448 4031 3675 4106 homine

2116 4101 2315 4172 autiori
2345 4101 2468 4172 vitae
2491 4107 2733 4163 assueto,
2757 4101 2886 4152 dum
2923 4101 3082 4172 bonis
3112 4101 3371 4156 omnibus
3399 4102 3673 4172 spoliatus

2094 4162 2507 4240 fugit,_abesse
2561 4183 2670 4222 non
2720 4162 2979 4238 possunt.
3038 4169 3177 4226 Hinc
3227 4172 3281 4226 in
3341 4162 3672 4240 praecedenti

488 4230 611 4311 (_l_9_).
645 4233 938 4311 Τραϊανῷ..
964 4231 1196 4311 Legitur
1217 4229 1271 4284 in
1300 4230 1555 4311 omnibus
1587 4230 1750 4311 editis
1777 4239 1988 4311 etmss.
2024 4240 2070 4297 ι)
2096 4229 2347 4311 epistola,
2384 4245 2442 4290 ut
2470 4252 2536 4291 ex
2571 4245 2709 4311 octo
2731 4229 3019 4311 Veteribus
3056 4241 3212 4296 libris
3257 4229 3508 4311 legimus,
3543 4259 3673 4297 cor-

415 4298 832 4372 codicibusisq)
881 4298 1065 4372 αὐτῷ,
1113 4301 1300 4361 eidem,
1343 4298 1585 4372 ,Trajiano
1633 4301 1844 4356 scilicet
1879 4320 1892 4354 :
1925 4301 1991 4354 ad

416 4387 585 4442 quem
627 4371 832 4441 scripta
866 4371 1114 4442 superior
1153 4371 1417 4442 epistola.
1452 4371 1633 4436 Quare
1676 4386 1783 4424 non
1826 4385 1996 4442 ausus

416 4441 539 4496 sum
575 4441 721 4495 hunc
766 4441 983 4495 titulum
1035 4450 1280 4497 mutare:
1328 4441 1420 4494 sed
1453 4448 1634 4496 tamen
1679 4442 1862 4496 nullus
1893 4441 1997 4495 du-

414 4513 552 4576 bito,
585 4513 716 4580 quin
749 4511 866 4565 hare
897 4511 1129 4582 epistola
1161 4513 1226 4565 ad
1257 4511 1553 4578 Trajanum
1586 4511 1812 4582 minime
1851 4511 1994 4582 scri-

416 4591 507 4652 pta
549 4582 639 4637 sit.
678 4583 729 4636 ls
766 4581 1025 4652 enim'ad
1079 4597 1238 4648 quem
1268 4584 1470 4651 scripta
1508 4589 1612 4652 est,
1659 4581 1835 4638 oculis
1877 4581 1993 4652 suis

413 4651 627 4707 viderat
693 4651 1034 4707 calamitates
1098 4652 1337 4706 Maximi.
1406 4652 1476 4704 At
1531 4651 1803 4720 Traianus
1855 4651 1994 4705 nihil

413 4737 644 4790 prorsus
673 4722 922 4776 audierat
951 4723 1018 4777 de
1061 4722 1144 4778 his
1176 4721 1468 4781 aerumnis;
1506 4729 1565 4776 et-
1595 4722 1800 4776 idcirco
1837 4721 1996 4776 Basi-

417 4794 550 4847 lium
599 4791 870 4847 Maximus
918 4794 1154 4864 rogavit,
1207 4802 1266 4845 ut
1316 4807 1410 4846 eas
1468 4791 1710 4862 Trajano
1754 4793 1994 4848 breviter

415 4872 732 4917 exponeret.

487 4878 998 5003 ῗὲῧειίθὶὶἰττέϐᾳλρς.
1043 4931 1210 4996 Med.,
1244 4930 1374 5003 Reg.
1415 4933 1691 4988 secundus
1723 4940 1777 4988 et
1821 4931 1992 4989 Cois].

417 5001 696 5058 seettndus
736 5001 1026 5066 ὑπέλαϐες.

491 5073 603 5142 (21)
651 5075 774 5126 Οὐκ
835 5072 1090 5141 ὤφελεν.
1162 5073 1238 5128 lla
1304 5087 1438 5127 mss.
1513 5088 1630 5128 sex.
1698 5072 1842 5128 Editi
1897 5074 1999 5126 οὑκ

417 5143 665 5196 ὢνειλεν.

506 5160 665 5197 ειΛεν.

467 5163 1089 5284 ιιἴὲέίῗνῘίοιθιοπιιθείας.
1126 5209 1263 5284 illac
1310 5228 1446 5268 voce
1502 5228 1610 5267 non
1674 5214 1991 5284 quaestionis

422 5283 716 5354 tormenta,
767 5283 1236 5354 quibussubjici,
1271 5297 1380 5354 non
1435 5283 1705 5353 poterant
1733 5285 1993 5354 praesides

429 5352 856 5422 provinciarum,
899 5353 1006 5408 nisi
1052 5352 1129 5408 in‘
1163 5353 1393 5411 crimine
1433 5352 1758 5426 maiestatis}
1803 5354 1898 5411 sed
1932 5369 1996 5410 ea

2094 4305 2245 4372 poris
2279 4307 2643 4372 incommoda,
2667 4325 2789 4377 quae
2815 4309 3083 4366 Maximus
3108 4305 3391 4374 sustinuit,
3427 4305 3675 4369 ex'illius

2095 4376 2609 4451 potissimum-fuga
2653 4376 2707 4433 et
2745 4382 2911 4435 variis
2946 4380 3224 4451 susdeque
3255 4382 3537 4439 erroribus
3583 4399 3674 4440 re-

2095 4453 2374 4522 petuntur.
2415 4445 2644 4522 Videtur
2675 4457 2856 4522 autem
2893 4445 3191 4507 accusatus
3233 4453 3673 4522 repetundarum

2095 4516 2380 4592 l'uisse,iet
2428 4517 2654 4592 idcirco
2681 4521 2936 4592 omnibus
2988 4522 3152 4577 rebus
3185 4516 3486 4592 spoliatus;
3538 4526 3673 4592 quia

2094 4587 2197 4640 etsi
2244 4589 2466 4660 minime
2500 4590 2786 4660 convictus
2834 4591 2954 4654 iuit,
2989 4606 3085 4660 per
3112 4587 3232 4645 vim
3255 4601 3437 4647 tamen
3473 4587 3673 4648 'et'im-

2093 4657 2428 4733 pressionem
2457 4658 2678 4733 vicarii,
2713 4657 3004 4729 quadrupli
3041 4677 3280 4730 plenam,
3317 4678 3478 4732 quam
3523 4664 3673 4733 leges

2091 4727 2984 4801 convictisAinﬂigebant,‘coactus
3026 4727 3110 4786 est
3151 4727 3481 4801 perSolvere.
3529 4727 3672 4788 Hinc

2091 4799 2258 4852 etiam
2289 4798 2426 4854 civis
2465 4807 2610 4854 Statu
2636 4815 2746 4853 non
2781 4801 3002 4854 omnino
3043 4798 3268 4863 excidit,
3298 4819 3398 4857 nec
3432 4817 3558 4857 eum
3585 4811 3671 4857 ta-

2092 4883 2216 4942 men
2248 4868 2518 4942 integrum
2549 4879 2602 4923 et
2634 4869 3162 4942 _i_ll:esum‘retinuit,
3196 4879 3254 4926 ut
3296 4873 3351 4926 in
3396 4875 3673 4942 superiori

2092 4939 2328 5010 epistola,
2347 4939 2598 5008 legimus.
2628 4939 2768 5010 Nam
2813 4940 3027 5009 judices
3069 4939 3495 5010 repetundarum
3532 4959 3669 4999 con-

2095 5009 2238 5081 victi
2277 5009 2472 5063 ablatis
2537 5009 2907 5064 codicillorum
2978 5009 3308 5081 insignibus,
3364 5022 3413 5067 et
3474 5012 3675 5068 honoro

2093 5079 2259 5144 exuti,
2291 5081 2425 5133 inter
2448 5081 2700 5150 pessimos
2734 5097 2962 5150 quosque
2993 5092 3041 5135 et
3057 5079 3281 5150 plebeios
3305 5081 3672 5145 habebantur,

2093 5157 2155 5204 ut
2189 5150 2434 5224 sancitur
2475 5149 2609 5206 Cod.
2637 5149 2851 5224 rma.
2878 5149 2974 5224 lib.
3009 5149 3158 5212 I,’tit.
3202 5151 3432 5224 27,7leg.
3469 5154 3536 5220 i;
3572 5168 3676 5224 nec

2096 5228 2277 5274 tamen
2308 5220 2536 5275 infames
2555 5233 2608 5275 et
2635 5221 2977 5277 intestabiles
2993 5229 3171 5286 erant.
3191 5231 3249 5277 ut
3277 5219 3537 5280 obsérvat
3564 5219 3676 5279 Go-

2098 5290 2384 5350 thofredus
2411 5291 2478 5348 ad
2507 5291 2756 5348 eamdem
2791 5293 2986 5365 legem.
