3868 6218
139 318 234 377 6οι

636 429 988 485 ΕΠΙΣΤΟΛΗ
1025 427 1152 484 PN'.

140 543 434 598 Heraclidas
453 545 516 595 ab
549 551 585 595 Δ

1124 316 1614 378 EPISTOLARUM
1651 325 1935 388 CLASSIS
1973 331 2038 388 ll.
2075 331 2276 387 EPIST
2308 332 2410 389 CL.

3283 323 3389 379 6θῖ

2358 439 2693 499 EPISTOLA
2735 437 2862 494 CL'.

592 544 886 621 πιείιίίοείιξο
909 554 1180 621 αρςαεαιαεν
1206 547 1336 621 φιοᾷ
1353 561 1452 618 non
1474 563 1635 602 secum
1658 557 1902 621 secederet
1937 559 1988 611 in
2021 562 2213 613 deserta
2258 560 2363 610 loca
2377 597 2389 618 ,
2411 564 2462 608 ut
2485 555 2802 621 promiserat,
2829 550 3051 621 pluribus
3072 547 3251 621 refellit
3272 546 3396 621 hanc;

200 605 609 684 ςιτίξηέηιίςίρηςηις
634 605 844 684 manu
864 606 983 684 ημίει
1019 605 1321 684 νεῑμηιίέιέιαι
1346 607 1394 684 δη
1417 605 1698 684 nam
1712 605 1922 684 ιιᾱέξέίῑίο
1939 605 2010 671 "aa
2023 605 2705 684 ῑῑίιῖειῖοιεεᾱέεᾱηίςέειιιε
2721 605 3146 684 αθῇείηξριιειοριιεά
3164 605 3396 684 mea

199 675 368 748 περίιὲ
379 667 1142 748 Mmgiszlpcornminternuntio
1171 667 1544 748 sit.
1573 667 1737 740 Refert
1749 667 1924 748 dandi;
1945 667 2574 748 iiut;'ér'ééieiiia'njagiiw
2589 667 2831 748 occeperit
2850 690 2866 727 :
2887 667 3103 726 liortutur
3123 680 3175 723 tu
3193 667 3398 733 Amphi-

201 728 485 780 loéltius‘ad
516 728 756 780 Basiliam
779 730 937 782 veniat
951 767 964 791 ,
987 745 1019 781 α
1043 744 1138 796 quo
1158 728 1352 782 etadliri
1372 733 1546 785 melius
1565 728 1668 790 esse
1689 728 2055 808 διατιἇίξῖιῦἇῶ
2076 728 2128 797 ii:
2138 728 2364 795 "(tanta
2376 728 2500 792 ibet}
2511 728 2710 803 'tvngarii

385 837 754 907 Ἀμφιλοχίῳ,
781 838 863 905 ὡς
893 839 1051 908 παρὰ
1086 839 1489 908 Ἡρακλείδου.

213 952 270 1008 1.
308 953 453 1022 Ἐγὼ
484 953 579 1007 καί
608 952 718 1006 τῶν
744 953 1114 1024 ὁμιληθέντων
1139 956 1271 1025 ἡμῖν
1305 955 1441 1026 πρὸς
1464 956 1726 1028 ἀλλήλους

145 1047 280 1098 ποτὲ
317 1045 624 1116 μέμνημαι,
657 1046 754 1098 καὶ
787 1038 861 1098 ὧν
887 1063 947 1098 τε
981 1045 1144 1110 αὐτὸς
1166 1043 1340 1110 εἷπον,
1362 1039 1436 1101 ὧν
1469 1065 1529 1101 τε
1560 1049 1724 1120 ἤκου-

2120 852 2506 924 Αηιρίιίίοείιὶο,
2542 850 2846 905 Heraclida:
2875 849 3103 902 nomine.

1895 970 1948 1025 1.
1989 968 2103 1040 Ego
2155 974 2210 1023 et
2237 981 2450 1028 eorum,
2505 979 2627 1034 quae
2657 964 2800 1017 inter
2832 976 2933 1016 nos
2960 957 3256 1030 aliquando
3283 957 3399 1013 dis-

1827 1061 2135 1124 seruimus,
2197 1058 2464 1114 memini:
2497 1071 2600 1111 nec
2645 1054 2778 1124 quid
2825 1053 3100 1115 dixerim,
3161 1049 3291 1120 quid
3332 1064 3400 1104 ex

145 1153 214 1188 σα
247 1136 404 1208 παρά
438 1136 538 1206 τῆς
579 1135 858 1204 εὐγενείας
888 1153 1005 1202 σου,
1045 1138 1144 1190 οὐκ
1193 1137 1572 1209 ἐπιλέλησμαι.
1619 1141 1727 1194 Καὶ

1843 1167 2090 1224 generosa
2146 1162 2237 1207 tua
2293 1149 2473 1206 indole
2531 1147 2838 1210 audierim,
2903 1145 3102 1199 oblitus
3152 1156 3311 1206 sum;
3346 1147 3404 1194 et

144 1225 241 1278 νῦν
273 1226 391 1295 βίος
420 1227 523 1297 μέν
556 1244 624 1297 με
651 1227 910 1298 δημόσιος
940 1228 1001 1280 οὑ
1031 1227 1274 1298 κατέχει.
1294 1229 1358 1281 Et
1387 1228 1494 1300 γὰρ
1535 1230 1629 1282 καὶ
1659 1232 1724 1302 τῇ

144 1317 349 1390 καρδία
379 1320 408 1372 ὁ
445 1318 607 1381 αὐτός
634 1320 770 1389 εἰμι,
801 1321 896 1371 καὶ
935 1316 1088 1372 οὔπω
1129 1320 1221 1373 τὸν
1265 1320 1492 1373 παλαιὸν
1531 1321 1728 1375 ἀπεδυ-

144 1409 333 1480 σὰμην
372 1408 680 1481 ἄνθρωπον,
711 1409 851 1480 πλὴν
888 1409 965 1480 τῷ
998 1427 1063 1479 γε
1110 1413 1372 1482 σχήματι,
1400 1412 1596 1483 καὶτῷ
1631 1430 1731 1484 μα-

144 1498 288 1568 κρὰν
312 1500 547 1569 ἐμαυτὸν
572 1499 684 1570 (25)
711 1499 934 1569 ποιῆσαι
964 1499 1070 1552 τῶν
1103 1501 1196 1553 τοῦ
1221 1501 1335 1571 βίου
1367 1502 1726 1572 πραγμάτων,

143 1589 304 1654 ἔδοξα
353 1589 574 1654 λοιπὸν,
620 1587 731 1643 οἷον
773 1591 1162 1660 ἐπιϐεϐηκέναι
1203 1595 1300 1662 τῆς
1326 1591 1446 1644 ὁδοῦ
1484 1593 1594 1664 (24)
1630 1595 1729 1665 τῆς

145 1681 294 1733 κατὰ
319 1681 555 1751 Χριστὸν
584 1681 878 1745 πολιτείας.
910 1680 1228 1753 Καθέζομαι
1258 1683 1315 1736 δὲ
1346 1685 1433 1736 ἐπ’
1464 1686 1726 1756 ἐμαυτοῦ,

145 1771 341 1843 ῶσπερ
376 1774 426 1825 οἱ
467 1774 546 1836 είς
592 1773 826 1841 πέλαγος
859 1774 1080 1841 ἀφιέναι
1123 1777 1444 1847 μέλλοντες,
1491 1781 1730 1834 ἀποσκο-

145 1860 337 1915 πεὺων
380 1861 442 1914 τὸ
501 1862 713 1932 μέλλον.
767 1865 830 1916 Οἱ
886 1865 985 1934 μὲν
1041 1866 1150 1938 γὰρ
1200 1869 1454 1934 πλέοντες
1513 1872 1730 1943 ἀνέμων

143 1953 416 2026 χρῄζουσι
461 1955 599 2026 πρὸς
634 1955 734 2024 τὴν
781 1954 1075 2020 εὔπλοιαν,
1124 1961 1282 2029 ἡμεῖς
1319 1961 1375 2014 δὲ
1411 1963 1504 2016 τοῦ
1548 1962 1732 2036 χειραυ

1828 1258 1976 1298 nunc
1999 1244 2112 1297 vita
2151 1243 2369 1312 publica
2423 1256 2530 1295 non
2562 1240 2848 1295 distiueor.
2881 1236 3205 1305 Quanquam
3253 1233 3400 1287 enim

1827 1337 1994 1392 corde
2043 1337 2183 1391 idem
2238 1351 2395 1399 sum,
2451 1350 2516 1389 ac
2545 1342 2781 1388 teterem
2837 1330 3110 1385 hominem
3158 1328 3401 1382 nondum

1827 1429 1952 1483 exui
1982 1447 1997 1488 :
2033 1438 2212 1483 tamen
2271 1429 2386 1496 ipsa
2425 1427 2625 1497 specie,
2674 1432 2727 1480 et
2777 1425 2922 1495 quod
2959 1424 3116 1492 longe
3145 1436 3172 1474 a
3217 1419 3404 1476 saeculi

1828 1519 2062 1587 negotiis
2121 1519 2438 1574 recesserint
2468 1557 2483 1581 ,
2547 1514 2737 1570 videor
2772 1514 2882 1584 jam
2921 1514 3047 1567 vita:
3101 1511 3403 1566 secundum

1829 1610 2109 1666 Christum
2158 1610 2298 1664 viam
2349 1611 2633 1681 ingressus
2671 1623 2815 1662 esse.
2856 1605 3033 1660 Sedeo
3074 1612 3254 1657 autem
3291 1615 3405 1653 me-

1829 1715 1954 1755 cum
1991 1702 2127 1770 ipse,
2169 1702 2318 1756 velut
2361 1701 2455 1771 qui
2507 1716 2631 1756 sese
2671 1700 2807 1753 mari
2847 1697 3193 1752 commissuri
3229 1704 3354 1750 sunt
3387 1735 3403 1758 ,

1830 1794 2177 1866 prospiciens
2229 1792 2493 1848 futurum.
2556 1791 2692 1846 Nam
2744 1792 2837 1861 qui
2879 1791 3173 1860 navigant.
3230 1789 3406 1842 ventis

1831 1886 2076 1956 indigent.
2113 1885 2181 1940 ad
2207 1884 2417 1940 felicem
2458 1901 2722 1950 cursum;
2777 1883 2937 1937 nobis
2969 1897 3097 1937 vero
3144 1896 3285 1951 opus
3323 1889 3408 1934 est

1825 1977 1922 2047 qui
1979 1992 2080 2032 nos
2113 1993 2275 2031 manu
2333 1976 2537 2037 durat,
2573 1990 2638 2031 ac
2695 1982 2814 2027 tuto
2866 1989 2962 2042 per
3016 1986 3232 2024 amaros
3285 1970 3408 2021 vita:

145 2045 500 2115 γιοιγήσοντος
545 2048 725 2116 ἡμᾶς,
760 2047 851 2100 καὶ
904 2049 1162 2117 ἀσφαλῶς
1201 2051 1292 2106 διὰ
1333 2053 1440 2106 τῶν
1471 2055 1731 2128 ἁλμυρῶν

1843 2045 2030 2124 liuctus
2088 2067 2425 2123 transvehat.
2476 2065 2612 2120 Nam
2675 2064 2916 2135 indigere
2960 2079 3046 2117 me
3090 2060 3405 2131 perspicio,

147 2137 414 2206 κυμάτων
463 2135 556 2188 τοῦ
611 2136 729 2206 βίου
790 2139 1276 2210 παραπέμψοντας.
1326 2143 1564 2216 Χρῄζειν
1621 2147 1731 2220 γὰρ

146 2228 392 2297 ἐμαυτὸν
437 2227 726 2299 λογίζομαι
783 2230 997 2301 πρῶτον
1029 2232 1128 2302 μὲν
1173 2235 1393 2304 χαλινοῦ
1453 2239 1591 2309 πρὸς
1634 2241 1732 2310 τὴν

145 2317 402 2388 νεότητα,
441 2315 629 2371 ἔπειτα
672 2318 913 2392 κέντρων
945 2323 1056 2392 (25)
1090 2324 1225 2394 πρὸς
1272 2326 1363 2378 τὸν
1407 2326 1604 2399 δρόμον
1633 2331 1734 2399 τῆς

144 2408 459 2472 εὐσεϐείας.
502 2409 720 2464 Τούτων
759 2411 817 2464 δὲ
854 2411 1113 2486 πρόξενος
1167 2414 1320 2483 λόγος
1351 2417 1611 2490 δηλονότι,
1639 2420 1734 2475 νῦν

149 2501 250 2569 μὲν
282 2499 650 2569 παιδαγωγῶν
675 2503 831 2574 ἡμῶν
857 2504 916 2557 τὸ
941 2505 1193 2571 ἄτακτον,
1231 2508 1324 2562 νῦν
1354 2509 1410 2562 δὲ
1435 2511 1496 2564 τὸ
1529 2511 1735 2584 νωθρὸν

145 2592 244 2660 τῆς
277 2591 466 2661 ψυχῆς
511 2591 813 2665 διεγείρων.
867 2597 1037 2650 Πάλιν
1090 2616 1178 2668 μοι
1225 2601 1382 2671 χρεία
1429 2603 1735 2673 φαρμάκων

146 2683 378 2754 ἐτέρων,
427 2681 568 2736 ὥστε
615 2685 707 2738 τὸν
750 2687 816 2739 ἐκ
858 2687 960 2757 τῆς
998 2690 1286 2760 συνηθείας
1319 2693 1736 2749 ἀποπλῦνασθαι

150 2775 347 2846 ῥύπον.
387 2771 550 2840 Οἶδας
577 2777 704 2849 γὰρ,
738 2778 819 2831 ὅτι
869 2781 1050 2850 ἡμεῖς.
1093 2784 1141 2835 οἱ
1181 2785 1348 2838 πολὺν
1403 2786 1594 2858 χρόνον
1648 2789 1736 2840 ὲν-

147 2865 464 2930 εθισθέντες
493 2871 559 2938 τῇ
595 2871 788 2940 ἀγορᾷ,
821 2871 1054 2939 ἀφειδῶς
1074 2874 1173 2944 μὲν
1195 2874 1390 2946 ἔχομεν
1419 2877 1525 2930 τῶν
1560 2878 1738 2949 ῥημά-

147 2975 276 3020 των,
313 2958 647 3026 ἀφυλάκτως
678 2960 734 3013 δὲ
760 2962 895 3033 πρὸς
924 2966 1022 3027 τὰς
1054 2967 1112 3018 ὲν
1146 2969 1212 3037 τῇ
1249 2967 1459 3039 διανοίᾳ
1488 2985 1737 3022 συνιστα-

152 3052 326 3120 μένας
374 3053 441 3104 ἐκ
471 3051 565 3104 τοῦ
619 3053 855 3124 πονηροῦ
901 3055 1013 3125 ('26)
1059 3059 1376 3126 φαντασίας.
1429 3061 1737 3133 Ἠττήμεθα

149 3143 206 3196 δὲ
246 3143 346 3196 καὶ
398 3142 604 3212 τιμῆς,
644 3146 738 3196 καὶ
790 3145 852 3197 τὸ
903 3147 988 3214 ἐφ’
1042 3149 1256 3213 ἑαυτοῖς
1300 3169 1352 3203 τι
1408 3155 1625 3222 φρονεῖν
1674 3153 1735 3205 οὐ

154 3233 354 3304 ῥαδίως
399 3234 792 3306 ἀποτιθέμεθα.
843 3237 987 3308 Πρὸς
1033 3239 1203 3292 ταῦτα
1231 3242 1468 3312 μεγάλου
1511 3260 1601 3314 μοι
1628 3243 1737 3297 δεῖν

155 3326 248 3377 καὶ
279 3325 550 3394 ἐμπείρου
595 3325 882 3398 λογίζομαι
912 3329 1254 3384 διδασκάλου.
1289 3334 1519 3386 Ἔπειτα
1555 3336 1738 3404 μέντοι

153 3416 248 3468 καὶ
278 3415 374 3468 τὸν
421 3414 701 3486 ὀφθαλμὸν
731 3419 828 3488 τῆς
870 3419 1050 3491 ψυχῆς
1081 3422 1556 3495 ἀποκαθαρθῆναι,
1597 3423 1738 3478 ὥστε

153 3511 338 3562 πᾶσαν
364 3508 468 3578 τὴν
501 3509 607 3560 ἀπὸ
635 3509 732 3579 τῆς
763 3511 985 3578 ἀγνοίας
1013 3514 1388 3584 ἐπισκότησιν,
1420 3517 1580 3568 οἱονεί
1619 3533 1735 3568 τινα

1845 3527 2044 3583 intuitu
2101 3530 2565 3599 pulchritudinem
2618 3527 2920 3598 majestatis
2962 3525 3057 3579 Dei
3096 3523 3418 3592 conspicere
3522 3573 3528 3578 .

151 3599 359 3670 ὶήμην,
386 3597 774 3668 ἀφαιρεθέντα,
799 3599 1058 3654 δύνασθαι
1088 3603 1412 3668 ἐνατενίζειν
1445 3605 1522 3676 τῷ
1557 3605 1741 3658 κάλλει

153 3690 251 3762 τῆς
277 3691 440 3760 δόξης
465 3689 558 3742 τοῦ
592 3688 749 3752 Θεοῦ,
783 3691 844 3743 οὐ
874 3692 1071 3764 μικροῦ
1097 3693 1259 3764 ἔργου
1286 3695 1480 3766 κρίνω,
1513 3698 1624 3750 οὐδ’
1655 3699 1742 3751 ἐπ’

153 3785 336 3853 ὀλίγον
363 3783 464 3854 τὴν
488 3777 756 3851 ὠφέλειαν
780 3785 988 3856 φέρειν.
1014 3787 1079 3838 ⁶Α
1107 3787 1202 3839 καὶ
1219 3787 1318 3860 τὴν
1339 3788 1438 3860 σὴν
1459 3789 1744 3861 λογιότητα

158 3878 410 3948 σενορᾷν,
441 3876 538 3930 καὶ
563 3875 850 3947 ἐπιθυμεῖν
879 3877 1120 3948 ὑπάρξαι
1147 3881 1268 3933 τινὰ
1298 3881 1378 3944 εἰς
1406 3881 1613 3952 ταύτην
1645 3880 1743 3952 τὴν

154 3966 413 4037 βοήθειαν
452 3965 698 4038 ἀκριϐῶς
721 3967 1024 4038 ἐπίσταμαι
1060 3969 1172 4041 (27)
1195 3986 1207 3999 ο
1242 3971 1336 4024 καὶ
1376 3973 1472 4027 ὲάν
1506 3989 1636 4026 ποτε
1666 3972 1743 4043 δῷ

152 4059 182 4108 ὀ
222 4057 360 4121 Θεὸς
402 4058 484 4121 εἰς
528 4058 724 4110 ταυτὸν
772 4058 1067 4127 ἀφικέσθαι
1109 4064 1178 4133 τῇ
1234 4064 1557 4134 κοσμιότητί
1610 4081 1739 4131 σου,

150 4149 399 4218 δηλονότι
433 4147 656 4202 πλείονα
692 4149 1009 4220 μαθήσομαι
1045 4151 1186 4223 ὑπὲρ
1217 4147 1295 4207 ὧν
1329 4156 1641 4226 φροντίζειν
1673 4175 1742 4228 με

153 4242 282 4312 κρήο
327 4239 444 4292 Νὖν
477 4241 588 4312 γὰρ
632 4241 739 4294 ὑπὸ
776 4241 981 4312 πολλῆς
1027 4243 1266 4313 ἀμαθίας
1311 4246 1434 4300 οὐδὲ
1477 4247 1616 4302 ὅσων
1658 4250 1743 4303 ὲν-

150 4333 275 4404 δεής
304 4333 419 4404 (9.8)
451 4334 568 4403 εἰμι
601 4332 886 4404 γνωρίζειν
912 4333 1146 4406 δύναμαι
1173 4353 1187 4366 ·
1218 4337 1358 4410 πλήν
1384 4356 1448 4408 γε
1481 4341 1563 4394 ὅτι
1590 4342 1743 4396 οὐδὲν

154 4423 504 4495 μετεμέλησέ
552 4441 643 4494 μοι
689 4423 789 4494 τῆς
839 4423 1067 4497 πρώτης
1111 4429 1310 4499 ὁρμῆς,
1353 4429 1478 4484 οὔτε
1524 4430 1742 4497 ὀκλάζει

155 4534 258 4585 μου
304 4519 340 4586 ἡ
378 4514 527 4586 ψυχὴ
556 4516 691 4588 πρὸς
729 4519 822 4571 τὸν
856 4519 1060 4572 σκοπὸν
1111 4520 1206 4573 τοῦ
1254 4523 1397 4576 κατά
1433 4523 1567 4576 Θεὸν
1602 4524 1739 4595 βίου,

151 4610 289 4680 ὅπερ
322 4609 637 4679 ήγωνίασας
679 4608 768 4660 ἐπ’
805 4610 951 4680 ἐμοὶ,
980 4610 1162 4673 καλῶς
1210 4612 1306 4666 καὶ
1349 4616 1742 4685 προσηκόντως

153 4699 338 4771 ἐαυτῷ
368 4701 559 4765 ποιῶν,
591 4704 823 4772 μήποτε,
858 4702 1120 4774 στραφεὶς
1144 4705 1223 4766 είς
1247 4703 1316 4757 τὰ
1347 4705 1544 4770 ὀπίσω,
1571 4707 1740 4778 στήλη

1767 2163 2067 2257 Bprimum
2159 2157 2377 2228 quidem
2449 2159 2602 2212 freno
2690 2157 2954 2211 adversus
3025 2154 3405 2221 juventutem;

1835 2253 2030 2308 deinde
2081 2251 2318 2306 stimulis
2371 2251 2437 2305 ad
2495 2250 2711 2320 pietatis
2782 2261 3024 2304 cursum.
3075 2244 3280 2298 Horum
3312 2259 3410 2295 au-

1836 2352 1943 2399 tem
1979 2344 2320 2400 conciliatrix
2349 2343 2492 2398 ratio
2531 2344 2802 2408 videlicet,
2833 2355 2982 2396 nunc
3021 2337 3239 2408 quidem
3271 2344 3410 2390 tem-

1838 2452 2037 2508 perans
2064 2436 2206 2506 quod
2236 2437 2290 2490 in
2325 2435 2486 2490 nobis
2515 2434 2940 2504 incompositum
2967 2439 3071 2495 est,
3109 2443 3253 2484 nunc
3282 2443 3410 2482 vero

1836 2529 2032 2583 anima:
2066 2528 2337 2598 pigritiam
2373 2528 2640 2583 excitans.
2693 2527 2907 2580 Rursus
2962 2524 3179 2593 indigeo
3230 2534 3410 2574 reme-

1837 2621 1943 2676 diis
1971 2621 2095 2673 aliis
2129 2660 2144 2685 ,
2178 2627 2238 2674 ut
2295 2619 2488 2674 sordes
2533 2634 2599 2673 ex
2649 2616 3047 2673 consuetudine
3103 2618 3414 2668 contractas

1836 2712 2037 2766 eluam.
2074 2710 2195 2766 Scis
2216 2712 2361 2765 enim
2395 2725 2515 2773 nos,
2552 2711 2647 2780 qui
2678 2709 2772 2764 diu
2806 2708 2924 2763 foro
2983 2705 3276 2762 assuefacti
3305 2702 3414 2755 fui-

1840 2815 1986 2867 mus,
2023 2815 2126 2855 nec
2169 2815 2366 2870 parcos
2404 2816 2528 2856 esse
2559 2799 2874 2863 verborum,
2938 2811 3038 2851 nec
3068 2803 3259 2850 cautos
3314 2791 3414 2846 ad-

1838 2909 2032 2948 versus
2055 2909 2172 2956 eas,
2221 2909 2344 2963 qua:
2381 2893 2436 2948 in
2489 2901 2670 2947 mente
2706 2891 3017 2946 excitantur
3070 2904 3099 2942 a
3156 2887 3412 2956 maligne,

1837 2985 2218 3055 cogitationes.
2256 2984 2542 3039 Vincimur
2564 2993 2744 3038 autem
2779 2992 2833 3038 et
2889 2983 3095 3036 honore
3123 3019 3138 3042 ,
3199 2994 3302 3033 nec
3336 2976 3418 3030 {.1-

1837 3073 1943 3128 cile
1989 3071 2058 3128 de
2107 3073 2269 3128 nobis
2300 3073 2436 3143 ipsis
2479 3073 2662 3143 magni
2702 3070 2906 3140 aliquid
2963 3071 3167 3125 sentire
3210 3065 3418 3121 desini-

1835 3178 1980 3218 mus.
2037 3164 2317 3220 Adversus
2370 3164 2485 3220 haec
2543 3177 2742 3233 magno
2806 3160 2939 3216 mihi
3003 3175 3142 3229 Opus
3185 3172 3308 3212 esse
3362 3162 3418 3208 et

1838 3255 2016 3324 perito
2070 3255 2307 3311 arbitror
2361 3256 2647 3325 magistro.
2703 3253 2908 3308 Deinde
2957 3266 3085 3306 vero
3126 3248 3416 3320 expurgari

1837 3346 2003 3400 etiam
2061 3348 2259 3401 anima:
2315 3347 2572 3414 oculum,
2629 3353 2689 3399 ut
2743 3344 3002 3398 omnibus
3055 3339 3417 3412 ignorationis

1839 3437 2082 3493 tenebris
2127 3439 2285 3508 quasi
2343 3438 2674 3508 lippitudine
2733 3437 2915 3505 aliqua
2972 3435 3268 3495 liberatus,
3309 3431 3418 3485 ﬁxo

1846 3621 2040 3691 possit,
2082 3637 2190 3675 non
2217 3620 2370 3691 parvi
2411 3621 2616 3676 laboris
2660 3635 2784 3674 esse
2829 3634 2975 3681 reor,
3006 3631 3184 3686 neque
3225 3629 3416 3686 parum

1845 3711 2038 3766 aderre
2087 3713 2358 3766 utilitatis.
2416 3711 2593 3781 Atque
2658 3711 2775 3764 haec
2829 3717 2979 3762 tuam
3033 3721 3251 3777 quoque
3287 3721 3420 3774 pru-

1843 3801 2083 3856 dentiam
2133 3802 2490 3872 perspicere,
2538 3816 2604 3855 ac
2657 3809 2849 3869 optare
2907 3806 2966 3851 ut
3013 3796 3212 3867 aliquis
3260 3796 3423 3849 detur

1843 3891 1911 3945 ad
1973 3905 2094 3946 eam
2149 3906 2264 3945 rem
2311 3890 2565 3958 adjutor,
2620 3891 2960 3958 exploratum
3012 3883 3226 3939 habeo:
3259 3898 3322 3937 ac
3370 3883 3421 3938 si

1844 3981 1987 4038 Deus
2032 3984 2327 4053 aliquando
2354 3982 2601 4046 dederit,
2648 3995 2705 4037 ut
2746 3991 2894 4035 tuam
2927 3980 3249 4050 dignitatem
3281 3994 3418 4033 con-

1845 4075 2079 4140 veniam,
2134 4077 2289 4145 plura
2324 4083 2472 4128 certe
2510 4075 2578 4130 de
2607 4075 2808 4144 quibus
2856 4073 3150 4127 sollicitum
3180 4086 3267 4126 me
3297 4086 3424 4126 esse

1843 4179 1940 4234 par
1977 4171 2082 4226 est,
2139 4164 2401 4219 ediscam.
2435 4163 2591 4219 Nunc
2619 4164 2788 4227 enim,
2832 4161 2995 4233 240
3033 4175 3154 4231 qua:
3186 4176 3307 4215 mea
3336 4170 3421 4215 est

1843 4254 2140 4324 imperitia,
2175 4261 2310 4324 quot
2339 4263 2394 4309 et
2422 4254 2645 4325 quantis
2676 4253 2946 4324 indigeam
2982 4270 3052 4308 ne
3088 4268 3422 4324 cognoscere

1842 4345 2063 4414 quidem
2126 4360 2385 4415 possunt;
2449 4346 2546 4401 sed
2594 4353 2774 4400 tamen
2834 4361 2921 4400 me
2979 4345 3140 4416 primi
3189 4351 3424 4399 conatus

1841 4449 1952 4487 non
2009 4436 2273 4504 penitet,
2334 4450 2512 4505 neque
2575 4436 2722 4491 labat
2772 4442 2826 4490 et
2876 4437 3095 4490 vacillat
3142 4435 3325 4490 anima
3366 4434 3422 4488 in

1841 4525 2124 4596 prOposito
2163 4526 2379 4581 vivendi
2432 4527 2733 4582 secundum
2790 4527 3004 4594 Deum;
3057 4526 3204 4597 quod
3241 4540 3422 4596 ipsum

1842 4617 1977 4671 mihi
2024 4618 2278 4686 timuisti,
2342 4621 2602 4688 praeclare
2649 4627 2814 4688 teque
2868 4619 3031 4690 digne
3079 4617 3307 4681 faciens,
3354 4631 3423 4670 ne

1843 4724 2140 4766 conversus
2194 4721 2544 4776 retrorsum,
2590 4712 2725 4766 salis
2766 4718 2946 4765 statua
3023 4709 3229 4777 ﬁerem,
3274 4707 3422 4778 quod

153 4792 403 4864 γένωμαι
428 4793 574 4860 ἁλὸς,
598 4795 736 4866 ὅπερ
764 4797 899 4867 γυνή
927 4812 1010 4858 τις
1042 4795 1266 4858 ἔπαθεν,
1301 4795 1494 4868 ὥσπερ
1529 4799 1733 4853 ἀκούω.

1845 4802 2062 4857 mulieri
2106 4803 2326 4859 cuidam
2361 4803 2662 4876 contigisse
2685 4802 2848 4858 audio
2872 4802 2939 4859 ’°.
2972 4801 3080 4858 Sed
3129 4801 3307 4856 adhuc
3337 4813 3424 4854 me

225 4947 272 4980 “
299 4943 441 5002 Gen.
473 4961 586 5010 xu,
624 4946 718 5003 26.

229 5101 344 5170 (25)
396 5102 709 5170 Ἔμαυτόν.
750 5101 901 5156 lianc
935 5116 1125 5157 vocem
1168 5101 1481 5162 addidimus
1523 5122 1591 5160 ex
1634 5122 1738 5161 no-

152 5187 508 5312 "Etrilsi'ac
549 5240 715 5297 ὀδοῦ.
752 5241 973 5314 Regius,
1001 5241 1224 5314 quidam
1272 5258 1380 5298 ms.
1409 5245 1505 5298 τοῦ
1557 5246 1736 5311 οὐδοῦ,

153 5315 317 5367 limen
346 5313 612 5384 ingressus
638 5329 656 5366 :
689 5329 809 5383 quae
845 5313 1066 5384 quidem
1103 5313 1376 5382 scriptura
1408 5316 1567 5370 valde
1596 5319 1738 5370 arri-

150 5388 332 5445 deret,
377 5387 424 5437 si
468 5382 714 5437 faverent
755 5382 1127 5445 alii’codices,
1164 5393 1256 5436 aut
1299 5385 1498 5440 vitium
1532 5387 1739 5442 inesset

152 5455 379 5539 vulgato
421 5453 721 5508 contextui.
764 5453 938 5509 Paulo
975 5461 1102 5525 post
1144 5451 1312 5509 Coisl.
1365 5459 1577 5527 primus
1611 5472 1737 5510 σκο-

151 5538 686 5670 πῦἴξὸἲῃεέγῖμυν.
749 5592 995 5670 Quatuor
1053 5613 1190 5670 mss.
1224 5599 1509 5670 ixévcpou.
1567 5597 1736 5653 Paulo

153 5674 281 5739 post
306 5661 630 5739 δείξει-λόγος
662 5661 1008 5739 τιςζνοεξιιιιι
1043 5668 1196 5739 deest
1221 5669 1276 5723 in
1311 5661 1554 5739 quinque
1591 5675 1735 5726 vetc—

154 5735 314 5789 ribus
340 5733 517 5801 libris,
547 5748 657 5789 non
696 5744 876 5792 tamen
903 5735 958 5791 in
987 5733 1408 5809 antiquissimis.

1919 5108 2035 5178 (26)
2085 5109 2190 5163 Ἐκ
2235 5107 2366 5178 τοῦ,
2396 5107 2683 5175 πονηροῦ.
2734 5106 2986 5178 Quinque
3033 5121 3164 5162 mss.
3213 5106 3279 5158 ὲκ
3326 5103 3426 5174 τῆς

1847 5176 2133 5250 πονηρίας.
2183 5178 2290 5233 Sed
2337 5177 2506 5250 Coisl.
2543 5178 2756 5250 primus
2787 5187 2842 5233 et
2873 5176 3424 5250 Medicteusconsen-

1846 5245 2004 5303 tiunt'
2039 5264 2163 5302 cum
2215 5250 2397 5303 editis.
2447 5247 2505 5300 ln
2541 5245 2827 5303 Harl-acauo
2856 5255 3039 5303 autem
3087 5245 3279 5308 codice
3315 5260 3425 5299 non

1845 5321 2121 5390 reperitur
2154 5320 2268 5390 haec
2297 5318 2550 5390 epistola.

1916 5383 2029 5460 '(27)
2077 5383 2444 5457 Ἐπίσταμαι.
2497 5387 2634 5442 Med.
2667 5396 2722 5442 et
2773 5385 2942 5442 Coisl.
2991 5385 3202 5458 primus
3241 5383 3427 5438 πέπει-

1845 5476 2000 5512 σιιαι.

1883 5477 2027 5599 μᾶῗ)
2061 5530 2265 5583 Ὀσων
2279 5526 2511 5594 ἐνδεής.
2537 5526 2720 5599 Οοὶει.
2741 5527 2951 5599 primus
2968 5534 3025 5599 et
3043 5522 3426 5599 quidamReg.

1842 5595 1966 5654 ὅσον
1992 5595 2539 5672 ἐνδεήςλιιιίιιιῇςιειιι
2578 5595 2757 5672 Coisl.
2781 5611 2832 5652 et
2865 5596 3010 5672 Med:
3039 5597 3114 5661 ὠς
3149 5595 3349 5651 ἀκούω.

1918 5675 1935 5691 ’
1975 5666 2449 5727 ΑΙίθεὨΟΟΧΟΙΙ.
2489 5668 2703 5742 Scripta
2738 5683 2881 5724 anno
2908 5666 3033 5723 373.
