3868 6218
435 266 545 322 603

1746 270 1807 325 S.
1848 269 2091 327 BASILII
2125 270 2337 330 MAGNI

3590 258 3701 327 eet

437 381 696 436 cohibent
736 391 975 438 externa:
1034 390 1378 452 potestates,
1445 385 1607 455 quasi
1671 387 2028 457 magistratus

2142 387 2283 441 Ἀλλ’
2310 387 2390 442 ἔτι
2432 388 2531 459 μέν
2565 404 2633 458 με
2661 387 2755 441 καὶ
2780 388 2836 440 αι
2870 385 3066 453 ιξωθεν
3103 364 3269 457 ἀρχαι
3298 388 3699 453 συστέλλουσιν,

438 472 775 527 desertorem
829 474 1064 544 aliquem
1123 482 1433 544 reposcant.
1481 474 1697 531 Detinet
1727 484 1906 531 autem
1936 493 2021 532 me

439 567 678 620 maxime
710 583 892 623 meum
946 568 1122 638 ipsius
1166 583 1298 634 cor,
1350 583 1543 623 eorum
1585 584 1707 625 uuae
1748 570 1862 625 dixi
1913 569 2021 625 sibi

440 669 752 709 causctum.

510 745 566 800 2.
625 746 895 814 Quoniam
940 758 1120 805 autem
1158 749 1455 806 meministi
1493 760 1812 820 pactorum,
1859 761 2023 822 teque

441 836 778 892 denuntiasti
829 848 1239 904 accusaturum,
1291 840 1424 893 mihi
1459 841 1513 893 in
1560 840 1661 894 hac
1700 856 1817 895 mea
1850 842 2024 896 tristi-

443 930 519 983 tia
551 930 721 982 risum
774 931 1012 992 movisti,
1040 931 1188 1000 quod
1243 933 1541 984 etiamnum
1573 932 1761 986 rhetor
1785 933 1884 997 sis,
1924 928 2025 988 nec

445 1033 477 1071 a
530 1020 729 1073 timore
792 1019 1109 1074 incutiemlo
1159 1021 1431 1077 discedas.
1500 1020 1611 1092 Ego
1671 1038 1907 1094 namque
1950 1025 2023 1079 ita

442 1113 733 1176 existimo,
779 1115 885 1167 nisi
940 1116 1165 1168 omnino
1230 1122 1291 1170 ut
1348 1116 1633 1185 imperitus
1696 1117 1940 1171 aberrem
1994 1132 2024 1171 a

446 1204 718 1267 veritate,
764 1219 928 1257 uuam
983 1220 1106 1259 esse
1157 1204 1299 1259 viam
1356 1206 1423 1259 ad
1479 1206 1766 1261 Dominum
1820 1208 2026 1263 ducen-

447 1301 601 1355 tem,
643 1302 710 1364 et_
755 1296 1066 1364 quicunque
1118 1297 1185 1350 ad
1234 1297 1411 1366 ipsum
1456 1305 1723 1368 pergunt,
1809 1300 2025 1356 itineris

444 1381 693 1452 ejusdem
725 1398 845 1437 esse
875 1386 1090 1448 socios,
1149 1393 1204 1439 et
1256 1388 1447 1440 eodem
1484 1388 1608 1441 vitae
1646 1388 1849 1443 findere
1897 1405 2024 1459 pro-

354 1494 359 1501 -
447 1473 624 1543 gredi.
681 1471 862 1538 Quare
913 1491 1022 1545 quo
1077 1476 1266 1530 abiens
1313 1480 1555 1547 separari
1596 1495 1624 1532 a
1665 1487 1718 1534 te
1754 1495 2024 1550 possum,

447 1581 550 1620 nec
602 1573 782 1619 tecum
823 1568 985 1621 simul
1032 1569 1234 1631 vivere,
1304 1578 1358 1623 et
1403 1582 1585 1624 tecum
1621 1576 1827 1627 servire
1877 1572 1985 1626 Deo
2012 1615 2027 1639 ,

448 1655 518 1710 ad
550 1671 709 1725 quem
745 1656 907 1711 simul
953 1659 1300 1728 confugimus
1329 1660 1352 1712 7
1383 1658 1627 1730 Corpora
1655 1662 1800 1716 enim
1838 1675 2028 1719 nostra

2121 478 2312 551 ὥσπερ
2348 479 2711 549 λειποτάκτην
2760 478 2880 531 τινὰ
2921 478 3031 531 τῶν
3059 478 3336 548 ἀρχόντων
3364 478 3697 552 ἀναζητούν-

2120 588 2228 624 των
2257 569 2369 639 (29)
2393 586 2407 599 ·
2439 570 2628 639 ἐπέχει
2668 569 2724 622 δέ
2761 585 2828 639 με
2858 569 3089 639 μάλιστα
3113 571 3145 636 ἡ
3194 568 3329 640 ἐμοῦ
3363 571 3529 624 αὑτοῦ
3559 590 3698 645 καρ-

2121 663 2230 725 δία,
2269 664 2451 715 ἐκεῖνα
2488 660 2841 732 μαρτυροῦσα
2874 662 3039 731 ἑαυτῇ
3070 662 3210 732 άπερ
3235 663 3453 733 εἴρηκα.

2192 754 2247 808 2.
2298 753 2514 823 Ἐπειδὴ
2551 752 2609 807 δὲ
2658 751 2941 821 συνθηκῶν
2985 751 3284 823 ἐμνήσθης,
3326 753 3422 807 καὶ
3461 769 3699 824 κατηγο-

2127 846 2241 917 ρεῖν
2267 843 2601 913 ἐπηγγείλω,
2641 840 2867 911 γελάσαι
2910 859 2976 911 με
3028 841 3287 912 ἐποίησας
3329 843 3386 895 ἐν
3412 844 3584 916 ταύτῃ
3627 845 3697 915 τῇ

2125 935 2401 1005 κατηφείᾳ
2438 950 2564 1003 μου,
2596 934 2678 987 ὅτι
2714 932 2793 985 ἔτι
2842 933 3025 1004 ῥήτωρ
3057 927 3127 995 εἷ,
3157 933 3249 985 καὶ
3279 933 3375 1003 τῆς
3397 932 3700 1005 δεινότητος

2124 1027 2225 1081 οὐκ
2263 1026 2581 1094 ἀφίστασαι.
2626 1022 2766 1093 Ἐγὼ
2802 1024 2912 1095 γὰρ
2947 1023 3088 1079 οῦτω
3121 1024 3326 1094 νομίζω
3368 1025 3501 1093 (50),
3537 1027 3586 1079 εί
3624 1026 3702 1097 μὴ

2127 1119 2302 1187 πάντη
2330 1118 2405 1179 ὡς
2448 1116 2665 1188 ἀμαθὴς
2699 1115 3051 1186 διαμαρτάνω
3090 1115 3188 1184 τῆς
3235 1114 3523 1185 ἀληθείας,
3570 1116 3703 1185 μίαν

2126 1205 2266 1261 εἶναι
2298 1209 2416 1261 ὁδὸν
2442 1208 2541 1279 τὴν
2568 1206 2702 1278 πρὸς
2732 1206 2823 1259 τὸν
2855 1206 3057 1277 Κύριον
3088 1206 3345 1273 ἄγουσαν.
3378 1206 3470 1259 καὶ
3492 1206 3703 1268 πάντας

2125 1299 2254 1360 τοὺς
2284 1297 2420 1368 πρὸς
2456 1296 2620 1348 αὑτὸν
2654 1297 3058 1366 πορευομένους
3099 1294 3398 1347 συνοδεύει-ι
3426 1295 3701 1367 ἀλλήλοις,

2127 1389 2222 1442 καὶ
2250 1387 2392 1441 κατά
2427 1388 2554 1457 μίαν
2592 1386 2865 1456 συνθήκην
2890 1385 2984 1439 τοῦ
3022 1385 3136 1455 βίου
3166 1384 3507 1456 πορεύεσθαι.
3539 1386 3702 1440 Ὥστε

2128 1478 2232 1532 ποῦ
2265 1477 2515 1532 ἀπελθὼν
2540 1476 2879 1549 χωρισθῆναί
2908 1494 2999 1530 σου
3037 1475 3291 1547 δύναμαι,
3332 1478 3426 1529 καὶ
3458 1477 3530 1547 μὴ
3562 1477 3705 1547 μετά

2132 1570 2224 1623 σοῦ
2259 1569 2378 1640 ζῇν,
2398 1570 2493 1623 καὶ
2526 1569 2664 1639 μετά
2687 1569 2781 1621 σοῦ
2812 1567 3080 1621 δουλεύειν
3112 1566 3249 1637 Θεῷ,
3285 1561 3327 1635 ᾧ
3353 1571 3500 1638 κοινῇ
3533 1584 3706 1638 προσ-

2130 1660 2441 1731 εφῦγομενς
2478 1660 2560 1713 Τά
2598 1660 2695 1729 μὲν
2738 1659 2847 1731 γὰρ
2902 1660 3130 1730 σώματα
3166 1660 3323 1731 ἡμῶν
3354 1661 3539 1724 τόποις
3583 1660 3704 1715 δια-

449 1750 591 1804 locis
625 1751 1012 1821 disjuugentur
1047 1769 1061 1809 :
1095 1752 1187 1806 sed
1246 1756 1490 1822 proiecto
1550 1752 1643 1806 Dei
1687 1756 1880 1810 oculus
1922 1772 2028 1810 am-

2142 1751 2491 1823 σταθήσεται⁸
2528 1754 2555 1805 ὁ
2586 1751 2643 1805 δὲ
2683 1750 2778 1804 τοῦ
2811 1749 2947 1804 Θεοῦ
2972 1750 3247 1821 ὀφθαλμὸς
3282 1755 3431 1822 κοινῇ
3464 1754 3691 1821 ἀμφοτὲ-

446 1839 548 1897 bos
607 1843 769 1896 simul
825 1843 1105 1909 intuetur;
1149 1844 1415 1913 siquidem
1457 1853 1510 1900 et
1562 1848 1674 1900 vita
1715 1863 1834 1901 mea
1866 1847 2028 1917 digna

448 1932 634 1999 fuerit,
680 1949 802 2002 (tum
839 1948 869 1986 a
929 1932 1021 1987 Dei
1056 1935 1229 1987 oculis
1262 1936 1680 2004 conspiciatur;
1741 1938 1844 1991 hoc
1884 1939 2028 1992 enim

447 2024 554 2095 legi
605 2026 804 2080 alicubi
856 2026 911 2080 in
971 2024 1252 2081 Psalmis:
1295 2025 1452 2081 Oculi
1491 2026 1707 2081 Domini
1745 2043 1900 2097 super
1943 2029 2033 2098 ju-

449 2126 563 2172 stas
589 2118 658 2171 ".
703 2117 962 2188 Equidem
998 2118 1159 2187 cupio
1188 2128 1242 2172 et
1278 2118 1373 2171 tibi
1399 2126 1453 2171 et
1485 2120 1660 2174 cuivis
1705 2122 1796 2174 alii
1831 2137 2032 2191 propo-

450 2208 619 2265 situm
661 2219 753 2264 tuo
796 2211 975 2266 simile
1008 2211 1227 2265 habenti
1273 2212 1436 2265 etiam
1479 2228 1710 2283 corpore
1750 2215 2030 2284 conjungi,

446 2312 501 2356 et.
562 2308 690 2355 ante
746 2299 970 2356 Patrem
1034 2310 1308 2364 nostrum,
1353 2303 1445 2370 qui
1481 2303 1532 2355 in
1591 2304 1746 2358 cmlis
1783 2314 1886 2366 est,
1923 2315 2035 2358 tota

448 2399 611 2447 nocte
639 2407 703 2445 ac
735 2393 822 2446 die
854 2401 1035 2446 tecum
1077 2406 1254 2462 genua
1289 2392 1528 2453 llei-tere,
1567 2400 1621 2447 et
1656 2393 1699 2447 si
1741 2395 1864 2463 quis
1895 2395 2035 2449 alius

447 2493 552 2544 est.
593 2485 687 2556 qui
725 2487 825 2540 rite
869 2486 1034 2539 Deum
1075 2486 1307 2539 invocet.
1351 2483 1486 2537 Novi
1521 2486 1663 2538 enim
1699 2488 2037 2542 communio-

449 2592 572 2630 nem
623 2578 676 2629 iu
731 2577 989 2646 precibus
1038 2577 1269 2629 multum
1329 2575 1583 2629 utilitatis
1628 2575 1843 2630 alierre.
1880 2575 2037 2642 Quod

458 2668 503 2722 si
537 2667 755 2735 quoties
793 2665 926 2719 mihi
984 2666 1275 2735 contigerit
1336 2667 1390 2719 in
1426 2666 1644 2720 diverso
1694 2668 1892 2735 angqu
1948 2666 2037 2735 ja-

449 2758 592 2811 cemi
651 2757 1026 2827 ingemiscere.
1087 2757 1431 2809 mendacium
1467 2770 1551 2809 me
1579 2756 1804 2809 omuiuo
1852 2771 2041 2826 seque-

454 2857 586 2913 tur;
630 2863 870 2917 pugnare
912 2862 1019 2900 non
1055 2862 1275 2915 possum
1317 2846 1583 2901 adversus
1620 2862 1682 2901 ea
1731 2863 1853 2916 qua:
1901 2862 1930 2899 ιι
1988 2858 2039 2902 te

451 2939 595 2993 dicta
651 2944 799 2999 sunt,
861 2952 1053 3007 meque
1096 2939 1210 3006 ipse
1265 2945 1323 2991 ut
1355 2937 1673 2991 mendacem
1705 2938 2034 2999 condemno,

452 3030 501 3085 si
554 3029 683 3099 quid
740 3029 1011 3095 ejusmodi
1072 3029 1294 3083 l0cutus
1345 3028 1819 3083 suui'sei-uudum
1857 3030 2038 3097 pristi-

452 3134 577 3175 nam
609 3119 1056 3184 indil'l‘erentiam,
1095 3119 1245 3189 quod
1278 3134 1363 3173 me
1387 3118 1653 3173 mendacii
1682 3119 1910 3174 crimine
1930 3121 2033 3175 ob-

452 3212 706 3281 stringat.

524 3304 579 3357 5.
639 3300 938 3368 Postquam
994 3315 1164 3371 prope
1200 3299 1506 3354 Caesaream
1544 3301 1667 3355 veni
1694 3340 1707 3359 ,
1742 3307 1801 3353 ut
1850 3314 2034 3353 rerum

453 3402 656 3449 statum
719 3398 1116 3463 perspicerem,
1171 3392 1228 3445 in
1288 3392 1405 3459 ipsa
1438 3393 1571 3446 urbe
1621 3392 1770 3445 nolui
1801 3405 2039 3446 commo-

454 3485 589 3550 rari,
624 3485 720 3540 sed
775 3486 842 3538 ad
874 3486 1181 3553 proximum
1216 3498 1510 3551 pauperum
1548 3483 1844 3552 hospitium
1901 3497 2035 3537 con-

454 3576 589 3649 fugi,
630 3590 687 3632 ut
738 3579 810 3633 ibi
858 3579 1127 3632 disi-ereui
1165 3591 1286 3645 quae
1326 3575 1591 3629 volebam.
1654 3574 1854 3630 Deimle
1906 3590 2031 3630 cum

452 3685 520 3725 eo
570 3672 813 3725 venisset
838 3685 903 3724 ex
936 3684 1084 3723 more
1120 3668 1567 3737 religiosissimus
1607 3668 1919 3737 episi'opus,
1956 3683 2037 3722 re-

454 3763 550 3818 tuli
596 3762 663 3816 ad
723 3777 848 3816 eum
903 3762 1106 3830 quibus
1159 3761 1225 3814 de
1266 3761 1430 3814 rebus
1472 3759 1823 3812 mandaverat
1857 3758 2037 3813 erudi-

456 3855 533 3908 tio
602 3863 718 3910 tua.
779 3853 911 3920 Qua:
958 3864 1138 3906 aulem
1191 3852 1494 3920 respondit,
1533 3866 1594 3905 ea
1642 3867 1743 3905 nec
1776 3852 2036 3905 memoria

456 3947 680 4001 retineri
729 3953 1004 4015 poterant,
1038 3952 1092 3997 et
1133 3943 1376 4012 epistolae
1409 3942 1629 3996 modum
1679 3945 2032 4012 superabant.

456 4039 515 4092 In
571 4053 787 4093 summa
845 4045 1024 4090 autem
1066 4035 1133 4089 de
1183 4042 1501 4104 paupertate
1556 4035 1699 4087 hunc
1728 4034 1866 4087 dixit
1914 4049 2037 4089 esse

457 4132 702 4195 modum,
759 4136 817 4183 ut
868 4139 1108 4182 extrema
1138 4127 1321 4179 tunica
1380 4140 1534 4179 suam
1569 4126 1798 4195 quisque
1821 4140 2037 4193 posscs-

458 4226 667 4280 sionem
720 4216 964 4275 deliiiiiit.
1024 4221 1200 4288 Atque
1248 4235 1312 4272 ex
1374 4216 1668 4286 Evangelia
1722 4217 2035 4272 testimonia

457 4315 806 4371 exhibebat:
861 4327 1028 4364 unum
1082 4312 1302 4381 quidem
1361 4308 1591 4365 Joannis
1644 4308 1900 4379 Baptistae
1953 4310 2036 4363 di-

2134 1859 2260 1915 ρους
2292 1844 2465 1913 ἐφορᾷ
2516 1842 2793 1913 δηλονότι·
2844 1842 3002 1913 εἴπερ
3048 1837 3139 1894 οὖν
3170 1841 3319 1908 ἄξιος
3369 1843 3463 1896 καὶ
3511 1844 3541 1895 ὁ
3571 1843 3705 1911 ἐμὸς

2135 1933 2249 2003 βίος
2302 1933 2407 1987 ὑπὸ
2452 1933 2562 1986 τῶν
2594 1932 2887 2003 ὀφθαλμῶν
2936 1931 3030 1984 τοῦ
3081 1931 3215 1985 Θεοῦ
3276 1932 3703 1987 ἐποπτεύεσθαι·

2132 2028 2373 2096 ἀνέγνων
2400 2027 2507 2098 γάρ
2533 2045 2633 2080 που
2657 2028 2714 2078 ἐν
2735 2027 3003 2097 Ψαλμοῖς,
3028 2027 3108 2079 ὅτι
3142 2026 3455 2095 Ὀφθαλμοὶ
3483 2028 3707 2095 Κυρίου

2133 2117 2235 2171 ἐπὶ
2270 2116 2558 2182 δικαίους.
2608 2114 2749 2184 Ἐγὼ
2806 2116 2903 2187 μὲν
2936 2117 3043 2187 γὰρ
3080 2114 3310 2186 εὔχομαι
3355 2116 3447 2169 καὶ
3482 2116 3565 2168 σοὶ
3612 2118 3705 2170 καὶ

2137 2211 2299 2263 παντὶ
2328 2208 2404 2279 τῷ
2452 2207 2849 2279 παραπλησίως
2872 2207 2982 2277 (5|)
3037 2223 3118 2259 σοι
3163 2206 3579 2278 προαιρουμένῳ
3612 2207 3707 2261 καὶ

2134 2300 2212 2372 τῷ
2242 2300 2454 2370 σώματι
2484 2302 2744 2363 συνεῖναι,
2779 2300 2873 2352 καὶ
2921 2301 3101 2353 πᾶσαν
3146 2298 3317 2367 νύκτα
3359 2299 3453 2352 καὶ
3496 2299 3709 2371 ἡμέραν

2141 2394 2275 2463 μετὰ
2306 2393 2399 2446 σοῦ
2427 2392 2628 2444 κλίνειν
2659 2391 2727 2444 τὰ
2762 2390 2962 2459 γόνατα
2994 2390 3129 2462 πρὸς
3160 2390 3250 2443 τὸν
3285 2390 3500 2462 Πατέρα
3548 2391 3711 2461 ἡμῶν

2137 2488 2229 2538 τὸν
2260 2488 2317 2537 ἐν
2344 2488 2455 2550 τοῖς
2480 2486 2750 2552 οὐρανοῖς,
2783 2484 2878 2537 καὶ
2908 2482 2961 2536 εἴ
2985 2501 3065 2547 τις
3110 2483 3270 2547 ἄλλος
3316 2483 3482 2548 ἀξίως
3512 2486 3708 2537 ἐπικα-

2138 2571 2397 2642 λούμενος
2425 2572 2516 2624 τὸν
2542 2572 2673 2624 Θεόν
2692 2588 2706 2602 ο
2736 2567 2850 2624 οἶδα
2887 2570 2994 2642 γὰρ
3023 2570 3119 2642 τὴν
3143 2573 3201 2623 ἐν
3233 2575 3349 2635 ταῖς
3380 2577 3712 2643 προσευχαῖς

2140 2665 2423 2718 κοινωνίαν
2482 2664 2615 2716 πολὺ
2653 2663 2714 2716 τὸ
2763 2662 2948 2732 κέρδος
3000 2662 3269 2732 φέρουσαν
3311 2663 3454 2731 (⁸52)·
3500 2665 3598 2716 ἐὰν
3631 2665 3711 2728 δὲ,

2140 2757 2330 2818 ὁσάκις
2357 2756 2574 2826 ὑπάρξῃ
2604 2771 2692 2824 μοι
2722 2757 2779 2807 ἐν
2817 2754 3059 2825 διαφόρῳ
3089 2754 3322 2824 γωνιδίῳ
3357 2756 3470 2825 (55)
3503 2758 3687 2829 παρεῤ

2142 2848 2388 2920 ῥιμμὲνῳ
2420 2848 2714 2912 στενάζειν,
2742 2846 3102 2916 ἀκολουθήσει
3132 2864 3221 2917 μοι
3255 2848 3471 2912 πάντως
3500 2849 3562 2901 τὸ
3586 2849 3704 2919 das-:6-

2138 2939 2342 3003 δεσθαι,
2383 2939 2647 3009 μάχεσθαι
2685 2940 2782 3010 μὲν
2806 2938 2914 3003 (54)
2948 2940 3082 3010 πρὸς
3122 2940 3211 2992 τὸν
3253 2938 3409 3007 λόγον
3446 2941 3548 2993 οὐκ
3584 2942 3713 3011 ἔχω,

2140 3031 2239 3101 ἤδη
2270 3030 2327 3082 δὲ
2368 3031 2443 3094 ὡς
2475 3030 2708 3100 ψεύστου
2740 3030 2973 3096 ἐμαυτὸν
3003 3031 3336 3097 κατακρίνω.
3378 3030 3434 3083 εἴ
3455 3048 3508 3083 τι
3535 3031 3713 3084 τοιοῦο

2136 3140 2228 3175 τον
2256 3123 2399 3176 κατὰ
2422 3122 2520 3192 τὴν
2564 3121 2799 3174 παλαιὰν
2835 3121 3157 3194 ἀδιαφορίαν
3191 3121 3565 3194 ἐφθεγξάμην,
3592 3123 3621 3175 ὅ
3650 3139 3713 3194 με

2135 3214 2215 3283 τῷ
2241 3215 2471 3283 κρίματι
2492 3213 2588 3266 τοῦ
2619 3214 2847 3283 ψεύδους
2877 3214 3128 3266 ὑπόδικον
3158 3214 3403 3283 καθιστᾷ.

2205 3306 2258 3359 5.
2287 3306 2582 3375 Γενόμενος
2606 3307 2662 3360 δὲ
2691 3306 2916 3376 πλησίον
2951 3308 3308 3376 Καισαρείας,
3343 3307 3485 3361 ὥστε
3516 3309 3692 3381 γνωρί

2138 3414 2226 3450 σαι
2254 3398 2321 3450 τὰ
2352 3399 2673 3469 πράγματα,
2708 3400 2802 3452 καὶ
2828 3400 2962 3468 αὐτῇ
2993 3400 3329 3469 παραϐαλεῖν
3358 3404 3422 3471 τῇ
3454 3401 3611 3456 πόλει
3640 3403 3715 3471 μὴ

2135 3488 2522 3559 ἀνασχόμενος.
2552 3489 2628 3559 τῷ
2650 3489 2877 3560 πλησίον
2902 3490 3245 3559 προσέφυγον
3270 3492 3715 3562 πτωχοτροφείῳ,

2136 3580 2275 3633 ὥστε
2330 3583 2447 3633 ἐκεῖ
2483 3580 2673 3651 μαθεῖν
2726 3582 2853 3652 περὶ
2904 3574 2978 3633 ὧν
3030 3582 3347 3652 ἐϐουλόμην.
3398 3579 3530 3635 Εἶτα
3578 3583 3723 3637 κατά

2141 3670 2427 3742 συνήθειαν
2475 3671 2871 3741 ἐπιδημήσαντι
2897 3669 2975 3741 τῷ
3009 3668 3405 3740 θεοφιλεστάτῳ
3431 3671 3724 3740 ἐπισκόπῳ

2138 3763 2413 3834 ἀνήνεγκα
2458 3764 2587 3833 περὶ
2633 3756 2707 3815 ὧν
2756 3760 3018 3827 ἐπέταξεν
3062 3762 3171 3833 (55)
3207 3763 3337 3832 ἡμῖν
3381 3764 3414 3831 ἠ
3466 3761 3725 3832 λογιότης

2139 3871 2253 3908 σου.
2290 3855 2398 3906 Καὶ
2430 3853 2466 3907 ἃ
2510 3854 2609 3925 μὲν
2653 3854 3009 3925 ἀπεκρίνατο,
3038 3852 3161 3906 οὔτε
3206 3855 3271 3923 τῇ
3325 3855 3515 3925 μνήμῃ
3552 3853 3726 3923 φυλα-

2137 3944 2329 4015 χθῆναι
2380 3945 2510 4015 παρ’
2552 3945 2709 4015 ἡμῶν
2748 3944 2969 3998 δυνατὸν
3008 3944 3117 4015 (56)
3147 3939 3247 4013 ἦν,
3295 3942 3389 3996 καὶ
3429 3943 3725 4012 ἐπιστολῆς

2139 4035 2465 4105 ὑπερέϐαινε
2509 4035 2725 4107 μέτρον.
2789 4035 2875 4099 Ὡς
2919 4037 2977 4087 ἐν
3025 4033 3301 4103 κεφαλαίῳ
3340 4033 3396 4086 δὲ
3445 4032 3572 4104 περὶ
3619 4033 3727 4104 τῆς

2137 4126 2523 4197 ἀκτημοσύνης
2549 4128 2725 4179 ἐκεῖνο
2771 4126 2872 4197 ἔφη
2908 4127 2967 4179 τὸ
3017 4126 3214 4197 μέτρον
3258 4120 3418 4190 εἶναι,
3450 4124 3594 4178 ὥστε
3641 4126 3727 4190 εἰς

2136 4217 2227 4270 τὸν
2259 4216 2484 4285 ἔσχατον
2510 4216 2713 4287 χιτῶνα
2747 4218 2977 4271 ἕκαστον
3007 4218 3186 4289 ἐαυτῷ
3219 4218 3571 4290 περιιστάναι
3608 4218 3723 4287 (57)

2137 4309 2234 4378 τὴν
2273 4310 2485 4379 κτῆσιν.
2520 4310 2629 4362 Καὶ
2664 4309 2955 4381 παρείχετο
2997 4312 3129 4381 ἡμῖν
3160 4313 3223 4363 ἐκ
3266 4309 3357 4364 τοῦ
3387 4310 3724 4378 Εὑαγγελίου

459 4404 634 4461 ceulis
667 4420 680 4456 :
718 4404 821 4469 Qui
850 4404 1002 4457 liabet
1032 4403 1166 4456 duas
1202 4404 1406 4456 tunicas
1432 4440 1446 4463 ,
1477 4402 1562 4454 det
1592 4418 1691 4455 non
1722 4402 1992 4456 Imbemi"
2018 4421 2031 4457 :

2142 4403 2237 4465 τὰς
2280 4400 2619 4465 ἀποδείξεις·
2662 4403 2790 4473 μίαν
2846 4403 2964 4473 μὲν,
3000 4403 3075 4466 ὡς
3109 4402 3357 4456 Ἰωάννου
3391 4402 3483 4455 τοῦ
3523 4402 3726 4471 βαπτι-

461 4496 606 4550 aliud
657 4502 838 4548 autem
890 4492 1107 4547 Domini
1161 4493 1549 4563 vetantistne
1604 4491 1863 4561 discipuli
1901 4494 2041 4548 duas

532 4666 577 4704 ’7
605 4671 751 4727 Psal.
782 4685 981 4734 xxxiii,
1016 4668 1102 4723 16.
1180 4668 1226 4700 ’⁸
1253 4667 1385 4723 Luc.
1416 4685 1494 4734 ιιι,
1526 4669 1611 4723 Η-

535 4835 648 4902 (29)
684 4831 1149 4899 ‘Arai'qtodrrwr
1210 4823 1288 4902 lta
1315 4843 1448 4902 in‘ssi.
1473 4844 1589 4902 sex.
1613 4825 1755 4902 Edili
1789 4824 2043 4902 ἀνεπιζη-

460 4897 715 4962 τοῦντων.
759 4897 958 4958 Ibidem
1000 4912 1108 4951 non
1168 4899 1310 4952 male
1343 4897 1512 4953 Coisl.
1550 4899 1759 4969 primus
1805 4906 1858 4952 et
1897 4897 2037 4951 Med.

465 4978 650 5046 ἐπέχει
681 4975 737 5027 δὲ
775 4973 1025 5046 μάλιστα.

536 5039 646 5114 (30)
676 5039 839 5099 Οὗὲω
870 5043 1100 5113 γεμίζω.
1144 5046 1307 5102 Deest
1333 5039 1474 5092 οὕτω
1502 5039 1557 5114 i_n
1605 5053 1698 5091 sex
1730 5053 1915 5114 mss.,_
1935 5052 2042 5114 non

464 5107 643 5176 tamen
676 5120 730 5171 in
759 5107 1208 5182 CoislfetVMedu
1239 5124 1472 5184 quorum
1509 5110 1562 5162 in
1597 5117 1873 5179 postremo
1904 5107 2037 5175 legi-

465 5203 553 5245 tur
577 5188 768 5245 οὕτως.

536 5205 1136 5329 (ἕίῗγῖῗιραπλησίως.
1187 5260 1264 5311 lta
1308 5250 1476 5329 (pisi.
1514 5249 1873 5329 primuseum
1919 5245 2043 5329 aliis

464 5318 724 5393 quiiildor,
747 5318 961 5395 quibus
980 5318 1161 5385 favent
1182 5331 1290 5381 duo
1327 5321 1502 5391 Regii,
1520 5318 1589 5374 in
1623 5319 1821 5388 quibus
1845 5318 2045 5386 legitur

465 5398 809 5468 παραπλίως.
838 5397 977 5452 Ειιὶιὶ
1011 5399 1408 5468 παραπλήσιον.
1690 5458 1721 5468 __

540 5456 648 5537 (52)
677 5456 1007 5537 Φέρουσαν.
1059 5456 1195 5524 Tres
1242 5456 1460 5522 codices
1519 5458 1851 5512 recentiores
1894 5456 2046 5527 ἐχου-

469 5556 588 5590 σαν.

544 5606 654 5679 (55)
684 5608 965 5678 Γωνιδίῳ.
1003 5609 1094 5664 Sic
1122 5608 1289 5679 Coisl.
1316 5605 1524 5679 primus
1547 5605 1607 5679 _et
1637 5596 1817 5679 Paris.
1842 5595 2045 5679 ecqui:

469 5668 596 5732 dam
623 5676 844 5750 Regius.
888 5668 1040 5736 illius
1084 5678 1225 5748 apud
1270 5668 1653 5731 Cbmhelisiuiu
1687 5668 1873 5737 γωνίᾳ.
1905 5668 2045 5721 eum

2153 4492 2280 4545 στοῦ
2319 4489 2565 4558 εἰπόντος
2590 4511 2602 4523 ⁸
2636 4495 2697 4547 '0
2722 4495 2879 4564 ἔχων
2909 4493 3019 4549 δύο
3045 4493 3297 4564 χιτῶνας
3316 4492 3624 4564 μεταδότω
3645 4490 3727 4559 τῷ

2176 4828 2372 4883 ονιδίω.

2139 4844 2661 4967 γοῖἒᾚρίκάχεσθαι
2688 4894 2821 4966 μέν.
2857 4893 2996 4947 Editi
3033 4891 3239 4967 addunt
3271 4892 3407 4967 γάρ,
3440 4893 3535 4967 sed
3571 4909 3725 4964 pror-

2142 4963 2237 5023 sus
2292 4963 2508 5021 vitiose.
2549 4963 2912 5032 Quamobrem
2945 4982 3067 5018 cum
3101 4963 3215 5017 haec
3255 4966 3445 5016 vocula
3478 4963 3623 5017 desit
3666 4969 3721 5019 in

2142 5041 2316 5093 tribus
2367 5055 2525 5100 mss.,
2575 5037 2855 5091 delendam
2915 5036 3192 5089 duximus.
3239 5033 3441 5103 lliideni
3480 5044 3724 5103 quatuor

2142 5124 2276 5162 mss.
2304 5124 2412 5162 nou
2456 5108 2810 5163 vetustissimi
2837 5104 2912 5167 ὡς
2951 5103 3183 5173 ψεύστου
3208 5102 3466 5172 ἐμαυτοῦ.

2214 5179 2324 5245 (55)
2375 5176 2715 5241 Ἐπέταξεν.
2751 5177 2825 5230 lta
2859 5174 3025 5230 Coisl.
3060 5174 3271 5243 primus
3313 5181 3366 5227 et
3400 5173 3540 5228 Med.
3594 5189 3720 5229 cum

2141 5249 2355 5304 duobus
2385 5251 2525 5301 aliis.

2214 5318 2325 5387 ('56)
2360 5319 2648 5387 Δυνατόιζ.
2682 5314 2843 5370 Deest
2886 5308 2954 5384 ἦν
2989 5313 3042 5367 in
3101 5311 3384 5387 nonnullis
3437 5327 3571 5387 mss.
3608 5329 3719 5367 non

2146 5383 2559 5456 antiquissimis.
2613 5385 2837 5456 Legitur
2888 5383 3051 5439 etiam
3114 5383 3275 5452 paulo
3321 5389 3444 5452 post
3482 5383 3539 5436 in
3582 5401 3719 5438 non-

2142 5461 2306 5513 nullis
2329 5459 2662 5529 ὑπερϐαίνει.

2219 5529 2331 5589 (57)
2365 5522 2763 5598 Πέριιατάναι.
2825 5524 2993 5582 Coisl.
3039 5524 3247 5596 primus
3299 5530 3353 5579 et
3388 5522 3530 5579 Med.
3568 5540 3720 5595 περι·

2146 5616 2357 5670 στησαι.
