3868 6218
186 290 315 376 eos

1191 304 1689 373 EPISTOLARUM
1727 313 2012 371 CLASSIS
2051 313 2114 371 ll.
2159 314 2377 370 EPIST.
2414 313 2543 372 CLI.

3356 300 3463 369 Bos

201 433 294 505 μὴ
326 409 531 504 ἔχοντι
550 449 563 463 ⁸
596 433 788 504 ἐτέραν
813 428 891 496 δὲ,
916 428 992 497 ὦς
1012 412 1113 487 τοῦ.
1130 435 1337 506 Κυρίου
1372 437 1487 499 τοῖς
1519 433 1779 506 μαθηταῖς

1888 434 2103 488 tunicas
2146 433 2406 488 baberent
2433 422 2521 486 π’.
2582 431 2827 486 Addebat
2859 439 3039 486 autem
3069 431 3154 487 bis
3185 438 3239 486 et
3287 431 3459 485 illud:

207 522 691 595 ἀπαγορεύσαντος
734 523 810 594 μὴ
845 522 988 594 ἔχειν
1034 524 1145 595 (58)
1194 525 1287 578 δύο
1326 525 1575 597 χιτῶνας.
1615 525 1789 596 Προσ-

207 613 378 669 ετίθει
411 615 468 668 δέ
501 614 711 677 τούτοις
765 617 860 668 καὶ
887 615 977 668 τό·
1015 618 1085 669 El
1119 615 1312 683 θέλεις
1357 616 1586 682 τέλειος
1613 612 1784 681 εἶναι,

203 706 429 772 ὕπαγε,
485 704 777 771 πώλησόν
807 721 923 760 σου
972 707 1045 760 τὰ
1094 706 1479 776 ὑπάρχοντα,
1535 707 1634 761 καὶ
1682 705 1789 773 δὸς

205 795 492 864 πτωχοῖς.
528 795 719 864 Ἔλεγε
749 794 806 849 δὲ
838 796 932 851 καὶ
971 795 1071 867 τὴν
1094 794 1187 850 τοῦ
1229 796 1564 868 μαργαρίτου
1613 813 1789 868 παρα-

206 886 378 957 ϐολὴν
407 889 485 950 είς
528 887 677 941 τοῦτο
709 887 926 958 φέρειν’
959 889 1038 941 ὃτι
1070 890 1098 941 ὁ
1136 886 1379 959 ἔμπορος
1413 889 1442 940 ὁ
1485 887 1661 959 εὑρὼν
1695 887 1788 940 τὸν
1823 901 1830 908 ‘

207 976 510 1048 πολύτιμον
562 978 939 1049 μαργαρίτην,
986 978 1235 1032 ἀπελθὼν
1274 979 1554 1050 ἐπώλησεν
1593 977 1785 1032 ἐαυτοῦ

205 1067 394 1121 πάντα
438 1067 508 1121 τὰ
543 1068 876 1139 ὑπάρχοντα,
921 1071 1015 1122 καὶ
1046 1068 1318 1141 ἠγόρασεν
1353 1072 1575 1124 ἐκεῖνον.
1613 1072 1789 1140 Προσ-

205 1159 380 1212 ετίθει
418 1157 476 1211 δὲ
525 1157 755 1223 τούτοις,
806 1159 888 1212 ὅτι
918 1159 1037 1212 οὐδέ
1082 1160 1262 1231 ἐαυτῷ
1310 1178 1430 1215 τινα
1471 1162 1787 1235 ἐπιτρέπειν

203 1252 320 1322 χρὴ
353 1252 453 1321 τὴν
491 1251 598 1304 τῶν
631 1252 927 1321 χρημάτων
972 1252 1254 1324 διανομὴν,
1290 1252 1426 1307 ἀλλὰ
1461 1255 1539 1325 τῷ
1579 1255 1646 1308 τὰ
1679 1255 1787 1309 τῶν

204 1340 448 1412 πτωχῶν
495 1344 799 1411 οἰκονομεῖν
846 1343 1265 1415 πεπιστευμένῳ
1301 1345 1433 1414 (59).
1472 1346 1582 1399 Καὶ
1629 1345 1787 1400 τοῦτο

204 1431 321 1485 ἀπὺ
343 1430 451 1485 τῶν
462 1432 723 1500 Πράξεων
739 1432 1052 1487 ἐπιστοῦτο·
1076 1435 1179 1500 ὅτι,
1202 1434 1505 1498 πωλοῦντες
1528 1435 1595 1488 τὰ
1618 1452 1787 1507 προσ-

203 1522 340 1574 όντα
372 1523 577 1586 αὐτοῖς,
617 1523 876 1594 φέροντες
905 1523 1117 1578 ἐτίθουν
1148 1525 1299 1596 παρὰ
1332 1525 1459 1589 τοὺς
1489 1526 1655 1590 πόδας
1676 1526 1785 1580 τῶν

202 1613 546 1678 ἀποστόλων,
573 1613 667 1666 καὶ
710 1615 840 1686 παρ’
864 1614 1085 1667 ἐκείνων
1107 1615 1359 1668 διεδέδοτο
1391 1615 1625 1687 ἑκάστῳ,
1654 1615 1786 1671 καθ-

199 1704 290 1758 ότι
330 1702 398 1758 ἄν
430 1722 513 1768 τις
561 1705 750 1775 χρείαν
779 1701 942 1776 εἶχεν.
971 1706 1165 1775 Ἔλεγε
1194 1706 1304 1778 γὰρ
1338 1708 1626 1779 ἐμπειρίας
1647 1707 1784 1779 χρῄ-

200 1793 327 1858 ζειν
363 1794 464 1866 τὴν
515 1795 804 1864 διάγνωσιν
848 1796 944 1850 τοῦ
986 1797 1203 1868 ἀληθῶς
1247 1798 1522 1869 δεομένου,
1560 1801 1654 1853 καὶ
1686 1798 1781 1853 τοῦ

201 1886 351 1940 κατὰ
378 1886 690 1952 πλεονεξίαν
714 1888 1012 1951 αἰτοῦντος.
1042 1890 1153 1942 Καὶ
1172 1893 1201 1943 ὁ
1240 1891 1338 1960 μὲν
1369 1889 1446 1961 τῷ
1484 1890 1783 1962 θλιϐομένῳ

200 1973 382 2037 διδοὺς
402 1974 482 2046 τῷ
507 1975 697 2047 Κυρίῳ
717 1975 906 2041 ἔδωκε,
935 1979 1029 2032 καὶ
1063 1979 1192 2050 παρ’
1218 1980 1383 2032 αὑτοῦ
1418 1981 1646 2050 λήψεται
1689 1982 1782 2035 τὸν

205 2062 440 2134 μισθόν
472 2067 502 2117 ό
531 2065 587 2118 δὲ
628 2065 706 2136 τῷ
748 2068 1158 2141 περιερχομένῳ
1196 2070 1611 2141 παρασχόμενος
1648 2088 1783 2124 παν-

198 2156 255 2207 τὶ
288 2153 402 2225 (40)
437 2157 774 2228 προσέρριψε
822 2159 965 2224 κυνὶ,
993 2160 1236 2232 φορτικῷ
1264 2161 1362 2232 μὲν
1397 2161 1485 2214 διὰ
1509 2161 1607 2234 τὴν
1632 2162 1782 2216 ἀναί-

196 2247 376 2311 δειαν,
405 2249 507 2301 οὐκ
538 2250 752 2321 ἐλεεινῷ
788 2252 843 2304 δὲ
872 2251 961 2305 διὰ
992 2254 1091 2323 τὴν
1117 2251 1342 2305 ἔνδειαν.

272 2338 331 2391 4.
366 2339 504 2410 Περὶ
528 2340 585 2392 δὲ
619 2342 713 2394 τοῦ
750 2341 866 2406 πῶς
893 2343 998 2413 χρὴ
1039 2342 1189 2412 βιοῦν
1219 2344 1366 2413 ἡμᾶς
1395 2343 1518 2397 καθ’
1544 2344 1776 2416 ἡμέραν,

192 2429 360 2498 ὀλίγα
395 2431 495 2501 μὲν
528 2431 665 2502 ἔφθη
698 2433 936 2505 εἰρηκὼς
961 2434 1037 2498 ὡς
1070 2435 1206 2505 πρὸς
1236 2434 1297 2487 τὸ
1333 2437 1432 2507 τῆς
1473 2435 1779 2501 ὑποθέσεως

200 2517 440 2587 μέγεθος
463 2538 477 2550 ο

195 2625 262 2662 σε
304 2610 516 2680 μαθεῖν.
553 2613 683 2683 Ἐμέ
726 2614 836 2685 γὰρ
866 2615 1147 2683 ἀςανίζειν
1194 2616 1291 2687 τὴν
1338 2617 1624 2688 ἀκρίϐειαν
1668 2616 1777 2670 τῶν

193 2697 552 2769 διδαγμάτων
583 2703 682 2755 οὐκ
715 2702 956 2773 εὔλογον.
988 2705 1247 2776 Ηύχόμην
1271 2707 1329 2759 δὲ
1363 2707 1500 2778 μετὰ
1528 2707 1622 2760 σοῦ
1646 2725 1776 2761 ποτε

196 2790 535 2844 καταλαϐεῖν
565 2794 750 2859 αὑτὸν,
783 2796 889 2857 ἵνα.
919 2798 1012 2849 καὶ
1042 2799 1107 2867 τῇ
1151 2798 1340 2871 μνήμῃ
1388 2799 1629 2868 ἀκριϐῶς
1671 2817 1775 2869 φυ-

195 2877 373 2944 λάξας
405 2880 475 2932 τὰ
502 2880 789 2951 λεχθέντα,
837 2885 929 2937 καὶ
979 2889 1044 2956 τῇ
1080 2887 1308 2939 σεαυτοῦ
1353 2887 1561 2940 συνέσει
1610 2906 1777 2959 προσ-

189 2966 434 3040 εξεὺρῃς
462 2968 529 3021 τὰ
558 2969 828 3025 λείποντα.
865 2973 1072 3027 Ἐκεῖνο
1099 2976 1206 3046 γὰρ
1243 2976 1352 3042 (41)
1383 2976 1667 3048 μέμνημαι
1711 2980 1775 3032 ἐκ

521 2521 664 2593 πλὴν
703 2522 818 2575 ἀλλ’
856 2522 1154 2594 ἐϐουλόμην
1204 2524 1335 2596 παρ’
1369 2525 1533 2578 αὐτοῦ
1567 2526 1776 2579 ἐκείνου
1818 2562 1821 2567 -

1892 523 1955 580 Si
1995 525 2073 579 vis
2100 524 2359 594 perfectus
2387 539 2517 586 esse,
2561 520 2711 587 vade,
2741 519 2898 592 241
2926 519 3081 574 vende
3101 536 3217 591 qure
3274 520 3455 581 habes,

1892 625 1941 670 et
1974 617 2044 669 da
2067 614 2384 685 pauperibus
2408 615 2476 665 ”.
2507 612 2698 667 Aiebat
2725 620 2779 665 et
2809 614 2979 680 ipsam
3015 611 3321 681 margarita
3364 624 3462 678 pa-

1889 707 2131 761 rabolam
2172 707 2236 759 ad
2264 705 2366 758 hoc
2416 704 2685 775 pertinere
2723 722 2736 756 :
2770 701 2914 772 quod
2956 703 3049 771 qui
3107 703 3458 772 margaritam

1889 810 2153 867 perquam
2194 796 2487 863 pretiosam
2532 792 2735 845 invenit
2766 799 3071 852 mercator,
3101 790 3293 844 abiens
3331 805 3463 844 ven-

1888 889 2026 943 didit
2058 887 2239 942 Omnia
2273 901 2371 941 sua
2401 885 2561 947 bona,
2592 889 2645 935 et
2673 883 2817 935 illam
2848 881 3061 936 emit”.
3123 879 3337 936 Rursus
3373 882 3460 938 his

1889 982 2143 1043 addebat,
2194 993 2301 1032 non
2361 987 2647 1047 oportere,
2684 985 2742 1028 ut
2774 974 2896 1043 quis
2958 973 3062 1027 sibi
3113 973 3227 1041 ipse
3274 987 3458 1026 rerum

1888 1081 2111 1122 suarum
2176 1065 2617 1119 distributionem
2681 1062 3019 1125 conunittat,
3082 1060 3176 1115 sed
3229 1061 3323 1126 ei,
3368 1063 3458 1116 cui

1888 1158 1992 1212 hoc
2024 1172 2223 1211 munus
2271 1156 2536 1209 creditum
2586 1161 2690 1219 est,
2751 1161 2810 1206 ut
2863 1167 2950 1207 res
3003 1167 3299 1222 pauperum
3343 1153 3461 1207 dis~

1887 1261 2095 1320 penset.
2167 1249 2341 1314 Atque
2404 1247 2455 1299 id
2491 1247 2668 1315 ipsum
2701 1260 2763 1298 ex
2807 1243 2958 1298 Actis
3009 1245 3367 1297 continuabat
3387 1244 3457 1309 ",

1886 1340 2086 1410 quippe
2131 1338 2259 1408 quia
2308 1336 2523 1390 vendita
2594 1335 2733 1389 bona
2790 1346 2888 1389 sua
2941 1334 3271 1397 aii’erentes,
3331 1341 3459 1389 ante

1888 1432 2261 1502 apostolorum
2304 1428 2473 1499 pedes
2520 1426 2834 1496 ponebant,
2884 1432 2939 1480 et
2988 1425 3058 1479 ab
3108 1425 3188 1479 eis
3234 1425 3456 1497 unicui-

1886 1539 1992 1594 que
2024 1563 2039 1585 ,
2091 1528 2256 1589 prout
2318 1520 2550 1574 cuilibet
2607 1533 2746 1587 opus
2790 1526 2949 1583 erat,
3004 1518 3452 1573 distribuebatur.

1884 1613 2111 1669 Dicebat
2147 1613 2293 1668 enim
2351 1610 2691 1680 experientia
2740 1624 2879 1678 opus
2933 1624 3092 1672 esse,
3154 1616 3212 1662 ut
3256 1611 3303 1663 is
3359 1610 3456 1678 qui

1888 1722 2015 1762 vere
2050 1719 2254 1775 pauper
2280 1712 2362 1757 est
2388 1703 2454 1756 ab
2480 1716 2567 1766 eo,
2623 1701 2715 1771 qui
2762 1716 2826 1755 ex
2882 1701 3108 1753 avaritia
3158 1701 3451 1765 mendicat,

1889 1806 2228 1853 secernatur.
2270 1792 2336 1847 Et
2384 1791 2603 1861 quidem
2666 1791 2918 1860 quisquis
2954 1791 3272 1843 calamitose
3314 1789 3451 1853 dat,

1883 1889 2035 1944 dedit
2079 1886 2331 1946 Domino,
2385 1890 2440 1936 et
2490 1883 2674 1935 ab-eo
2706 1880 3008 1935 mercedem
3050 1879 3284 1950 accipiet
3313 1894 3327 1929 :
3359 1879 3452 1948 qui

1883 1997 2015 2037 vero
2048 1979 2359 2035 errabundo
2389 1978 2536 2030 omni
2567 1976 2778 2037 tribuit,
2808 1974 3025 2044 projicit
3045 1973 3188 2037 caui,
3223 1971 3455 2025 molesto

1882 2073 2100 2141 quidem
2129 2070 2200 2124 ob
2228 2069 2642 2140 impudentiam,
2663 2068 2759 2123 sed
2792 2082 2902 2121 non
2937 2063 3339 2120 miserando-ob
3367 2062 3453 2116 in-

1878 2164 2196 2236 digentiam.

1949 2338 2005 2396 4.
2045 2340 2329 2407 Quomodo
2381 2347 2564 2393 autem
2613 2351 2715 2391 nos
2780 2331 3024 2404 quotidie
3058 2331 3240 2385 vivere
3286 2340 3454 2397 opera

1878 2440 2011 2498 teat,
2044 2434 2111 2486 de
2139 2447 2206 2487 eo
2241 2446 2413 2502 pauca
2440 2431 2623 2484 dicere
2675 2427 2897 2495 incmpit
2926 2466 2941 2491 ,
2997 2438 3095 2493 pro
3121 2420 3196 2475 rei
3243 2418 3453 2487 magni-

1879 2520 2110 2586 tudine;
2157 2520 2252 2573 sed
2310 2520 2506 2573 vellem
2563 2517 2631 2570 ab
2682 2517 2801 2584 ipso
2861 2515 2955 2567 illo
3015 2513 3274 2566 disceres.
3330 2505 3450 2562 Non

1878 2612 2023 2666 enim
2069 2626 2100 2664 a
2150 2626 2235 2664 me
2280 2610 2585 2664 oblitterari
2641 2615 2954 2660 accuratam
3001 2603 3448 2657 documentorum

1877 2702 2211 2771 diligentiam
2242 2702 2514 2755 convenit.
2569 2698 2695 2751 Mihi
2746 2705 2925 2750 autem
2960 2697 3014 2748 in
3075 2693 3274 2762 aptatis
3319 2699 3403 2744 est
3432 2728 3448 2752 ,

1879 2802 2057 2846 tecum
2106 2792 2400 2860 aliquando
2457 2792 2604 2844 illum
2648 2790 2818 2854 adire,
2855 2796 2911 2842 ut
2955 2794 3009 2841 et
3041 2785 3302 2840 memoria
3360 2797 3453 2834 ac-

1878 2898 2065 2945 curate
2101 2887 2246 2941 dicta
2301 2885 2567 2944 retinens,
2601 2889 2691 2937 tua
2734 2882 2896 2935 etiam
2952 2879 3127 2949 ipsius
3163 2875 3449 2946 prudentia

1877 2996 1998 3051 quze
2050 2978 2321 3033 defuerint
2370 2978 2635 3031 invenias.
2696 2973 2828 3027 Illud
2897 2972 3041 3027 enim
3101 2967 3321 3023 memini
3382 2980 3450 3019 ex

193 3058 309 3112 τῶν
354 3059 564 3114 πολλῶν
618 3056 693 3115 ὧν
724 3064 965 3134 ηκουσα,
1000 3066 1081 3119 ὅτι
1119 3069 1151 3136 ἡ
1200 3069 1328 3139 περὶ
1367 3068 1459 3121 τοῦ
1513 3068 1630 3133 πῶς
1670 3070 1775 3142 χρὴ

1888 3072 2066 3126 multis
2119 3086 2239 3141 qua;
2303 3070 2518 3131 audivi,
2576 3067 2878 3120 doctrinam
2952 3063 3097 3115 illum
3174 3058 3449 3128 qmmmdo

194 3148 301 3220 ζῇν
335 3150 426 3203 τὸν
473 3152 799 3222 Χριστιανὸν
851 3155 1166 3210 διδασκαλία
1208 3159 1269 3211 οὐ
1310 3160 1560 3213 τοσοῦτον
1607 3162 1777 3215 δεῖται

1888 3162 2250 3216 thristianum
2306 3160 2486 3213 vivere
2535 3163 2826 3227 operteat,
2883 3169 2989 3206 non
3045 3160 3251 3204 tantum
3307 3148 3445 3201 indi-

192 3239 390 3309 λόγου,
440 3243 564 3295 ὅσον
603 3245 698 3299 τοῦ
754 3246 1129 3320 καθημερινοῦ
1196 3249 1612 3322 ὑποδείγματος.
1667 3254 1778 3308 Κα)⁵

194 3332 336 3396 οἶδα,
360 3337 463 3398 ὃτι,
493 3339 541 3389 εί
567 3340 638 3409 μή
669 3356 729 3392 σε
756 3345 1004 3411 κατεῖχεν
1034 3342 1063 3393 ὁ
1093 3342 1290 3413 δεσμδς
1321 3344 1421 3413 τῆς
1441 3346 1779 3416 γηροκομίας

193 3425 292 3479 τοῦ
322 3427 547 3497 πατρὸς,
580 3431 680 3482 οὐκ
709 3430 775 3484 ἂν
806 3429 929 3484 οὔτε
964 3433 1125 3497 αὐτὸς
1155 3433 1284 3487 ἄλλο
1320 3451 1371 3487 τι
1405 3435 1777 3506 προετίμησας

193 3518 297 3586 τῆς
334 3520 623 3590 συντυχίας
649 3519 745 3572 τοῦ
773 3522 1096 3585 ἐπισκόπου,
1128 3522 1239 3575 οὔτ’
1265 3524 1331 3577 ἂν
1371 3526 1495 3596 ἐμοὶ
1527 3526 1779 3579 συνεϐού⁴

193 3608 401 3673 λευσας
432 3612 786 3665 καταλιπόντι
829 3614 1016 3667 τοῦτον
1063 3616 1143 3678 είς
1183 3615 1417 3686 ἐρημίας
1452 3617 1773 3673 πλανᾶσθαι.

195 3699 279 3752 Τὰ
333 3700 434 3771 μὲν
481 3702 590 3772 γὰρ
641 3703 880 3775 σπήλαια
914 3706 1009 3759 καὶ
1061 3707 1116 3760 αί
1167 3706 1364 3779 πέτραι
1416 3708 1775 3778 ἀναμένουσιν

194 3791 383 3860 ἡμᾶς’
433 3793 490 3844 αἱ
539 3792 595 3845 δὲ
630 3794 783 3864 παρὰ
832 3793 939 3848 τῶν
989 3796 1199 3868 ἀνδρῶν
1241 3797 1496 3867 ὠφέλειαι
1541 3800 1641 3853 οὐκ
1690 3802 1776 3855 ἀεὶ

194 3881 333 3952 ⁴ἡμῖν
382 3884 814 3954 παραμένουσιν.
853 3887 1017 3940 Ὥστε
1041 3928 1057 3951 ,
1098 3891 1147 3941 εί
1186 3890 1353 3962 ἀνέχῃ
1397 3909 1496 3961 μου
1540 3893 1777 3962 συμϐου-

189 3971 475 4037 λεύοντος,
515 3975 788 4041 τυπώσεις
817 3978 909 4030 τὸν
961 3979 1175 4051 πατέρα
1221 3969 1413 4050 μικρὸν
1460 3983 1775 4052 ἐπιτρέπειν

194 4079 280 4116 σοι
316 4064 617 4137 ἀναχωρεῖν
653 4069 839 4132 αὑτοῦ,
878 4071 969 4123 καὶ
1012 4071 1430 4143 περιτυγχάνειν
1468 4072 1579 4145 (42)
1622 4075 1775 4146 ἀνδρὶ

191 4155 371 4211 πολλὰ
396 4160 490 4211 καὶ
520 4162 584 4212 ἐκ
607 4160 709 4230 τῆς
738 4163 942 4233 ἑτέρων
978 4164 1194 4235 πείρας,
1230 4164 1324 4218 καὶ
1348 4166 1412 4219 ἐκ
1442 4166 1543 4236 τῆς
1570 4168 1775 4233 οίκείας

190 4243 475 4309 συνέσεως
518 4248 611 4300 καὶ
658 4248 854 4316 εἰδότι,
898 4252 991 4305 καὶ
1019 4252 1278 4322 παρέχειν
1315 4256 1429 4316 τοῖς
1460 4257 1774 4311 προσιοῦσιν

189 4336 348 4405 αὐτῷ
376 4335 680 4409 δυναμένῳ.

693 4435 1040 4488 ΕΠΙΣΤΟΛΗ
1078 4437 1251 4490 PNA’.

1880 3268 2006 3323 gere
2073 3265 2363 3314 sermone,
2440 3260 2704 3318 quantum
2782 3244 3033 3313 exemplo
3106 3241 3446 3311 quotidiano.

1882 3344 2010 3399 Scio
2065 3350 2245 3397 autem
2296 3341 2399 3396 nisi
2464 3350 2515 3394 te
2549 3339 2816 3392 detineret
2865 3336 3139 3388 vinculum
3203 3331 3449 3386 fovenda:

1882 3436 2049 3506 patris
2104 3435 2445 3497 senectutis,
2514 3446 2615 3484 nec
2690 3437 2742 3480 te
2798 3428 3096 3497 quidquam
3150 3423 3296 3477 aliud
3357 3438 3450 3476 an-

1880 3528 2236 3597 teposilurum
2303 3526 2542 3594 episcopi
2616 3522 2939 3590 colloquio,
3000 3534 3101 3573 nec
3164 3517 3296 3571 mibi
3350 3531 3449 3570 au-

1877 3630 2081 3676 ctorem
2137 3620 2378 3675 futurum
2413 3658 2428 3682 ,
2491 3627 2551 3673 ut
2603 3632 2668 3671 eo
2727 3616 2922 3670 relicto
2980 3614 3036 3667 in
3085 3613 3316 3667 desertis
3366 3611 3447 3663 lo-

1877 3713 1958 3768 cis
2016 3727 2199 3780 vager.
2273 3709 2558 3780 Speluncaa
2617 3709 2759 3763 eriim
2818 3714 2873 3761 et
2922 3721 3057 3761 saxa
3131 3711 3446 3773 exspectant

1875 3821 2022 3860 nos:
2060 3805 2151 3859 sed
2215 3806 2493 3856 hominum
2552 3800 2794 3855 subsidia
2845 3800 3004 3852 nobis
3068 3813 3175 3850 non
3232 3808 3447 3864 semper

1877 3895 2097 3949 adsunt.
2130 3893 2311 3959 Quare
2362 3892 2406 3946 si
2466 3906 2553 3945 me
2584 3891 2680 3943 tibi
2723 3889 3011 3943 consilium
3053 3887 3184 3941 dare.
3212 3886 3441 3956 pateris,

1877 3985 2234 4057 persuadebis
2286 3982 2467 4065 patri,
2522 3989 2582 4035 ut
2643 3981 2738 4034 tibi
2797 3996 2826 4032 a
2877 3995 2936 4034 se
2990 3978 3057 4031 ad
3108 3979 3266 4031 breve
3316 3984 3448 4029 tem-

1876 4092 1979 4146 pus
2042 4073 2356 4128 discedendi
2422 4071 2685 4125 concedat
2741 4071 3094 4132 facultatem,
3163 4075 3218 4120 et
3269 4067 3442 4134 virum

1876 4165 2133 4226 adeundi,
2175 4165 2266 4234 qui
2320 4164 2491 4217 multa
2529 4179 2651 4217 cum
2704 4161 2850 4216 facto
2894 4164 3124 4214 aliorum
3176 4159 3441 4229 periculo,

1878 4269 1990 4314 tum
2056 4271 2154 4312 sua
2211 4256 2386 4325 ipsius
2441 4254 2735 4325 prudentia
2779 4263 2829 4309 et
2889 4257 3041 4308 novit
3072 4260 3126 4308 et
3165 4250 3445 4321 impertire

1876 4349 2203 4406 adeuntibus
2233 4354 2431 4417 potest.

2406 4436 2740 4492 EPISTOLA
2777 4435 2927 4492 CLI‘.

189 4520 380 4604 Intriqu
390 4523 833 4604 Aqd‘scr'iirendurn,
846 4541 904 4578 ac
928 4527 1147 4604 declarat
1188 4528 1528 4582 nonnullorum
1549 4533 1756 4604 factum,
1784 4535 1870 4604 qui
1883 4536 2217 4604 discesserunt
2238 4547 2275 4604 τι
2289 4529 2622 4604 communione
2648 4531 2663 4591 (
2678 4531 2894 4599 θρίδεοιέί
2921 4526 3009 4604 ³¹¹ίί
3024 4523 3297 4604 βυξίθξηῖί)
3313 4537 3445 4604 ξῖἮη

249 4587 346 4654 sibi
377 4600 482 4637 esse
502 4588 729 4694 ιτοίιρίιιιιι
752 4626 763 4658 τ
789 4591 1194 4659 quemadmodum
1219 4606 1305 4643 nec
1347 4606 1533 4645 merces
1549 4587 1756 4650 'libeuter
1781 4587 2060 4667 riuuiguittes
2079 4594 2307 4662 ejiciunt;
2325 4593 2409 4645 sed
2440 4600 2596 4644 tamen
2617 4587 2724 4643 a'se'
2742 4605 2835 4642 non
2851 4587 3152 4654 improbari,
3175 4587 3290 4651 quia
3317 4587 3445 4635 ueri-

249 4653 366 4694 (all:
389 4655 597 4694 amatori
632 4663 687 4694 us
711 4651 834 4694 mlnl
862 4653 962 4694 Deo
985 4659 1249 4694 mrtumms-
2082 4667 2097 4694 ι

249 4644 366 4697 tatis
389 4644 687 4699 amatoribus
711 4644 834 4700 nihil
861 4653 962 4701 Deo
985 4650 1249 4715 antiquius.

582 4738 894 4800 Εὐσταθίῳ
924 4736 1217 4805 ἁρχιιίτρῳ
1248 4737 1382 4809 (45).

261 4821 397 4877 Εἴτι
408 4825 598 4894 ὄφελος
613 4828 893 4899 ἡμετέρων
905 4828 1014 4899 (44)
1030 4832 1374 4901 γραμμάτον,
1392 4834 1591 4905 μηδένα
1603 4837 1793 4908 χρόνον

261 4958 605 5023 ³⁸⁶Μιιιιίι.ι,
645 4960 730 5016 10.
807 4964 851 4994 ²⁹
892 4961 1080 5016 Matth.
1134 4980 1248 5028 nux,
1276 4964 1368 5019 2|.
1444 4968 1489 4999 ³ο
1529 4967 1721 5024 Matth.
1757 4986 1779 5023 ι

1917 4968 2006 5024 45.

254 5076 371 5147 (58)
413 5075 508 5143 Μὴ
540 5076 723 5144 ἔχειν.
764 5075 988 5147 Negatio
1014 5079 1195 5133 addita
1227 5095 1293 5134 ex
1327 5095 1422 5134 sex
1456 5097 1588 5137 mss.

262 5146 379 5225 (5}!)
423 5146 900 5225 Hsatqteigue‘rqr:
942 5149 1031 5202 Sic
1063 5149 1204 5202 Med.
1256 5160 1309 5225 et
1342 5150 1512 5225 Coisl.
1547 5160 1775 5225 uterque

187 5226 242 5272 et
278 5217 466 5290 plures
516 5216 628 5290 alii.
684 5216 823 5290 Editi
882 5219 1390 5290 ἐμπεπιστευμένῳ.
1447 5216 1773 5278 Iamdudum

189 5291 410 5352 vigebat
458 5289 558 5355 hoc
601 5287 924 5341 institutum
967 5290 1017 5340 in
1062 5287 1418 5355 monasteriis
1463 5292 1677 5355 Basilii,
1716 5301 1771 5347 ut

188 5364 346 5430 patet
367 5371 433 5408 ex
470 5353 692 5430 Regillis
737 5352 1071 5430 majoribus;
1110 5361 1366 5430 interrog.
1402 5360 1456 5413 9.
1499 5352 1775 5416 Alter—Bi-

190 5435 304 5505 θυι..
331 5425 701 5496 ἐπισταμένῳ.
735 5425 880 5479 Intra
913 5427 1041 5481 editi
1073 5425 1600 5501 χρῄσεινῖριιιιιιιυι*
1635 5450 1769 5487 mss.

192 5505 251 5548 ιιι
285 5512 334 5546 Ill
366 5505 533 5547 textu.

267 5567 397 5642 (40).
414 5565 883 5635 Παρασχόμενος
905 5569 1103 5642 παντί.
1140 5568 1266 5623 Haec
1283 5570 1444 5625 verba
1463 5571 1517 5625 in
1542 5580 1777 5642 quatuor

195 5649 328 5689 mss.
365 5636 567 5688 desunt
598 5654 702 5688 non
738 5638 1159 5703 antiquissimis.

258 5704 372 5775 (41)
417 5704 644 5758 Ἐκεῖνο
678 5704 807 5775 γάρ.
860 5708 1109 5778 Quinque
1170 5725 1300 5765 mss.
1364 5710 1601 5764 Ἐκείνου
1647 5714 1770 5783 γάρ.

1799 4757 1851 4817 Ι)

2368 4739 2649 4794 Eustathio
2683 4738 2969 4792 archiatro.

1984 4835 2040 4890 Si
2095 4849 2203 4905 qua
2253 4833 2460 4887 utilitas
2510 4832 2811 4886 litterarum
2848 4838 3194 4893 nostrarum,
3236 4826 3442 4880 nullum

2102 4968 2146 4999 ³¹
2187 4967 2309 5021 Act.
2344 4982 2402 5031 ιι,
2435 4966 2524 5019 45.

1880 5083 1985 5139 Sed
2013 5083 2178 5137 Coisl.
2214 5089 2269 5136 et
2311 5080 2449 5135 Med.
2498 5094 2620 5132 cum
2656 5078 2816 5133 editis
2869 5077 3235 5132 consentiunt.
3276 5074 3441 5133 Paulo

1875 5163 2003 5207 ante
2037 5153 2139 5221 legi
2173 5159 2359 5222 posset
2386 5149 2668 5222 φυλάξαις,
2704 5148 2857 5222 nihil_
2870 5156 3052 5222 tamen
3089 5148 3441 5217 mutavimus,

1874 5226 2013 5294 quia
2035 5218 2158 5278 cuin
2175 5218 2350 5274 'editis
2379 5221 2729 5294 consentiunt
2760 5218 2979 5272 codices
3003 5232 3136 5294 mss.

1940 5293 2046 5363 (ἆῖ)
2086 5288 2561 5363 Περιτυγχὰιτειν.
2584 5287 2736 5363 ._Med.
2772 5287 3175 5363 συντργχᾴνειν.

1945 5354 2055 5431 (45)
2088 5354 2394 5426 Εὖστιιθῖῲ
2423 5357 2859 5431 ἀρχιάτρῳ.“ίιιι
2908 5354 3219 5431 vaticanus
3252 5354 3421 5410 codex

1872 5426 2275 5501 legiturilunice
2305 5432 2601 5501 a‘tpxtﬁtpm
2635 5431 2687 5481 in
2738 5426 3039 5501 ilarlaeano,
3076 5426 3265 5501 (Zoisl._
3295 5438 3435 5501 utro-

1871 5496 1976 5572 que
1997 5512 2049 5555 et
2083 5500 2193 5569 Reg
2231 5496 2484 5572 secundo.
2502 5496 2604 5572 Atii
2631 5497 2926 5572 cumeditis
2942 5496 3218 5572 Εὐσταθίῳ
3255 5496 3423 5567 ἰατρῷ

1946 5573 2057 5643 (44)
2110 5568 2454 5639 Ἡμετέρων.
2518 5568 2654 5622 Tres
2705 5568 3058 5622 vetustissimi
3114 5568 3331 5690 chiccs
3391 5574 3439 5618 et

3192 5647 3439 5690 attcanus

3192 5647 3449 5691 ιιιιςιιιιιιιι

1942 5719 1957 5732 ⁸
1989 5712 2135 5767 Alias
2169 5708 2404 5765 LXXXI.
2434 5706 2645 5779 Scripta
2675 5723 2817 5764 anno
2849 5708 2973 5764 573.
