3868 6218
465 286 570 344 6οῚ

1796 298 1855 356 ε.
1896 298 2141 357 ΒΑδιιιι
2177 301 2393 361 MAGNI

3615 308 3722 367 «608

464 406 681 499 tempus
706 397 1018 499 intermitte
1046 408 1328 499 scribendi
1374 412 1539 468 nobis
1566 421 1620 469 et
1645 414 1927 470 excitandi
1975 415 2030 471 ad

2150 419 2406 492 διαλίπῃς
2437 418 2768 474 ἐπιστέλλων
2798 420 3064 491 ήμῖν.καὶ
3092 421 3376 495 διεγείρων
3413 425 3561 497 ἡμᾶς
3595 428 3720 499 πρὸς

466 491 838 547 scribendum.
885 494 995 565 Ipsi
1045 498 1194 554 enim
1250 502 1546 561 manifeste
1586 506 1831 563 laetiores
1880 507 2049 563 eﬂlci—

461 598 608 647 mur,
633 583 764 640 dum
792 587 1144 656 prudentium
1185 593 1453 658 virorum,
1479 597 1574 667 qui
1608 596 1896 653 Dominum
1922 598 2048 654 dili-

462 686 598 745 gunt
617 716 632 740 ,
659 677 926 747 epistolas
954 682 1211 752 legimus.
1242 684 1436 742 Utrum
1473 699 1658 745 autem
1687 701 1742 747 et
1771 692 1873 762 ipsi
1901 691 2046 763 apud

464 784 566 825 nos
593 769 798 842 aliquid
820 816 836 841 ,
868 777 1015 846 quod
1048 791 1235 847 opera;
1288 781 1526 849 pretium
1565 783 1670 849 sit,
1717 783 2042 854 inveniatis,

464 876 632 918 nosse
685 872 929 920 vestrum
967 875 1083 933 est,
1136 871 1231 940 qui
1278 880 1469 927 nostra
1524 873 1721 944 legitis.
1776 877 2041 947 Equidem

464 952 573 1007 nisi
605 957 955 1026 negotiorum
1009 961 1361 1017 multitudine
1408 964 1734 1031 abducerer,
1767 969 2043 1026 scribendi

464 1044 685 1101 assidue
726 1049 929 1117 gaudio
978 1051 1141 1123 242
1189 1069 1299 1109 non
1328 1054 1682 1111 abstinerem.
1726 1056 1836 1115 Vos
1872 1075 2041 1127 vero,

463 1135 665 1204 quibus
699 1140 885 1196 minus
935 1153 1020 1197 est
1068 1160 1362 1210 curarum,
1391 1146 1613 1216 quoties
1672 1149 1788 1205 lleri
1829 1160 2040 1221 potest,

461 1227 665 1284 litteris
702 1245 807 1286 nos
839 1231 1171 1290 demulcete.
1206 1234 1341 1290 Nam
1379 1245 1574 1309 puteos
1611 1239 1767 1295 aiunt
1812 1242 2042 1299 haustos

464 1319 719 1377 meliores
755 1321 894 1378 ﬁeri.
926 1322 1156 1381 Videtur
1206 1337 1390 1383 autem
1437 1338 1658 1384 tuarum
1713 1331 2044 1389 admonitio-

465 1426 632 1476 num,
687 1427 809 1482 qua:
858 1430 924 1470 ex
977 1427 1095 1472 arte
1134 1419 1350 1474 medica
1385 1428 1671 1490 petuntur,
1712 1438 2043 1494 supervaca-

460 1518 603 1557 neus
634 1505 831 1572 labor;
863 1523 985 1562 cum
1017 1524 1120 1565 nos
1145 1510 1352 1567 ferrum
1382 1527 1492 1567 non
1524 1514 1905 1580 adhibeamus,
1945 1517 2042 1572 sed

460 1594 520 1648 in
574 1598 898 1668 semetipsos
943 1608 1137 1666 ruant,
1174 1604 1269 1672 qui
1310 1602 1437 1657 facti
1476 1615 1605 1660 sunt
1636 1607 1880 1663 inutiles.
1914 1607 2041 1666 Haec

461 1691 548 1740 est
578 1686 748 1757 igitur
793 1687 965 1745 Stoici
997 1695 1270 1748 sententia
1298 1713 1312 1749 :
1356 1694 1628 1762 Quoniam
1651 1738 1666 1761 ,
1699 1700 1918 1771 inquit,
1950 1719 2040 1759 res

2146 512 2208 564 τὸ
2231 510 2486 581 γράφειν.
2509 512 2674 565 Αὐτοὶ
2697 511 2796 583 μὲν
2813 512 2923 584 γὰρ
2950 512 3226 585 προδήλως
3249 514 3432 586 ἡδίους
3463 516 3719 589 γινόμεθα

2145 604 2565 675 ἐντυγχάνοντες
2607 604 2920 671 ἐπιστολαῖς
2950 606 3187 660 συνετῶν
3227 607 3435 680 ἀνδρῶν
3461 610 3717 679 ἀγαπών-

2143 713 2253 750 των
2285 696 2378 750 τὸν
2409 696 2646 767 Κύριον·
2680 699 2728 751 εί
2777 697 2834 752 δέ
2872 699 2966 753 καὶ
3010 698 3161 752 αὐτοί
3203 716 3256 753 τι
3296 699 3444 764 ἄξιον
3484 701 3719 773 σπουδῆς

2144 786 2430 858 εὑρίσκετε
2464 786 2578 859 (45)
2611 790 2741 860 παρ’
2768 789 2921 860 ήμῖν,
2960 788 3230 861 ὑμέτερον
3257 789 3453 844 εἰδέναι
3488 792 3604 846 τῶν
3636 794 3719 847 ἱνα

2142 877 2540 947 τυγχανόντων.
2601 879 2665 932 Εἰ
2709 878 2808 950 μέν
2844 874 2939 934 οὖν
2973 880 3048 951 μὴ
3078 880 3184 934 ὑπὸ
3214 879 3308 935 τοῦ
3340 882 3581 954 πλήθους
3612 884 3720 938 τῶν

2141 966 2413 1039 ἀσχολιῶν
2443 969 2775 1040 ἀπηγόμεθα
2812 970 2948 1041 (46),
2983 971 3085 1025 οὐκ
3127 970 3194 1025 ἂν
3234 972 3335 1043 τῆς
3370 974 3435 1027 ἐκ
3460 973 3557 1027 τοῦ
3586 976 3722 1047 γρά-

2143 1077 2267 1129 φειν
2296 1060 2537 1131 συνεχῶς
2568 1060 2908 1132 εὐφροσύνης
2940 1061 3313 1141 ἀπειχόμεθαο
3347 1064 3506 1133 ὑμεῖς
3535 1064 3616 1129 δὲ,
3640 1060 3720 1130 οἷς

2141 1151 2394 1216 ἐλάττους
2439 1154 2496 1205 αἱ
2538 1152 2838 1223 φροντίδες,
2875 1152 3065 1217 ὁσάκις
3106 1152 3174 1207 ἂν
3217 1149 3329 1207 οἷόν
3360 1171 3420 1208 τε
3458 1150 3517 1230 ᾖ,
3552 1173 3721 1211 κατα-

2142 1240 2358 1311 κηλεῖτε
2403 1242 2551 1314 ήμᾶς
2601 1245 2715 1306 τοῖς
2762 1241 3073 1315 γράμμασι.
3110 1245 3221 1298 Καὶ
3258 1245 3369 1317 γὰρ
3406 1247 3476 1301 τὰ
3509 1248 3720 1320 φρέατά

2142 1348 2306 1400 φασιν
2332 1332 2668 1398 ἀντλούμενα
2708 1331 2903 1402 βελτίω
2931 1333 3176 1402 γίνεσθαι
3206 1335 3339 1408 (Π).
3386 1337 3628 1392 Ἐοίκασι
3663 1339 3719 1393 δέ

2143 1443 2237 1479 σου
2269 1430 2324 1480 αἱ
2361 1427 2421 1493 ἐξ
2466 1430 2717 1500 ἰατρικῆς
2764 1430 3117 1497 παραινέσεις
3160 1433 3242 1496 είς
3290 1433 3564 1505 πάρεργον
3607 1451 3719 1504 χω-

2144 1521 2277 1591 ρεῖν,
2325 1521 2425 1591 οὐχ
2476 1521 2634 1592 ήμῶν
2686 1523 2999 1591 ἐπαγόντων
3034 1523 3144 1594 (48)
3182 1525 3275 1579 τὸν
3320 1527 3559 1599 σίδηρον,
3599 1529 3717 1583 ἀλλ’

2141 1613 2356 1677 ἐαυτοῖς
2382 1612 2762 1667 ἐκπιπτόντων
2809 1614 2919 1668 τῶν
2951 1618 3463 1688 ἀπαχρειουμένων.
3525 1620 3586 1674 '0
3618 1621 3714 1692 μὲν

2140 1698 2233 1756 οὖν
2278 1702 2373 1756 τοῦ
2408 1703 2646 1757 Στωϊκοῦ
2678 1703 2833 1774 λόγος
2850 1722 2864 1736 ·
2915 1707 3154 1779 Ἐπειδὴ,
3191 1709 3344 1778 φησὶ,
3384 1711 3460 1782 μὴ
3506 1710 3717 1779 γίνεται

460 1792 573 1832 non
606 1787 739 1834 nunt
774 1788 834 1835 ut
868 1784 1144 1851 volumus,
1179 1793 1239 1839 ut
1287 1787 1426 1840 liunt
1470 1789 1745 1847 volumus.
1793 1793 1907 1863 Ego
1941 1809 2030 1849 au-

2138 1794 2207 1848 τὰ
2252 1794 2555 1865 πράγματα
2607 1794 2684 1860 ὡς
2738 1795 3074 1869 βουλόμεθα,
3134 1799 3210 1864 ὡς
3262 1800 3473 1869 γίνεται
3530 1801 3719 1872 βουλό-

460 1876 570 1924 tem
602 1870 688 1926 his
718 1888 840 1943 quae
864 1874 1021 1938 ﬁunt,
1044 1891 1111 1932 ex
1140 1878 1325 1931 animo
1349 1881 1605 1935 assentiri
1637 1897 1747 1936 non
1774 1899 2031 1953 possum:

458 1962 554 2017 sed
590 1969 771 2019 tamen
798 1966 1007 2036 aliquid
1039 1970 1417 2023 necessarium
1446 1984 1477 2024 a
1525 1974 1808 2030 nonnullis
1840 1985 2038 2045 praeter

459 2056 628 2110 animi
682 2059 1011 2113 sententiam
1089 2060 1204 2116 ﬁeri
1239 2102 1255 2126 ,
1314 2063 1462 2120 haud
1518 2066 1790 2135 improbo.
1850 2066 2038 2140 Neque

456 2146 603 2200 enim
636 2162 733 2202 vos
781 2148 1014 2214 medici,
1047 2162 1313 2221 aegrotum
1350 2172 1541 2221 urere,
1579 2165 1675 2212 aut
1706 2159 1815 2213 alio
1871 2160 2037 2216 modo

457 2238 700 2294 dolorem
728 2256 916 2297 creare
951 2245 1118 2300 vultis
1148 2264 1161 2300 :
1203 2246 1297 2301 sed
1335 2256 1517 2303 tamen
1551 2265 1694 2320 saepe
1741 2251 1793 2304 id
1827 2250 2037 2307 facien-

456 2327 590 2383 dum
642 2331 1005 2399 existimatis,
1063 2336 1238 2390 morbi
1283 2335 1662 2394 diliicultatem
1715 2348 2033 2410 sequentes.

455 2419 640 2491 Neque
677 2424 999 2494 navigantes
1048 2426 1284 2484 libenter
1335 2446 1546 2486 merces
1595 2432 1880 2501 ejiciunt:
1939 2435 2034 2490 sed

453 2521 516 2568 ut
583 2513 867 2586 naufragia
930 2517 1194 2589 eﬂugiant
1232 2561 1249 2583 ,
1313 2522 1642 2591 eiectionem
1705 2524 2030 2595 perferunt,

452 2620 746 2675 pauperem
790 2609 956 2664 vitam
988 2612 1154 2666 morti
1199 2613 1575 2683 pra-ferentes.
1607 2616 1794 2683 Quare
1840 2619 2033 2675 existi-

452 2713 541 2752 ma
573 2715 676 2754 nos
707 2701 869 2756 etiam
915 2704 1322 2772 separationem
1365 2721 1556 2761 eorum
1580 2747 1595 2772 ,
1621 2709 1716 2779 qui
1765 2724 1825 2765 se
1873 2725 2034 2781 sepa-

452 2801 751 2856 raverunt,
789 2796 1020 2851 moleste
1072 2797 1293 2867 quidem
1349 2806 1405 2854 et
1455 2814 1582 2854 cum
1619 2802 1914 2857 uberrimis
1954 2803 2033 2857 la-

451 2886 655 2955 crymis
689 2885 860 2951 l'errc,
915 2887 1012 2944 sed
1061 2889 1202 2944 l'erre
1252 2897 1435 2945 tamen
1467 2908 1482 2946 :
1517 2891 1793 2963 siquidem
1830 2896 2034 2950 verita-

452 2983 524 3031 tis
545 2978 902 3044 amatoribus,
928 2980 1063 3035 nihil
1098 2987 1185 3037 est
1224 2981 1336 3038 Deo
1372 2992 1428 3039 et
1458 2997 1557 3053 spe
1588 2984 1645 3038 in
1683 2982 1852 3040 Deum
1883 2987 2030 3042 anti-

450 3083 638 3139 quius.

969 3187 1306 3247 EPISTULA
1343 3191 1519 3248 CLll‘.

2142 1884 2282 1956 μεθα
2312 1886 2421 1957 (49)
2442 1902 2457 1917 ’
2507 1884 2619 1955 ἐγὼ
2656 1886 2712 1940 δὲ
2752 1890 2865 1953 τοῖς
2907 1889 3006 1959 μὲν
3037 1889 3327 1961 πράγμασι
3361 1891 3461 1963 τήν
3493 1891 3717 1963 γνώμην

2140 1978 2632 2048 συγκατατίθεσθαι
2663 1978 2776 2049 (50)
2810 1980 2871 2032 οὐ
2901 1981 3270 2052 καταδέχομαι
3295 1998 3310 2013 ·
3356 1982 3418 2036 τὸ
3460 1982 3521 2035 δὲ
3548 1982 3717 2038 ἀδου-

2136 2069 2315 2141 λήτως
2341 2069 2494 2134 τινάς
2526 2072 2702 2124 ποιεῖν
2746 2086 2798 2122 τι
2834 2069 2945 2124 τῶν
2976 2072 3293 2141 ἀναγκαίων
3329 2074 3430 2127 ob:
3459 2074 3715 2127 ἀποδοκι-

2140 2160 2314 2231 μάζω.
2358 2158 2497 2213 οὔτε
2536 2160 2645 2232 γὰρ
2689 2162 2819 2232 ὑμῖν
2865 2162 2979 2224 τοῖς
3034 2162 3241 2234 ἰατροῖς
3288 2163 3349 2215 τὸ
3398 2163 3577 2217 καίειν
3624 2164 3717 2218 τὸν

2135 2253 2437 2324 ἄρρωστον,
2482 2251 2515 2324 ἢ
2565 2251 2740 2316 ἄλλως
2786 2255 2959 2307 ποιεῖν
3004 2252 3209 2322 ἀλγεῖν,
3260 2253 3547 2325 βουλητόν·
3598 2254 3717 2308 ἀλλ’

2135 2342 2227 2400 οὖν
2266 2344 2630 2416 καταδέχεσθε
2668 2344 2928 2409 πολλάκις
2956 2348 3022 2417 τῇ
3065 2345 3352 2418 δυσχερείᾳ
3383 2345 3477 2400 τοῦ
3509 2346 3717 2410 πάθους

2132 2437 2410 2508 ἑπόμενοι.
2453 2435 2591 2490 Οὔτε
2619 2437 2670 2489 oi
2704 2436 2960 2500 πλέοντες
3004 2437 3266 2501 ἑκουσίως
3293 2436 3619 2491 ἐκϐάλλουσι
3649 2439 3719 2492 τὰ

2128 2526 2423 2599 ἀγώγιμα·
2477 2526 2592 2581 ἀλλ’
2639 2526 2783 2581 ὥστε
2831 2528 3117 2598 διαφυγεῖν
3179 2528 3249 2582 τὰ
3295 2528 3552 2597 ναυάγια,
3611 2529 3714 2599 aq».

2135 2620 2381 2674 ίστανται
2413 2619 2512 2692 τὴν
2543 2619 2793 2691 ἐκόολὴν,
2824 2620 2917 2675 τὸν
2945 2622 3006 2675 ἐν
3039 2621 3199 2693 πενίᾳ
3233 2619 3346 2691 βίον
3376 2620 3471 2674 τοῦ
3501 2622 3717 2676 ἀποθαοο

2128 2715 2241 2766 νεῖν
2290 2712 2682 2785 προτιμῶντες.
2737 2713 2901 2766 ’Ὥστε
2946 2713 3037 2767 καὶ
3086 2715 3234 2784 ἡμᾶς
3282 2714 3399 2767 οἴου
3448 2713 3717 2784 ἀλγεινῶς

2135 2804 2233 2873 μὲν
2270 2803 2363 2855 καὶ
2392 2800 2531 2873 μετὰ
2573 2800 2783 2873 μυρίων
2814 2801 3066 2873 ὀδυρμῶν
3098 2802 3284 2873 φέρειν
3311 2802 3407 2858 τὸν
3436 2804 3715 2876 χωρισμὸν

2130 2892 2239 2945 τῶν
2280 2893 2669 2963 ἀφισταμένων
2703 2892 2814 2962 (51)
2835 2911 2849 2926 ο
2887 2893 3075 2965 φέρειν
3106 2894 3151 2948 δ’
3183 2890 3278 2948 οὖν
3306 2895 3489 2965 ὅμως
3522 2895 3715 2965 ἐπειδὴ

2128 2982 2226 3037 τοῦ
2260 2982 2396 3037 Θεοῦ
2428 2983 2521 3038 καὶ
2550 2984 2653 3053 τῆς
2699 2986 2785 3040 ἐπ’
2827 2985 2992 3039 αὐτὸν
3042 2985 3257 3052 ἐλπίδος
3289 2987 3441 3041 οὐδὲν
3464 2989 3583 3052 τοῖς
3614 2988 3717 3059 τῆς

2134 3077 2395 3149 ἀληθείας
2424 3080 2683 3149 ἐρασταῖς
2709 3076 3126 3149 προτιμότερον.

2627 3196 2979 3251 ΕΠΙΣΤΟΛΗ
3017 3196 3190 3250 ΡΝΒ’.

449 3294 644 3350 Silentii
666 3312 743 3350 sui
764 3312 962 3351 causam
983 3301 1180 3366 exponit
1210 3302 1444 3368 Basilius,
1466 3305 1760 3371 conﬁdenter
1787 3304 2030 3432 iciticit);

2134 3305 2430 3421 ipg'tzmrgf‘
2456 3306 2709 3373 promittit.
2739 3306 2933 3360 Gratias
2959 3307 3061 3373 agit
3095 3308 3225 3372 quod
3245 3322 3359 3360 suas
3380 3322 3472 3373 pro
3500 3310 3716 3363 Ecclesia

913 3466 1110 3523 Victori
1132 3470 1400 3526 exercitus
1428 3470 1578 3527 duci.
2038 3491 2094 3551 ⁸ο

516 3581 598 3636 Ad
628 3581 866 3652 aliquem
921 3583 1088 3636 alium
1126 3583 1172 3637 si
1224 3599 1334 3637 non
1364 3585 1665 3639 scriberem
1690 3626 1705 3648 ,
1736 3584 1879 3641 forte
1915 3600 2027 3641 non

445 3674 720 3730 immerito
747 3673 1075 3729 sustinerem
1131 3675 1383 3745 segnitiei
1430 3685 1526 3730 aut
1561 3675 1861 3731 oblivionis
1910 3675 2024 3730 cri-

446 3781 594 3821 men.
632 3763 735 3821 Tui
770 3781 902 3821 vero
949 3768 1228 3837 quomodo
1260 3767 1467 3838 possim
1523 3766 1810 3831 oblivisci,
1859 3767 2023 3838 cujus

444 3873 648 3914 nomen
714 3859 859 3930 apud
917 3875 1111 3917 omnes
1179 3862 1431 3919 homines
1492 3862 1871 3933 praedicatur?
1932 3870 2026 3917 aut

443 3952 723 4021 quomodo
754 3961 807 4006 te
839 3953 1152 4024 negligere,
1204 3952 1301 4024 qui
1363 3969 1557 4011 omnes
1609 3956 1721 4009 fere
1758 3954 1814 4008 in
1850 3960 2026 4009 terra-

443 4057 565 4095 rum
595 4042 728 4096 orbe
750 4039 968 4111 fastigio
991 4041 1320 4112 dignitatum
1351 4043 1683 4099 antecellis?
1710 4041 1818 4098 Sed
1848 4042 2022 4097 silen-

443 4134 504 4188 tii
539 4134 647 4190 mei
673 4134 962 4190 manifesta
998 4143 1085 4191 est
1114 4149 1307 4190 causa.
1351 4134 1485 4191 Viro
1523 4143 1677 4190 tanto
1705 4135 2016 4191 molestiam

446 4286 743 4345 Vaticanus
777 4289 1078 4362 ὑμετέρων.
1115 4288 1177 4345 Si
1197 4306 1301 4359 qua
1325 4288 1533 4344 utilitas
1558 4299 1856 4344 vestrarum
1888 4288 2028 4344 litte-

441 4376 646 4414 rarum.

512 4433 530 4451 ’
546 4429 714 4501 Alias
744 4427 1111 4501 CCCLXXIF.
1137 4430 1353 4501 Scripta
1378 4430 1526 4486 circa
1550 4445 1681 4501 ann.
1703 4428 1828 4501 575.

507 4499 620 4573 (i5)
655 4500 1007 4573 Εὑρίσκετε,
1039 4499 1376 4573 lta__septem_
1398 4500 1703 4573 ms_s._E_diti
1736 4499 2020 4573 εὑρήσετε.

508 4569 619 4641 (46)
666 4570 1056 4641 Ἀπηγόμεθα.
1110 4569 1240 4627 Non
1276 4571 1415 4627 male
1458 4570 1630 4626 Coisl.
1657 4569 1932 4626 secundus
1969 4575 2025 4623 et

438 4639 871 4712 Regésecundus
904 4640 1299 4712 ἀπειργόμεθα.

504 4658 571 4706 3g.
597 4658 871 4695 secundus
904 4658 1030 4692 απει
1071 4658 1299 4712 γομευα.

504 4708 617 4779 (47)
674 4710 976 4764 Γίνεσθαι.
1038 4658 1207 4767 fidem
1263 4712 1374 4767 duo
1430 4708 1649 4766 codices
1702 4709 1910 4779 γίνεται
1965 4716 2021 4767 et

434 4780 622 4852 eaet?-

508 4850 620 4921 (48)
672 4850 965 4921 ﬂuxam

435 4918 849 4993 ιηίἐναγόντων.
878 4919 1079 4993 Ibidem
1112 4920 1265 4976 Harl.
1294 4922 1355 4975 τὸ
1386 4921 1646 4993 σιδήριον,
1675 4929 1729 4976 et
1755 4918 1891 4990 Reg.
1928 4938 2016 4978 se-

432 4989 650 5061 cundus
684 4991 1143 5061 περιπιπτόντων.

503 5059 616 5130 (49)
652 5057 1018 5130 Βούλόμεθα.
1056 5060 1135 5115 lta
1160 5060 1310 5117 Harl.
1339 5068 1394 5115 et
1430 5058 1569 5114 Med.
1607 5057 1700 5113 Sic
1734 5060 1899 5113 etiam
1931 5060 2012 5114 vi-

429 5128 605 5200 detur
631 5128 1021 5200 primaJmanu
1078 5132 1335 5187 habuisse
1379 5130 1550 5185 Coisl.
1591 5130 1824 5200 ptimus.
1870 5130 2014 5185 Editi

432 5198 935 5286 gouldipeea.nl\eg:
976 5201 1252 5286 secundus
1289 5209 1343 5257 et
1393 5201 1562 5257 Coisl.
1591 5198 1892 5255 secundus
1938 5201 2015 5265 ὡς

432 5269 501 5323 ἂν
530 5269 746 5341 γίνηται
773 5269 1107 5341 βουλώμεθα.
1640 5340 1653 5351 ⁸

500 5339 614 5411 (50)
635 5342 1197 5412 Συπκατατίθεσθαι.
1223 5340 1398 5407 Harl.,
1422 5341 1556 5412 Reg.
1572 5353 1783 5411 primus
1804 5348 1860 5396 et
1882 5337 2005 5396 Vat.

432 5425 497 5461 συ
504 5409 952 5480 μμετατᾲίθεσθαι.

504 5427 952 5533 {agnationum
1420 5481 1432 5494 ⁸
1574 5480 1586 5492 ο
1630 5480 1642 5492 .

498 5480 611 5563 (ut)
642 5482 1233 5563 ΔΤωαχᾰςοιονταμριξνων.
1268 5480 1396 5537 Haec
1418 5479 1646 5563 Intelligt
1676 5478 2013 5563 non'debent

427 5547 792 5604 de‘Eustatbii
836 5547 1185 5617 separatione
1205 5568 1236 5606 a
1261 5547 1645 5607 communione
1677 5549 1887 5613 Basilii,
1918 5551 2011 5604 sed

427 5620 611 5691 potius
645 5620 715 5691 de
768 5619 1193 5691 Sebastenorum
1229 5624 1617 5678 nonnullorum
1664 5623 1733 5676 ab
1766 5622 1888 5691 ipso
1911 5620 2015 5675 Eu-

426 5689 630 5746 stathio
661 5689 1020 5747 discessione.
1059 5690 1194 5747 Tota
1256 5708 1342 5748 res
1395 5692 1646 5747 enitescit
1674 5707 1737 5747 ex
1766 5689 2014 5763 superio-

2563 3475 2835 3541 Οῠτκτορι
2864 3470 3272 3542 στρατηλάτῃ.

2208 3586 2386 3659 Ἀλλῳ
2420 3586 2519 3658 μέν
2550 3603 2656 3641 τινι
2685 3586 2761 3658 μὴ
2789 3585 3139 3650 ἐπιστέλλων,
3175 3587 3317 3658 τάχα
3354 3587 3422 3641 ἂν
3447 3585 3715 3660 δεξαίμην

2130 3679 2354 3743 δικαίως
2405 3678 2656 3750 ἔγκλημα
2700 3678 2978 3749 ῥᾳθυμίας
3018 3677 3051 3749 ἢ
3096 3678 3303 3750 λήθης
3356 3677 3451 3731 σοῦ
3490 3678 3548 3732 δὲ
3593 3679 3715 3743 πῶς

2129 3771 2275 3824 ἐστιν
2299 3769 2674 3835 ἐπιλαθέσθαι,
2703 3764 2765 3825 οὗ
2807 3769 2959 3841 παρὰ
2990 3771 3156 3824 πᾶσιν
3183 3769 3490 3842 ἀνθρώποις
3533 3770 3729 3825 λαλεῖ--

2129 3862 2219 3915 ταὶ
2244 3862 2306 3916 τὸ
2337 3861 2543 3934 ὄνομας
2581 3862 2699 3926 πῶς
2744 3862 2802 3915 δέ
2845 3861 3364 3935 καταρρᾳθυμῆσαι,
3393 3862 3454 3926 ὃς
3486 3863 3711 3918 πάντων

2133 3953 2317 4024 σχεδὸν
2343 3953 2450 4006 τῶν
2482 3953 2625 4007 κατά
2663 3952 2761 4024 τὴν
2790 3952 3115 4024 οἰκουμένην
3151 3953 3230 4024 τῷ
3263 3952 3385 4022 ὕψει
3406 3952 3513 4007 τῶν
3545 3954 3714 4019 ἀξιω-

2132 4042 2315 4113 μάτων
2359 4042 2835 4115 ὐπερανέστηκας;
2904 4041 3064 4095 Ἀλλά
3104 4042 3239 4114 δήλη
3288 4042 3446 4113 ἡμῶν
3489 4043 3713 4114 ήαίτία.

2125 4133 2225 4204 τῆς
2258 4132 2498 4204 σιωπῆς.
2538 4132 2832 4204 Ὀκνοῦμεν
2854 4132 2921 4187 δι’
2958 4131 3116 4203 δχλου
3139 4133 3384 4201 γίνεσθαι
3414 4133 3528 4205 (52)
3547 4135 3713 4208 ἀνδρὶ

2135 4287 2293 4342 ribus
2321 4286 2525 4351 verbis,
2560 4285 2652 4340 sed
2686 4295 2859 4340 tamen
2897 4286 3099 4356 aliquid
3125 4289 3475 4342 necessarium
3516 4268 3714 4346 a'non-

2134 4358 2299 4411 nullis
2330 4368 2521 4428 printer
2575 4357 2741 4428 animi
2771 4359 3083 4428 sententiam
3131 4359 3270 4426 ﬁeri,
3297 4374 3400 4411 non
3440 4360 3707 4428 improbo.

2144 4428 2267 4483 Haec
2298 4427 2543 4497 profecto
2567 4427 2852 4499 reﬂerenda
2885 4427 2951 4479 ad
2975 4429 3357 4499 separationem
3378 4427 3582 4492 eorum,
3614 4433 3709 4499 qui

2132 4516 2188 4552 se
2216 4496 2607 4567 separaverunt.
2645 4496 2783 4549 lluic
2819 4512 3006 4551 eorum
3043 4498 3184 4551 laeto
3223 4513 3330 4552 non
3362 4496 3708 4554 assentieba-

2131 4577 2221 4622 tur
2243 4566 2308 4623 ex
2343 4570 2526 4621 animo
2566 4566 2831 4629 Basilius,
2864 4567 3316 4637 quemadmodum
3355 4583 3456 4623 nec
3504 4569 3705 4627 medici

2131 4639 2361 4693 libenter
2384 4645 2570 4699 urunt,
2604 4653 2703 4691 nec
2748 4639 3067 4706 navigantes
3096 4638 3332 4708 libenter
3361 4653 3572 4693 merces
3597 4641 3705 4708 eji-

2128 4710 2298 4763 ciunt.
2328 4709 2434 4762 Sed
2464 4718 2641 4761 tamen
2670 4722 2893 4776 eosinun
2918 4707 3277 4776 improbabat,
3304 4709 3432 4776 quia
3462 4707 3704 4766 veritatis

2127 4780 2454 4832 amatoribus
2487 4776 2618 4831 nilti!
2649 4786 2725 4831 est
2762 4775 2867 4848 Deo
2896 4786 2945 4831 et
2988 4775 3078 4844 spe
3115 4777 3169 4848 in
3194 4775 3379 4848 Deum
3403 4781 3701 4848 antiquius.

966 4868 1069 4905 ων.
1105 4849 1243 4907 Tres
1285 4850 1501 4907 codices
1547 4863 1657 4903 non
1695 4849 2018 4920 antiquissi-
2048 4856 2094 4912 Ι)
2122 4848 2465 4917 lizecoptime
2496 4846 3158 4920 congruunt_Sebastenis
3191 4847 3319 4906 illis.
3345 4850 3458 4918 qui,
3497 4846 3556 4902 ut
3606 4866 3705 4904 su-

2121 4935 2219 4990 pra
2241 4916 2575 4990 vidimusin
2610 4916 2775 4990 epist.
2811 4916 2948 4990 258,
2997 4918 3202 4970 occulto
3230 4916 3406 4990 prava:
3435 4920 3704 4985 opinionis

2122 4987 2391 5045 Eustathii
2420 4987 2628 5042 vulnere
2656 4989 2856 5041 detecto
2875 4987 3559 5058 aliquam__ecclesiasticam
3592 4992 3705 5044 τοι-

2121 5060 2450 5114 licitudinem
2477 5075 2507 5112 a
2539 5058 2735 5114 Basilio
2760 5055 3076 5127 poscebant.
3115 5055 3271 5111 Unde
3313 5057 3548 5114 Basilius
3596 5059 3705 5114 Eu-

2121 5131 2332 5185 sebium
2359 5128 2614 5187 consulit.
2639 5126 2770 5198 quid
2798 5126 3114 5198 Sebastenis
3137 5128 3575 5197 respondendum
3601 5132 3697 5188 sit.

2119 5199 2214 5255 Eis
2241 5209 2421 5254 autem
2450 5197 2708 5253 Basiliuin
2750 5197 3188 5253 communionem
3235 5206 3289 5251 et
3333 5201 3699 5267 patrocinium

2120 5270 2464 5326 concessisse
2491 5269 3016 5338 perspicimuscum
3049 5283 3113 5321 ex
3149 5268 3251 5338 hac
3280 5269 3550 5338 epistola,
3584 5281 3699 5325 tum

2118 5343 2281 5396 etiam
2311 5356 2376 5396 ex
2406 5335 2590 5410 epist.
2620 5335 2761 5398 ⁷255.
2793 5336 2904 5410 ubi
2928 5345 3114 5390 narrat
3164 5335 3406 5410 Basilius
3452 5353 3568 5405 eos,
3600 5341 3701 5410 qui

2117 5427 2304 5467 secum
2331 5407 2595 5466 Sebastiae
2630 5407 3061 5469 communicant,
3085 5408 3252 5462 curia:
3286 5408 3503 5464 additos
3530 5425 3560 5463 a
3594 5407 3699 5465 De-

2119 5483 2405 5536 mosthene
2463 5479 2650 5541 fuisse,
2699 5492 2929 5548 magnos
2984 5488 3164 5532 autem
3217 5477 3457 5534 honores
3503 5481 3699 5536 amicis

2118 5552 2387 5608 Eustatbii
2425 5548 2654 5605 delatos.

2190 5623 2302 5693 (5‘52)
2343 5621 2648 5676 Γίνεσθαι.
2676 5617 2826 5674 Multi
2856 5616 3076 5674 codices
3112 5630 3245 5675 mss.
3277 5616 3550 5685 γενέσθαι.
