3868 6218
440 247 538 301 οιι

1743 255 1801 308 S.
1842 252 2086 311 BASILII
2124 255 2339 312 MAGNI

3598 259 3710 313 6i?»

438 365 583 419 rium
621 368 923 420 moventes.
962 364 1233 421 Caeterum
1283 365 1479 420 littera;
1507 372 1613 422 tuae
1650 374 1806 422 tuum
1858 368 1999 423 nobis

2117 368 2183 423 ἐκ
2229 369 2328 440 τῆς
2379 369 2582 440 ἀρετῆς
2635 371 2900 441 χαρίεντι,
2957 371 3037 425 ἐτι
3083 373 3176 427 καὶ
3218 371 3297 443 τῷ
3343 372 3553 443 σπανίῳ
3601 374 3705 444 τῆς

438 454 681 511 animum
726 453 944 509 abunde
977 454 1298 525 patefacere.
1331 454 1654 527 Quanquam
1700 458 1845 511 enim
1888 457 2015 512 bre-

438 562 534 602 ves
567 556 724 602 erant
765 548 1097 619 syllabarum
1128 562 1380 610 numero,
1406 556 1462 600 al.
1495 563 1559 602 ex
1599 556 1750 603 recta
1795 556 2015 604 senten-

437 639 514 692 tia
572 638 828 693 idoneum
882 641 1044 695 nobis
1115 641 1192 693 tui
1261 640 1529 710 propositi
1590 642 1866 710 specimen
1915 641 2013 696 dea

436 728 585 785 dere.
627 728 761 782 Nam
815 731 1114 785 beatissimi
1148 730 1434 785 Athanasii
1502 731 1808 785 studiosum
1857 747 2011 793 esse,

356 844 374 859 ε
437 829 817 891 argumentum
866 821 1339 877 evidentissimum
1396 828 1481 874 est
1538 836 1685 876 sana:
1735 823 1789 876 in
1838 823 2014 876 maxi-

435 913 541 965 mis
574 914 738 969 rebus
790 915 1092 969 sententiae.
1128 913 1234 966 Pro
1266 920 1489 983 accepta
1538 929 1670 983 ergo
1715 930 1779 969 ex
1816 915 2013 969 litteris

438 1005 628 1058 laetitia
663 1046 678 1069 ,
738 1006 1027 1076 plurimam
1085 1005 1349 1059 habemus
1408 1005 1640 1075 giatiam
1704 1007 2015 1075 prtetantis-

454 1098 596 1151 simo
648 1099 760 1153 lilio
809 1107 1000 1151 nostro
1032 1098 1377 1167 Eupbeniio:
1432 1098 1519 1152 cui
1578 1106 1631 1153 ct
1673 1099 1788 1167 ipse
1821 1114 2013 1168 precor

440 1189 707 1242 auxilium
749 1205 910 1245 omne
956 1206 984 1242 a
1022 1202 1211 1243 sancto
1248 1189 1599 1260 contingere,
1629 1199 1684 1243 et
1737 1197 1789 1245 te
1825 1191 2013 1245 hortor

441 1286 502 1332 ut
534 1294 746 1333 mecum
785 1282 1030 1350 preceris
1074 1290 1134 1335 ut
1181 1282 1290 1335 cito
1322 1298 1446 1336 eum
1503 1282 1834 1351 recipiamus
1886 1300 2009 1338 cum

433 1371 786 1426 ornatissima
820 1374 1053 1442 conjuge
1078 1372 1273 1442 ipsius,
1309 1374 1414 1425 lilia
1438 1364 1626 1426 nostra
1666 1374 1718 1426 in
1755 1373 2004 1430 Domino.

433 1460 556 1532 Ipse
592 1473 772 1517 autem
819 1464 1034 1518 exorari
1084 1474 1136 1518 te
1165 1465 1319 1527 sine,
1364 1471 1424 1517 ut
1481 1479 1548 1518 ne
1602 1465 1840 1519 laetitiam
1898 1481 1997 1519 no-

432 1561 602 1608 stram
659 1555 884 1607 exordio
937 1555 1395 1615 circumscribas,
1448 1554 1544 1609 sed
1604 1555 1785 1609 oblata
1840 1554 2006 1629 244

431 1645 625 1715 quovis
656 1653 897 1714 tempore
946 1648 1238 1701 occasione
1268 1648 1478 1702 scribas
1503 1690 1518 1713 ,
1553 1656 1605 1702 et
1655 1662 1896 1701 amorem
1950 1650 2004 1702 in

2114 460 2421 531 εὑρέσεως,
2466 460 2527 513 τὸ
2576 459 2940 532 περιπόθητον
2988 461 3223 533 ἔχοντες.
3294 460 3594 533 Ἐγνώρισε
3644 463 3703 515 δέ

2114 566 2209 603 σου
2238 549 2334 621 τὴν
2364 549 2602 603 διάθεσιν
2635 553 2768 621 ἡμῖν
2797 552 2858 604 τὸ
2889 552 3123 624 γράμμα
3152 552 3458 622 αὐτάρκως.
3494 554 3556 605 Ei
3588 554 3703 624 γὰρ

2114 642 2208 695 καὶ
2249 640 2445 711 μικρὸν
2488 635 2556 711 ἦν
2605 640 2682 711 τῷ
2731 641 2921 712 πλήθει
2952 642 3061 694 τῶν
3106 644 3408 709 συλλαϐῶν,
3444 643 3583 712 ἀλλὰ
3633 648 3708 715 τῇ

2113 746 2177 799 γε
2205 730 2456 802 ὀρθότητι
2486 731 2580 801 τῆς
2612 730 2872 795 διανοίας,
2903 732 3177 803 ἀρκοῦσαν
3214 735 3345 803 ἡμῖν
3374 735 3473 804 τῆς
3504 751 3705 805 προαι-

2115 822 2317 893 ρέσεως
2359 824 2457 894 τὴν
2504 821 2779 886 ἀπόδειξιν
2825 822 3010 877 ἔδωκε.
3049 824 3122 877 Τὸ
3152 824 3258 896 γὰρ
3292 827 3419 896 περὶ
3461 828 3551 878 τὸν
3591 844 3701 895 μα-

2112 913 2449 986 καριώτατον
2503 914 2817 967 Ἀθανάσιον
2865 909 3255 969 ἐσπουδακέναι
3301 916 3497 985 δεῖγμα
3535 918 3707 988 ἐναρ-

2111 1008 2374 1075 γέστατον
2418 1006 2512 1060 τοῦ
2561 1007 2730 1075 ὑγιῶς
2778 1008 2923 1079 ἔχειν
2977 1008 3088 1075 (56)
3141 1008 3270 1077 περὶ
3315 1009 3385 1062 τὰ
3439 1008 3700 1077 μέγιστα.

2125 1098 2270 1150 Ἀντὶ
2297 1094 2389 1151 οὖν
2423 1098 2524 1168 τῆς
2551 1100 2643 1151 ἐπὶ
2673 1102 2783 1162 τοῖς
2823 1100 3145 1168 γράμμασιν
3192 1099 3531 1169 εὐφροσύνης
3562 1099 3707 1153 πολε

2110 1187 2209 1258 λὴν
2251 1189 2472 1259 οἴδαμεν
2503 1190 2662 1259 χάριν
2693 1189 2771 1259 τῷ
2812 1190 3122 1260 τιμιωτάτῳ
3157 1189 3259 1259 υἱῷ
3306 1190 3461 1260 ἡμῶν
3508 1189 3704 1259 Εὐφηο

2114 1278 2221 1350 μίῳ
2249 1295 2263 1305 ·
2302 1274 2346 1346 ᾧ
2370 1281 2463 1333 καὶ
2491 1280 2650 1338 αὐτὸς
2672 1279 2900 1350 εὔχομαι
2929 1282 3107 1333 πᾶσαν
3142 1282 3408 1351 ὑπάρχειν
3437 1280 3705 1351 βοήθειαν

2120 1373 2178 1439 ἐξ
2208 1373 2363 1441 ἁγίου
2386 1390 2400 1402 ·
2433 1375 2527 1426 καὶ
2560 1374 2618 1426 σέ
2662 1373 3015 1444 συνεύχεσθαι
3039 1376 3171 1444 ἡμῖν
3204 1374 3521 1445 παρακαλῶ,
3543 1374 3707 1437 ὅπως

2111 1465 2177 1518 ἃν
2224 1465 2591 1537 ἀπολάϐοιμεν
2620 1467 2781 1519 αὐτὸν
2813 1468 2870 1519 ἐν
2900 1467 3054 1537 τάχει
3092 1466 3230 1537 μετὰ
3266 1469 3360 1536 τῆς
3390 1468 3703 1536 κοσμιωτά-

2107 1573 2207 1627 της
2236 1557 2498 1627 ὁμόζυγος
2529 1558 2641 1627 (57)
2671 1557 2859 1621 αὐτοῦ,
2895 1557 3161 1628 θυγατρὸς
3188 1556 3245 1609 δὲ
3284 1557 3440 1627 ἡμῶν
3468 1558 3527 1610 ἐν
3575 1558 3700 1610 Κυ-

2113 1650 2231 1720 ρίῳ.
2285 1648 2677 1720 Παρακλήθητι
2727 1648 2785 1702 δὲ
2835 1650 2928 1702 καὶ
2974 1648 3136 1711 αὐτὸς
3174 1647 3248 1718 μὴ
3282 1648 3340 1698 ἐν
3381 1646 3700 1719 προοιμίοις

430 1751 534 1791 nos
568 1745 719 1790 tuum
750 1738 1025 1808 colloquio
1054 1739 1323 1808 frequenti
1349 1739 1620 1809 adaugeas
1653 1758 1666 1793 :
1701 1753 1766 1792 ac.
1798 1738 1867 1794 de
1908 1740 1999 1793 Ec-

2108 1742 2241 1811 ήμῖν
2277 1742 2470 1812 στῆσαι
2506 1740 2614 1811 (58)
2647 1739 2745 1811 τὴν
2773 1739 3131 1811 εὐφροσύνην,
3165 1738 3300 1792 ἀλλὰ
3349 1738 3435 1792 διὰ
3470 1738 3571 1808 τῆς
3604 1736 3698 1789 ἀεὶ

430 1828 636 1890 clesiis,
665 1844 785 1897 quae
830 1830 974 1899 apud
1011 1846 1110 1885 vos
1145 1839 1308 1894 sunt,
1343 1832 1620 1900 quomodo
1654 1832 2005 1885 concordiam

428 1927 679 1981 servent,
716 1921 1022 1990 signiﬁces;
1059 1938 1154 1991 pro
1181 1924 1384 1978 nostris
1414 1931 1595 1977 autem
1638 1923 1877 1991 preceris
1900 1964 1915 1989 ,
1946 1929 2007 1976 ut

428 2010 592 2065 etiam
629 2012 769 2081 apud
806 2028 906 2067 nos
958 2015 1327 2084 tranquillitas
1362 2031 1557 2085 magna
1609 2016 1701 2069 liat
1725 2056 1742 2081 ,
1776 2013 2006 2071 Domino

428 2109 619 2154 nostro
658 2110 849 2156 ventos
881 2117 944 2155 ac
969 2118 1119 2157 mare
1156 2104 1491 2173 increpante.

2112 1831 2571 1902 παραπιπτούσης
2633 1833 2958 1903 προφάσεως
3020 1831 3387 1892 ἐπιστέλλειν,
3440 1828 3536 1882 καὶ
3590 1829 3695 1897 τὴν

2112 1924 2248 1995 πρὸς
2277 1926 2422 1995 ἡμᾶς
2455 1923 2694 1976 διάθεσιν
2728 1924 2807 1994 τῷ
2854 1922 3042 1993 πυκνῷ
3074 1924 3172 1993 τῆς
3200 1912 3435 1992 epota;
3481 1917 3691 1982 αὔξειν,

2112 2015 2202 2068 καὶ
2243 2013 2311 2066 τά
2342 2013 2605 2085 περὶτῶν
2632 2013 2796 2067 αὐτοῦ
2833 2013 2941 2079 (59)
2989 2012 3347 2082 Ἑκκλησιῶν,
3396 2012 3544 2073 ὅπως
3577 2010 3694 2079 ἔχει

2112 2104 2255 2158 κατὰ
2283 2103 2381 2175 τὴν
2431 2105 2771 2175 συμφωνίαν,
2825 2103 3138 2175 σημαίνειν·
3179 2103 3304 2174 περὶ
3351 2100 3407 2154 δὲ
3450 2098 3559 2152 τῶν
3600 2101 3690 2151 ἐν-

427 2196 599 2249 ταῦθα
633 2196 1051 2269 προσεύχεσθαι,
1095 2199 1236 2252 ὥστε
1279 2198 1535 2269 γενέσθαι
1579 2200 1675 2253 καὶ
1742 2200 1875 2272 παρ’
1908 2201 2040 2271 ἡμῖν
2075 2199 2318 2270 γαλήνην
2364 2201 2626 2271 μεγάλην,
2660 2202 3084 2271 ἐπιτιμήσαντος
3115 2198 3209 2251 τοῦ
3273 2196 3477 2269 Κυρίου
3524 2193 3688 2266 ἡμῶν

426 2289 506 2360 τῷ
537 2292 722 2363 ἀνέμῳ
754 2293 848 2345 καὶ
875 2296 941 2363 τῇ
974 2292 1243 2365 θαλάσσῃ.

942 2446 1274 2501 EPISTULA
1315 2448 1495 2502 CLV‘.

2611 2444 2814 2500 ΕΠΙΣΤ
2823 2441 2963 2498 ΟΛΗ
3002 2443 3175 2496 PNE'.

427 2557 649 2631 Basiliu:
665 2559 843 2631 Sorani
864 2561 1078 2631 Sc‘gtliiiag
1097 2561 1235 2613 ducis
1252 2600 1264 2618 ,
1286 2562 1549 2631 propinqui
1571 2562 1650 2614 sui
1671 2601 1684 2624 ,
1708 2562 1919 2626 querelis
1955 2564 2212 2631 respondet
2230 2580 2249 2616 :
2272 2568 2509 2617 rationem
2531 2561 2697 2631 readil
2720 2576 2809 2612 cur
2828 2560 2893 2631 ad
2920 2574 3030 2631 eum
3056 2574 3161 2630 non.
3183 2557 3462 2623 scripserit,
3482 2561 3692 2631 demon-

485 2627 678 2689 strat-se
698 2624 831 2672 illius
859 2624 1083 2691 eminisci
1094 2638 1193 2691 non
1217 2624 1387 2686 posse,"
1411 2624 1497 2675 nec
1519 2627 1567 2675 in
1602 2624 1822 2691 precibus
1858 2624 2332 2691 ecclesiasticarum
2364 2624 2595 2691 privatim
2615 2637 2631 2674 :
2654 2632 2699 2674 et
2722 2638 2823 2675 use
2846 2630 2891 2673 et
2912 2638 2941 2672 ιι
2963 2624 3317 2691 cliorepiscopa
3329 2630 3689 2691 accusationem

486 2683 644 2753 ηεθςὶιξ
666 2697 809 2753 (Iugnt
826 2683 1036 2752 repellit.
1065 2683 1297 2737 Hortatur
1323 2693 1373 2735 ut
1396 2683 1778 2751 persecutionem
1808 2700 1900 2753 pro
1925 2687 2114 2740 Christo
2132 2683 2420 2753 patientibus
2458 2693 2628 2753 pergat
2670 2697 2977 2736 succurrere.
3019 2683 3172 2749 Rogat
3206 2683 3410 2747 denique
3433 2691 3483 2733 ut
3506 2686 3701 2748 patria

485 2743 641 2794 mittat
666 2743 894 2808 reliquias
924 2753 1213 2811 martyrum.

656 2872 668 2879 ί
748 2850 874 2906 Sine
913 2853 1256 2923 inscriptione
1279 2872 1445 2910 causa
1475 2856 1681 2926 alipta.

498 2964 741 3036 Epistula
764 3006 781 3032 ,
812 2982 974 3037 quam
1001 2968 1233 3039 primam
1268 2977 1323 3025 et
1352 2972 1523 3025 solam
1547 2970 1767 3041 dignata
1795 2977 1879 3026 est
1908 2985 2007 3026 no-

2382 2857 2813 2925 Ἀνεπίγραφος
2853 2851 2962 2925 (ϐυ)
2998 2851 3099 2906 ἐπὶ
3126 2851 3393 2920 dictum.

2177 2972 2322 3045 Πρὸς
2351 2972 2548 3037 πολλὰς
2587 2970 2686 3035 τὰς
2713 2969 2800 3023 διὰ
2847 2968 2944 3040 τῆς
2989 2967 3296 3037 ἐπιστολῆς,
3341 2968 3407 3036 ῆν
3457 2963 3686 3036 πρώτην

424 3057 512 3114 bis
542 3058 800 3113 nobilitas
834 3066 929 3112 tua
969 3060 1244 3125 scribere,
1298 3063 1483 3116 multae
1532 3063 1881 3116 continentur
1909 3076 1999 3117 ac-

2108 3064 2197 3117 κα¹ι
2229 3065 2395 3136 μόνην
2428 3063 2767 3135 κατηξίωσεν
2798 3062 2929 3131 ἡμῖν
2960 3062 2992 3131 ὴ
3043 3059 3292 3129 εὐγένειά
3325 3074 3416 3110 σου
3453 3056 3687 3125 διαπέμ-

423 3150 739 3205 cusationes
758 3192 773 3216 ,
802 3151 1003 3220 quibus
1040 3152 1280 3207 incertus
1310 3168 1430 3207 sum
1464 3155 1742 3223 quomodo
1768 3170 1998 3225 respon-

424 3240 582 3296 deam
615 3259 630 3307 ;
668 3257 773 3294 non
801 3242 1075 3309 justarum
1112 3244 1382 3297 rationum
1418 3245 1632 3314 inopia,
1665 3245 1760 3301 sed
1791 3247 1998 3315 quia'in

423 3333 867 3387 criminationum
901 3334 1249 3389 multitudine
1293 3336 1535 3391 tlillicilis
1581 3345 1665 3392 est
1695 3339 2000 3407 praecipua-

422 3440 544 3478 rum
576 3425 818 3479 delectus
840 3466 856 3489 ,
891 3435 945 3481 et
983 3424 1127 3479 unde
1183 3426 1400 3479 initium
1451 3428 1611 3483 nobis
1663 3427 1885 3482 medela:
1913 3444 2001 3482 su-

421 3514 677 3568 mend‘um
710 3515 802 3568 sit.
844 3514 949 3569 Sed
982 3515 1121 3570 forte
1150 3515 1339 3570 eodem
1370 3517 1563 3571 ordine
1590 3532 1701 3587 quo
1726 3533 1813 3572 res
1861 3518 1999 3573 scri-

420 3616 526 3675 pta:
560 3617 719 3669 sunt,
758 3606 1072 3661 incedentes
1097 3645 1113 3669 ,
1148 3608 1229 3661 sic
1282 3607 1515 3676 singulis
1565 3624 1855 3664 occurrere.
1905 3608 1999 3663 de-

420 3697 631 3752 bemus.
664 3696 898 3763 Quinam
933 3700 1062 3752 biuc
1104 3699 1160 3752 in
1195 3700 1472 3769 Scythiam
1521 3700 1999 3770 proficiscerentur

423 3788 687 3844 baclenus
731 3790 1016 3859 ignoravi;
1074 3805 1139 3843 ac
1196 3806 1263 3843 ne
1316 3788 1384 3845 de
1435 3791 1504 3844 iis
1559 3793 1814 3861 quidem,
1845 3790 1935 3861 qui
1966 3806 1997 3845 e

424 3879 589 3934 domo
619 3891 708 3935 tua
759 3880 989 3951 profecti
1043 3891 1205 3944 sunt,
1238 3883 1552 3937 admonitus
1587 3899 1706 3937 sum
1735 3924 1750 3948 ,
1791 3893 1849 3936 ut
1903 3898 1999 3952 per

424 3971 547 4026 illos
572 3982 624 4026 te
654 3973 948 4027 salutarem
975 3992 989 4039 ;
1021 3975 1275 4042 quamvis
1310 3975 1537 4027 omnino
1565 3974 1614 4027 id
1644 3975 1775 4027 mihi
1809 3974 1990 4029 studio

423 4061 697 4128 habeam,
754 4071 813 4117 ut
871 4064 1188 4134 dignitatem
1244 4076 1389 4118 tuam
1443 4065 1637 4133 quavis
1701 4066 1994 4119 occasione

424 4157 605 4210 oblata
666 4157 918 4209 salutem.
969 4154 1112 4210 Fieri
1171 4167 1350 4210 autem
1405 4172 1513 4211 non
1577 4166 1753 4225 potest
1806 4156 1882 4209 tui
1937 4166 1997 4209 ut

424 4249 719 4303 obliviscar
771 4249 825 4301 in
885 4250 1143 4317 precibus
1171 4289 1186 4311 ,
1224 4250 1328 4303 nisi
1374 4251 1525 4318 prius
1563 4256 1808 4302 nostrum
1862 4248 1993 4301 illud

425 4354 584 4409 opus,
622 4338 687 4392 ad
717 4338 863 4405 quod
896 4356 998 4394 nos
1054 4339 1315 4393 Dominus
1359 4340 1689 4400 destinavit,
1732 4339 1991 4393 oblivioni

2098 3157 2337 3228 ψασθαι,
2384 3155 2842 3229 ἐγγεγραμμένας
2911 3152 3248 3223 κατηγορίας
3321 3150 3514 3222 ἀπορῶ
3568 3148 3703 3220 (θην

2099 3249 2574 3319 ἀπολογήσασθαι·
2628 3246 2690 3298 ού
2741 3243 2829 3297 διὰ
2890 3242 2987 3314 τὴν
3035 3241 3129 3295 τοῦ
3184 3241 3393 3294 δικαίου
3446 3238 3682 3304 ἔνδειαν,

2100 3338 2236 3393 ἀλλὰ
2275 3339 2363 3392 διὰ
2409 3338 2468 3391 τὸ
2498 3339 2554 3390 ἐν
2587 3336 2784 3405 πλήθει
2832 3331 2939 3386 τῶν
2982 3332 3394 3404 ἐπιφερομένων
3422 3329 3685 3383 δύσκολον

2099 3426 2235 3483 εἶναι
2269 3430 2376 3483 τῶν
2406 3427 2776 3500 καιριωτέρων
2805 3424 2901 3494 τὴν
2929 3425 3281 3494 προ-τίμησιν,
3315 3423 3410 3476 καὶ
3442 3422 3566 3476 ὅθεν
3599 3422 3688 3475 δεῖ

2099 3522 2314 3593 πρῶτον
2343 3521 2490 3591 ἡμᾶς
2518 3519 2784 3591 ἄρξασθαι
2825 3520 2925 3589 τῆς
2957 3517 3279 3591 θεραπείας.
3318 3515 3389 3567 Ἢ
3427 3514 3571 3584 τάχα
3598 3515 3688 3566 δεῖ

2098 3613 2236 3683 αὐτῇ
2284 3615 2351 3683 τῇ
2382 3612 2491 3683 (6‘2)
2516 3610 2664 3674 τάξει
2712 3610 2819 3664 τῶν
2864 3608 3261 3681 γεγραμμένων
3299 3607 3686 3676 χρησαμένους

2098 3703 2200 3773 ὁδῷ
2230 3702 2366 3772 πρὸς
2409 3702 2636 3754 ἕκαστον
2667 3702 2936 3771 ἀπαντᾷν.
2966 3700 3104 3762 Τοὺς
3132 3697 3223 3749 ἐπὶ
3251 3694 3485 3748 Σκυθίαν
3513 3696 3684 3748 ἀπαί-

2104 3810 2293 3866 ροντας
2336 3792 2585 3845 ἐντεῦθεν
2636 3793 2795 3864 μέχρι
2826 3793 3068 3862 σήμερον
3113 3791 3214 3841 οὐκ
3262 3787 3693 3858 ἐγνωρίσαμενν

2099 3888 2212 3941 ἀλλ’
2242 3885 2362 3939 ούδέ
2396 3884 2502 3937 τῶν
2542 3885 2607 3936 ἐκ
2649 3885 2745 3954 τῆς
2791 3883 2966 3945 οἰκίας
2996 3881 3107 3951 (65)
3154 3880 3473 3949 ύπέμνησαν
3506 3879 3678 3948 ἡμᾶς,

2099 3978 2238 4032 ὥστε
2273 3966 2589 4049 προσειπεῖν
2621 3992 2678 4028 σε
2714 3974 2823 4044 (64)
2850 3974 2916 4027 δι’
2947 3973 3125 4027 αὐτῶν
3147 3989 3159 4001 ·
3193 3971 3370 4025 καίτοι
3407 3971 3548 4023 πάνυ
3589 3969 3683 4024 διὰ

2100 4067 2333 4137 σπουδῆς
2358 4063 2671 4135 τιθεμένους
2701 4063 2794 4116 ἐπὶ
2823 4062 3002 4131 πάσης
3023 4060 3346 4131 προφάσεως
3366 4056 3680 4129 προσφθέγ-

2098 4157 2287 4228 γεσθαί
2341 4173 2435 4208 σου
2485 4154 2583 4224 τὴν
2629 4153 2934 4222 τιμιότητα.
2978 4149 3359 4203 Ἐπιλαθέσθαι
3391 4149 3446 4201 δέ
3488 4165 3581 4201 σου
3616 4150 3678 4200 ἐν

2098 4248 2425 4319 προσευχαῖς
2472 4245 2768 4305 ἀδύνατον,
2823 4245 2870 4296 εί
2916 4242 2990 4313 μὴ
3034 4242 3300 4314 πρότερον
3356 4240 3451 4293 τοῦ
3509 4240 3675 4310 ἔργου

2096 4338 2254 4408 ἡμῶν
2287 4336 2691 4406 ἐπιλαθώμεθα,
2749 4338 2829 4398 εἰς
2874 4334 2901 4387 ὃ
2950 4334 3138 4401 ἔταξεν
3190 4335 3338 4404 ἡμᾶς
3380 4335 3410 4386 ὁ
3445 4332 3674 4404 Κύριος.

426 4430 729 4483 tradamus.
772 4428 905 4482 Nam
959 4430 1207 4499 profecto
1238 4430 1536 4483 meministi
1590 4429 1990 4483 ecclesiastica-

2108 4405 2388 4498 Μέμνησαι
2434 4405 2542 4499 γὰρ
2587 4427 2806 4491 πάντως
2847 4426 2954 4479 τῶν
3005 4426 3375 4496 κηρυγμάτων
3404 4424 3515 4493 (65)
3563 4424 3674 4476 τίυν

424 4535 546 4574 rum
578 4520 1061 4589 praedicationum,
1093 4535 1215 4574 cum
1254 4520 1424 4575 ﬁdelis
1451 4520 1528 4575 sis
1566 4519 1657 4575 Dei
1683 4521 1858 4592 gratia
1882 4560 1898 4587 ,
1929 4521 1987 4575 in

497 4678 518 4697 ‘
535 4676 684 4729 Alias
713 4673 932 4729 CCXLI.
969 4675 1182 4744 Scripta
1203 4690 1346 4728 anno
1368 4674 1493 4729 575.

493 4746 605 4814 (56p
651 4745 855 4815 ’Υγιῶς
876 4746 1058 4812 ἔχειν.
1100 4743 1174 4797 Ita
1216 4761 1349 4799 mss.
1382 4758 1570 4798 omnes
1599 4758 1737 4815 quos
1770 4743 1987 4815 quidem

420 4813 733 4869 viderimus:
772 4817 912 4868 Editi
939 4816 1108 4883 άγίως
1138 4815 1300 4885 ἔχειν.
1331 4815 1499 4869 Paulo
1518 4825 1638 4884 post
1663 4813 1826 4869 iidem
1856 4814 1989 4868 editi

421 4885 715 4957 ὑπάρξειν,
752 4903 880 4957 mss.
915 4895 971 4937 ut
1004 4902 1053 4957 In
1080 4895 1248 4938 textu.

492 4952 604 5021 (5'7)
647 4955 978 5024 Ὀμιίζυγ-ος.
1028 4956 1104 5009 Ita
1160 4964 1271 5009 tres
1311 4953 1676 5023 antiquissimi
1717 4952 1982 5008 codices:

421 5025 513 5081 alii
541 5034 594 5078 et
623 5027 751 5079 editi
788 5024 1037 5092 συζύγου.

493 5095 604 5163 (58)
655 5095 826 5164 Ἡμῖν
853 5093 1098 5162 στῆσαι.
1124 5094 1283 5149 Deest
1305 5094 1476 5163 prima
1509 5109 1609 5147 vox
1660 5092 1714 5146 in
1744 5092 1987 5163 quinque

423 5179 582 5228 mss.,
624 5182 728 5234 non
764 5174 949 5234 tamen
990 5169 1041 5219 in
1080 5168 1254 5218 tribus
1283 5164 1706 5234 antiquissimis.

486 5234 605 5316 ῥυ)
636 5233 757 5291 Τῶν
778 5233 985 5290 αὐτοῦ.
1020 5236 1094 5291 Ita
1128 5247 1332 5306 septem
1363 5230 1495 5289 mss.
1532 5235 1674 5288 Editi
1719 5230 1826 5285 τῶν
1857 5248 1991 5285 σαυ-

420 5319 537 5359 του.

493 5374 604 5450 (60)
639 5374 1080 5450 ’ᾼνεπζίγραφοᾳ
1112 5373 1263 5450 Hane
1295 5372 1824 5450 epistolam__Sor_an_o
1854 5370 1984 5450 sex-

418 5440 549 5517 Quae
572 5440 699 5517 duci
716 5440 972 5517 scriptam
1000 5440 1122 5501 esse
1145 5440 1441 5517 probamus
1470 5447 1527 5500 in
1552 5444 1670 5498 Vita
1692 5442 1753 5499 S.
1772 5440 1985 5496 Basilii.

415 5508 551 5567 Vide
588 5508 865 5568 Addenda.

509 5581 602 5657 ﬁl)
646 5582 1035 5657 ngogBLDup
1062 5599 1197 5657 mss.
1238 5583 1572 5657 recentiores
1617 5583 1842 5657 ᾇπορον.

486 5650 602 5723 (62)
635 5652 737 5706 Δεῖ
753 5650 907 5723 αὐτῇ
940 5653 1035 5723 τῇ.
1062 5654 1187 5711 Haec
1227 5653 1498 5723 scriptura
1540 5655 1645 5711 etsi
1684 5650 1742 5709 iri
1770 5652 1985 5709 duobus

2097 4518 2583 4591 ἐκκλησιαπικῶν,
2614 4519 2802 4582 πιστὸς
2840 4517 2917 4571 ὣν
2937 4520 3003 4589 τῇ
3035 4516 3129 4570 τοῦ
3161 4517 3296 4570 Θεοῦ
3326 4516 3540 4588 χάριτι·
3587 4517 3673 4569 ὅτι

2093 4681 2303 4727 tantum
2345 4673 2587 4726 occurrit
2623 4670 2930 4732 codicibus,
2968 4686 3164 4740 nempe
3209 4670 3375 4725 Coisl.
3427 4671 3671 4726 secundo

2090 4756 2143 4798 et
2178 4745 2307 4813 Reg.
2355 4746 2616 4804 secundo,
2659 4759 2765 4796 non
2816 4742 3039 4795 dubium
3075 4752 3253 4796 tamen
3299 4743 3429 4811 quin
3474 4745 3671 4812 praele-

2090 4816 2257 4868 l'enda
2288 4815 2359 4867 sit
2383 4815 2611 4880 vulgata:
2639 4813 2706 4866 δι’
2735 4814 2907 4881 αὐτὴν
2940 4813 3027 4881 τῇ.

2160 4884 2271 4951 (65)
2301 4884 2519 4947 Οἱκὶιις.
2556 4886 2632 4935 lta
2656 4898 2786 4936 mss.
2823 4880 3078 4948 quatuor.
3117 4880 3255 4933 Εόίιὶ
3297 4880 3523 4944 οἰκείας.

2160 4950 2271 5023 (64)
2305 4951 2660 5020 Προσειπεῖν
2706 4968 2800 5005 σε.
2830 4950 3036 5005 Vocala
3088 4951 3273 5004 addita
3312 4968 3378 5005 ex
3429 4958 3671 5021 quatuor

2086 5038 2218 5078 mss.

2162 5091 2274 5160 (65)
2314 5089 2437 5146 Τῶν
2457 5089 2866 5163 κηρυγμάτων.
2899 5089 3099 5163 Eadem
3125 5104 3276 5163 _voce
3307 5087 3663 5163 Firmilianus

2090 5161 2444 5216 Ciesariensis
2489 5161 2779 5230 episcupus
2832 5161 3236 5230 ecclesiasticas
3286 5175 3472 5227 pret-es
3515 5161 3663 5214 desi-

2093 5236 2277 5300 gnavit
2323 5234 2376 5286 in
2416 5229 2643 5300 epistula
2691 5230 2761 5283 ad
2791 5230 3137 5300 Cyprianum.
3176 5229 3307 5282 Nam
3361 5230 3414 5282 in
3470 5230 3658 5283 Latina

2092 5303 2543 5371 interpretatione
2570 5301 2815 5370 ejusdem
2844 5300 3107 5369 epistulae,
3132 5316 3263 5371 qum
3277 5308 3361 5353 est
3392 5302 3533 5353 inter
3561 5300 3661 5369 Cy-

2094 5369 2370 5442 prianiras
2399 5372 2484 5434 75,
2510 5374 2734 5441 legimus
2760 5372 3039 5442 mulierem
3069 5369 3357 5437 quamdam
3395 5371 3496 5423 hue
3523 5372 3657 5442 laci-3

2094 5439 2200 5496 itus
2227 5458 2416 5495 ausam
2445 5439 2587 5507 eSse',
2622 5450 2678 5493 ut
2706 5450 2756 5495 et
2782 5441 3110 5494 invocatione
3138 5456 3241 5493 non
3270 5439 3657 5509 contemplabili

2092 5513 2430 5580 sancti/icore
2463 5528 2518 5564 se
2544 5518 2733 5579 panem
2760 5519 2811 5563 et
2848 5509 3245 5563 Eucharistiam
3279 5508 3453 5576 facere
3494 5511 3680 5562 δίηται--

2094 5581 2250 5645 taret,
2286 5593 2335 5637 et
2389 5583 2714 5650 sacriﬁcium
2766 5580 2982 5634 Domini
3014 5596 3117 5635 non
3165 5581 3278 5632 sine
3323 5588 3656 5633 sacramento

2092 5654 2260 5706 solita!
2290 5652 2682 5721 prrdicationis
2721 5650 2927 5719 oﬁ'crm
