3868 6218
459 257 563 314 613

1768 248 1807 304 S
1867 245 2118 303 BASlLll
2156 245 2368 303 MAGNI

3613 245 3732 301 τις

459 385 554 430 tua
587 371 909 446 prudentia.
937 379 1179 442 tempore
1208 366 1564 423 corroborata
1609 366 1750 420 mala
1794 365 2035 436 primum

2143 377 2240 414 σκε
2286 363 2385 432 τῆς
2403 359 2686 432 δυνάμεως
2734 359 2922 415 ἐνδεῖν.
2951 360 3028 424 Οὐ
3061 357 3172 431 γάρ
3208 359 3394 428 ἀγνοεῖ
3431 375 3529 412 σου
3567 361 3600 430 η
3642 376 3729 412 τε·

460 467 682 539 quidem
739 475 986 535 tempore
1049 463 1295 532 indigere
1355 469 1416 514 ut
1477 467 1786 514 sanentur:
1839 458 2036 514 deinde

462 560 593 615 forti
644 573 708 613 ac
765 559 921 612 firma
959 555 1154 626 agendi
1211 554 1460 616 ratione,
1511 553 1558 606 si
1593 553 1720 623 quis
1779 551 1910 606 velit
1966 550 2037 605 ad

461 649 633 705 imum
683 649 865 719 ipsum
921 647 1236 717 pertingere
1270 685 1286 709 ,
1339 646 1478 700 adeo
1539 653 1597 698 ut
1653 643 2036 714 aegrotantium

461 739 640 796 morbi
669 738 938 794 radicitus
967 737 1291 792 evellantur.
1317 734 1438 790 Non
1474 745 1526 789 te
1560 735 1698 805 fugit
1717 735 1864 805 quod
1890 735 2034 799 dico,

463 848 526 888 ac
557 832 608 889 si
642 832 846 887 clarius
869 830 1203 901 loquendum
1271 830 1459 885 nullus
1496 830 1681 882 timor.

530 1074 587 1130 2.
643 1081 900 1127 Amorem
949 1071 1035 1126 sui
1088 1067 1489 1124 consuetudine
1555 1066 1769 1121 diutina
1823 1065 2039 1121 radices

463 1165 520 1220 in
577 1165 775 1218 animis
828 1162 1118 1215 habentem
1165 1175 1341 1229 neque
1395 1159 1480 1211 vir
1540 1174 1684 1213 unus
1733 1157 2040 1226 exstirpare

463 1263 666 1327 potest.
711 1269 813 1308 nec
845 1253 1079 1323 epistola
1117 1267 1244 1316 una,
1289 1265 1391 1306 nec
1438 1258 1657 1320 tempus
1707 1249 1888 1304 breve.
1933 1248 2041 1303 Su-

464 1347 742 1417 Spiciones
777 1345 922 1400 enim
956 1359 1019 1398 ac
1051 1342 1551 1396 contradictionum
1579 1341 1780 1412 jurgia,
1820 1340 1926 1396 nisi
1969 1341 2042 1394 sit

463 1439 662 1508 aliquis
695 1438 846 1508 pacis
870 1443 1154 1504 sequester
1180 1435 1507 1488 auctoritate
1543 1435 1773 1502 pollens,
1811 1432 2039 1488 omnino

462 1531 581 1586 tolli
609 1545 716 1583 non
747 1535 996 1597 possunt.
1035 1526 1190 1591 Quod
1225 1526 1270 1578 si
1297 1526 1484 1595 gratiae
1515 1524 1614 1577 rivi
1649 1524 1703 1577 in
1741 1540 1825 1578 me
1855 1522 2042 1578 afllue-

461 1629 606 1684 rent,
637 1621 683 1676 si
713 1631 768 1674 et
799 1635 1054 1675 sermone
1091 1627 1146 1672 et
1178 1633 1344 1688 opere
1381 1627 1436 1672 et
1469 1617 1629 1672 donis
1659 1617 2038 1687 spiritualihus

2138 451 2256 505 λεία
2313 453 2604 523 φρόνησις,
2650 453 2731 506 ὅτι
2794 452 2863 506 τὰ
2910 452 3088 523 χρόνῳ
3152 452 3522 524 κρατυνθέντα
3573 453 3726 522 πάθη

2138 546 2356 618 πρῶτον
2424 547 2522 617 μὲν
2576 546 2770 618 χρόνου
2817 546 2986 599 δεῖται
3044 545 3180 616 πρὸς
3235 545 3337 615 τὴν
3394 544 3722 616 διόρθωσιν·

2139 635 2331 689 ἔπειτα
2388 637 2612 707 ίσχυρᾶς
2659 636 2753 688 καὶ
2806 635 3176 706 εὐτονωτέρας
3222 635 3446 704 ἀγωγῆς
3489 633 3624 705 (69),
3677 636 3728 686 εἰ

2142 728 2325 799 μέλλοι
2377 745 2462 792 τις
2505 728 2598 782 τοῦ
2655 729 2852 799 βάθους
2901 727 3066 783 αὐτοῦ
3123 726 3518 791 καθικνεῖσθαι,
3576 726 3727 780 ὥστε

2139 819 2413 892 πρόρριζα
2447 820 2648 886 ἐξελεῖν
2675 821 2786 874 τῶν
2812 820 3125 891 καμνόντων
3173 819 3240 872 τὰ
3284 818 3724 891 ἀρρωστήματα.

2139 907 2300 974 Οῐδας
2327 912 2384 964 δὲ
2405 911 2434 964 ὃ
2459 911 2624 981 λέγω,
2655 915 2745 968 καὶ
2776 915 2824 968 εί
2853 913 2932 966 δεῖ
2962 911 3287 984 τρανότερον
3317 912 3514 975 εἰπεῖν,
3546 909 3728 973 οὐδεὶς

2138 1005 2172 1057 ὁ.
2194 1002 2378 1072 φόϐος.

2208 1091 2264 1145 '2.
2296 1091 2408 1162 Τὴν
2441 1085 2724 1159 φιλαυτίαν
2746 1084 2855 1138 ἔθει
2883 1083 3079 1156 μακρῷ
3114 1087 3236 1146 ταῖς
3255 1083 3453 1153 ψυχαῖς
3487 1083 3729 1154 ἐρριζω-

2139 1181 2325 1235 θεῖσαν
2350 1175 2430 1243 εἷς
2463 1178 2603 1248 ἀνὴρ
2632 1175 2744 1248 (70)
2774 1175 2982 1229 ἀνελεῖν
3011 1176 3108 1244 οὐχ
3155 1170 3266 1236 οἷός
3307 1191 3389 1238 τε,
3439 1174 3548 1227 οὐδ’
3595 1175 3726 1226 ἐπιο

2142 1272 2302 1343 στολὴ
2335 1272 2454 1341 μία,
2477 1269 2598 1322 οὐδὲ
2625 1267 2812 1338 χρόνος
2834 1265 3058 1337 βραχύς.
3090 1266 3202 1329 Τὰς
3223 1265 3332 1336 γὰρ
3351 1265 3604 1328 ὑπονοίας
3628 1267 3729 1318 καὶ

2138 1363 2237 1427 τὰς
2270 1363 2328 1429 ἐξ
2355 1359 2674 1428 ἀντιλογιῶν
2715 1357 3061 1429 παρατριϐὰς
3108 1355 3385 1420 παντελῶς
3431 1355 3731 1428 ἀναιρεθῆ-

2140 1474 2249 1520 ναι,
2307 1454 2382 1526 μὴ
2426 1453 2738 1518 ἀξιοπίστου
2783 1451 2928 1513 τινὸς
2983 1449 3359 1520 μεσιτεύοντος
3396 1452 3462 1520 τῇ
3505 1433 3738 1521 εἰρήνῃ,

2139 1547 2438 1617 ἀμήχανον.
2485 1544 2596 1597 Καὶ
2629 1543 2678 1595 εἰ
2729 1542 2828 1612 μὲν
2870 1541 3094 1612 ἐπέρρει
3129 1543 3260 1611 ἡμῖν
3306 1541 3374 1593 τά
3422 1539 3574 1610 παρά
3622 1538 3729 1607 τῆς

2142 1638 2384 1710 χάριτος,
2414 1635 2510 1689 καὶ
2540 1630 2684 1706 ἦμεν
2717 1632 2935 1686 δυνατοὶ⁵
2971 1631 3116 1701 λόγῳ
3157 1631 3252 1684 καὶ
3291 1630 3436 1702 ἔργῳ
3479 1631 3575 1684 καὶ
3609 1633 3727 1694 τοῖς

461 1713 693 1767 idoneus
737 1726 940 1772 essem,
981 1717 1039 1764 ut
1084 1725 1179 1763 eos
1214 1710 1307 1779 qui
1339 1709 1445 1763 sibi
1478 1708 1710 1763 invicem
1739 1708 2035 1763 adversan-

2142 1729 2532 1800 πνευματικοῖς
2557 1726 2860 1798 χαρίσμασι
2893 1724 3212 1795 δυσωπῆσαι
3255 1725 3380 1788 τοὺς
3430 1723 3725 1778 ἀντιδιατι-

461 1813 573 1869 tur,
604 1802 902 1866 ﬂecterem,
956 1801 1229 1870 negotium
1279 1809 1491 1854 tantum
1539 1807 1688 1854 esset
1727 1799 2036 1869 suscipien-

461 1898 611 1952 dum.
652 1896 1027 1952 Forte.tameu
1054 1909 1120 1948 ne
1143 1902 1273 1947 tunc
1301 1893 1522 1963 quidem
1552 1893 1714 1947 nobis
1749 1893 2034 1956 suaderes,

461 1999 521 2044 ιιι
553 1987 655 2043 soli
686 1986 753 2041 ad
782 1985 1220 2040 emendationem
1267 1984 1709 2055 aggrederentur,
1753 2000 1879 2038 cum
1922 1985 2036 2053 epi-

462 2096 668 2151 scopus
703 2080 776 2134 sit
814 2079 907 2132 Dei
933 2078 1131 2148 gratia,
1159 2077 1224 2131 ad
1253 2092 1416 2147 quem
1448 2075 1706 2131 Ecclesia:
1734 2092 1866 2131 cura
1897 2091 2033 2146 pra:-

459 2174 623 2243 cipue
670 2172 928 2242 pertinet,
977 2170 1072 2239 qui
1114 2185 1290 2238 neque
1331 2168 1399 2223 ad
1443 2185 1544 2224 nos
1585 2168 1768 2223 venire
1814 2177 2033 2239 potest,

460 2278 638 2333 nequc
667 2261 829 2316 nobis
865 2261 1080 2316 interim
1109 2261 1178 2314 ob
1219 2260 1454 2313 hiemem
1488 2259 1825 2329 peregrinari
1855 2259 2034 2322 facile,

460 2355 547 2409 vel
599 2355 781 2424 potius
827 2353 979 2406 nullo
1019 2350 1181 2405 modo
1237 2350 1506 2419 integrum
1549 2358 1654 2411 est,
1709 2364 1818 2403 non
1858 2351 2036 2403 solum

460 2448 589 2520 quia
623 2462 828 2518 corpus
865 2446 995 2500 mihi
1038 2444 1202 2516 246
1249 2443 1566 2498 infirmitate
1605 2443 1815 2496 diutina
1845 2442 2035 2498 confe-

460 2549 610 2595 ctum
639 2549 743 2604 est,
777 2537 870 2594 sed
899 2540 1063 2594 etiam
1103 2539 1230 2606 quia
1269 2537 1720 2591 Armeniacorum
1766 2535 2036 2590 montium

461 2633 728 2687 transitus
771 2631 932 2701 paulo
975 2637 1100 2700 post
1151 2628 1242 2682 fiet
1287 2628 1584 2697 impervius
1627 2627 1790 2682 etiam
1833 2627 1902 2682 iis
1941 2625 2037 2696 qui

460 2734 619 2780 «etate
661 2725 888 2780 omnino
934 2723 1136 2793 vigent.
1187 2722 1361 2792 Atque
1411 2723 1526 2774 haec
1575 2719 1794 2788 quidem
1842 2719 1891 2773 ei
1941 2733 2038 2788 per

462 2819 673 2872 litteras
704 2816 1013 2886 significare
1047 2831 1157 2869 non
1193 2814 1482 2884 gravabor.
1531 2811 1675 2866 Nihil
1723 2822 1902 2866 tamen
1941 2827 2039 2866 ex-

463 2917 655 2978 specto
706 2924 770 2962 ex
826 2908 1023 2962 litteris
1076 2907 1312 2975 alicujus
1360 2906 1622 2959 momenti
1676 2914 2034 2972 eventurum,

461 3010 577 3056 tum
612 3001 714 3054 viri
756 3010 1067 3054 accuratam
1109 3001 1302 3070 agendi
1352 2999 1617 3053 rationem
1650 2999 2031 3062 considerans.

2140 1819 2402 1890 θεμένους
2455 1817 2604 1889 (71),
2663 1816 2769 1870 ἔδει
2829 1815 3242 1886 κατατολμῆσαι
3307 1815 3401 1870 τοῦ
3468 1815 3728 1868 τοσούτου

2137 1911 2494 1984 πράγματος·
2550 1909 2692 1979 τάχα
2736 1907 2794 1961 δὲ
2838 1907 2946 1960 οὐδ’
2994 1907 3061 1960 ἂν
3124 1906 3246 1959 τότε
3297 1906 3728 1967 συνεϐούλευσας

2138 2004 2268 2073 ἡμῖν
2311 2001 2491 2072 μόνοις
2531 2001 2706 2055 ἐλθεῖν
2758 2000 2852 2052 ἐπὶ
2883 1999 2980 2070 τὴν
3016 1998 3408 2072 ἐπανόρθωσιν,
3445 2000 3596 2062 ὄντος
3627 1998 3728 2052 τοῦ

2137 2095 2436 2149 ἐπισκόπου
2455 2097 2522 2166 τῇ
2538 2093 2632 2146 τοῦ
2655 2092 2790 2146 Θεοῦ
2813 2093 3018 2163 χάριτι,
3039 2085 3083 2159 ᾧ
3104 2094 3137 2163 ὴ
3171 2092 3390 2163 φροντὶς
3417 2090 3587 2160 ἀνῆκε
3607 2089 3727 2160 (72)

2137 2185 2564 2257 προηγουμένως
2618 2184 2717 2254 τῆς
2774 2181 3134 2253 Ἐκκλησίας·
3171 2181 3229 2235 δν
3267 2179 3392 2234 οὕτε
3434 2179 3596 2234 αὐτὸν
3640 2179 3733 2231 ἐλ-

2139 2278 2252 2333 θεῖν
2286 2279 2422 2350 πρὸς
2450 2279 2598 2348 ἡμᾶς
2631 2272 2742 2330 οἷόν
2772 2293 2853 2340 τε,
2891 2275 2986 2328 καὶ
3024 2275 3158 2344 ἡμῖν
3182 2272 3558 2344 ἀποδημήσειν
3584 2271 3730 2334 τέως

2136 2370 2242 2424 ὐπὸ
2280 2369 2373 2423 τοῦ
2410 2369 2678 2440 χειμῶνος
2723 2369 2783 2420 οὐ
2831 2365 3034 2437 ῥᾴδιον,
3092 2363 3292 2433 μᾶλλον
3335 2363 3393 2416 δέ
3440 2361 3730 2425 παντελῶς

2137 2462 2416 2527 ἀδύνατον,
2459 2463 2518 2516 οὐ
2563 2463 2721 2533 μόνον
2769 2459 2958 2514 καθότι
3007 2459 3068 2512 τὸ
3117 2457 3281 2527 σῶμά
3329 2473 3418 2528 μοι
3450 2456 3562 2523 (75)
3620 2456 3731 2510 ὑπὸ

2143 2556 2361 2625 μακρᾶς
2394 2553 2704 2627 ἀρρωστίας
2735 2551 3056 2622 ἀπείρηκεν,
3113 2549 3229 2602 ἀλλ’
3260 2551 3342 2603 ὅτι
3381 2547 3476 2602 καὶ
3520 2548 3575 2599 αῖ
3615 2547 3731 2600 τῶν

2151 2645 2524 2716 Ἀρμενιακῶν
2583 2645 2639 2698 αἱ
2691 2642 3023 2715 ὑπερϐἀσεις
3076 2641 3269 2712 μικρὸν
3317 2639 3546 2711 ὕστερον
3588 2631 3731 2694 56o.-

2138 2753 2219 2790 τοι
2248 2737 2361 2807 (74)
2397 2737 2638 2805 γίνονται
2679 2735 2914 2797 καὶτοῖς
2943 2734 3082 2786 πάνυ
3125 2731 3242 2786 καθ’
3295 2730 3510 2802 ἡλικίαν
3565 2747 3732 2801 σφρι-

2137 2827 2296 2897 γῶτι.
2317 2829 2610 2901 Γράμματι
2637 2827 2694 2880 δὲ
2708 2825 2854 2897 αὐτῷ
2881 2826 3122 2895 σημᾶναι
3151 2824 3261 2897 (75)
3292 2823 3465 2877 ταῦτα
3487 2822 3547 2875 οὐ
3579 2839 3731 2892 παρ-

2139 2923 2450 2993 αιτήσομαι.
2506 2922 2580 2974 υύ
2635 2921 2820 2992 μέντοι
2867 2917 3150 2992 προσδοκῶ
3199 2935 3252 2970 τι
3287 2918 3350 2969 ἐκ
3392 2915 3500 2968 τῶν
3544 2931 3730 2984 γραμ-

2143 3017 2328 3088 μάτων
2384 3015 2661 3084 ἀξιόλογον
2701 3012 3111 3085 ἀποϐήσεσθαι,
3148 3009 3249 3080 τῆς
3295 3026 3356 3062 τε
3401 3007 3495 3060 τοῦ
3531 3005 3730 3077 ἀνδρὸς

461 3101 578 3148 tum
617 3095 790 3164 ipsam
821 3094 1124 3147 litterarum
1161 3102 1432 3153 naturam,
1459 3093 1584 3160 quia
1610 3106 1716 3145 non
1747 3091 1884 3146 solet
1915 3091 2035 3144 ido-

2142 3109 2428 3182 ἀκριϐείας
2469 3107 2860 3178 στοχαζόμενος
2907 3104 3001 3158 καὶ
3043 3102 3214 3171 αὐτῆς
3247 3102 3344 3169 τῆς
3372 3099 3584 3169 φύσεως
3615 3097 3732 3150 τῶν

462 3201 600 3242 nens
626 3200 750 3240 esse
782 3183 849 3239 ad
874 3185 1020 3240 clare
1051 3183 1491 3254 persuadendum
1523 3197 1705 3238 sermo
1741 3183 2035 3237 transmis-

463 3294 581 3334 sus.
609 3275 742 3330 Nam
774 3276 945 3330 multa
981 3291 1120 3346 opus
1151 3287 1234 3332 est
1267 3275 1470 3338 dicere,
1496 3289 1561 3328 ac
1589 3274 1756 3329 multa
1791 3273 2033 3328 vicissim

463 3369 679 3430 audire,
709 3376 762 3422 et
793 3383 918 3437 quae
960 3368 1299 3436 objiciuntur
1343 3366 1626 3428 solvenda,
1663 3372 1716 3422 et
1751 3364 2034 3420 inferenda

462 3477 586 3532 quae
633 3459 986 3522 sull'ulciunt,
1039 3474 1271 3530 quorum
1319 3459 1454 3512 nihil
1502 3466 1682 3527 potest
1729 3458 2033 3512 litterarum

463 3567 668 3616 sermo,
718 3551 867 3605 iners
898 3557 952 3605 et
982 3549 1261 3604 inanimus
1293 3549 1347 3603 in
1384 3549 1571 3603 charta
1607 3549 1901 3618 projectus.
1930 3545 2038 3602 Ve-

463 3651 794 3706 rumtamen,
823 3641 970 3711 quod
997 3640 1108 3710 jam
1160 3640 1298 3704 dixi,
1332 3641 1576 3696 scribere
1604 3655 1712 3694 non
1745 3640 2032 3709 gravabor.

465 3732 624 3788 Scias
665 3739 882 3798 autem,
926 3731 1094 3787 frater
1147 3747 1274 3788 vere
1313 3732 1728 3802 religiosissime
1771 3741 1825 3786 et
1875 3732 2036 3786 nobis

461 3825 954 3889 desideratissime,
988 3824 1195 3877 nullam
1245 3824 1380 3878 mihi
1429 3840 1552 3878 cum
1599 3839 1900 3894 quoquam,
1941 3823 2037 3884 Dei

419 3939 423 3942 -
459 3917 659 3987 gratia,
689 3917 956 3986 privatam
1007 3933 1130 3974 esse
1179 3919 1609 3973 contentionem.
1656 3917 1844 3988 Neque
1888 3919 2034 3972 enim

463 4011 686 4064 memini
733 4026 818 4066 me
877 4011 1096 4066 curiose
1159 4010 1440 4079 inquirere
1506 4012 1779 4074 crimina,
1834 4013 2036 4082 quibus

462 4102 695 4172 quisque
744 4102 1014 4157 obnoxius
1062 4111 1147 4158 est
1192 4113 1288 4157 aut
1338 4103 1559 4157 dicitur.
1612 4103 1792 4170 Quare
1827 4105 1908 4160 sic
1939 4120 2037 4160 vos

461 4195 742 4249 attendere
789 4194 1075 4249 sententias
1126 4209 1260 4249 mea:
1305 4197 1563 4251 convenit
1651 4205 1710 4251 ut
1756 4198 2034 4265 hominis,

460 4285 556 4354 qui
589 4285 724 4338 nihil
751 4301 814 4340 ex
847 4289 1212 4356 propensione
1240 4287 1420 4344 facere
1443 4290 1638 4358 possit,
1659 4306 1837 4360 neque
1873 4308 2038 4347 accu-

461 4375 768 4430 sationibus
791 4377 846 4429 in
874 4392 1202 4447 quemquam
1237 4362 1758 4449 praeoccupatusgtt.
1778 4382 2037 4438 Tantum-

2141 3200 2513 3271 γραμμάτων·
2546 3200 2629 3252 ὅτι
2661 3198 2722 3251 οὐ
2747 3196 2988 3265 πέφυκεν
3021 3191 3266 3265 ἐναργῶς
3304 3190 3559 3245 δύνασθαι
3607 3188 3733 3242 δυσ-

2141 3294 2310 3345 ωπεῖν
2332 3293 2360 3344 ὁ
2386 3291 2830 3362 διαπεμπόμενος
2857 3288 3032 3356 λόγος.
3052 3285 3228 3341 Πολλὰ
3251 3285 3344 3337 καὶ
3369 3279 3727 3343 ἀντακοῧσαι,

2141 3383 2236 3436 καὶ
2273 3381 2432 3435 λῦσαι
2482 3381 2552 3434 τά
2590 3379 2986 3442 ὑποπίπτοντα,
3022 3376 3118 3430 καὶ
3159 3374 3583 3440 ἀνθυπενεγκεῖν
3612 3370 3726 3440 (76)

2140 3471 2211 3525 τὰ
2250 3470 2626 3543 ὑφορμοῦντα,
2671 3463 2748 3523 ὧν
2792 3469 2944 3522 οὐδὲν
2993 3465 3214 3520 δύναται
3246 3466 3275 3518 ὁ
3308 3466 3366 3516 ἐν
3408 3465 3521 3524 τοῖς
3552 3461 3731 3532 γράμ-

2145 3578 2278 3631 μασι
2297 3561 2476 3630 λόγος,
2513 3561 2680 3633 ἀργὸς
2701 3561 2796 3614 καὶ
2827 3559 3034 3629 ἄψυχος
3065 3559 3122 3610 ἐν
3159 3555 3237 3626 τῷ
3270 3555 3449 3626 χάρτῃ
3470 3553 3728 3627 διερριμ-

2145 3657 2324 3727 μένος.
2377 3654 2524 3726 Πλὴν
2567 3653 2704 3716 ἀλλ’,
2741 3653 2879 3724 ὅπερ
2923 3650 3079 3722 ἔφην,
3121 3649 3222 3701 οὐκ
3274 3648 3570 3715 ἀποκνήσω
3613 3644 3728 3714 (77)

2141 3747 2369 3818 γράψαι.
2422 3747 2664 3800 Γίνωσκε
2713 3745 2916 3814 μέντοι,
2973 3741 3047 3806 ὡς
3100 3738 3318 3810 ἀληθῶς
3364 3737 3727 3791 εὐλαϐέστατε

2143 3839 2238 3892 καὶ
2263 3837 2604 3907 πολυπόθητε
2631 3837 2763 3908 ἡμῖν
2805 3832 3023 3903 ἀδελφέ,
3057 3833 3140 3885 ὅτι
3188 3828 3420 3900 οὐδεμία
3453 3845 3548 3898 μοι
3587 3828 3730 3900 πρὸς

2141 3928 2330 3982 οὐδένα
2355 3931 2423 4000 τῇ
2449 3928 2545 3982 τοῦ
2576 3926 2712 3981 Θεοῦ
2744 3927 2927 3999 χάριτι
2960 3920 3238 3986 ῑδιάςουσά
3259 3922 3376 3974 ἐσί
3399 3919 3726 3990 φιλονεικία.

2144 4020 2279 4075 Οὐδὲ
2327 4019 2437 4090 γὰρ
2492 4018 3025 4090 πολυπραγμονήσας
3077 4011 3193 4068 οῖδα
3245 4015 3314 4069 τὰ
3367 4012 3728 4085 ἐγκλήματα,

2142 4105 2225 4174 οἷς
2285 4109 2519 4175 ἕκαστος
2584 4109 2887 4172 ὑπεύθυνος
2939 4107 2972 4180 ἢ
3023 4105 3209 4167 ἐστιν,
3274 4105 3307 4176 ἢ
3373 4103 3726 4175 ὀνομάζεται.

2145 4203 2305 4255 Ὥστε
2347 4201 2520 4267 οὕτως
2566 4203 2710 4272 ὑμᾶς
2759 4203 3049 4274 προσέχειν
3099 4202 3165 4270 τῇ
3217 4197 3466 4270 ἡμετέρα
3516 4197 3731 4268 διανοίᾳ

2143 4298 2430 4368 προσήκει,
2461 4296 2536 4359 ὼς
2572 4295 2736 4366 μηδὲν
2775 4294 2933 4366 ήμῶν
2980 4293 3294 4363 δυναμένων
3337 4290 3559 4361 ποιῆσαι
3583 4291 3733 4343 κατὰ

2142 4388 2464 4458 πρόσκλισιν
2499 4389 2635 4460 (78),
2683 4388 2817 4460 μηδὲ
2859 4385 3312 4458 προειλημμένων
3340 4383 3420 4447 είς
3445 4383 3544 4454 τὴν
3585 4383 3733 4437 κατά

552 4527 641 4598 69)
691 4527 963 4610 ᾎγωγνῆγς.
1003 4528 1098 4610 _lta
1154 4543 1483 4610 msshocto.
1531 4531 1683 4610 Editi
1712 4534 2032 4610 διαγωγῆς.

2212 4539 2325 4610 (75)
2365 4539 2655 4610 Σημᾶναι.
2699 4539 2836 4598 Tres
2879 4557 3014 4597 mss.
3049 4556 3161 4595 non
3205 4537 3582 4610 antiquissimi
3627 4554 3731 4608 ση-

459 4597 569 4671 Nec
601 4597 772 4654 multo
801 4597 923 4668 pest
952 4601 1081 4654 editi
1111 4603 1205 4655 καὶ
1231 4602 1408 4666 οὐδεὶς
1436 4605 1464 4656 ό
1492 4605 1674 4671 φόϐος.
1712 4597 1872 4660 Deest
1896 4597 2032 4660 con-

455 4670 674 4793 junctii;
707 4671 761 4723 in
805 4671 987 4724 tribus
1016 4673 1410 4728 vetustissimis
1452 4670 1739 4730 cudicihus
1773 4683 1829 4730 et
1860 4675 2032 4748 Regio

460 4756 644 4793 secunu
672 4755 724 4793 ο.

460 4755 724 4794 εεςυινιο.

532 4811 644 4882 (70)
696 4809 1074 4882 Ἀγήμῡρεει
1101 4811 1154 4865 in
1185 4811 1353 4867 Coisl.
1388 4815 1567 4882 primo
1594 4823 1649 4870 et
1686 4814 1824 4870 Med.

529 4881 639 4948 (7|)
687 4880 832 4952 Τρὺς
861 4880 1454 4952 ᾀντιδιατιθεμένούς.
1485 4883 1564 4938 lta
1591 4902 1686 4940 sex
1723 4901 1858 4943 mss.
1890 4886 2037 4944 Editi

458 4953 573 5012 τοῖς
601 4949 1136 5020 ἀντιδιατιθεμένοις.

531 5021 653 5097 (72)-
697 5019 1040 5097 ᾎνῆκεζιιιι
1093 5021 1267 5084 llarl.,
1306 5021 1449 5078 Med.
1486 5031 1540 5097 e_t
1575 5023 1750 5097 Coisl.
1799 5028 2033 5097 primus.

461 5089 601 5161 Editt
630 5092 842 5161 ἀνήκει.
876 5090 1048 5146 Paulo
1093 5104 1215 5160 post
1250 5102 1362 5148 tres
1400 5095 1624 5149 eosdem
1653 5089 1878 5153 codices
1909 5115 2034 5152 cum

461 5159 632 5231 Regio
679 5159 924 5240 secundo
957 5159 1250 5240 sequimur
1273 5164 1328 5240 i_n
1363 5164 1465 5240 hac
1493 5180 1628 5240 voce
1659 5167 2037 5240 ἀποδημήσειν

460 5245 655 5304 pro_eo
679 5231 824 5304 qu_od
841 5239 970 5304 erat
996 5231 1066 5304 in,
1084 5234 1249 5304 editis
1279 5234 1602 5304 ἀποδημεῖν.

533 5301 643 5381 (15)
680 5300 856 5381 ζῶμιξ
895 5318 1015 5381 μοι.
1053 5303 1189 5358 Med.
1230 5315 1287 5359 et
1327 5300 1502 5359 Coisl.
1543 5307 1757 5376 primus
1790 5316 1846 5362 et
1893 5324 2036 5363 unus

459 5385 524 5424 ex
546 5369 746 5440 Regiis
784 5371 944 5440 σῶμά
980 5390 1101 5440 μου.

537 5440 644 5521 (⁸74)
673 5441 932 5521 ιξᾼϐατοι.
966 5440 1059 5497 Sic
1084 5443 1217 5521 editi
1261 5453 1317 5521 et
1355 5446 1796 5521 narl._secunda_
1832 5463 2035 5521 manu;

462 5511 762 5590 atjnoaliis
791 5519 996 5590 septem
1033 5529 1168 5590 mss.
1205 5516 1407 5590 legitur
1437 5516 1835 5590 ἀδύνατοιεδίο
1860 5511 2026 5590 etiam

461 5579 653 5654 habuit
688 5578 1010 5654 llarlaaanus
1051 5585 1219 5654 codex
1257 5578 1431 5654 prima
1469 5603 1658 5643 manu.
1689 5588 2030 5646 Crediderim

462 5649 721 5705 Basiliutn
756 5651 1048 5721 scripsisse
1075 5649 1270 5708 ἄδυτοιζ

2186 4628 2333 4664 ηναι.

2143 4627 2890 4751 P“18:76:33._’Am9tmererasit».
2917 4679 3086 4751 Geisl.
3129 4680 3342 4751 primus
3393 4680 3728 4744 ἀντεπενεγ-

2138 4753 2275 4802 κεῖν.
2345 4749 2491 4804 Idem
2554 4749 2727 4806 coder
2784 4768 2909 4805 cum
2970 4750 3143 4814 Harl.,
3190 4750 3354 4819 Med.,
3408 4752 3582 4806 Coisl.
3641 4763 3733 4802 se-

2138 4819 2324 4875 cundo
2355 4829 2410 4874 et
2443 4820 2575 4888 Reg.
2610 4822 2772 4875 habet
2801 4822 2871 4875 τά
2902 4821 3253 4890 ὐφορμῶντα.

2210 4891 2322 4958 (77)
2361 4891 2873 4960 Οὐκάποκνήσω.
2909 4892 2982 4944 Ita
3013 4889 3106 4945 sex
3138 4908 3272 4948 mss.
3306 4891 3453 4945 Editi
3482 4889 3617 4960 οὐδ’.

2210 4961 2321 5032 (78)
2361 4958 2760 5029 Πρόσκλισιν.
2811 4960 3016 5016 Nititur
3067 4962 3181 5032 haec
3225 4964 3503 5032 scriptura
3555 4958 3732 5030 Regio

2138 5030 2384 5085 secundo
2414 5033 2607 5086 codice
2631 5039 2686 5084 et
2715 5032 2886 5086 Coisl.
2915 5030 3179 5090 secundo.
3211 5042 3265 5086 et
3296 5030 3446 5086 l-Iarl.
3477 5032 3728 5084 secunda

2137 5116 2326 5155 manu.
2367 5101 2510 5154 Editi
2547 5103 2904 5174 npéaylchw.
2953 5101 3060 5174 Hic
3093 5110 3274 5174 autem
3308 5105 3438 5174 licet
3472 5102 3732 5174 animad-

2135 5182 2351 5225 vertere
2398 5171 2667 5225 summam
2710 5171 2896 5227 Basilii
2946 5173 3093 5227 iuter
3138 5172 3290 5241 ipsas
3335 5173 3730 5227 dissensiones

2137 5241 2492 5312 charitatem.
2537 5241 2812 5297 Meletium
2840 5251 2893 5298 et
2918 5257 3086 5298 causa
3118 5253 3172 5296 et
3206 5244 3505 5296 sanctitate
3545 5244 3730 5312 potio-

2135 5325 2251 5365 rem
2285 5311 2542 5366 deserere
2577 5329 2688 5367 non
2723 5321 2976 5381 poterat;
3011 5313 3105 5369 sed
3137 5328 3167 5366 a
3198 5312 3430 5367 Paulino
3465 5311 3727 5380 illiusque

2137 5383 2527 5452 sectatoribus,
2591 5393 2650 5436 ut
2704 5384 3030 5438 orthodoxis
3084 5383 3369 5444 fratribus,
3423 5382 3727 5452 diligendis

2136 5465 2244 5523 non
2277 5450 2619 5513 discedebat,
2665 5453 2829 5522 idque
2861 5457 3152 5508 confirmat
3200 5455 3254 5507 in
3291 5456 3458 5523 epist.
3501 5450 3604 5506 2H
3655 5451 3725 5504 ad

2136 5517 2431 5574 Terentium
2485 5517 2754 5578 comitcan
2797 5524 3055 5578 Eamdem
3090 5524 3259 5577 animi
3289 5517 3724 5577 moderationem

2133 5603 2262 5671 prae“
2281 5607 2350 5671 se
2375 5591 2480 5646 fert
2509 5595 2774 5671 in_epist._
2800 5595 2912 5671 258
2946 5595 3013 5648 ad
3036 5663 3052 5671 ⁸
3076 5593 3460 5671 Epiphaniam,
3506 5594 3602 5671 ubi

2133 5661 2358 5731 gnificat
2391 5677 2451 5722 se
2479 5661 2657 5721 multa
2680 5666 2905 5724 quidem
2935 5681 3003 5722 ex
3031 5661 3301 5722 fratribus
3333 5664 3622 5724 audivisse
3654 5663 3722 5721 de
