3868 6218
148 265 254 330 σιτ

1089 249 1584 320 Eptsrocanuu
1612 250 1900 316 CLASSIS
1940 260 2004 315 ιι.
2038 256 2262 316 EPIST.
2305 257 2506 314 CLvu.

3322 250 3428 314 δη

145 408 316 445 τινων
348 379 619 458 διαϐολήν.
656 386 832 440 Μόνον
885 383 933 436 εξ
975 383 1189 436 εὐδοκία
1233 383 1445 451 γένοιτο
1490 379 1602 450 (79)
1649 378 1743 432 τοῦ

1861 375 2032 439 modo,
2065 372 2160 427 Dei
2203 373 2508 436 voluntate,
2542 370 2727 426 omnia
2761 386 2826 427 ex
2860 371 3129 429 institutis
3159 371 3427 428 ecclesila

147 480 363 550 Κυρίου
391 474 859 548 ὲκκλησιαστικῶς
901 473 1079 528 πάντα
1109 474 1204 524 καὶ
1235 469 1542 532 ἀκολούθως
1598 485 1744 540 πρα-

149 572 374 642 χθῆναι.

225 662 283 716 5.
341 659 612 730 Ἐλύπησε
663 656 721 710 δὲ
760 656 908 727 ἡμᾶς
937 653 966 706 ό
1007 651 1386 715 ποθεινότατος
1419 650 1535 714 υίὸς
1569 650 1746 722 Δωρό-

153 755 279 817 θεος
305 752 417 824 (80)
447 754 474 805 ό
510 749 872 811 συνδιάκονος,
904 744 1243 814 ἀπαγγείλας
1272 743 1401 813 περὶ
1443 743 1542 811 τῆς
1585 742 1746 795 εὐλα-

150 847 309 908 ϐείας
342 861 456 907 σου,
505 844 586 895 δτι
633 840 890 910 ὤκνησας
932 837 1221 908 μετασχεῖν
1281 833 1431 903 αύτῷ
1474 833 1576 902 τῆς
1618 849 1746 885 συν-

152 937 354 1001 άξεως.
377 933 636 987 Καίτοιού
661 930 886 984 τοιαῦτα
913 930 1046 999 ἡμῖν
1069 923 1137 998 ἦν
1161 925 1232 979 τὰ
1260 925 1586 996 ὼμιλημένα
1608 924 1744 995 (8i),

151 1027 207 1080 εἶ
237 1045 292 1080 τι
327 1024 439 1094 ἐγὼ
477 1030 784 1096 μέμνημαι.
839 1020 1186 1074 Ἀποστεῖλαι
1231 1017 1416 1088 μέντοι
1466 1016 1602 1088 πρὸς
1647 1017 1748 1088 τὴν

149 1119 308 1173 δύσιν
355 1117 479 1190 ἐμοὶ⁸
542 1116 640 1186 μὲν
689 1112 967 1176 παντελῶς
1015 1113 1164 1164 ἐστιν
1213 1108 1507 1173 ἀδύνατον,
1557 1109 1748 1162 ούδένα

151 1212 334 1282 ἔχοντι
355 1210 463 1262 τῶν
490 1209 570 1271 είς
601 1207 698 1279 τὴν
730 1205 1007 1259 διακονίαν
1035 1206 1239 1273 ταύτην
1266 1202 1606 1274 ἐπιτηδείων.
1627 1200 1748 1254 Τῶν

149 1305 208 1356 δὲ
245 1301 474 1355 αὐτόθεν
505 1299 770 1368 ἀδελφῶν,
813 1297 906 1350 ἐάν
947 1311 1028 1358 τις
1075 1295 1300 1366 αἱρῆται
1332 1293 1421 1346 τὸν
1455 1293 1595 1364 ὑπὲρ
1638 1291 1748 1344 τῶν

162 1392 505 1462 Ἐκκλησιῶν
536 1391 702 1444 κόπον
723 1386 1102 1452 ἀναδέξασθαι,
1121 1381 1229 1439 οἶδε
1253 1385 1364 1455 (82)
1388 1384 1629 1455 δηλονότι
1657 1382 1750 1435 zai.

150 1487 297 1556 πρὸς
335 1486 489 1548 τίνας
514 1485 771 1554 ὁρμήσει,
809 1481 903 1534 καὶ
943 1480 1036 1533 ἐπὶ
1066 1479 1204 1547 ποίῳ
1233 1475 1438 1546 σκοπῷ,
1475 1476 1568 1528 καὶ
1599 1473 1749 1545 παρά

149 1579 318 1631 τίνων
357 1574 654 1646 ἐφοδιασθῇ
689 1576 804 1636 τοῖς
839 1574 1154 1643 γράμμασι,
1190 1570 1285 1621 καὶ
1330 1569 1592 1630 ποταποῖς
1627 1565 1751 1619 τού-

149 1687 288 1733 τοις.
349 1666 495 1736 Ἐγὼ
547 1667 646 1738 μὲν
689 1665 820 1735 γὰρ,
883 1666 941 1716 ὲν
991 1661 1176 1731 κύκλῳ
1239 1658 1746 1731 περισκεψάμενος,

1845 469 2002 524 sticis
2031 475 2086 522 et
2112 467 2217 521 rite
2248 465 2401 520 fiant.

1916 643 1970 698 5.
2021 640 2271 697 Tristitia
2315 648 2498 694 autem
2545 654 2649 694 nos
2699 637 2879 693 affecit
2920 639 3427 698 desideratissimus

1847 734 1995 790 filius
2032 733 2344 788 Dorotheus
2390 733 2786 796 condiaconus,
2823 732 2953 786 dum
2990 732 3057 787 de
3091 734 3292 802 pietate
3331 743 3426 789 tua

1847 828 2147 892 nuntiavit,
2180 827 2450 896 refugisse
2499 835 2552 879 te
2604 825 2752 878 illius
2804 831 3112 879 conrentus
3145 840 3268 880 esse
3297 841 3427 896 par-

1847 920 2092 989 ticipem.
2125 909 2288 988 Atqui
2330 919 2444 972 haec
2491 934 2597 970 non
2633 925 2811 980 erant,
2839 917 2906 970 de
2939 918 3140 986 quibus
3171 916 3426 972 collocuti

1847 1009 1992 1063 inter
2020 1024 2121 1062 nos
2155 1008 2454 1071 fueramus,-
2501 1008 2545 1061 si
2574 1022 2676 1074 ego
2706 1007 2948 1060 memini.
2991 1006 3203 1061 Mittere
3243 1018 3426 1061 autem

1849 1102 1904 1156 in
1953 1100 2306 1156 Occidentem
2357 1101 2486 1154 mihi
2548 1116 2782 1171 prorsus
2841 1101 3110 1170 integrum
3156 1115 3266 1154 non
3318 1109 3423 1163 est,

1849 1194 2124 1247 neminem
2170 1192 2396 1247 habenti
2451 1191 2706 1246 idoneum
2765 1191 2832 1249 ad
2879 1191 2982 1245 hoc
3032 1191 3425 1246 ministerium.

1850 1286 2004 1352 Quod
2043 1287 2089 1342 si
2123 1286 2247 1356 quis
2279 1301 2342 1340 ex
2370 1285 2634 1339 fratribus
2666 1285 2759 1354 qui
2791 1284 2933 1353 apud
2957 1299 3056 1340 vos
3075 1293 3223 1346 sunt,
3243 1281 3430 1338 Eccle-

1851 1385 2054 1436 siarum
2080 1395 2248 1433 causa
2273 1379 2516 1434 laborem
2539 1379 2820 1446 suscipere
2843 1378 3006 1442 volet,
3030 1377 3076 1430 is
3105 1378 3210 1431 scit
3240 1375 3429 1446 procul

1850 1473 2020 1526 dubio
2069 1479 2123 1525 et
2178 1471 2244 1524 ad
2303 1487 2444 1540 quos
2500 1469 2850 1540 profecturus
2905 1471 2994 1531 sit,
3043 1479 3096 1523 et
3145 1469 3213 1522 ad
3267 1483 3430 1538 quem

1851 1563 2040 1622 ﬁnem,
2098 1567 2152 1613 et
2202 1575 2435 1631 quorum
2499 1559 2570 1613 sit
2620 1559 2816 1610 litteris
2864 1557 3324 1612 communiendus
3375 1564 3431 1610 et

1851 1654 2132 1726 qualibus.
2175 1652 2286 1722 Ego
2326 1667 2562 1721 namque
2611 1651 2877 1720 conjectis
2918 1651 2971 1704 in
3013 1651 3198 1704 orbem
3252 1649 3431 1704 oculis

150 1761 266 1833 ὁρῶ
317 1760 437 1832 μεθ’
504 1745 699 1812 ἑαυτοῦ
756 1754 966 1809 ούδένα.
1021 1752 1133 1806 Kal
1193 1750 1426 1821 εὖχομαι
1486 1749 1584 1820 μὲν
1634 1750 1748 1811 τοῖς

1861 1763 2064 1804 mecum
2101 1747 2262 1801 video
2293 1747 2587 1800 neminem.
2621 1746 2697 1798 Ac
2734 1759 2930 1816 precor
2961 1743 3182 1814 quidem
3209 1783 3223 1807 ,
3259 1751 3316 1796 ιιι
3346 1741 3432 1795 in-

152 1851 587 1922 ὲπτακισχιλίοις
647 1845 1082 1921 ὲναριθμηθῆναι
1167 1845 1281 1906 τοῖς
1356 1840 1433 1911 μὴ
1500 1838 1751 1909 κάμψασι

1861 1853 1934 1895 ter
1992 1841 2196 1911 septies
2246 1839 2397 1894 mille
2439 1838 2592 1892 viros
2646 1853 2924 1900 numerer,
2978 1837 3072 1907 qui
3120 1851 3259 1906 genu
3304 1845 3432 1889 ante

151 1947 286 2013 γόνυ
317 1947 386 2015 τῇ
424 1943 570 1997 Βάαλ
595 1941 730 2012 (85).
759 1940 907 2009 Πλὴν
937 1938 1019 1990 ὅτι
1047 1935 1271 2008 ζητοῦσι
1311 1933 1406 1988 καὶ
1453 1931 1609 2002 ήμῶν
1652 1930 1751 2002 τὴν

1861 1931 1979 1985 Baal
2002 1947 2112 1986 nou
2141 1931 2518 1985 incurvavere.
2537 1928 2806 1984 Caeterum
2830 1928 3068 1983 animam
3091 1940 3308 1997 quoque
3339 1940 3432 1978 no.

153 2035 359 2106 ψυχὴν,
381 2037 430 2088 οἱ
462 2033 596 2087 πᾶσι
625 2031 725 2094 τὰς
768 2027 978 2083 ἑαυτῶν
1020 2025 1404 2086 ἐπιϐάλλοντες
1435 2024 1644 2094 χεῖρας.
1678 2022 1751 2075 Οὐ

1861 2031 2024 2079 stram
2073 2030 2349 2093 quierunt,
2399 2021 2493 2092 qui
2536 2035 2667 2077 suas
2711 2035 2908 2075 manus
2957 2020 3014 2073 in
3066 2032 3258 2072 omnes
3303 2017 3431 2086 inji-

383 2125 576 2180 τούτου
606 2140 672 2193 γε
700 2122 888 2176 ἕνεκεν
919 2116 1237 2188 ἐλλείψομέν
1264 2133 1318 2168 τι
1347 2114 1449 2184 τῆς
1473 2113 1751 2183 ὀφειλομέ-

1861 2115 2041 2183 ciunt;
2091 2115 2188 2170 sed
2239 2129 2350 2170 non
2383 2119 2674 2185 propterea
2715 2111 2784 2168 de
2833 2111 3017 2168 studio
3045 2107 3305 2164 Ecclesi'ts
3337 2103 3432 2158 Dei

155 2236 256 2289 νης
293 2218 528 2289 σπουδῆς
557 2217 678 2279 ταῖς
699 2212 796 2267 τοῦ
821 2209 960 2266 Θεοῦ
990 2207 1365 2278 Ἑκκλησίαις.

1861 2207 2038 2264 debito
2063 2208 2361 2279 quidquam
2394 2206 2690 2262 remittam.

785 2323 1131 2380 ΕΠΙΣΤΟΛΗ
1169 2322 1343 2374 ΡΝΖ⁹.

2165 2313 2327 2387 247
2346 2318 2683 2375 EPISTOLA
2709 2317 2930 2374 CLVII‘.

77 2457 82 2460 -
155 2429 393 2480 Dolorem
431 2438 571 2478 suum
608 2417 849 2486 signiﬁcat
876 2413 1088 2486 Basilius
1102 2413 1237 2486 quod
1262 2411 1511 2477 praeterita
1529 2418 1693 2486 testate
1723 2413 2058 2486 portinviserit
2081 2414 2352 2486 Eusebium.
2379 2413 2606 2486 Queritur
2627 2412 2755 2476 quod
2779 2410 2845 2462 ad
2865 2425 2918 2463 se
2955 2423 3013 2462 ne
3034 2406 3213 2461 scribat
3237 2404 3434 2474 quidem

967 2476 1221 2536 Eusebius,
1243 2476 1447 2540 eumque
1469 2483 1663 2526 accusat
1685 2476 1903 2542 pigritia:
1915 2493 1934 2540 ;
1959 2485 2099 2542 rogat
2119 2485 2168 2527 ut
2189 2490 2280 2541 pro
2299 2491 2349 2527 se
2371 2483 2616 2540 precetur.

736 2565 1012 2632 Ἀντιόχῳ
1057 2561 1193 2632 (84).

231 2663 359 2728 Πῶς
383 2661 485 2714 οἴει
516 2658 726 2730 βαρέως
749 2657 955 2728 ῆνεγκα
991 2649 1306 2722 διαμαρτών
1351 2666 1443 2702 σου
1488 2649 1589 2721 τῆς
1628 2666 1751 2703 συν-

157 2757 353 2827 τυχίας
393 2752 532 2806 κατά
555 2751 618 2804 τὸ
642 2749 799 2819 θέρος
822 2764 837 2814 ;
866 2745 1060 2799 Καίτοι
1087 2744 1208 2797 οὐδὲ
1232 2745 1264 2814 ἡ
1299 2743 1407 2796 τῶν
1433 2744 1545 2814 (8ἴί)
1574 2742 1749 2798 ἄλλων

65 2841 74 2858 ’
157 2845 392 2916 τοιαύτην
413 2845 656 2913 γέγονεν,
687 2840 828 2893 ὥστε
863 2838 1024 2909 μέχρι
1054 2835 1217 2905 κόρου
1249 2837 1382 2905 ἡμῖν
1423 2835 1705 2906 προελθεῖν
1731 2853 1745 2866 ο

161 2937 279 2990 ἀλλ’
311 2933 402 2990 οὖν
430 2936 523 2988 καὶ
549 2934 681 3004 ὄναρ
720 2930 849 2984 ἰδεῖν
876 2929 945 2980 τὰ
972 2925 1283 2996 ποθούμενα
1311 2926 1466 2996 φέρει
1491 2926 1614 2979 τινὰ
1638 2929 1750 2991 τοῖς

139 3029 421 3099 ’ἀγαπῶσι
446 3022 818 3096 παραμυθίαν.
854 3021 924 3073 Σὺ
953 3019 1010 3072 δὲ
1038 3018 1159 3070 οὐδὲ
1190 3016 1546 3079 ὲπιστέλλεις,
1581 3016 1753 3080 οὕτως

126 3125 142 3138 “
163 3122 336 3193 ἀργὸς
359 3115 410 3174 εἳ
434 3137 447 3151 ·
479 3119 619 3173 ὥστε
667 3116 802 3187 μηδὲ
842 3113 940 3184 τὴν
977 3111 1261 3180 ὑπόλειψιν
1291 3110 1423 3181 ἀλλῃ
1465 3110 1572 3163 τινὶ
1606 3109 1756 3181 αἰτίᾳ

165 3213 393 3286 μᾶλλον,
426 3209 558 3282 ἥτῷ
580 3207 765 3281 ἀργῶς
803 3205 947 3276 ἔχειν
978 3203 1116 3275 πρὸς
1159 3202 1259 3265 τὰς
1303 3202 1444 3272 ὑπὲρ
1482 3202 1582 3272 τῆς
1619 3201 1757 3269 ἀγά-

163 3325 276 3379 πης
320 3304 652 3374 ἀποδημίας,
711 3299 1045 3369 λογίζεσθαι.
1119 3297 1282 3351 Ἀλλά
1329 3296 1489 3350 τοῦτο
1533 3297 1631 3368 μὲν
1661 3314 1759 3350 πε-

162 3398 396 3453 παύσθω
423 3398 574 3468 ἡμῖν.
618 3393 794 3465 Εὓχου
834 3390 889 3445 δὲ
919 3393 1060 3464 ὑπὲρ
1108 3391 1268 3462 ἡμῶν
1293 3389 1426 3461 (86),
1463 3390 1556 3442 καὶ
1588 3405 1762 3459 παρα-

113 3527 120 3534 .
166 3492 323 3545 κάλει
352 3490 442 3544 τὸν
473 3488 679 3559 Κύριον
732 3486 806 3557 μὴ
849 3483 1238 3552 ἐγκαταλιπεῖν
1286 3483 1472 3552 ἡμᾶς·
1527 3480 1640 3533 ἀλλ’
1679 3480 1757 3543 ὡς

165 3586 244 3653 ὲκ⁸
273 3583 386 3635 τῶν
435 3579 770 3634 ἐπελθόντων
828 3576 1155 3646 παρήγαγεν
1216 3575 1367 3645 ἡμᾶς
1407 3573 1754 3644 πειρασμῶν,

165 3675 424 3736 οὕτωκαὶ
449 3675 515 3726 ἐκ
546 3670 653 3724 τῶν
688 3667 1154 3741 προσδοκωμένων
1187 3665 1454 3738 ῥύσασθαι
1489 3666 1571 3729 εἰς
1601 3665 1758 3730 δόξαν

166 3767 260 3821 τοῦ
292 3766 557 3838 ὀνόματος
580 3760 768 3826 αὑτοῦ,
801 3762 886 3830 ἐφ’
909 3754 954 3829 ᾧ
980 3758 1311 3830 ἠλπίσαμεν.

167 3967 424 4032 Paulino,
473 3965 567 4022 sed
618 3964 844 4020 minime
898 3962 1310 4032 comprobasse,
1347 3974 1414 4014 eo
1443 3958 1590 4032 quod
1636 3973 1751 4032 non

166 4041 391 4095 adesset
414 4029 463 4092 is
493 4037 588 4106 qui
620 4036 996 4089 incusabatur.
1028 4029 1292 4106 Quamvis
1325 4029 1502 4106 autem
1538 4029 1752 4083 Paulini

165 4111 315 4164 fama
359 4103 953 4176 apud—ecclesiasticus
1001 4105 1299 4172 scriptores
1332 4103 1480 4155 nulla
1526 4116 1752 4176 prorsus

165 4172 561 4236 criminatione
593 4177 842 4231 videatur
881 4175 1052 4228 fuisse
1086 4177 1360 4229 contacta.
1412 4187 1479 4224 ex
1533 4172 1618 4224 his
1669 4180 1754 4223 ta-

167 4267 297 4304 men
324 4249 510 4303 Basilii
542 4249 675 4302 locis
706 4247 969 4299 nonnulla
1008 4246 1057 4298 ei
1090 4245 1302 4310 objecta
1328 4256 1453 4295 esse
1483 4241 1743 4308 perspici-

167 4331 264 4373 tur
291 4339 304 4373 :
343 4319 440 4374 sed
475 4320 586 4372 haec
608 4315 843 4371 fortasse
875 4316 1077 4382 iniquis
1107 4315 1278 4382 magis
1307 4311 1749 4381 suspicionibus,

167 4406 338 4462 quam
371 4391 538 4462 certis
565 4387 781 4462 indiciis
814 4385 1262 4439 continebantur.

247 4461 360 4530 (79)
404 4459 665 4530 Γένοιτο.
691 4456 766 4530 Ita
799 4463 1036 4525 quatuor
1064 4469 1224 4518 mss.,
1251 4465 1490 4523 quorum
1521 4458 1634 4506 tres
1663 4466 1756 4507 vce

167 4527 492 4586 iustissimi.
526 4529 668 4582 Editi
703 4527 962 4596 γίγνοιτο.

241 4602 356 4672 (80)
398 4589 906 4672 Δωρόθεοςεί-[ξηυε
934 4611 1002 4649 ex
1034 4592 1200 4672 Regg.
1241 4589 1526 4672 codicibus
1552 4591 1756 4672 Θεόδωο

239 4661 288 4735 ξ.
326 4661 495 4725 Paulo
525 4679 646 4738 post
665 4661 796 4722 eum
818 4661 1342 4738 pscaaxaivat’nmv.
1381 4661 1554 4724 l‘larl.,
1586 4661 1752 4728 Med.,

239 4690 288 4735 ς.
326 4689 495 4725 raqu
525 4689 646 4738 pOSt
665 4689 796 4722 eum
833 4689 1122 4736 μετασχειν
1142 4689 1342 4718 αυτων.
1381 4689 1387 4714 l

169 4689 416 4797 Eiarmn.
452 4748 507 4792 et
541 4755 682 4792 unus
715 4753 778 4791 ex
816 4737 998 4806 liegiis
1034 4741 1093 4788 ut
1126 4735 1180 4788 in
1217 4741 1387 4806 textu.

244 4813 358 4882 (8|)
412 4807 792 4882 Ὧμιλημέγα.
963 4816 1093 4882 _tre_s
1139 4803 1499 4882 vetustissimi
1534 4803 1754 4882 codices

169 4871 303 4938 cuin
342 4871 573 4938 lduobus
606 4871 780 4934 "aliis.
833 4876 975 4929 Editi
1020 4875 1090 4928 τὰ
1137 4871 1554 4943 ὡμολογημένα.
1606 4873 1755 4928 δοῐὶν

170 4964 336 5025 plura
372 4967 546 5025 quam
567 4951 624 5004 in
674 4955 907 5025 textura
926 4944 1263 5025 recepimus,
1293 4945 1655 4998 confirmatur
1685 4960 1752 4999 ex

169 5015 371 5094 primis
391 5015 582 5094 verbis
598 5018 856 5094 epistola;
887 5015 1010 5094 159ἷ

242 5094 360 5162 (82)
405 5088 557 5145 Οἵδε.
593 5081 661 5145 Οἱ
691 5090 805 5162 haec
839 5081 1755 5162 intelligantur,conferendasunt

169 5154 300 5218 cuin
332 5154 456 5216 aliis
495 5162 651 5214 locis.
687 5160 780 5213 llis
808 5158 954 5211 enim
992 5154 1197 5213 verbis.
1231 5155 1275 5205 is
1311 5154 1406 5206 scit
1437 5154 1623 5220 procul
1653 5155 1754 5205 du-

169 5235 258 5287 bia
284 5247 334 5286 cl
372 5231 441 5284 ad
472 5248 600 5298 quos
632 5229 962 5298 profecturus
984 5227 1095 5298 _sit,
1144 5223 1350 5298 indicat
1387 5223 1620 5298 Basilius
1648 5224 1752 5298 sibi

168 5293 555 5358 Occidentales
598 5293 790 5369 parum
835 5294 1180 5369 satisfacere,
1225 5293 1278 5347 id
1329 5295 1496 5369 quod_
1526 5295 1579 5347 in
1629 5295 1753 5369 aliis

166 5375 425 5442 epistolis
485 5365 861 5442 vehementius
915 5366 1435 5442 declarat,_‘t_t_empc
1487 5365 1540 5417 in
1591 5366 1750 5434 epist.

166 5434 279 5498 212
307 5453 362 5498 et
390 5442 516 5496 255.
553 5441 661 5494 Nec
691 5438 938 5510 profecto
969 5434 1282 5510 placereilli
1320 5443 1594 5502 poterant,
1632 5451 1755 5510 qua:

168 5512 450 5584 Evagrius
479 5510 648 5584 Roma
679 5507 895 5584 redieris
933 5507 982 5584 ei
1014 5512 1359 5584 narraverat,
1393 5515 1451 5558 ut
1477 5520 1644 5584 supra
1675 5507 1756 5559 vi-

169 5573 360 5639 dimi'ts
393 5585 449 5636 iu
482 5582 643 5651 epist.
677 5574 1192 5651 158._llludAautenl,
1219 5584 1266 5627 et
1286 5573 1359 5651 ad
1380 5573 1752 5651 ﬁnemfinem,

173 5655 483 5710 illustratur
517 5643 584 5706 cx
637 5649 866 5718 epistola
901 5645 1026 5710 129,
1058 5662 1112 5698 n.
1147 5645 1201 5710 3,
1230 5645 1335 5718 _ubi
1375 5643 1577 5718 fatetur
1601 5646 1753 5718 [insi-

175 5726 281 5781 lius
309 5722 556 5795 reperire
597 5713 795 5773 se'non
841 5729 1024 5787 posse,
1065 5731 1173 5783 qua
1213 5713 1280 5770 de
1309 5729 1369 5770 re
1398 5716 1752 5770 scribendum

503 5814 776 5875 Ρηιοι..
808 5810 922 5872 Gn.
949 5806 1222 5873 XXXII.

2503 2559 2546 2612 Α
2557 2558 2780 2612 utiocho.

1923 2653 2096 2720 Quam
2145 2653 2377 2709 moleste
2417 2652 2610 2708 tulisse
2651 2665 2737 2705 me
2767 2657 2949 2721 putas,
2984 2649 3129 2720 quod
3165 2657 3259 2704 tuo
3303 2665 3436 2705 con-

1849 2762 2042 2816 gressu
2086 2747 2362 2816 prieterita
2409 2753 2600 2800 aestate
2653 2742 2963 2799 caruerim?
3007 2743 3172 2811 Atqui
3211 2758 3280 2798 ne
3314 2744 3437 2798 aiiis

1853 2839 2071 2908 quidem
2108 2839 2268 2892 annis
2308 2851 2642 2906 congressus
2687 2835 2812 2890 talis
2858 2836 2980 2898 fuit,
3015 2834 3146 2888 mihi
3180 2843 3238 2888 ut
3268 2838 3436 2892 satie-

1855 2938 2022 2985 tatem
2053 2929 2295 2992 afferret,
2329 2928 2422 2984 sed
2448 2939 2630 2983 tamen
2661 2943 2748 2982 res
2788 2926 3106 2981 desiderata
3140 2928 3301 2982 etiam
3342 2943 3438 2999 per

1856 3021 2132 3074 somnium
2183 3023 2312 3076 visae
2359 3021 2613 3074 nonnihil
2654 3019 2891 3074 afferunt
2937 3017 3293 3089 diligentibus
3341 3035 3437 3075 so-

1853 3111 1990 3164 latii.
2034 3109 2114 3164 Tu
2161 3127 2290 3166 vero
2337 3127 2408 3167 ne
2455 3111 2655 3166 scribis
2689 3110 2936 3179 quidem,
2973 3109 3109 3163 adeo
3145 3109 3297 3180 piger
3325 3125 3384 3166 es
3419 3127 3434 3166 ι

1853 3201 1998 3256 unde
2038 3209 2092 3256 et
2138 3212 2228 3256 tua
2279 3203 2529 3257 absentia
2574 3201 2712 3256 nulli
2754 3201 2846 3254 alii
2898 3215 3078 3254 causae
3129 3204 3304 3270 magis
3335 3202 3436 3254 tri-

1854 3293 2106 3359 buenda,
2152 3308 2316 3364 quam
2362 3293 2510 3364 quod
2560 3293 2795 3364 pigrcris
2846 3291 2913 3345 ad
2966 3293 3438 3363 peregrinationes

1857 3387 2152 3442 cbaritatis
2193 3402 2362 3441 causa
2404 3387 2809 3457 suscipiendas.
2847 3385 2954 3440 Sed
3002 3401 3066 3439 ea
3115 3385 3182 3441 de
3209 3401 3268 3440 re
3301 3387 3438 3441 nihil

1853 3480 2090 3550 amplius
2135 3495 2166 3534 a
2212 3480 2371 3534 nobis
2409 3480 2648 3534 dicatur.
2686 3477 2922 3533 Precare
2967 3486 3152 3532 autem
3195 3495 3293 3550 pro
3325 3495 3434 3544 me,

1855 3586 1921 3625 ac
1952 3570 2239 3626 Dominum
2273 3586 2426 3642 roga,
2459 3580 2518 3625 ut
2563 3587 2632 3625 ne
2678 3586 2767 3626 me
2818 3571 3038 3624 deserat
3070 3588 3082 3624 :
3116 3571 3210 3625 sed
3243 3587 3435 3642 quema

1856 3661 2148 3718 admodum
2188 3679 2274 3719 me
2316 3679 2348 3718 a
2405 3664 2698 3734 praeteritis
2760 3663 3162 3718 tentationibus
3207 3665 3434 3730 exemit,

1853 3756 1931 3810 ita
1973 3756 2136 3809 etiam
2169 3756 2239 3810 ab
2281 3756 2698 3811 imminentibus
2731 3755 2945 3818 liberet,
2979 3753 3045 3807 ad
3075 3755 3304 3824 gloriam
3335 3772 3436 3812 ιιοο

1855 3847 2023 3901 minis
2053 3847 2249 3917 ipsius,
2281 3849 2336 3902 in
2369 3864 2480 3920 quo
2512 3863 2665 3918 spem
2701 3847 3115 3902 collocavimus.

1853 3960 1926 4014 sit
1957 3961 2010 4014 in
2043 3960 2431 4032 Occidentem;
2463 3979 2585 4034 quae
2617 3963 2762 4034 enim
2794 3961 3107 4016 necessaria
3147 3969 3297 4034 sunt,
3320 3961 3434 4032 jam‘

1851 4041 2414 4115 praeoccupatauesse,
2469 4033 2744 4115 Sttpet'ﬂtta
2794 4043 2976 4086 autem
3028 4033 3291 4115 scribere.
3337 4049 3437 4087 va-

1851 4118 1983 4155 num
2011 4118 2074 4155 ac
2106 4104 2299 4158 inutile
2327 4121 2470 4168 esse,
2505 4105 2570 4158 de
2595 4104 2785 4158 iisdem
2813 4112 2994 4156 autem
3029 4104 3195 4156 rebus
3222 4110 3438 4159 obstrci

1851 4187 2001 4240 pere,
2039 4174 2200 4226 etiam
2254 4175 2548 4228 ridiculum
2594 4175 2784 4227 videri.
2818 4173 2906 4225 Ait
2937 4180 3118 4225 autem
3153 4190 3210 4228 se
3261 4177 3438 4228 nemi—

1852 4257 1974 4295 nem
2006 4243 2209 4298 habere
2237 4260 2397 4313 quem
2425 4247 2625 4304 mittat,
2646 4247 2772 4312 quia
2796 4241 3040 4314 episcopi
3081 4259 3204 4296 cum
3234 4243 3437 4300 Basilio

1852 4315 2242 4384 communione
2264 4316 2566 4383 conjuncti.
2589 4331 2808 4384 operam
2831 4316 2880 4369 ei
2900 4327 3114 4384 navare
3147 4315 3434 4378 nolebant,

1782 4392 1834 4451 Ῑ)
1859 4398 1968 4505 qua
2001 4383 2068 4438 de
2097 4400 2157 4438 re
2180 4389 2428 4454 queritur
2459 4386 2513 4439 in
2543 4383 2705 4454 epiSt.
2734 4385 2853 4438 Ml.
2881 4383 3150 4438 Cancrum
3183 4396 3236 4439 et
3265 4403 3294 4440 a
3321 4388 3438 4441 suis

1898 4461 2115 4505 esertus
2158 4465 2211 4505 et
2247 4457 2315 4505 ab
2353 4457 2622 4505 haereticis
2665 4456 3020 4505 imnuenatus
3067 4466 3342 4505 precatur-
3379 4460 3438 4505 ut

1898 4461 2115 4509 esertus
2158 4465 2211 4509 et
2247 4457 2315 4510 ab
2353 4457 2622 4510 haereticis
2665 4456 3020 4524 impugnatus
3067 4466 3343 4522 precatur,
3379 4460 3438 4511 ut

1859 4523 2002 4595 inter
2033 4527 2238 4594 septies
2274 4528 2419 4580 mille
2451 4528 2602 4578 viros
2652 4523 2971 4579 numeretur
3001 4527 3095 4595 qui
3136 4543 3276 4595 genu
3311 4540 3438 4580 ante

1858 4591 1988 4664 Baral
2018 4591 2128 4648 non
2162 4597 2534 4656 incurvavere,
2556 4612 2724 4664 seque
2742 4597 2810 4650 dc
2839 4591 3311 4653 studio'Ecelesiis
3341 4598 3436 4653 Dei

1861 4663 2044 4736 debito
2078 4666 2213 4736 nihil
2250 4667 2609 4721 remissurum
2637 4663 2952 4736 pollicetur.

1929 4734 2041 4868 (85)
2085 4735 2163 4803 Τῇ
2189 4737 2376 4790 Βάαλ.
2418 4739 2496 4790 lta
2530 4734 2720 4791 novem
2757 4752 2888 4791 mss.
2925 4736 3062 4793 Editi
3092 4738 3170 4810 τῷ
3195 4737 3361 4790 Βάαλ.

1952 4804 2018 4858 84
2098 4807 2386 4868 Ἀντιόχῳ.
2435 4806 2696 4868 Quamvis
2745 4808 3015 4863 Antiocho
3048 4811 3190 4864 hanc
3230 4811 3361 4868 epist

1952 4804 2041 4873 84)
2076 4807 2386 4876 Ἀντιόχῳ.
2435 4806 2696 4872 Quamvis
2745 4808 3015 4863 Antiocho
3048 4804 3190 4864 hanc
3230 4811 3436 4876 episto-

1857 4873 1964 4926 lam
1998 4875 2241 4931 tribuant
2275 4873 2468 4930 o’mues
2499 4877 2718 4931 codices
2754 4893 2887 4933 mss.
2934 4889 2987 4932 et
3015 4881 3170 4944 editi,
3198 4873 3316 4932 eain
3347 4886 3432 4931 ta-

1857 4959 1983 4998 men
2010 4945 2233 5021 Eusebii
2271 4947 2665 5002 restituendam
2697 4947 2973 5013 fatebitur,
3007 4949 3259 5020 quisquis
3295 4950 3434 5021 leget

1857 5018 2141 5070 attentius.

1883 5153 1896 5165 .
1930 5084 2040 5165 (8S)
2083 5086 2236 5165 Οὐδὲ
2263 5084 2302 5153 ἡ
2337 5085 2471 5165 τῷχ.
2499 5085 2596 5165 ΔΗΞ
2635 5088 2814 5165 aliqua
2849 5088 2935 5142 hic
2969 5097 3181 5165 constet
3210 5094 3432 5144 senten-

1857 5157 1956 5226 tia,
2006 5157 2290 5223 legendum
2339 5157 2459 5210 οὐδὲ
2495 5157 2629 5210 ἐτῶν
2665 5157 2861 5219 ἄλλων,
2900 5169 2958 5213 ιιι
3005 5161 3059 5214 in
3103 5162 3431 5226 interpreta-

1857 5225 2010 5296 tione
2049 5229 2442 5296 expressimus.
2475 5227 2577 5280 Cui
2628 5227 2848 5280 lectioni
2896 5230 3039 5283 favet
3070 5225 3261 5284 codex,
3290 5227 3430 5283 Med.

1858 5294 1914 5367 in
1943 5313 2052 5365 quo
2094 5294 2292 5367 legitur
2328 5297 2448 5350 οὐδὲ
2492 5300 2540 5350 εἰ
2582 5297 2690 5350 τῶν
2725 5297 2918 5351 ἄλλων.
2952 5299 3044 5354 Bis
3076 5300 3220 5352 enim
3261 5297 3432 5352 Euse-

1858 5364 2010 5438 bium
2045 5364 2232 5423 invi'sit
2278 5367 2511 5421 Basilius
2542 5387 2555 5422 :
2590 5368 2826 5436 primum
2870 5370 3089 5438 quidem
3125 5383 3269 5424 anno
3305 5368 3432 5434 569,

1857 5436 2099 5508 nondum
2133 5439 2446 5508 episc0pus,
2476 5438 2672 5492 deinde
2702 5453 2844 5491 anno
2869 5436 2994 5494 572.

1927 5508 2042 5630 (86)
2092 5506 2268 5589 ’.Υπὲρ
2304 5506 2488 5567 ἡμῶν.
2525 5507 2641 5562 Duo
2673 5508 2886 5565 codices
2921 5525 3030 5564 non
3063 5509 3433 5583 antiquissimi

1935 5597 1985 5630 οι
2037 5596 2168 5630 ,μων

1859 5597 1985 5650 περι
2014 5596 2168 5648 ημῶν

1933 5630 2138 5705 {Abas
2179 5630 2428 5704 CCLXX.
2463 5647 2680 5720 Scripta
2717 5663 2861 5704 anno
2899 5651 3022 5706 575.

3091 5811 3170 5870 90
