3852 6220
175 273 280 329 ϐὶί

1121 267 1606 326 EPISTOLARUM
1645 265 1927 326 CLASSIS
1965 265 2030 323 11.
2069 267 2292 324 EPIST.
2326 265 2484 324 CLX.

3331 270 3438 327 θεῆ

181 389 472 466 ἀκόλουθον
506 389 582 459 τῷ
607 388 939 460 βαπτίσματι
965 387 1064 460 τὴν
1083 388 1377 458 ὁμολογίαν
1391 390 1491 460 τῆς
1522 389 1757 452 πίστεως

1886 391 1997 442 itus
2057 388 2281 454 sancti;
2355 391 2777 442 consentaneam
2851 385 3164 456 baptismati
3217 388 3438 445 confes-

182 483 556 554 παρεχόμεθα,
616 481 908 536 ἀκόλουθον
953 481 1008 533 δὲ
1055 483 1149 534 καὶ
1192 483 1291 552 τὴν
1335 482 1640 550 δοξολογίαν
1689 483 1756 551 τῇ

181 577 396 628 πίστει·
456 573 868 639 συνδοξάζοντες
914 575 1092 646 Πατρὶ⁹
1149 576 1244 628 καὶ
1303 574 1418 646 Υἱῷ
1472 575 1534 628 τὸ
1607 574 1761 642 ἆγιον

183 665 429 737 Πνεῦμα,
466 666 540 737 τῷ
575 666 864 718 πεπεῖσθαι
898 665 970 736 μὴ
1001 667 1284 736 ἀλλότριον
1316 664 1456 720 εἶναι
1478 667 1576 738 τῆς
1609 668 1761 732 Θείας

183 757 420 826 φύσεως.
453 759 527 810 Οὐ
563 760 674 830 γὰρ
719 757 830 810 τῶν
869 758 1046 810 αὐτῶν
1090 759 1319 828 μετέσχε
1354 759 1528 830 τιμῶν
1566 759 1627 812 τὸ
1657 760 1763 813 ἀπ-

181 851 517 922 εξενωμένον
538 852 680 905 κατὰ
705 851 803 920 τὴν
829 853 1008 920 φύσιν.
1033 853 1168 916 Τοὺς
1200 853 1255 905 δὲ
1275 853 1480 924 κτίσμα
1509 853 1764 922 λέγοντας

181 948 246 1000 τὺ
282 948 507 1018 Πνεῦμα
535 947 594 1000 τὸ
636 947 788 1015 ᾶγιον
819 946 1095 1019 ἐλεοῦμεν,
1125 949 1200 1011 ὡς
1229 950 1309 1011 εἰς
1339 950 1398 1001 τὸ
1436 947 1765 1019 ἀσυγχώρηα

181 1057 278 1091 τον
321 1039 522 1110 πτῶμα
571 1037 683 1109 (94')
729 1039 826 1108 τῆς
874 1040 954 1101 είς
982 1038 1114 1092 αὐτὸ
1154 1039 1503 1110 βλασφημίας
1535 1039 1622 1092 διὰ
1663 1039 1765 1110 τῆς

181 1131 441 1202 τοιαύτης
472 1133 656 1201 φωνῆς
699 1131 1157 1195 καταπίπτοντας.
1195 1132 1457 1203 ’Ὁτι-γὰρ
1488 1131 1764 1203 διώρισται

183 1225 366 1288 κτίσις
424 1223 695 1294 θεότητος,
753 1223 964 1286 οὐδενὸς
1015 1224 1174 1292 λόγου
1220 1224 1442 1294 προσδεί
1483 1227 1591 1288 τοῖς
1626 1224 1766 1278 κατὰ

187 1317 387 1387 μικρὸν
418 1317 528 1386 (95)
545 1320 666 1380 ταῖς
691 1319 934 1389 Γραφαῖς
971 1318 1526 1388 ὲγγεγυμνασμένοις.
1566 1319 1628 1370 Ἦ
1668 1319 1766 1388 μὲν

183 1409 296 1478 γὰρ
323 1408 498 1471 κτίσις
537 1409 799 1471 δουλεύει,
829 1410 889 1462 τὸ
914 1410 972 1462 δὲ
1009 1410 1232 1480 Πνεῦμα
1259 1409 1562 1480 ἐλευθεροῖ·
1601 1409 1769 1480 ήκτί-

188 1517 275 1562 σις
301 1500 446 1568 ζωῆς
466 1501 735 1570 προσδεής
752 1503 888 1563 ἐστι,
907 1499 968 1552 τὸ
986 1499 1214 1570 Πνεῦμὰ
1230 1503 1348 1554 ἐστι
1366 1501 1426 1552 τὸ
1449 1500 1763 1564 ζωοποιοῦν*

185 1595 218 1663 ἡ
248 1593 424 1655 κτίσις
437 1594 784 1658 διδασκαλίας
799 1594 1130 1665 προσδεῖται,
1148 1594 1208 1646 τὸ
1229 1593 1455 1662 Πνεῦμά
1477 1595 1592 1646 ὲστι
1611 1593 1674 1646 τὸ
1693 1593 1770 1646 δι-

183 1685 387 1737 δάσκον
407 1701 422 1715 ο
448 1687 480 1755 ἡ
504 1685 680 1748 κτίσις
695 1684 1006 1752 ἁγιάζεται,
1031 1685 1093 1736 τὸ
1127 1683 1352 1755 Πνεῦμά
1388 1685 1504 1736 ἐστι
1529 1683 1590 1736 τὸ
1613 1683 1774 1750 ἅγιά-

185 1771 300 1834 ζον.
321 1771 442 1825 Κᾶν
459 1773 724 1840 ἀγγέλους
743 1773 922 1846 εἴπῃς,
940 1773 1044 1826 κᾶν
1058 1773 1450 1844 ἀρχαγγέλους,
1470 1774 1571 1825 κᾶν
1595 1774 1773 1834 πάσας

185 1864 288 1926 τὰς
324 1864 731 1935 ὐπερκοσμίους
763 1865 874 1935 (96)
907 1865 1181 1935 δυνάμεις,
1214 1864 1302 1918 διὰ
1328 1867 1422 1918 τοῦ
1458 1864 1772 1935 Πνεύματος

185 1957 289 2023 τὴν
309 1955 617 2025 ἁγιωσύνην
633 1956 1021 2028 λαμϐάνουσιν.
1042 1957 1184 2010 Αὐτὸ
1206 1957 1262 2010 δὲ
1290 1956 1350 2009 τὸ
1367 1955 1591 2026 Πνεῦμα
1619 1971 1775 2025 φυσι-

187 2044 296 2114 κὴν
312 2043 425 2112 ἔχει
451 2043 547 2114 τὴν
565 2043 848 2115 ἁγιότητα,
867 2045 926 2097 οὐ
954 2045 1094 2098 κατὰ
1112 2045 1269 2116 χάριν
1295 2044 1479 2106 λαϐὸν,
1502 2044 1639 2099 ἀλλὰ
1659 2061 1775 2097 συν-

187 2137 534 2207 ουσιωμένην
582 2136 761 2206 αὐτῷ·
801 2137 922 2191 ὅθεν
977 2139 1205 2209 καὶτῆς
1256 2137 1628 2210 προσηγορίας
1675 2137 1774 2206 τῆς

189 2228 287 2282 τοῦ
339 2228 496 2296 ἁγίου
553 2228 849 2298 ἐξαιρέτως
905 2230 1222 2300 τετύχηκεν.
1285 2232 1349 2282 Ὃ
1393 2231 1572 2282 τοίνυν
1615 2229 1774 2298 φύσει

190 2323 372 2388 ἆγιον,
430 2322 506 2385 ῶς
573 2321 732 2391 φύσει
766 2322 921 2391 ἅγιος
953 2323 982 2374 ὁ
1013 2323 1223 2394 Πατὴρ,
1267 2323 1360 2377 καὶ
1383 2323 1541 2391 φύσει
1570 2323 1724 2391 ἅγιος
1748 2324 1777 2375 ὁ

191 2414 347 2477 Υἱὸς,
401 2413 525 2466 οὐτε
570 2415 727 2468 αὐτοὶ
768 2416 867 2486 τῆς
907 2415 1057 2479 θείας
1095 2417 1188 2470 καὶ
1236 2415 1512 2487 μακαρίας
1545 2416 1776 2487 Τριὰδος

191 2505 427 2576 χωρίσαι
463 2507 556 2560 καὶ
585 2507 859 2578 διατεμεῖν
879 2508 1205 2579 ἀνεχόμεθα,
1229 2507 1352 2563 οὔτε
1386 2509 1513 2572 τοὺς
1540 2508 1776 2570 εὐκόλως

191 2599 261 2667 τῇ
329 2597 503 2650 κτίσει
576 2597 1046 2669 συναριθμοῦντας
1089 2599 1488 2669 ἀποδεχόμεθα.
1555 2598 1774 2662 Ταῦτα,

191 2689 387 2760 ὥσπερ
445 2692 502 2742 ἐν
556 2691 857 2760 κεφαλαίῳ,
893 2691 1207 2761 ἀρκούντως
1235 2695 1300 2762 τῇ
1340 2691 1593 2763 εὐλαϐείᾳ
1626 2691 1778 2761 ὐμῶν

194 2783 459 2853 εἰρήσθω.
504 2783 636 2836 Ἀπὸ
663 2784 771 2854 γὰρ
800 2783 1013 2854 μικρῶν
1064 2784 1396 2854 σπερμάτων
1429 2785 1777 2855 γεωργήσετε

193 2876 256 2928 τὸ
285 2875 468 2928 πλεῖον
496 2876 595 2946 τῆς
623 2875 922 2940 εὐσεϐείας,
963 2875 1345 2946 συνεργοῦντος
1379 2877 1506 2946 ὑμῖν
1541 2875 1650 2946 (97)
1683 2874 1776 2928 τοῦ

195 2968 356 3034 ἁγίου
380 2968 714 3038 Πνεύματος.
730 2969 905 3023 Δίδου
929 2967 1038 3038 γὰρ
1058 2967 1227 3037 σορῷ
1243 2969 1538 3038 ἀφορμὴν,
1554 2970 1648 3022 καὶ
1667 2985 1777 3022 σο-

195 3042 458 3127 φώτερος
489 3058 680 3112 ἔσται.
712 3060 824 3130 Τὴν
852 3058 907 3111 δὲ
933 3057 1273 3129 τελειοτέραν
1323 3057 1668 3112 διδασκαλίαν
1700 3058 1778 3120 είς

193 3150 298 3220 τὴν
333 3149 453 3202 κατ’
508 3149 820 3220 ὀφθαλμοὺς
877 3149 1165 3219 συντυχίαν
1205 3148 1662 3220 ὑπερθησόμεθα·
1712 3150 1779 3202 δι’

196 3235 268 3311 ἧς
298 3242 393 3293 καὶ
423 3241 489 3294 τὰ
516 3241 864 3311 ἀντικείμενα
895 3241 1274 3301 ἐπιλύσασθαι,
1307 3241 1401 3294 καὶ
1442 3240 1782 3311 πλατυτέρας

195 3332 299 3395 τὰς
359 3335 422 3384 ὲκ
475 3323 584 3384 τῶν
639 3333 873 3404 Γραφῶν
915 3332 1292 3405 παρασχέσθαι
1337 3332 1660 3403 μαρτυρίας,
1689 3333 1782 3386 καὶ⁵

199 3424 383 3478 πάντα
427 3423 593 3476 τύπον
648 3425 738 3476 τὸν
782 3425 908 3493 ὑγιῆ
946 3424 1046 3494 τῆς
1109 3425 1342 3488 πίστεως
1382 3424 1782 3494 βεϐαιώσασθαι

197 3516 441 3569 δυνατόν.
477 3517 551 3569 Τὸ
579 3517 636 3570 δὲ
658 3516 753 3570 νῦν
782 3518 904 3587 ἔχον
941 3517 1272 3588 συγγνώμην
1293 3518 1518 3588 νείματε
1545 3522 1612 3590 τῇ
1647 3517 1780 3590 βρα-

197 3609 420 3677 χύτητι.
459 3610 566 3661 Καὶ
593 3609 701 3680 γὰρ
723 3609 830 3662 οὐδ’
865 3609 930 3663 ἂν
963 3609 1247 3662 ἐπέστειλα
1275 3611 1372 3681 τὴν
1399 3611 1593 3681 ἀρχὴν,
1627 3612 1674 3663 εἱ
1705 3613 1780 3684 μὴ

205 3703 432 3772 μείζονα
465 3705 715 3775 ἡγούμην
745 3704 839 3774 τὴν
864 3704 1067 3774 βλάϐην
1085 3703 1427 3775 ἀρνήσασθαι
1447 3705 1546 3776 τὴν
1568 3704 1780 3774 αἴτησιν

200 3797 509 3863 παντελῶς,
537 3798 569 3868 ἦ
597 3798 828 3862 ἐλλιπῶς
852 3796 1246 3869 παρασχέσθαι.

802 4036 1148 4090 ΕΙΙΙΣΤΟΛΗ
1170 4035 1287 4090 ΡΞ’.

1864 479 2072 534 sionem
2106 479 2228 534 ﬁdei
2254 517 2270 542 ,
2312 487 2734 533 consentaneam
2795 480 2958 534 etiam
2999 478 3122 534 ﬁdei
3161 481 3437 551 gloriﬁca-

1864 570 2066 626 tionem
2099 570 2424 626 adhibemus
2466 585 2478 620 :
2527 568 2788 640 Spiritum
2829 579 3079 625 sanctum
3128 587 3236 624 una
3307 588 3436 627 cum

1863 661 2026 718 Patre
2074 671 2128 718 et
2162 662 2302 718 Filio
2360 663 2776 733 gloriﬁcantes;
2827 678 2892 718 eo
2923 664 3070 734 quod
3111 681 3439 736 persuasum

1865 757 1937 812 sit
1966 757 2150 822 nobis,
2192 757 2345 810 illum
2379 772 2408 810 a
2441 763 2638 810 natura
2669 755 2852 810 divina
2877 772 2985 812 non
3016 773 3139 812 esse
3174 759 3436 815 alienum.

1865 848 2053 919 Neque
2089 848 2235 903 enim
2281 848 2595 903 eorumdem
2642 848 2910 903 honorum
2966 857 3114 904 esset
3165 852 3439 920 particeps

1867 938 2013 1008 quod
2073 939 2310 993 alienum
2365 938 2505 993 foret
2548 939 2848 993 secundum
2900 948 3176 993 naturam.
3237 938 3440 992 Eorum

1868 1035 2051 1083 autem
2110 1029 2203 1099 qui
2268 1027 2534 1100 Spiritum
2615 1039 2866 1083 sanctum
2941 1037 3254 1084 creaturam
3316 1043 3442 1084 esse

1868 1119 2097 1183 dicunt,
2162 1120 2528 1187 miseremur,
2576 1127 2634 1173 ut
2688 1121 2784 1190 qui
2848 1121 2904 1174 in
2964 1129 3248 1190 peccatum
3331 1136 3442 1174 non

1867 1211 2235 1266 condonabile
2295 1211 2643 1282 blasphemiae
2693 1212 2747 1265 in
2819 1212 2971 1267 illum
3035 1213 3252 1269 emissae
3285 1254 3298 1279 ,
3347 1231 3444 1286 per

1869 1302 2013 1357 hanc
2063 1318 2249 1357 vocem
2291 1301 2554 1356 incidant.
2587 1300 2722 1354 Nam
2775 1317 2888 1356 rem
2946 1310 3186 1357 creatam
3235 1320 3266 1358 a
3303 1305 3446 1359 divi-

1869 1394 2042 1448 nitate
2074 1394 2305 1448 divisam
2330 1409 2454 1449 esse
2490 1394 2625 1446 nihil
2659 1409 2800 1463 opus
2831 1402 2916 1449 est
2949 1410 3044 1470 eos
3080 1412 3320 1458 monere.
3348 1399 3446 1468 qui

1870 1485 1954 1538 vel
1995 1484 2267 1539 tantillum
2318 1486 2372 1538 in
2406 1484 2707 1555 Scripturis
2756 1487 3040 1540 exercitati
3093 1497 3240 1544 sunt.
3277 1489 3448 1543 Crea-

1871 1583 1994 1628 tura
2059 1575 2245 1642 servit,
2295 1574 2534 1645 Spiritus
2581 1576 2776 1629 liberat
2813 1593 2827 1640 ;
2864 1585 3112 1631 creatura
3168 1580 3275 1631 vita
3306 1580 3451 1633 indi~

1873 1674 1983 1736 get,
2037 1665 2276 1737 Spiritus
2315 1678 2400 1722 est
2451 1667 2543 1737 qui
2589 1668 2828 1722 viviﬁcat
2861 1686 2876 1735 ;
2911 1681 3163 1724 creatura
3195 1671 3452 1726 doctrina

1803 1751 1846 1806 Β
1873 1767 2015 1828 eget,
2063 1758 2302 1828 Spiritus
2350 1767 2434 1813 est
2478 1757 2573 1826 qui
2611 1759 2800 1825 docet;
2854 1767 3108 1814 creatura
3139 1762 3452 1815 sanctiﬁca—

1875 1858 1987 1914 tur,
2025 1851 2268 1922 Spiritus
2303 1861 2388 1908 est
2421 1851 2514 1922 qui
2559 1852 2888 1907 sanctiﬁcat.
2933 1853 3062 1909 Sive
3115 1854 3322 1909 dixeris
3350 1869 3452 1908 an-

1876 1943 2048 2013 gelos,
2096 1944 2211 2000 sive
2265 1944 2648 2011 archangelos,
2693 1946 2809 1998 sive
2843 1945 3097 2001 caalestes
3130 1962 3322 2002 onmes
3353 1961 3453 2017 po-

1877 2044 2124 2100 testates,
2195 2052 2292 2107 per
2343 2036 2606 2106 Spiritum
2674 2041 3095 2095 sanctimoniam
3145 2041 3446 2112 accipiunt.

1878 2126 2118 2196 Spiritus
2150 2139 2328 2182 autem
2362 2129 2669 2182 naturalem
2700 2129 2866 2185 habet
2910 2132 3284 2199 sanctitatem,
3343 2149 3452 2187 non

1876 2221 2052 2291 gratia
2082 2232 2381 2292 acceptam.
2427 2222 2525 2276 sed
2576 2223 2749 2292 ipsius
2777 2223 3028 2279 essentia:
3057 2224 3277 2279 insitam
3304 2241 3317 2276 :
3349 2241 3457 2280 un-

1876 2312 1944 2365 de
1971 2319 2026 2365 et
2071 2313 2247 2366 sancti
2301 2313 2724 2382 appellationem
2757 2315 3020 2386 singulari
3055 2316 3268 2370 ratione
3309 2316 3454 2370 obti-v

1877 2411 1988 2457 net.
2029 2402 2184 2468 Quod
2219 2419 2348 2474 ergo
2391 2411 2584 2458 natura
2626 2415 2877 2460 sanctum
2933 2415 3018 2462 est
3045 2446 3059 2470 ,
3099 2411 3454 2477 quemadmo-

1878 2497 2006 2547 dum
2047 2493 2206 2549 Pater
2257 2506 2449 2550 natura
2503 2508 2732 2552 sanctus
2773 2507 2876 2560 est,
2943 2508 2999 2553 et
3025 2497 3196 2555 Filius
3257 2509 3456 2556 natura

1879 2597 2138 2652 sanctus;
2170 2586 2223 2640 id
2261 2603 2359 2642 nec
2387 2589 2625 2658 patimur
2665 2606 2694 2643 a
2742 2591 2902 2645 beata
2957 2606 3022 2644 ac
3052 2593 3240 2646 divina
3273 2592 3459 2649 Trini-

1880 2685 1991 2731 tate
2034 2679 2278 2748 separari
2329 2687 2383 2734 et
2430 2681 2680 2735 abscindi
2719 2701 2734 2748 ;
2768 2699 2870 2738 nec
2920 2685 3260 2742 admittimus
3311 2703 3408 2744 eos
3439 2729 3455 2754 ,

1879 2769 1972 2838 qui
2014 2768 2172 2824 facile
2203 2773 2380 2840 ipsum
2435 2772 2580 2826 inter
2613 2783 2900 2830 creaturas
2943 2788 3256 2834 recensent.
3332 2781 3459 2837 Haec

1879 2864 2036 2934 quasi
2072 2864 2124 2916 in
2174 2878 2387 2917 summa
2421 2863 2566 2918 dicta
2605 2867 2751 2931 sint,
2787 2877 2984 2924 vestra:
3040 2878 3222 2926 tamen
3270 2873 3460 2944 pietati

1881 2958 2018 3013 satis
2052 2957 2294 3026 c0piose.
2330 2955 2467 3010 Nam
2517 2958 2586 3012 ab
2623 2961 2838 3030 exiguis
2885 2964 3193 3020 seminibus
3236 2967 3461 3023 uberem

1885 3049 2098 3120 pietatis
2134 3049 2392 3109 fructum.
2445 3048 2650 3121 Spiritu
2684 3061 2878 3108 sancto
2923 3056 3078 3111 vobis
3126 3058 3456 3128 Opitulante,

1889 3143 2197 3198 demetetis.
2239 3142 2319 3196 Da
2365 3144 2503 3197 enim
2546 3147 2870 3200 occasionem
2920 3151 3187 3216 sapienti,
3257 3160 3306 3205 et
3359 3153 3462 3206 erit

1889 3234 2177 3302 sapientior
2199 3233 2264 3287 ³².
2299 3234 2569 3288 Caeterum
2602 3236 2854 3290 uberiora
2887 3237 3213 3294 documenta
3249 3242 3301 3295 in
3329 3258 3464 3297 con-

1886 3340 2136 3396 gressum
2187 3323 2503 3379 dideremus
2537 3365 2552 3390 ,
2596 3325 2652 3380 in
2699 3343 2810 3396 quo
2860 3336 2914 3383 et
2959 3331 3173 3400 objecta
3218 3336 3461 3398 solvere,

1889 3424 1943 3469 et
1989 3415 2248 3483 ampliora
2315 3431 2381 3469 ex
2441 3415 2742 3483 Scripturis
2805 3419 3052 3488 proferre
3102 3423 3412 3479 testimonia
3443 3464 3462 3490 ,

1887 3515 1944 3563 et
1973 3521 2160 3562 sanam
2209 3522 2426 3562 omnem
2490 3506 2614 3562 ﬁdei
2648 3510 2915 3565 rationem
2948 3513 3272 3569 conﬁrmare
3306 3525 3461 3585 pote-

1890 3600 2082 3655 rimus.
2119 3599 2607 3669 lmpraesentiarum
2659 3611 2840 3657 autem
2866 3643 2880 3666 ,
2933 3604 3189 3660 brevitati
3223 3607 3463 3678 ignosci-

1889 3700 1960 3746 te.
2024 3689 2160 3744 Nam
2229 3707 2298 3746 ne
2353 3693 2701 3762 scripsissem
2759 3697 2979 3766 quidem
3036 3699 3298 3763 omnino,
3353 3702 3465 3758 nisi

1888 3784 2149 3838 damnum
2181 3785 2360 3855 majus
2389 3787 2792 3844 existimassem
2834 3792 3000 3860 petita
3027 3807 3256 3861 prorsus
3299 3796 3468 3851 dene-

1889 3893 2039 3949 gare,
2069 3893 2232 3948 quam
2275 3879 2527 3935 inchoate
2557 3881 2896 3938 satisfacere.

2150 4034 2315 4111 249
2341 4033 2679 4092 EPISTOLA
2715 4038 2892 4094 CLX'.

204 4158 329 4221 cunt
376 4149 671 4221 Basiliusmab
699 4149 844 4221 initio
867 4151 1172 4221 episcopatus
1195 4147 1520 4220 prohibuisset
1564 4145 1932 4221 matrimpnium
1956 4161 2067 4221 cum
2090 4147 2265 4221 uxoris
2305 4157 2744 4221 mortltwsgrore;
2771 4150 2970 4221 quidam
3010 4155 3102 4221 hac
3137 4154 3240 4220 lege
3261 4155 3472 4221 offensus

267 4214 464 4279 litteras
477 4213 563 4262 sub
587 4211 788 4262 Diodori
808 4209 998 4279 nomine
1020 4209 1252 4279 adversus
1277 4225 1388 4262 eum
1404 4211 1880 4279 circumtulittinde
1896 4218 2010 4279 nata
2033 4209 2224 4279 occasio
2244 4210 2388 4276 hujus
2417 4209 2591 4279 Basilii
2611 4209 2846 4279 epistolis,
2869 4211 2918 4263 in
2942 4228 3037 4279 qua
3060 4209 3472 4270 decrEtuni'suum

265 4274 566 4344 defendit'pex
589 4273 927 4344 consuetudine
952 4273 1173 4344 Ecclesite
1203 4287 1306 4324 sua:
1327 4271 1600 4344 :Aobjeclunt
1629 4287 1692 4323 ex
1722 4272 1904 4344 hiqysis
1937 4271 2135 4344 silentio
2157 4271 2492 4344 argumentum
2511 4271 2763 4336 dissolvit;
2788 4273 2884 4325 into
2911 4271 3128 4344 Moysem
3150 4293 3245 4329 non
3267 4279 3474 4334 tacuisse

266 4332 508 4387 contendit
529 4349 547 4386 :
565 4349 622 4384 ac
641 4343 880 4398 postremo
900 4336 1170 4386 naturalem
1192 4332 1522 4400 cognationem
1542 4335 1618 4386 his
1638 4332 1825 4398 nuptiis
1839 4332 2073 4396 confundi
2095 4332 2414 4384 demonstrat.

851 4445 1131 4514 Διοδώρῳ.

280 4538 331 4591 1.
374 4537 624 4604 Ἀφίκετο
649 4539 780 4606 ἡμῖν
803 4537 1107 4608 γράμματα
1124 4538 1224 4607 τὴν
1254 4539 1566 4611 ἐπιγραφὴν
1594 4538 1786 4610 ἔχοντα

205 4627 476 4698 Διοδώρου
504 4667 519 4688 ,
554 4627 622 4680 τὰ
649 4627 703 4680 δὲ
748 4628 942 4697 ἐφεξῆς
969 4627 1130 4683 ἄλλου
1155 4629 1298 4693 τινὸς
1324 4629 1604 4701 πρέποντα
1643 4627 1786 4683 εἶναι

212 4717 411 4787 μᾶλλον
459 4717 493 4787 ἢ
537 4716 819 4788 Διοδώρου.
873 4719 1029 4770 Δοκεῖ
1065 4718 1173 4787 γάρ
1213 4719 1303 4788 μοί
1336 4736 1419 4782 τις
1461 4719 1570 4772 τῶν
1609 4735 1788 4789 τεχνι-

205 4808 322 4862 κῶν
356 4809 488 4879 (98),
518 4808 580 4861 τὸ
633 4810 722 4862 σὺν
775 4810 1063 4880 πρόσωπον
1102 4810 1320 4875 ὑποδὺς,
1377 4809 1552 4874 οὓτως
1590 4810 1786 4863 ἑαυτὸν

278 4941 324 4972 ³²
359 4939 523 4996 Prov.
563 4957 638 5004 ιι,
671 4941 723 4995 9.

274 5052 394 5124 (9ι)
431 5053 666 5122 Πτῶμα.
707 5052 826 5108 Duo
857 5068 993 5110 mss.
1025 5054 1295 5124 πταῖσμα.

274 5121 391 5192 (95)
431 5121 592 5177 Κατὰ
617 5125 854 5192 μικρόν.
897 5124 1038 5177 Editi
1072 5125 1174 5178 κᾶν
1198 5121 1428 5195 μικρόν,
1469 5139 1591 5194 quae
1621 5125 1787 5180 leétio

203 5196 312 5247 etsi
343 5207 442 5247 sua
475 5204 666 5262 sponte
695 5195 829 5247 nihil
861 5195 1024 5249 habet
1049 5195 1189 5257 vitii,
1219 5210 1328 5248 non
1356 5203 1537 5248 tamen
1568 5197 1789 5250 videtur

204 5278 238 5316 a
271 5263 476 5317 Basilio
505 5264 744 5318 adhibita
778 5265 880 5318 hoc
909 5266 1051 5318 loco.
1084 5264 1215 5320 Plus
1246 5265 1391 5319 enim
1430 5265 1782 5320 tribuendum

198 5333 596 5404 vetustissimis
614 5334 790 5388 tribus
806 5335 1109 5395 codicibus.
1127 5335 1181 5389 in
1199 5335 1404 5404 quibus
1422 5334 1622 5403 legitur
1644 5337 1784 5390 κατὰ

248 5403 424 5471 ικρόν,
479 5419 640 5472 quam
687 5404 852 5458 editis
883 5413 938 5458 et
985 5405 1110 5460 aliis
1163 5403 1298 5459 mss.
1346 5403 1656 5461 Verisimile
1697 5414 1786 5460 est

239 5487 343 5526 anc
378 5473 632 5541 loquendi
664 5476 929 5529 rationem
980 5485 1038 5528 ut
1081 5476 1266 5528 minus
1296 5485 1610 5529 accuratam
1655 5492 1684 5529 a
1718 5478 1784 5530 li-

197 5540 400 5596 brariis
431 5540 774 5598 immutatam
807 5545 994 5598 fuisse.
1035 5543 1136 5598 Sed
1162 5553 1343 5598 tamen
1373 5558 1436 5597 ea
1467 5543 1704 5600 Basilius
1727 5548 1784 5601 in

198 5611 367 5665 rebus
380 5613 675 5685 simillimis
688 5630 924 5684 persmpe
938 5617 1126 5669 utitur.
1143 5614 1374 5668 Eosdem
1389 5613 1606 5685 codices
1620 5619 1784 5685 paulo

199 5687 326 5748 post
359 5683 642 5752 sequimur
671 5682 728 5740 in
767 5682 876 5740 hac
898 5701 1030 5741 voce
1063 5685 1399 5756 προσδεῖται.
1425 5682 1776 5741 Εάίιὶδεῖται.

2555 4446 2811 4502 Diodoro.

1960 4536 2010 4590 l.
2072 4535 2348 4593 Venerunt
2389 4539 2550 4594 nobis
2596 4541 2791 4594 litterae
2843 4540 3064 4596 nomine
3120 4539 3340 4595 Diodori
3386 4543 3473 4596 in-

1888 4628 2139 4698 scriptzc,
2199 4638 2253 4682 at
2291 4631 2343 4683 in
2397 4631 2623 4701 reliquis
2652 4633 2904 4703 quemvis
2935 4635 3100 4688 alium
3138 4638 3320 4704 potius
3369 4636 3472 4692 de-~-

1888 4731 2076 4775 centes
2124 4737 2286 4790 quam
2358 4721 2679 4779 Diodorum.
2762 4723 2993 4779 Videtur
3057 4727 3202 4780 enim
3252 4737 3469 4785 astutus

1890 4811 2088 4882 aliquis
2121 4827 2415 4884 personam
2473 4822 2622 4869 tuam
2663 4815 2935 4883 induens,
2968 4819 3048 4874 sic
3091 4820 3196 4874 sibi
3228 4820 3470 4876 voluisse

1961 5055 2074 5126 (96)
2118 5055 2230 5130 Τὰς
2257 5059 2727 5129 ὑπερκοσμίους.
2765 5061 2857 5117 Sic
2887 5077 3020 5118 mss.
3051 5078 3167 5119 sex.
3199 5063 3339 5119 Editi
3368 5064 3469 5130 τὰς

1886 5126 1992 5180 ὐπε
2001 5127 2284 5196 ρκοσμίας.

1885 5269 1918 5337 ἡ
1961 5198 2077 5284 (.97)
2130 5199 2574 5268 Συνεργοῦντος
2631 5201 2795 5270 ὑμῖν.
2849 5202 3001 5258 Harl.
3078 5205 3466 5276 συνεργοῦντος

1930 5285 2040 5337 μιν.

1930 5285 2040 5337 μιν.

1960 5337 2072 5409 (98)
2119 5341 2210 5402 Τις
2244 5337 2362 5391 τῶν
2395 5339 2706 5408 τεχνικῶν.
2759 5341 2868 5397 Pro
2909 5343 2997 5399 his
3028 5345 3256 5400 vocibus
3300 5345 3468 5399 habet

1884 5408 2058 5486 "laris
2073 5410 2240 5462 codex
2281 5409 2420 5486 τάχα
2445 5429 2527 5486 τις
2555 5411 2664 5464 τῶν
2701 5411 2985 5486 βαναύσων
3016 5416 3297 5486 τεχνιτῶν,
3329 5417 3466 5484 forte

1885 5479 2078 5551 aliquis
2130 5482 2555 5551 carinae/laniem
2607 5479 2922 5551 artiﬁcibus.
2992 5479 3294 5542 Medicazus'
3329 5479 3466 5541 ὐυω

1883 5549 2096 5624 duobus
2131 5549 2961 5624 διίξε--τῶν--βαναύσωντεχνῶν.

1957 5623 1971 5637 ⁸
2013 5620 2162 5675 Alias
2197 5619 2447 5676 CXCVII.
2485 5621 2700 5693 Scripta
2733 5619 2878 5680 circa
2911 5641 2998 5680 an.
3036 5627 3159 5682 575.
