3852 6220
1758 246 1817 303 S.
1859 247 2109 305 BASlLll
2145 247 2363 306 MAGNI

3571 253 3681 310 Ou

413 363 794 422 auctoritatem
822 360 966 433 apud
1020 360 1299 417 auditores
1329 374 1671 431 comparare.
1726 360 1832 429 Qui
1862 366 1980 434 qui-

2088 364 2399 429 ἁξιόπιστον
2430 362 2683 435 ἐθελῆσαι
2725 364 2949 435 ποιῆσαι
2979 366 3092 429 τοῖς
3123 364 3519 437 ἀκροωμένοις.
3575 367 3679 430 ὀς

411 460 533 516 dem
572 458 643 512 ab
662 457 847 527 aliquo
883 457 1283 527 interrogatus,
1342 470 1413 509 an
1446 454 1554 511 sibi
1599 454 1792 510 liceret
1842 472 1991 510 mor-

411 559 519 604 tute
547 547 736 603 uxoris
769 561 1017 603 sororem
1058 548 1111 600 in
1164 546 1577 600 matrimonium
1625 546 1851 610 ducere,
1906 548 1991 601 in-

410 640 840 711 terrogationem
877 655 986 695 non
1038 638 1372 709 perhorruit,
1428 640 1522 694 secl
1556 639 1770 708 placide
1824 639 1988 694 etiam

412 733 637 799 audivit,
702 746 766 786 ac
814 732 1078 785 lascivam
1151 730 1431 784 libidinem
1491 730 1708 785 fortiter
1762 746 1990 801 prorsus

408 833 465 880 et
504 824 826 896 pugnaciter
880 824 1108 893 adjuvit.
1151 821 1306 889 Quod
1361 824 1407 877 si
1443 822 1704 878 adessent
1751 823 1986 891 litterae,

410 932 504 972 eas
547 916 614 970 ad
661 923 714 971 te
766 914 1079 979 misissem,
1119 917 1365 984 satisque
1430 913 1664 970 haberes
1713 913 1989 972 facultatis

409 1018 463 1061 et
501 1006 567 1060 ad
596 1018 743 1059 tuam
792 1012 849 1060 et
881 1003 949 1058 ad
987 991 1237 1059 veritatis
1284 1004 1681 1070 defensionem.
1723 1003 1831 1060 Sed
1859 1006 1990 1078 quia

408 1098 505 1168 qui
568 1098 692 1151 illas
742 1096 1075 1161 ostenderat,
1138 1111 1333 1152 rursus
1377 1096 1624 1162 abstulit,
1681 1105 1736 1152 et
1794 1105 1988 1153 contra

409 1205 533 1264 nos,
565 1188 659 1259 qui
712 1187 765 1242 id
798 1188 867 1242 ab
910 1189 1066 1243 initio
1111 1190 1511 1259 prohibuimus,
1553 1190 1698 1244 velut
1724 1197 1987 1261 tropaeum

408 1281 686 1353 quoddam
740 1282 1105 1345 circumtulit,
1157 1282 1433 1336 licentiam
1481 1300 1542 1338 se
1581 1283 1783 1337 habere
1828 1282 1990 1336 dicti-

409 1383 534 1429 tans
566 1374 775 1443 scripto
803 1374 1118 1428 mandatam
1143 1391 1158 1440 ;
1198 1391 1347 1429 nunc
1377 1376 1443 1429 ad
1477 1384 1530 1430 te
1557 1376 1777 1445 scripsi,
1802 1375 1985 1430 utdu-

409 1466 538 1535 plici
570 1480 734 1519 manu
781 1466 1030 1533 spuriam
1064 1466 1212 1519 illam
1244 1467 1532 1536 epistolam
1567 1482 1983 1537 Oppugnemus;

408 1574 511 1613 nec
556 1559 857 1629 quidquam
897 1559 946 1613 ei
996 1559 1212 1614 roboris
1252 1559 1651 1630 relinquamus,
1710 1574 1781 1615 ne
1828 1559 1987 1614 facile

408 1653 580 1723 possit
606 1652 909 1722 legentibus
932 1666 1149 1706 nocere.

2091 473 2176 527 γε,
2211 455 2510 529 ἐρωτηθεὶς
2536 457 2642 510 ὑπό
2675 473 2842 520 τινος,
2881 458 2929 509 εί
2957 455 3177 528 θεμιτὸν
3208 456 3358 527 αὐτῷ
3391 457 3505 529 (99)
3540 458 3680 529 πρὸς

2091 549 2267 619 γάμον
2326 548 2631 617 ἀγαγέσθαι
2659 549 2759 619 τῆς
2797 548 3056 616 γυναικὸς
3110 547 3521 618 τελευτησάσης
3574 546 3680 617 τὴν

2090 640 2345 711 ἀδελφὴν,
2373 641 2472 693 οὐκ
2495 639 2685 712 ἔφριξε
2732 638 2829 710 τὴν
2863 639 3155 712 ἐρώτησιν,
3181 638 3321 694 ἀλλὰ
3352 640 3448 692 καὶ
3481 639 3682 710 πράως

2090 734 2288 805 ἧνεγκε
2315 732 2413 804 τὴν
2439 732 2630 804 ἀκοὴν,
2679 734 2776 787 καὶ
2818 732 2880 786 τὸ
2905 733 3135 802 ἀσελγὲς
3178 731 3506 803 ἐπιθύμημα
3531 731 3681 786 πάνυ

2089 824 2352 894 γενναίως
2395 825 2472 897 (1)
2524 825 2622 878 καὶ
2672 823 3050 893 ἀγωνιστικῶς
3098 822 3568 895 συγκατέπραξεν.
3613 824 3681 876 Ei

2092 916 2193 986 μὲν
2225 912 2317 970 οὖν
2356 917 2536 988 παρῆν
2586 912 2675 986 μοι
2709 916 2769 969 τὸ
2794 916 3048 988 γράμμα,
3095 917 3225 971 αὐτὸ
3256 916 3322 971 ἂν
3354 917 3678 980 ἀπέστειλα,

2090 1008 2183 1060 καὶ
2209 1007 2460 1079 ἐξήρκεις
2490 1006 2564 1078 (2)
2615 1008 2799 1079 σαυτῷ
2833 1025 2894 1061 τε
2923 1008 3130 1079 ἀμῦναι
3177 1009 3272 1063 καὶ
3302 1013 3370 1081 τῇ
3404 1010 3638 1082 ἀληθείᾳ
3661 1028 3677 1042 ο

2089 1099 2211 1151 ἐπεὶ
2248 1099 2305 1152 δὲ
2343 1101 2372 1152 ὁ
2404 1098 2586 1165 δείξας
2626 1098 2788 1153 πάλιν
2823 1098 3098 1168 ἀφείλετο,
3129 1101 3223 1154 καὶ
3249 1099 3439 1173 ὥσπερ
3470 1119 3524 1154 τι
3550 1102 3683 1171 τρό-

2089 1206 2248 1243 παιον
2282 1189 2407 1242 καθ’
2439 1190 2595 1260 ἡμῶν
2635 1191 2948 1262 περιέφερε,
2979 1191 3367 1245 κεκωλυκότων
3392 1193 3453 1246 τὸ
3475 1193 3535 1259 ἐξ
3570 1195 3648 1264 ἀρ
3668 1227 3682 1236 ο

2088 1281 2211 1352 χῆς,
2240 1280 2516 1353 ἔγγραφον
2559 1281 2704 1352 ἔχειν
2733 1282 2907 1350 λέγων
2935 1283 3035 1350 τὴν
3068 1283 3316 1347 ἐξουσίαν
3339 1300 3354 1315 °
3381 1284 3681 1340 ἐπέστειλα

2088 1371 2182 1427 νῦν
2247 1386 2349 1433 σοι,
2401 1370 2541 1423 ὥστε
2584 1370 2743 1442 διπλῇ
2792 1374 2860 1443 τῇ
2899 1373 3042 1444 χειρὶ
3072 1374 3221 1444 ἡμᾶς
3250 1372 3423 1427 ἐλθεῖν
3456 1375 3551 1428 ἐπὶ
3582 1376 3679 1430 τὸν

2088 1464 2238 1519 νόθον
2259 1467 2463 1519 ἐκεῖνον
2483 1466 2662 1535 λόγον,
2702 1467 2797 1521 καὶ
2842 1468 3111 1539 μηδεμίαν
3141 1469 3289 1540 αὐτῷ
3315 1471 3469 1541 ίσχὺν
3500 1489 3676 1526 κατα-

2088 1556 2287 1625 λιπεῖν,
2345 1558 2432 1611 ἴνα
2484 1558 2563 1629 μὴ
2589 1557 2687 1631 ἔχῃ
2727 1558 2986 1629 βλάπτειν
3015 1558 3215 1632 ῥᾳδίως
3247 1562 3375 1624 τοὺς
3408 1563 3677 1634 ἐντυγχά-

2088 1666 2300 1714 νοντας.

476 1746 532 1799 9.
596 1744 838 1799 Primum
889 1745 1112 1815 itaque,
1163 1742 1310 1814 quod
1385 1743 1439 1798 in
1490 1743 1763 1814 ejusmodi
1818 1744 1980 1800 rebus

2154 1741 2210 1796 2.
2246 1742 2472 1814 Πρῶτον
2513 1743 2612 1814 μὲν
2645 1738 2759 1807 οὖν,
2797 1743 2827 1797 ὃ
2863 1743 3120 1815 μέγιστον
3144 1743 3236 1796 ἐπὶ
3263 1744 3374 1797 τῶν
3407 1745 3672 1800 τοιούτων

295 1866 303 1883 ι
408 1837 709 1891 maximum
760 1842 884 1898 est,
927 1849 1137 1888 morem
1191 1843 1443 1889 nostrum
1497 1836 1741 1905 objicere
1785 1850 1984 1906 possu-

408 1945 568 1993 mus,
623 1937 683 1983 ιιι
718 1928 829 1981 vim
877 1928 1011 1996 legis
1059 1926 1392 1991 habentem,
1433 1942 1499 1981 eo
1545 1926 1690 1997 quod
1755 1927 1916 1982 nobis
1953 1942 1989 1980 a

406 2023 540 2077 viris
578 2021 785 2077 sanctis
823 2019 1043 2075 traditas
1079 2021 1191 2075 sint
1223 2020 1445 2090 regulae.
1498 2020 1615 2075 Mos
1653 2028 1836 2074 autem
1892 2020 1985 2074 ille

406 2123 492 2171 est
549 2114 847 2183 ejusmodi,
889 2121 949 2167 ut
1007 2112 1052 2166 si
1114 2114 1240 2183 quis
1296 2113 1631 2183 impuritatis
1690 2113 1827 2166 vitio
1880 2112 1983 2165 ali-

406 2206 627 2278 quando
678 2207 854 2262 vietus
886 2206 938 2259 in
987 2204 1231 2259 illicitam
1289 2205 1522 2258 duarum
1547 2219 1802 2259 sororqu
1851 2219 1986 2257 con-

403 2300 744 2371 iunctionem
771 2298 1049 2364 inciderit,
1113 2312 1294 2367 neque
1344 2297 1396 2349 id
1430 2297 1837 2350 matrimonium
1874 2298 1987 2350 exi-

407 2394 659 2448 stimetur
691 2432 707 2457 ,
751 2406 929 2462 neque
977 2391 1203 2446 omnino
1254 2392 1309 2445 in
1354 2390 1613 2444 Ecclesiae
1657 2400 1855 2445 coctum
1888 2389 1983 2443 ad-

406 2483 697 2536 mittantur
725 2523 740 2546 ,
796 2482 1117 2551 priusquam
1166 2494 1198 2533 a
1233 2495 1298 2535 se
1344 2479 1576 2535 invicem
1632 2479 1980 2535 dirimantur.

406 2572 590 2641 Quare
620 2573 838 2629 etiamsi
889 2572 1029 2628 nihil
1073 2572 1221 2626 aliud
1260 2571 1369 2626 dici
1400 2580 1624 2641 posset,
1672 2572 1808 2627 satis
1840 2579 1985 2626 esset

406 2668 528 2737 ipsa
603 2666 945 2722 consuetudo
1001 2665 1069 2719 ad
1109 2666 1238 2720 boni
1290 2664 1623 2719 custodiam.
1679 2662 1785 2718 Sed
1855 2663 1983 2732 quia

406 2760 503 2830 qui
531 2759 673 2812 hanc
711 2758 935 2827 scripsit
973 2757 1283 2826 epistolam,
1318 2757 1626 2810 adulterino
1662 2762 1984 2825 argumento

406 2851 611 2906 malum
682 2858 890 2902 tantum
932 2858 1163 2903 conatus
1217 2856 1302 2903 est
1331 2841 1416 2902 'in
1470 2863 1651 2903 mores
1699 2848 1981 2901 hominum

408 2942 689 3006 inducere,
753 2957 975 2998 necesse
1025 2949 1148 3003 est,
1208 2952 1268 2995 ut
1333 2954 1434 2994 nec
1500 2940 1982 2994 ratiocinationum

408 3034 713 3091 Subsidium
746 3034 1087 3097 omittamus,
1126 3046 1441 3101 quanquam
1472 3070 1487 3094 ,
1519 3030 1574 3085 in
1631 3031 1796 3085 rebus
1828 3031 1982 3085 valde

406 3126 743 3196 conspicuis,
781 3124 1256 3196 argumentatione
1288 3122 1466 3194 potior
1490 3132 1576 3177 est
1618 3122 1975 3191 uniuscujus-

406 3237 513 3292 que
538 3222 821 3292 prtenotio.

476 3315 530 3368 5.
594 3311 871 3382 Scriptum
918 3319 1021 3373 est,
1084 3308 1283 3378 inquit,
1335 3309 1390 3362 in
1420 3307 1707 3363 chitico:
1747 3306 1976 3361 Uxorem

406 3420 562 3474 super
599 3420 781 3457 sorore
838 3403 953 3470 ejus
1001 3418 1109 3455 non
1156 3402 1380 3471 accipies
1426 3399 1673 3453 aemulam
1704 3441 1717 3462 ,
1765 3399 1833 3453 ad
1889 3417 1977 3454 re-

405 3496 681 3552 relandam
742 3493 1118 3562 turpitudinem
1173 3493 1288 3563 ejus
1362 3506 1519 3560 super
1574 3507 1692 3545 eam
1725 3531 1739 3554 ,
1807 3490 1979 3546 adhuc

407 3592 602 3644 vivente
651 3605 711 3643 ea
738 3587 803 3640 ³³.
865 3585 995 3641 lude
1038 3586 1208 3656 igitur
1276 3581 1627 3638 manifestum
1671 3598 1792 3638 esse
1846 3583 1980 3637 dicit

407 3689 640 3737 mortua:
673 3693 919 3735 sororem
958 3679 1203 3748 accipere
1252 3676 1439 3731 licere.
1488 3675 1567 3731 Ad
1600 3674 1703 3729 hoc
1741 3674 1978 3745 primum

408 3774 629 3845 quidem
679 3771 880 3841 dicam,
920 3783 1266 3840 quaecunque
1316 3767 1402 3821 les
1435 3764 1593 3831 dicit,
1656 3766 1724 3821 iis
1777 3766 1873 3837 qui
1921 3766 1980 3820 in

408 3867 523 3937 lege
558 3871 687 3919 sunt
733 3864 915 3918 dicere
948 3881 961 3929 ;
1004 3862 1209 3931 alioqui
1259 3860 1341 3916 sic
1375 3866 1431 3915 et
1477 3858 1887 3913 circumcisioni
1924 3864 1980 3914 et

407 3954 647 4011 Sabbato
679 3962 734 4010 et
790 3954 1134 4009 abstinentiae
1169 3952 1416 4006 ciborum
1449 3948 1823 4017 subjiciemur.
1872 3947 1983 4003 Ne-

407 4063 511 4120 que
541 4048 686 4103 enim
733 4046 779 4101 si
818 4046 949 4116 quid
1008 4045 1353 4099 inveniamus
1406 4043 1718 4113 appositum
1772 4042 1980 4097 nostris

407 4137 795 4208 voluptatibus,
843 4137 978 4206 jugo
1021 4137 1300 4192 servitutis
1335 4135 1470 4205 legis
1499 4148 1601 4188 nos
1655 4132 1760 4203 ipsi
1806 4133 1981 4202 subji-

406 4233 655 4285 ciemus:
684 4230 732 4284 si
777 4228 908 4297 quid
961 4234 1145 4281 autem
1186 4226 1362 4280 visum
1396 4226 1561 4279 fuerit
1600 4239 1763 4295 grave
1796 4224 1854 4279 in
1903 4224 1981 4279 le-

406 4322 638 4393 galibus,
676 4326 807 4373 tunc
833 4318 901 4371 ad
934 4318 1241 4371 libertatem
1264 4356 1279 4380 ,
1313 4315 1483 4386 250
1511 4332 1635 4385 quae
1665 4316 1723 4370 in
1753 4314 1980 4370 Christo

2085 1835 2223 1897 ἐστὶ,
2246 1835 2307 1887 τὸ
2335 1835 2460 1906 παρ’
2486 1837 2616 1905 ἡμῖν
2650 1834 2789 1898 ἔθος,
2819 1835 2848 1888 ὃ
2890 1835 3088 1906 ἔχομεν
3129 1835 3477 1907 προϐάλλειν,
3503 1837 3675 1909 νόμου

2085 1926 2310 1998 δύναμιν
2339 1927 2482 1997 ἕχον,
2515 1927 2603 1980 διὰ
2640 1928 2702 1981 τὸ
2725 1928 2814 1997 ὑφ’
2849 1928 3020 1997 ἁγίων
3046 1926 3258 2000 ἀνδρῶν
3289 1928 3417 1991 τοὺς
3435 1927 3675 1999 θεσμοὺς

2086 2020 2217 2089 ⁴ἡμῖν
2282 2020 2673 2090 παραδοθῆναι.
2731 2019 2901 2073 Τοῦτο
2940 2018 3001 2073 δὲ
3048 2018 3291 2073 τοιοῦτον
3346 2020 3530 2074 ἐστιν·
3575 2022 3678 2074 ἐάν

2085 2129 2187 2175 τις,
2219 2112 2380 2165 πάθει
2414 2112 2756 2184 ἀκαθαρσίας
2784 2112 2914 2166 ποτέ
2943 2111 3259 2184 κρατηθεὶς,
3288 2112 3498 2184 ἐκπέσῃ
3531 2113 3677 2184 πρὸς

2084 2203 2227 2256 δυεῖν
2254 2202 2498 2271 ἀδελφῶν
2520 2203 2758 2274 ἄθεσμον
2788 2203 3096 2267 κοινωνίαν,
3134 2204 3273 2274 μήτε
3316 2205 3496 2274 γάμον
3522 2207 3683 2277 ἡγεῖα

2088 2294 2209 2346 σθαι
2236 2293 2422 2346 τοῦτον
2451 2292 2555 2364 (5),
2593 2291 2721 2363 μηθ’
2742 2292 2880 2356 ὅλως
2918 2293 2998 2356 είς
3041 2285 3366 2363 Έκκλησίας
3396 2290 3678 2363 πλήρωμα

2087 2384 2489 2455 παραδέχεσθαι
2540 2384 2825 2456 πρότερον,
2861 2385 2893 2454 ἢ
2930 2382 3181 2437 διαλῦσαι
3217 2384 3415 2446 αὐτοὺς
3447 2385 3543 2438 ἀπ’
3577 2384 3675 2437 ἀλ-

2085 2474 2280 2546 λήλων.
2316 2476 2479 2529 Ὥστε
2503 2478 2551 2529 εἰ
2576 2477 2670 2530 καὶ
2707 2475 2875 2546 μηδὲν
2908 2475 3095 2546 ἐτερον
3123 2476 3296 2528 εἰπεῖν
3326 2470 3416 2546 ἦν,
3445 2474 3675 2547 ἐξήρκει

2083 2569 2144 2621 τὸ
2174 2568 2294 2632 ἔθος
2337 2569 2472 2640 πρὸς
2503 2568 2602 2641 τὴν
2639 2568 2733 2622 τοῦ
2765 2567 2931 2621 καλοῦ
2964 2567 3041 2638 (4)
3066 2568 3335 2639 φυλακήν.
3372 2568 3590 2639 Ἐπειδὴ
3613 2567 3677 2620 δὲ

2084 2661 2113 2712 δ
2175 2660 2273 2729 τὴν
2324 2659 2614 2731 ἐπιστολὴν
2676 2659 2915 2730 γράψας,
2979 2659 3366 2730 ἐπιχειρήματι
3430 2657 3675 2728 κιϐδήλῳ

2087 2755 2251 2807 κακὸν
2282 2754 2532 2808 τοσοῦτον
2566 2754 2831 2823 ἐπειράθη
2855 2752 2933 2823 τῷ
2966 2751 3064 2823 βίῳ
3095 2752 3418 2820 ἐπαγαγεῖν,
3445 2750 3669 2818 ἀνάγκη

2086 2847 2221 2917 μηδὲ
2247 2849 2397 2917 ἡμᾶς
2428 2846 2528 2916 τῆς
2565 2848 2630 2900 ἐκ
2659 2846 2766 2899 τῶν
2807 2844 3081 2915 λογισμῶν
3112 2844 3365 2916 βοηθείας
3395 2842 3669 2911 ὑφέσθαι·

2083 2935 2258 2989 καίτοι
2288 2953 2351 3005 γε
2383 2937 2477 2989 ἐπὶ
2522 2936 2634 2989 τῶν
2680 2934 2886 3004 σφόδρα
2912 2935 3159 3004 ἐναργῶν
3189 2933 3393 3005 μείζων
3424 2933 3545 2985 ἐστὶ
3572 2930 3671 2985 τοῦ

2083 3026 2238 3096 λόγου
2268 3029 2301 3100 ὴ
2334 3030 2464 3099 παρ’
2501 3027 2734 3081 ἑκάστου
2775 3026 2850 3095 (5)
2878 3025 3171 3098 πρόληψις.

2148 3305 2201 3359 5.
2230 3304 2565 3375 Γέγραπται,
2621 3304 2807 3373 φησιν,
2851 3303 2910 3355 ἐν
2949 3300 3030 3373 τῷ
3074 3302 3366 3374 Λευῖτικῷ·
3391 3303 3667 3359 Γυναῖκα

2077 3394 2169 3447 ἐπ’
2227 3393 2463 3463 ἀδελφῇ
2506 3388 2696 3463 αὐτῆς
2739 3394 2812 3447 οὐ
2837 3392 3013 3461 λήψῃ
3053 3393 3376 3462 ἀντεξηλον
3402 3436 3416 3461 ,
3443 3396 3664 3450 ἀποκα-

2078 3488 2269 3553 λύψαι
2284 3484 2395 3552 τὴν
2409 3485 2849 3554 ἀσχημοσύνην
2861 3483 3054 3551 αὐτῆς
3068 3485 3159 3537 ἐπ’
3174 3484 3349 3553 αὐτῇ,
3368 3485 3458 3539 ἐτι
3473 3485 3664 3554 ζώσης

2080 3575 2286 3643 αὐτῆς.
2318 3576 2485 3647 Δῆλον
2512 3576 2576 3647 δὴ
2609 3572 2701 3629 οὖν
2720 3577 2783 3649 ἐκ
2806 3576 2996 3628 τούτου
3028 3571 3169 3629 εἷναί
3199 3594 3386 3647 φησιν,
3418 3578 3505 3631 ὅτι
3533 3596 3666 3647 συγ-

2080 3669 2338 3738 χωρεῖται
2380 3666 2679 3737 λαμϐάνειν
2732 3665 3156 3738 τελευτησάσης.
3213 3667 3357 3739 Πρὸς
3400 3668 3467 3739 δὴ
3505 3668 3667 3722 τοῦτο

2082 3758 2296 3829 πρῶτον
2334 3758 2432 3829 μὲν
2471 3760 2657 3812 ἐκεῖνο¹
2708 3758 2864 3831 ἐρῶθ
2905 3759 3011 3822 ὅτι,
3065 3760 3164 3812 ὃσα
3212 3761 3241 3812 ὁ
3275 3760 3443 3828 νόμος
3488 3761 3662 3830 λέγει,

2079 3852 2192 3912 τοῖς
2209 3851 2265 3902 ἐν
2282 3849 2360 3920 τῷ
2384 3850 2534 3920 νόμῳ
2561 3848 2714 3903 λαλεῖ
2753 3849 2849 3920 (6)'
2870 3850 2992 3903 ἐπεὶ
3012 3849 3154 3903 οὕτω
3175 3867 3238 3919 γε
3254 3850 3661 3922 κανπεριτομῇ,
3688 3896 3699 3905 .

2081 3941 2175 3994 καὶ
2222 3940 2504 4012 Σαϐϐάτῳ,
2556 3941 2650 3994 καὶ
2681 3943 2861 4013 ἀποχῇ
2908 3940 3211 4013 βρωμάτων
3238 3942 3671 4012 ὑποκεισόμεθα.-

2081 4034 2157 4087 Οὐ
2181 4034 2288 4105 γὰρ
2312 4033 2395 4106 δὴ,
2423 4033 2517 4087 ἐὰν
2552 4033 2651 4105 μέν
2673 4051 2725 4086 τι
2758 4032 3008 4105 εὕρωμεν
3042 4034 3332 4107 συντρέχον
3354 4034 3518 4106 ἡμῶν
3541 4038 3665 4100 ταῖς

2078 4125 2319 4196 ἡδοναῖς,
2378 4124 2456 4195 τῷ
2488 4124 2639 4196 ζυγῷ
2667 4126 2767 4195 τῆς
2805 4124 3051 4189 δουλείας
3083 4124 3178 4178 τοῦ
3230 4125 3396 4195 νόμου
3430 4126 3662 4190 ἑαυτοὺς

2083 4216 2454 4289 ὑποθήσομεν·
2511 4217 2607 4271 ἐὰν
2651 4216 2707 4270 δέ
2761 4233 2813 4270 τι
2864 4219 3007 4288 φανῇ
3053 4216 3191 4289 βαρὺ
3234 4216 3343 4271 τῶν
3386 4217 3658 4287 νομίμων,

2079 4311 2202 4364 τότε
2258 4310 2396 4381 πρὸς
2446 4308 2549 4381 τὴν
2589 4310 2647 4363 ὲν
2708 4307 2931 4381 Χριστῷ
2973 4309 3286 4381 ἐλευθερίαν
3322 4310 3665 4381 ἀποδραμού-

404 4419 509 4476 est,
540 4408 941 4480 confugiemus.
985 4406 1310 4477 Interrogati
1360 4421 1552 4460 sumus
1593 4420 1661 4459 an
1714 4405 1978 4475 scriptum

2087 4401 2248 4473 μεθα.
2322 4400 2713 4472 Ἥρωτήθημεν
2772 4401 2849 4471 (7)
2896 4404 2944 4455 εἰ
3000 4401 3310 4471 γέγραπται
3361 4401 3661 4473 λαμϐάνειν

403 4505 493 4570 sit,
546 4510 607 4558 ut
657 4501 965 4573 accipiatur
1015 4513 1156 4554 uxor
1203 4505 1329 4568 post
1371 4497 1548 4567 ipsius
1582 4510 1849 4552 sororem.
1888 4494 1979 4551 Din

472 4658 517 4690 ³³
556 4656 730 4714 Levii.
761 4672 920 4722 xvm,
962 4655 1050 4712 18.

474 4776 584 4846 (99)
614 4775 801 4846 Αὐτῷ.
840 4773 929 4829 Sic
952 4783 1063 4846 tres
1088 4770 1449 4846 vetustissimi
1478 4769 1776 4846 codiceset‘
1797 4767 1967 4846 goisl.

403 4838 696 4903 secundus.
729 4838 872 4900 Editi
901 4845 1082 4899 αὐτόν.
1107 4842 1267 4897 Deest
1288 4859 1351 4897 ea
1374 4858 1477 4895 vox
1506 4842 1560 4894 in
1587 4839 1773 4893 codice
1795 4838 1966 4892 Coisl.

401 4920 492 4987 qui
530 4918 730 4972 saaculo
774 4931 922 4970 nono
961 4926 1239 4975 exaratus.
1280 4921 1442 4981 atque
1490 4911 1635 4987 hanc
1677 4909 1967 4987 epistolam

399 4979 523 5043 cum
552 4991 673 5042 aliis
707 4987 1039 5058 synodorum
1068 4994 1124 5040 et
1149 4979 1465 5040 sanctorum
1491 4979 1713 5034 Patrum
1739 4979 1969 5033 canoni-

399 5060 502 5113 bus
530 5058 932 5128 complectitur.

467 5130 545 5199 (1)
586 5116 905 5192 Γένναίως.
954 5124 1099 5199 Ed‘iti
1146 5122 1353 5199 addunt
1399 5120 1570 5193 αὐτῷ,
1621 5116 1770 5189 quod
1811 5116 1968 5173 deest

399 5199 452 5253 iu
478 5194 655 5252 tribus
682 5196 1076 5252 vetustissimis
1103 5194 1408 5248 codicibus.

468 5268 546 5338 (Ξ)
598 5268 922 5338 Ἔξήρκεις.
961 5266 1052 5321 Sic
1079 5280 1212 5320 mss.
1241 5278 1453 5318 novem.
1478 5259 1620 5314 Editi
1649 5258 1891 5338 ἐξήρκει.

469 5331 542 5409 (ὅ)
587 5331 1091 5409 Τοῦτόνζιιαοειρ
1122 5350 1255 5391 mss.
1278 5347 1513 5404 quorum
1545 5337 1783 5399 quatuor
1811 5331 1968 5397 longe

399 5404 776 5463 vetustissimi.
814 5406 955 5461 Editi
988 5404 1166 5459 τοῦτο.

468 5477 545 5548 (4)
578 5478 801 5532 Καλοῦ.
846 5476 936 5548 Sic
960 5476 1089 5548 editi
1111 5484 1165 5529 et
1192 5469 1587 5548 codicesllarl.
1619 5467 1833 5548 etibled.
1862 5466 1967 5520 Le-

398 5542 543 5617 gitur
588 5549 641 5601 in
686 5548 864 5602 tribus
900 5545 1254 5617 Coislinianis
1306 5542 1589 5617 codicibus
1641 5547 1695 5594 et
1731 5548 1971 5617 quatuor

398 5608 522 5672 aliis
562 5617 757 5678 κακοῦ,
796 5617 864 5669 ad
916 5615 1117 5669 malum
1160 5612 1466 5669 cavendum.
1511 5608 1644 5665 Utra
1696 5608 1970 5677 scriptura

391 5688 577 5765 potior
616 5688 789 5743 videri
836 5687 1050 5753 debeat,
1101 5700 1202 5741 nec
1240 5684 1401 5739 facile
1454 5687 1540 5738 est
1579 5688 1841 5744 statuere,
1859 5692 1969 5732 nec

2083 4499 2319 4567 γυναῖκα
2373 4498 2457 4549 ἐπ’
2507 4496 2732 4567 ἀδελφῇ.
2767 4497 3030 4568 Εἴπομεν,
3070 4496 3207 4565 ὅπερ
3254 4493 3496 4563 ἀσφαλὲς
3529 4497 3660 4566 ἡμῖν

2077 4763 2261 4832 magni
2317 4758 2600 4832 momenti.
2635 4756 2917 4832 Vufgatam
2967 4752 3211 4832 retinere
3250 4753 3442 4817 malui,
3492 4769 3658 4832 quam

2074 4823 2359 4889 eon‘lirmat
2377 4830 2670 4900 Gregorius
2693 4823 3071 4900 Naziansenus
3098 4831 3238 4900 orat.
3275 4840 3438 4887 mu,
3458 4823 3654 4900 p.410,

2075 4907 2167 4959 ubi
2200 4902 2467 4957 Heronem
2487 4895 2689 4952 'canem
2715 4912 2837 4951 esse
2868 4895 3022 4957 dicit,
3046 4910 3150 4948 non
3177 4895 3399 4958 latratu,
3421 4895 3514 4949 sed
3534 4896 3655 4948 boni

2073 4973 2337 5055 custodia,
2370 4979 2419 5055 et
2460 4970 2782 5055 vigiliis‘pro
2814 4965 3130 5055 animarumL
3153 4964 3327 5044 salu_te
3368 4967 3648 5055 susceptis;

2073 5043 2208 5097 Οὑδέ
2239 5042 2338 5112 τὴν
2368 5034 2599 5112 θλακῆν,
2628 5034 2764 5112 ἀλλὰ
2793 5036 2891 5105 τὴν
2922 5034 3168 5104 φυλακὴν
3197 5034 3291 5088 τοῦ
3329 5034 3522 5100 καλοῦ,
3557 5035 3652 5089 καὶ

2071 5115 2131 5167 τὸ
2324 5108 2642 5200 τῶνιψυχῶν
2673 5108 2968 5200 ἄγρυπνον.
3212 5188 3272 5200 M
3319 5173 3392 5200 ..Α
3635 5177 3651 5195 .

2140 5183 2221 5307 (5)
2252 5176 2392 5248 Παρ’
2415 5176 2694 5233 έκάάτου.
2718 5176 2965 5242 Quatuor
2989 5189 3124 5255 mss.
3147 5176 3489 5230 recentiores
3515 5177 3650 5299 παρ’

2072 5253 2135 5307 ἐκ
2178 5270 2307 5321 στῳ.
2346 5249 2436 5304 Sic
2456 5252 2620 5304 etiam
2648 5250 2808 5301 habet
2830 5252 3206 5301 vetustussrma
3232 5259 3509 5299 canonum
3534 5261 3601 5301 co
3621 5273 3650 5286 -

2072 5323 2232 5379 lectio
2260 5320 2620 5377 Coisliniana.

2143 5394 2219 5465 (6)
2237 5391 2438 5447 Λαλεῖ.
2458 5389 2705 5465 Quatuor
2720 5386 2938 5465 codices
2959 5401 3067 5465 non
3090 5381 3653 5465 antiqtlissimi‘lérsi,

2141 5450 2217 5534 (7)
2265 5450 2696 5534 Ἥρωτήῖθημεν.
2729 5456 2851 5534 Non
2879 5457 3020 5511 male
3052 5470 3195 5534 unus
3222 5450 3419 5534 sodes
3442 5450 3649 5534 Regius

2071 5523 2444 5606 ὴρῶτησεν,ςι
2472 5523 2633 5606 paulo
2652 5537 2776 5606 post
2799 5527 3062 5606 εἴπωμεν,
3077 5523 3487 5606 interrogavit...
3503 5525 3651 5606 dica-

2073 5593 2210 5675 ιὶὶαε,
2234 5593 2340 5660 étc.
2365 5593 2733 5659 Consentit'in
2755 5593 2999 5655 secunda
3020 5610 3149 5652 voce
3162 5593 3656 5651 CoiSlrsecuudus.
