3852 6220
188 260 331 331 Βεθε-

693 446 1042 500 ΕΠΙΣΤΟΛΗ
1075 446 1242 502 ΡΞΑ⁹.

184 576 581 648 Amphilpchium
602 588 877 648 consonum
905 581 1140 648 Basilius,
1164 590 1265 648 tum
1283 599 1393 636 cum
1410 586 1438 648 f1

1125 266 1614 324 EPISTOLARUM
1655 269 1942 327 CLASSIS
1981 271 2045 327 ll.
2086 269 2304 325 EPIST.
2345 268 2524 325 CLXI.

3355 255 3459 319 630

2401 446 2740 503 EPISTOLA
2771 446 2951 504 CLXl‘

1432 584 1971 652 'ugeretprdinationem
1984 622 2013 652 ,_
2033 583 2406 652 gradientibus
2428 582 2687 652 irretitum.
2714 585 2763 652 ῌ
2766 589 2963 652 artatur-5
2973 588 3024 631 ut
3041 594 3205 644 pravae
3224 579 3461 652 doctrinae

245 637 511 714 pravisque
531 641 747 693 moribus
770 651 1044 696 constanter
1071 637 1287 697 obsistat.
1321 637 1688 710 Reddin—sim
1710 649 1851 714 longo
1887 637 2057 700 ηιοὲὸό
2091 645 2395 698 debilitatum
2422 643 2631 697 invisere
2650 643 2765 697 velit
2784 682 2797 706 ,
2818 657 2904 695 nec
2942 637 3126 707 tempus
3146 656 3234 694 nec
3269 640 3460 707 signum

246 709 505 764 exspectet.

295 831 653 902 Ἀμφιλοχίῳ
678 832 812 902 (16),
844 835 1320 905 χειροτονηθέντι
1354 838 1686 906 ὲπισκόπῳ,

260 946 311 999 1.
346 947 652 1019 Εὐλογητὸς
679 951 709 1001 ὁ
735 948 887 1015 Θεὸς,
914 950 943 1002 6
982 951 1110 1015 τοὺς
1157 951 1278 1006 καθ’
1313 952 1550 1025 ἑκάστην
1587 954 1793 1024 γενεάνυ

187 1037 624 1109 εὐαρεστοῦντας
659 1040 811 1111 αὐτῷ
853 1042 1232 1115 ἐκλεγόμενος,
1265 1046 1360 1098 καὶ
1402 1046 1684 1117 γνωρίζων
1711 1045 1781 1100 τὰ

189 1131 364 1204 σκεύη
412 1132 513 1203 τῆς
562 1134 814 1204 ἐκλογῆς,
865 1136 961 1188 καὶ
1007 1136 1347 1207 κεχρημένος
1401 1137 1586 1202 αὐτοῖς
1642 1138 1780 1210 πρὸς

187 1225 293 1295 τὴν
320 1223 663 1297 λειτουργίαν
693 1225 803 1280 τῶν
832 1227 1036 1296 ἁγίων·
1081 1229 1111 1280 6
1143 1229 1242 1281 καὶ
1268 1228 1364 1283 νῦν
1393 1246 1453 1283 σε
1486 1229 1777 1300 φεύγοντα,

186 1314 269 1378 ὡς
294 1315 458 1380 αὐτὸς
498 1315 626 1386 φὴς,
665 1317 764 1387 οὐχ
804 1318 974 1388 ἡμᾶς,
1009 1317 1145 1371 ἀλλά
1186 1319 1282 1390 τὴν
1329 1319 1396 1372 δι’
1428 1320 1585 1391 ἡμῶν
1615 1337 1782 1391 προσ-

187 1406 514 1479 δοκωμένην
546 1407 761 1477 κλῆσιν,
803 1412 917 1471 τοῖς
943 1408 1207 1479 ἀφύκτοις
1233 1409 1596 1482 δικτύοιςντῆς
1622 1412 1781 1482 χάρι-

186 1513 287 1559 τος
323 1495 687 1567 σαγηνεύσας,
723 1497 817 1550 καὶ
840 1498 1066 1566 ἀγαγὼν
1103 1498 1186 1561 είς
1215 1498 1286 1552 τά
1323 1500 1462 1571 μέσα
1495 1501 1595 1570 τῆς
1628 1502 1785 1554 Πισι-

186 1588 333 1654 δίας,
372 1588 513 1642 ὥστε
544 1588 863 1660 ἀνθρώπους
908 1589 1139 1662 ζωγρεῖν
1180 1591 1259 1662 τῷ
1307 1593 1519 1664 Κυρίῳ,
1560 1594 1655 1648 καὶ
1697 1594 1782 1647 ἐλ-

189 1694 313 1730 κειν
336 1677 444 1731 ἀπὸ
469 1676 565 1731 τοῦ
595 1677 757 1748 βυθοῦ
795 1680 876 1743 είς
915 1680 978 1733 τὸ
1027 1680 1142 1749 φῶς
1191 1682 1319 1746 τοὺς
1363 1682 1780 1756 ἐζωγρημένους

192 1765 303 1820 ὑπὸ
335 1765 432 1821 τοῦ
470 1766 717 1821 διαϐόλου
768 1769 850 1831 είς
890 1768 951 1822 τὸ
997 1770 1206 1823 ἐκείνου
1252 1771 1483 1844 θέλημα.
1515 1774 1656 1843 Λέγε
1687 1771 1781 1829 οὖν

189 1859 290 1911 καὶ
328 1859 394 1912 σὺ
434 1858 504 1912 τά
549 1858 642 1913 τοῦ
680 1861 950 1932 μακαρίου
989 1860 1180 1914 Δαϐίδ·
1207 1862 1333 1918 Ποῦ
1365 1864 1632 1933 πορευθῶ
1664 1867 1780 1922 ἀπὸ

190 1945 301 2001 αὖ
322 1949 665 2017 πνεύματός
695 1964 849 2014 σου;
883 1951 983 2004 καί
1015 1951 1137 2007 ἀπὸ
1164 1952 1272 2007 τοῦ
1307 1954 1633 2022 προσώπου
1666 1972 1782 2013 σου

189 2038 315 2093 (τοῦ
342 2041 548 2110 satira);
583 2038 820 2095 Τοιαῦτα
852 2042 962 2112 γάρ
994 2030 1452 2116 θαυματουργεῖὸ
1484 2046 1785 2124 φιλάνθρω-

190 2148 296 2195 πος
337 2132 495 2203 ἡμῶν
525 2134 820 2206 Δεσπότης.
862 2136 1011 2188 Ὀνοι
1047 2135 1160 2206 (17)
1192 2136 1540 2202 ἀπόλλυνται,
1573 2140 1660 2195 ἴνα
1690 2141 1785 2211 βα-

192 2198 392 2287 σιλι-ιὺς⁷
414 2224 631 2296 Ἰσραὴλ
660 2198 905 2296 γένηται.
946 2198 1084 2279 Ἀλλ’
1126 2198 1330 2292 ἐκεῖνος
1361 2230 1480 2300 μὲν,
1518 2198 1783 2304 ίΙσραηλί-
1813 2198 1857 2253 Β

192 2330 297 2383 της
329 2311 426 2378 ὢν,
453 2313 531 2385 τῷ
571 2315 784 2387 Ἰσραὴλ
820 2316 1007 2388 ἐδόθη·
1054 2318 1112 2371 σέ
1154 2319 1211 2372 δέ
1252 2321 1286 2390 ἡ
1336 2321 1648 2396 θρεψαμένη
1684 2325 1781 2378 καὶ

190 2405 335 2478 πρὸς
379 2406 632 2461 τοσοῦτον
682 2407 1058 2466 ἀναϐιϐάσασα
1106 2410 1206 2480 τῆς
1250 2412 1452 2484 ἀρετῆς
1505 2413 1637 2485 ὕψος
1682 2417 1782 2471 ούκ

193 2496 333 2567 ἔχει,
368 2496 505 2552 ἀλλά
542 2499 640 2569 τὴν
671 2498 889 2567 γείτονα
934 2500 1035 2571 ὁρᾷ
1072 2499 1152 2571 τῷ
1192 2501 1308 2571 ἰδίῳ
1351 2503 1541 2575 κόσμῳ
1582 2522 1781 2577 σεμνυ-

191 2589 449 2660 νομένην.
484 2590 705 2661 Ἐπειδὴ
737 2589 794 2642 δὲ
821 2584 902 2653 εἷς
932 2590 1060 2655 λαὸς
1089 2592 1289 2657 πάντες
1331 2596 1381 2646 οἱ
1421 2596 1501 2659 είς
1546 2597 1781 2667 Χριστὸν

190 2680 508 2749 ¹ἠλπικότες,
534 2683 629 2736 καὶ
668 2681 767 2753 μία
810 2683 1108 2753 Ἐκκλησία
1155 2684 1251 2739 νῦν
1300 2687 1350 2739 οἱ
1391 2687 1649 2758 Χριστοῦ,
1679 2688 1781 2742 κᾶν

196 2774 263 2827 ὲκ
298 2773 571 2846 διαφόρων
618 2775 801 2830 τόπων
842 2777 1340 2849 προσαγορεύηται,
1393 2781 1573 2850 χαίρει
1622 2782 1715 2838 καὶ
1746 2784 1788 2852 ἡ

192 2864 397 2935 πατρὶς
423 2867 520 2918 καὶ
547 2865 894 2937 εὐφραίνεται
922 2871 1041 2932 ταῖς
1073 2869 1168 2922 τοῦ
1194 2870 1401 2942 Κυρίου
1425 2872 1777 2943 οἰκονομίαις,

193 2957 291 3009 καὶ
327 2957 427 3026 οὐχ
467 2958 682 3027 ἡγεῖται
735 2959 831 3013 ἕνα
869 2961 1036 3033 ἄνδρα
1103 2962 1474 3035 ἐζημιῶσθαι,
1530 2966 1665 3020 ἀλλά
1711 2967 1779 3020 δι’

192 3045 314 3110 ἐνὸς
359 3046 683 3120 Ἐκκλησίας
722 3049 849 3114 ὅλας
893 3053 1336 3125 προσειληφέναι.
1384 3056 1561 3111 Μόνον
1607 3057 1782 3128 παρά-

193 3154 317 3208 σχοι
365 3140 395 3192 6
436 3140 642 3210 Κύριος
695 3143 789 3197 καὶ
854 3146 1121 3216 παρόντας
1165 3148 1295 3219 ὁρᾷν
1343 3149 1654 3220 ἡμᾶς;(18),
1689 3150 1781 3202 καὶ

191 3226 435 3292 ἀπόντας
462 3229 680 3285 ἀκούειν
707 3230 805 3302 τὴν
841 3235 1124 3306 προκοπήν
1156 3253 1270 3299 σου,
1291 3237 1386 3309 τὴν
1412 3241 1470 3292 ἐν
1497 3238 1576 3310 τῷ
1603 3239 1780 3310 Εὐαγ-

190 3317 381 3389 γελίῳ,
404 3320 500 3372 καὶ
526 3322 624 3391 τὴν
650 3323 904 3388 εὐταξίαν
930 3324 1037 3378 τῶν
1081 3326 1442 3399 Ἐκκλησιῶν.

262 3409 316 3463 2.
356 3411 631 3483 Ἀνδρίζου
680 3415 857 3470 τοίνυν
909 3418 1003 3471 καὶ
1064 3419 1239 3489 ἴσχυε,
1290 3425 1383 3475 καὶ
1433 3422 1789 3496 προπορεύου.

1805 847 1855 905 Α

2185 834 2574 906 Amphilochia,
2605 833 2852 889 ordinato
2881 834 3142 903 episcopo.

1955 949 2007 1003 i.
2050 949 2381 1005 Benedictus
2412 946 2592 1014 Deus,
2639 948 2730 1019 qui
2780 947 2886 1004 sibi
2936 947 3217 1019 placentes
3254 944 3312 999 in
3343 945 3464 1000 sino

1882 1042 2025 1114 gulis
2058 1042 2312 1098 aetatibus
2343 1041 2529 1113 eligit,
2583 1040 2982 1110 electionisque
3027 1040 3265 1096 secernit
3293 1052 3461 1103 vasa,

1881 1142 1937 1188 et
1972 1132 2274 1189 bisutitur
2308 1132 2376 1187 ad
2407 1132 2776 1188 ministerium
2808 1139 3129 1187 sanctorum
3155 1149 3168 1186 :
3193 1131 3285 1201 qui
3314 1145 3465 1185 nunc

1881 1223 2047 1281 etiam
2083 1231 2160 1289 te,
2188 1239 2313 1279 cum
2348 1224 2600 1296 fugeres,
2639 1232 2713 1278 ut
2736 1231 2913 1279 tumet
2941 1223 3167 1288 dixisti,
3196 1236 3462 1289 non_nos,

1883 1316 1982 1373 sed
2030 1315 2370 1372 vocationem
2419 1331 2583 1387 quam
2635 1332 2735 1386 per
2763 1330 2867 1371 nos
2920 1313 3167 1369 futuram
3217 1313 3468 1384 suspica-

1879 1407 2037 1462 baris
2058 1448 2073 1472 ,
2105 1407 2522 1463 inevitabilibus
2553 1408 2742 1478 gratiae
2783 1407 2996 1461 retibus
3029 1405 3280 1476 illigavit,
3309 1420 3374 1460 ac
3407 1404 3467 1460 in

1882 1498 2120 1554 mediam
2168 1497 2430 1555 Pisidiam
2486 1498 2757 1564 deduxit,
2805 1504 2867 1552 ut
2929 1497 3181 1553 homines
3232 1495 3469 1551 Domino

1884 1587 2109 1659 capias,
2145 1595 2200 1644 et
2232 1603 2299 1643 ex
2343 1587 2619 1660 profundo
2648 1587 2938 1658 pertrahas
2978 1587 3047 1642 ad
3090 1587 3292 1651 lucem,
3328 1601 3468 1656 quos

1883 1681 2029 1751 cepit
2056 1680 2310 1743 diabolus
2332 1721 2348 1747 ,
2380 1687 2443 1735 ut
2469 1695 2628 1736 suam
2657 1679 2839 1750 ipsius
2868 1677 3074 1734 faciant
3103 1679 3466 1734 voluntatem.

1883 1769 1983 1826 Dic
2012 1770 2186 1844 252.
2219 1771 2386 1843 igitur
2419 1782 2475 1827 et
2515 1781 2569 1826 tu
2610 1787 2733 1842 quae
2763 1772 2959 1827 beatus
3007 1769 3176 1825 David
3211 1769 3463 1825 dicebat:

1887 1858 2003 1926 Quo
2027 1861 2111 1914 ibo
2142 1878 2175 1914 a
2205 1861 2396 1929 spiritu
2427 1862 2563 1917 tuo?
2590 1871 2638 1914 et
2662 1877 2764 1931 quo
2791 1878 2823 1913 a
2858 1859 2997 1929 facie
3026 1869 3119 1914 tua
3157 1859 3363 1931 fugiam
3383 1858 3484 1914 “2-

1885 1951 2041 2008 Talia
2079 1953 2230 2008 enim
2270 1961 2532 2024 operatur
2584 1953 2849 2007 miracula
2885 1952 3316 2023 benignissimus
3360 1950 3471 2008 Do-

1883 2045 2066 2100 minus
2094 2052 2300 2101 noster.
2330 2045 2515 2099 Asina:
2560 2051 2795 2114 pereunt
2816 2042 2883 2106 ‘3,
2917 2049 2977 2097 ut
3021 2058 3131 2097 rex.
3152 2040 3319 2097 Israel
3353 2040 3465 2096 ﬁat.

1888 2136 1993 2193 Sed
2041 2138 2132 2193 ille
2167 2152 2291 2192 cum
2327 2134 2577 2191 Israelita
2627 2142 2803 2200 esset,
2835 2133 3025 2190 lsraeli
3057 2134 3220 2190 datus
3247 2144 3331 2191 est
3364 2154 3377 2188 :
3414 2143 3468 2190 te

1885 2245 2017 2285 vero
2055 2246 2169 2284 non
2205 2229 2370 2284 habet
2417 2244 2540 2300 quae
2593 2224 2865 2283 enutrivit»
2898 2227 3045 2281 eaad
3098 2234 3310 2280 tantum
3344 2240 3470 2296 per-

1887 2318 2045 2375 duxit
2078 2318 2301 2373 virtutis
2343 2319 2556 2389 apicem
2604 2336 2616 2372 :
2661 2317 2757 2372 sed
2792 2316 3031 2372 vicinam
3059 2316 3209 2372 videt
3245 2318 3470 2388 proprio

1887 2418 2085 2467 ornatu
2145 2411 2422 2466 decoram.
2481 2409 2589 2465 Sed
2648 2411 2777 2481 quia
2836 2425 2979 2465 unus
3048 2409 3470 2480 populusasunt

1886 2511 2156 2574 quotquot
2191 2504 2245 2557 in
2280 2503 2561 2558 Christum
2593 2512 2816 2572 sperant
2837 2542 2852 2567 ,
2884 2512 2938 2557 et
2965 2517 3114 2556 nunc
3143 2517 3254 2555 una
3285 2500 3470 2557 Eccle-

1888 2595 1972 2649 sia
2023 2595 2116 2665 qui
2165 2593 2372 2650 Christi
2408 2602 2571 2661 sunt,
2619 2609 2937 2666 quanquam
2971 2609 3047 2648 ex
3087 2593 3277 2647 multis
3326 2593 3465 2648 locis

1888 2686 2240 2751 nominatur;
2269 2684 2474 2755 gaudet
2502 2686 2665 2740 etiam
2697 2684 2897 2751 patria,
2921 2692 2974 2740 et
3004 2684 3222 2738 lattatur
3244 2682 3466 2738 Domini

1887 2778 2417 2847 dispensationibus,
2454 2793 2631 2847 neque
2675 2778 2931 2832 amisisse
2960 2792 3020 2832 se
3061 2790 3233 2830 unum
3282 2775 3467 2830 virum

1887 2870 2199 2932 existimat,
2235 2870 2331 2924 sed
2379 2885 2478 2940 per
2510 2884 2678 2923 unum
2727 2876 2872 2924 totas
2918 2867 3197 2923 Ecclesias
3228 2866 3469 2937 acquisi-

1885 2961 2052 3016 visse.
2091 2959 2499 3017 Tantummodo
2522 2962 2788 3032 largiatur
2824 2961 3123 3026 Dominus,
3160 2972 3220 3017 ut
3251 2970 3306 3018 et
3326 2975 3467 3031 prte-

1889 3060 2073 3109 scntes
2119 3053 2438 3117 videamus,
2487 3062 2542 3109 et
2586 3054 2842 3109 absentes
2891 3053 3182 3109 audiamus
3210 3061 3362 3108 tuum
3405 3052 3464 3106 in

1886 3143 2184 3216 Evangelia
2219 3143 2533 3215 profectum
2561 3161 2628 3200 ac
2659 3155 2873 3203 rectum
2907 3145 3282 3202 Ecclesiarum
3315 3144 3467 3201 ordi-

1888 3252 2034 3291 nem.

1958 3438 2015 3492 9..
2069 3436 2309 3495 Proinde
2358 3452 2459 3509 age
2506 3437 2763 3506 viriliter,
2805 3439 3191 3504 corroborare,
3235 3447 3290 3493 et
3333 3454 3447 3509 pra:

190 3502 289 3555 τοῦ
318 3503 470 3569 λαοῦ,
493 3505 553 3558 ὃν
577 3507 865 3562 ἐπίστευσε
893 3512 960 3581 τῇ
987 3510 1137 3580 δεξιᾷ
1174 3529 1268 3565 σου
1295 3514 1634 3585 ὀ.’¹Υψιστος.
1668 3516 1779 3570 Καὶ

1887 3531 2090 3602 populo
2114 3571 2130 3595 ,
2198 3546 2363 3600 quem
2395 3502 2666 3586 veredidit
2729 3502 2937 3587 dextra:
2968 3540 3075 3586 tuae
3124 3502 3464 3587 Altissimus.

194 3595 295 3693 ὡς.
323 3595 540 3693 νοῇμων
578 3597 906 3672 κυϐέρνησιν
950 3603 1339 3674 ποιησάμενος,
1389 3605 1569 3677 πάσης
1617 3603 1781 3677 ζάλης

1887 3595 2089 3692 Atque,
2121 3632 2178 3677 ut
2206 3595 2421 3692 peritus
2453 3622 2816 3693 gubernator,
2854 3630 3180 3693 tempestate
3212 3622 3360 3677 omni
3395 3624 3476 3676 ait

194 3685 309 3738 ἀπὸ
338 3685 450 3740 τῶν
490 3689 782 3759 αίρετικῶν
829 3694 1154 3765 πνευμάτων
1204 3695 1559 3768 ἑγειρομένης
1590 3696 1787 3769 ὑψηλό-

196 3793 357 3847 τερος
404 3779 696 3851 γενόμενος
726 3786 792 3854 τῇ
836 3783 1061 3859 γνώμῃ,
1091 3784 1423 3843 ἀΰάπτιστον
1455 3789 1568 3850 τοῖς
1609 3787 1786 3859 ἁλμυ-

199 3871 317 3939 ροῖς
370 3870 467 3924 καὶ
519 3876 737 3945 πικροῖς
795 3874 894 3945 τῆς
959 3877 1277 3942 κακοδοξίας
1331 3876 1537 3950 κύμασι
1596 3879 1786 3950 διαφύ-

195 3962 370 4014 λασσε
398 3960 510 4032 (19)
555 3964 658 4036 τὴν
700 3965 924 4032 ὁλκάδα,
957 3968 1243 4038 ἀναμένων
1289 3968 1387 4041 τὴν
1422 3970 1684 4043 γαλήνην,
1718 3972 1784 4043 ἣν

197 4055 420 4125 ποιήσει
467 4056 496 4108 6
541 4056 765 4128 Κύριος,
808 4058 1028 4112 ἐπειδὰν
1074 4060 1270 4132 εὑρεθῇ
1327 4061 1478 4133 φωνὴ
1511 4060 1639 4127 ἀξία
1688 4062 1782 4116 τοῦ

197 4145 556 4216 διαναστῆσαι
602 4148 783 4203 αὐτὸν-
810 4150 947 4222 πρὸς
982 4150 1080 4223 τὴν
1117 4152 1432 4224 ἐπιτίμησιν
1471 4152 1581 4207 τῶν
1628 4171 1784 4208 πνευ-

199 4238 391 4309 μάτων
439 4242 534 4294 κα).
580 4241 682 4312 τῆς
732 4242 1025 4315 θαλάσσης.
1074 4245 1139 4298 Et
1175 4245 1233 4298 δέ
1279 4245 1456 4316 βούλει
1496 4249 1644 4318 ἡμᾶς
1671 4247 1781 4302 λοι-

196 4330 303 4385 πὸν
339 4331 445 4386 ὑπὸ
493 4333 592 4403 τῆς
636 4336 854 4405 μακρᾶς
893 4336 1205 4407 ἀρρωστίας
1245 4339 1631 4410 ἐπειγομένους
1670 4340 1780 4413 (20)

193 4423 340 4494 πρὸς
399 4422 498 4495 τὴν
541 4425 843 4495 ἀναγκαίαν
903 4427 1081 4492 ἔξοδον
1147 4430 1544 4499 ἐπισκέψασθαι
1571 4472 1588 4495 ,
1645 4435 1780 4506 μήτε

195 4515 391 4587 καιρὸν
435 4519 734 4593 ἀναμείνῃς
794 4524 930 4594 μήτε
980 4524 1043 4577 τὸ
1100 4526 1227 4597 παρ’
1274 4526 1432 4597 ἡμῶν
1490 4527 1775 4600 σύνθημα·

195 4609 395 4673 εἰδὼς,
448 4611 530 4665 ὅτι
583 4617 868 4686 πατρικοῖς
926 4615 1253 4687 σπλάγχνοις
1313 4618 1463 4671 πᾶσα
1525 4619 1778 4690 εὐκαιρία

195 4703 318 4754 ἐστὶ
367 4702 831 4772 περιπτύσσεσθαι
886 4705 1076 4760 τέκνον
1135 4708 1417 4780 ἀγαπητὸν
1442 4748 1457 4774 ,
1514 4712 1608 4765 καὶ
1680 4710 1781 4764 λό-

196 4807 297 4858 γου
347 4793 548 4857 παντὸς
591 4795 855 4865 κρείττων
898 4800 932 4868 ἡ
969 4799 1110 4865 κατά
1153 4799 1331 4871 ψυχὴν
1376 4800 1632 4866 διάθεσις.
1674 4802 1779 4860 Βάο

1887 3713 2270 3768 haereticorum
2313 3713 2494 3768 ventis
2519 3713 2759 3768 excitata
2809 3714 3063 3785 superior
3093 3715 3311 3777 animo,
3361 3715 3466 3768 im—

1884 3804 2178 3861 mersabile
2211 3804 2431 3861 custodi
2475 3805 2642 3861 salsis
2673 3814 2728 3860 et
2755 3807 2960 3863 amaris
2990 3821 3171 3877 pravae
3196 3807 3473 3863 doctrinm

1884 3895 2144 3952 ﬂuctibus
2196 3897 2518 3969 navigium;
2577 3909 2908 3969 exspectans
2971 3900 3461 3971 tranquillitatem,

1884 4004 2050 4059 quam
2081 3988 2243 4044 faciet
2266 3988 2532 4045 Dominus
2552 4027 2566 4052 ,
2610 3989 2776 4044 simul
2809 3998 2879 4043 ut,
2904 4006 3008 4046 vox
3040 3989 3263 4047 inventa
3298 3990 3472 4046 fuerit

1885 4080 2070 4152 digna,
2098 4096 2220 4152 quae
2249 4080 2431 4151 ipsum
2466 4081 2669 4138 excitet
2700 4092 2759 4137 ut
2789 4093 2982 4137 ventos
3010 4091 3066 4137 et
3096 4097 3249 4139 mare
3282 4083 3465 4138 incre-

1882 4181 2003 4245 pet.
2028 4173 2184 4240 Quod
2212 4174 2258 4230 si
2295 4189 2399 4230 nos
2421 4176 2537 4245 jam
2565 4175 2727 4246 longa
2758 4174 3081 4245 aegritudine
3100 4184 3470 4246 properantes

1883 4264 1952 4319 ad
1995 4267 2366 4323 necessarium
2416 4266 2625 4322 exitum
2659 4267 2898 4323 invisere
2948 4269 3138 4338 cupis,
3178 4283 3280 4323 nec
3325 4277 3463 4323 tem-

1883 4372 1986 4428 pus
2035 4373 2138 4413 nec
2188 4373 2218 4412 a
2268 4359 2430 4414 nobis
2479 4360 2696 4430 signum
2738 4367 3055 4439 exspectes:
3095 4360 3297 4431 quippe
3334 4374 3468 4414 cun)

1883 4450 2029 4507 scias
2063 4451 2274 4505 nullum
2317 4459 2533 4522 tempus
2584 4452 2833 4523 paternis
2866 4452 3172 4508 visceribus
3215 4467 3462 4508 commo-

1882 4537 2012 4592 dum
2042 4554 2152 4593 non
2186 4554 2309 4595 esse
2342 4538 2410 4593 ad
2453 4540 2639 4596 dilecti
2688 4541 2782 4595 ﬁlii
2809 4542 3154 4612 complexum
3175 4581 3190 4606 ,
3246 4557 3310 4595 ac
3344 4556 3465 4597 ser-

1881 4642 2044 4682 mone
2073 4628 2221 4682 omni
2254 4630 2687 4698 praestantiorem
2710 4646 2834 4685 esse
2859 4631 3060 4686 mentis
3088 4630 3458 4686 aﬂectionem.

1879 4717 2003 4773 Noli
2033 4734 2175 4774 onus
2207 4720 2419 4781 viribus
2461 4720 2657 4776 fortius
2691 4721 2996 4776 lamentari.
3048 4720 3105 4775 Si
3150 4722 3296 4776 enim
3343 4720 3463 4792 ipse

1881 4807 1986 4863 hoc
2023 4824 2176 4865 esses
2211 4809 2395 4865 oneris
2423 4818 2775 4879 portaturus,
2822 4826 2891 4865 ne
2938 4813 3019 4864 sic
3047 4811 3266 4880 quidem
3295 4828 3465 4880 grave

200 4898 294 4952 ρος
337 4882 396 4935 δὲ
444 4886 767 4957 ύπερόαῖνον
809 4887 906 4959 τὴν
947 4890 1174 4963 δύναμιν
1215 4894 1290 4964 μὴ
1318 4878 1543 4967 δὸύρου.
1584 4896 1649 4948 Ei
1682 4895 1779 4966 μὲν

1887 4897 2054 4964 foret,
2104 4898 2203 4955 sed
2237 4915 2465 4970 prorsus
2505 4900 2872 4956 intolerabile.
2917 4884 2975 4955 Si
3018 4916 3147 4956 vero
3191 4899 3458 4957 Dominus

196 4970 308 5043 γὰρ
341 4973 503 5039 αὐτὸς
545 4971 614 5047 ἧς
646 4979 675 5030 6
710 4977 918 5049 μέλλων
960 4981 1145 5052 φέρειν
1182 4982 1241 5036 τὸ
1276 4983 1566 5056 βάσταγμα
1597 4985 1777 5052 τοῦτο,

266 5146 315 5181 ⁸⁸
352 5145 501 5204 Psal.
530 5165 804 5235 cxxxvm,
849 5156 900 5209 7.
975 5127 1241 5232 u'IH'Reg.
1275 5177 1348 5229 Ix,
1392 5164 1444 5220 5.

430 5304 817 5385 Ἀιιέοιτῐοχίῳ,
852 5319 957 5367 etc.
979 5312 1159 5385 illinc
1189 5317 1406 5373 titulum
1436 5320 1683 5376 eruimus
1712 5338 1778 5377 ex

193 5374 496 5456 codicibus.
521 5374 716 5456 (_30i_sll'
739 5383 935 5449 primo,
976 5383 1144 5447 Med.,
1178 5385 1303 5444 Vat.
1341 5397 1395 5443 et
1427 5406 1536 5445 uno
1564 5374 1635 5444 ex
1659 5374 1779 5447 ιιὲέ

196 5443 500 5527 giis‘._l‘i(l_iti
532 5443 968 5527 habentZtantum
1000 5456 1077 5527 τῷ
1097 5443 1262 5527 αύτῷ.

273 5513 389 5595 (ῃ)
418 5515 604 5595 ὀνοι.
637 5515 711 5571 Ita
735 5518 903 5595 Co_i_sl.
934 5513 1149 5595 primus
1176 5513 1230 5581 et
1253 5527 1389 5583 Med.
1417 5545 1541 5585 cum
1566 5533 1780 5588 duobus

198 5582 489 5671 περιῇς-ει
512 5593 744 5671 utroque
771 5582 963 5671 _Bigot.
981 5666 991 5671 _
1012 5594 1088 5650 Ed
1093 5597 1154 5671 _iti
1175 5582 1401 5671 gessi,
1426 5582 1782 5671 inﬁtitias};

196 5652 341 5709 emit.
383 5652 504 5710 Non
550 5652 731 5713 exstat
770 5652 884 5717 haec
910 5666 1139 5733 epistola
1173 5652 1778 5729 in"c5dié¢"n‘a}i2i~5rio.

1885 4999 2063 5045 tecum
2094 5000 2295 5062 portat,
2334 4989 2495 5046 Jarta
2544 5007 2700 5062 super
2741 4991 3028 5046 Dominum
3063 5009 3245 5047 curam
3287 5003 3457 5063 tuam,

1890 5394 1903 5411 ε
1952 5322 2063 5408 (38)
2112 5320 2499 5411 .‘Opdyijﬂylic.
2554 5322 2641 5375 lta—
2677 5322 2920 5391 plerique
2968 5338 3103 5378 is.
3150 5322 3289 5378 Editi
3322 5323 3481 5395 693v.-

1881 5394 2049 5464 ὑμᾶς,
2080 5403 2138 5446 ιιι
2174 5402 2223 5446 te
2248 5393 2469 5446 videam.
3357 5393 3365 5395 ⁷
3404 5393 3407 5394 ⁷

1879 5533 1894 5545 ‘
1952 5463 2064 5545 (19)
2093 5463 2502 5531 Διαφύλασσε.
2533 5461 2610 5516 Ita
2642 5478 2775 5519 mss.
2818 5479 3034 5519 novem.
3078 5463 3222 5520 Editi
3260 5462 3454 5532 διαφύέ

1882 5532 2084 5677 Λαῗὲὸ)
2110 5602 2583 5677 Ἐξᾳτςμεέςιςους.
2621 5602 2806 5677 Cois]-
2824 5604 3033 5677 primus
3054 5606 3452 5677 ἐπαγομένους

1955 5670 1972 5698 ⁸
2003 5670 2152 5729 Alias
2178 5670 2492 5729 CCCXCIII.
2537 5674 2753 5746 Scripta
2793 5670 2937 5731 anno
2966 5676 3091 5733 574.
