3852 6220
147 243 268 300 635

1057 248 1557 309 EPISTOLARUM
1588 246 1877 307 CLASSIS
1901 248 1967 306 II.
2001 248 2219 306 EPIST.
2243 250 2474 323 CLXIV.

3340 259 3446 317 654

149 362 358 435 ὥσπερ
389 363 610 434 κύματά
640 381 707 436 με
736 364 1164 432 ἐπιϐαπτίξοντα
1196 371 1490 444 ὑπερσχεῖν
1537 374 1638 429 οὐκ
1669 375 1751 447 ἐᾷ.

1870 386 1971 426 non
2025 370 2241 426 sinunt.
2284 369 2591 428 Praisentia'
2629 376 2812 427 autem
2846 386 2968 443 quae
2993 380 3049 430 et
3077 374 3263 444 qualia
3299 376 3444 442 sint,

154 454 246 507 Τὰ
281 455 341 508 δὲ
379 455 620 530 παρόντα
650 453 737 511 οἷα
764 459 860 513 καὶ
889 460 1013 515 τίνα
1043 461 1156 532 (27)
1180 457 1270 535 ἦν,
1299 465 1442 518 εῐποι
1486 464 1553 518 ἂν
1589 465 1684 519 καὶ
1728 468 1758 521 ό

156 545 403 616 ἀδελφὸς
424 549 670 630 Βᾲραχος
699 550 835 623 (28),
865 553 914 605 εί
947 554 1041 607 καὶ
1063 552 1137 626 μὴ
1163 554 1266 625 τῆς
1296 556 1554 628 ἀληθείας
1569 555 1756 627 ἀξίως,

158 642 284 697 ἀλλ’
317 643 446 696 ὅσον
472 645 819 716 μαρτυρῆσαι
845 648 911 717 τῇ
939 646 1088 718 αἰτίᾳ
1116 646 1216 719 τῆς
1244 648 1591 721 ὑπερθέσεως
1621 650 1755 721 (29).

160 735 319 790 Πάνυ
359 735 419 790 δὲ
476 736 818 808 πέπεισμαι,
871 740 921 792 εί
973 741 1213 811 γνησίως
1264 743 1397 813 ἡμῖν
1454 742 1755 810 συνεύξαιο,

156 824 328 881 πάνθ’
369 826 502 898 ἡμῖν
537 825 867 908 λυθήσεσθαι
892 830 1004 904 (so)
1031 832 1230 911 ῥᾳδίως
1254 820 1324 893 τὰ
1354 832 1614 911 δυσχερῆ.

689 1078 1039 1141 ΕΠΙΣΤΟΛΗ
1074 1085 1238 1142 ΡΞΡ.

1863 464 2050 520 dicere
2100 449 2307 534 poterit
2363 470 2419 520 et
2471 463 2646 519 frater
2691 463 3011 532 Barachus,
3067 468 3116 522 si
3166 469 3352 524 minus
3380 484 3447 524 eo

1862 558 2027 614 modo
2046 556 2143 628 qui
2173 556 2375 627 dignus
2405 555 2478 612 sit
2505 556 2759 623 veritate,
2794 556 2990 613 saltem
3017 565 3282 628 quantum
3306 559 3445 614 satis

1861 657 1949 705 est
1993 648 2064 704 ad
2110 647 2394 703 dilationis
2437 662 2663 704 causam
2710 648 3151 721 signiﬁcandam.
3206 648 3445 707 Omnino

1861 749 2046 796 autem
2077 754 2407 813 persuasum
2451 740 2588 796 mihi
2626 748 2747 807 est,
2794 742 2842 798 si
2890 742 3182 815 nobiscum
3231 743 3445 800 sincere

1861 839 2123 905 precatus
2158 829 2365 898 fueris,
2399 845 2490 888 me
2541 831 2612 887 ab
2656 832 2915 888 omnibus
2965 831 3237 889 molestiis
3286 830 3447 888 facile

1862 927 2157 983 liberatum
2183 925 2274 984 iri.

2324 1085 2669 1145 EPISTOLA
2702 1085 2929 1143 CLXIII'

162 1198 358 1267 laudat
387 1195 558 1274 Iouini
578 1196 781 1269 litteras,
806 1198 857 1250 in
873 1197 1047 1266 quibus
1066 1199 1181 1274 ejus.
1193 1198 1385 1251 anirnus
1405 1201 1769 1274 depictuserat.
1783 1201 2016 1274 _L_ibenter
2031 1214 2146 1274 eum
2160 1198 2409 1274 inviseret,
2432 1199 2530 1274 nisi
2548 1198 2715 1253 morbo
2736 1199 3049 1261 detineretur,
3071 1197 3157 1264 qui
3177 1205 3225 1252 et
3241 1207 3455 1268 quantus

863 1260 896 1305 τ’
1086 1260 1102 1266 ⁷
1118 1263 1182 1314 sit
1195 1299 1210 1325 ,
1230 1260 1536 1314 narrandum
1558 1262 1666 1316 testi
1685 1263 1876 1315 oculata
1894 1260 2235 1329 Amphilochia
2252 1260 2499 1328 relinquit.
3036 1260 3039 1261 ⁷
3084 1260 3094 1264 ⁷
3253 1260 3264 1266 ⁷
3438 1265 3441 1268 ’

731 1371 946 1441 Ἰοόίνῳ
976 1373 1209 1443 κόμητι.

235 1479 394 1539 stam
422 1500 517 1538 σου
552 1484 657 1556 τὴν
699 1482 879 1556 ψυχὴν
923 1486 984 1539 ἐν
1029 1487 1143 1548 τοῖς
1172 1482 1486 1557 γράμμασι.
1511 1485 1622 1540 Καὶ
1648 1484 1759 1557 γὰρ

2438 1372 2631 1435 Iovino
2663 1373 2869 1430 comiti.

1929 1487 2058 1545 Vidi
2083 1496 2239 1545 tuum
2271 1487 2517 1543 animum
2542 1487 2602 1542 in
2629 1487 2853 1542 litteris.
2881 1483 3019 1539 Nam
3046 1496 3242 1539 revera
3265 1481 3447 1553 pictor

165 1579 244 1661 τῷ
275 1578 392 1633 ὄντι
426 1577 602 1641 οὐδεὶς
639 1579 886 1649 γραφεὺς
930 1578 1257 1650 χαρακτῆρα
1303 1576 1554 1649 σώματος
1588 1577 1756 1642 οὕτως

1870 1582 2045 1639 nullus
2093 1594 2205 1638 tam
2248 1590 2506 1644 accurate
2534 1581 2786 1652 corporis
2822 1577 3052 1649 efﬁgiem
3097 1576 3319 1648 assequi
3344 1589 3449 1646 po-

164 1669 415 1751 ᾁκριϐὦς
444 1668 697 1725 ἐκλαϐεῖν
716 1668 961 1733 δύναται,
994 1668 1070 1733 ὠς
1105 1667 1259 1736 λόγος
1292 1667 1616 1734 ὲξεικονίσαι
1661 1667 1756 1739 τῆς

1870 1682 1996 1740 test,
2027 1688 2193 1746 quam
2223 1674 2402 1729 oratio
2428 1672 2629 1728 mentis
2664 1685 2867 1728 arcana
2914 1668 3253 1741 exprimere.
3302 1664 3442 1721 Nam

163 1763 352 1835 ψυχῆς
382 1762 453 1817 τὰ
479 1762 788 1835 ἀπόρρητα.
819 1761 954 1815 Τότε
982 1760 1091 1833 γὰρ
1129 1761 1192 1815 τὸ
1227 1760 1320 1815 τοῦ
1350 1760 1515 1833 ἤθους
1557 1761 1754 1815 εὐστα-

167 1854 282 1916 θὲς,
331 1853 426 1907 καὶ
470 1852 533 1906 τὸ
575 1853 677 1924 τῆς
716 1853 882 1924 τιμῆς
923 1851 1174 1924 ἀληθινὸν
1227 1852 1362 1923 (51),
1415 1852 1509 1906 καὶ
1547 1850 1608 1905 τὺ
1657 1852 1757 1923 τῆς

167 1944 398 2018 γνώμης
455 1946 515 1999 ἐν
557 1947 724 2000 πᾶσιν
768 1946 1027 2018 ἀκέραιον
1061 1943 1171 2017 (52)
1214 1943 1414 2008 ἱκανῶς
1448 1945 1579 2016 ἡμῖν
1627 1945 1656 1997 ό
1697 1945 1756 2002 ἐν

166 2043 280 2104 τοῖς
305 2041 599 2112 γράμμασι
622 2039 781 2108 λόγος
806 2039 1239 2112 ἐχαρακτήρισεν
1257 2054 1271 2068 ’
1309 2037 1431 2092 ὅθεν
1474 2038 1568 2091 καὶ
1596 2037 1760 2108 μεγά-

165 2133 268 2212 λην
294 2134 427 2204 ἡμῖν
456 2130 808 2204 παραμυθίαν
830 2131 928 2201 τῆς
950 2127 1290 2206 ἀπολείψεώς
1314 2146 1407 2183 σου
1431 2129 1753 2200 παρέσχετο.

165 2227 260 2298 Μὴ
288 2225 469 2281 τοίνυν
488 2224 744 2299 διαλίπῃς
784 2227 849 2297 τῇ
882 2225 969 2278 ἀεὶ
1015 2222 1444 2296 παραπιπτούσῃ
1485 2223 1757 2297 προφάσει

167 2302 454 2392 χρώμενος
489 2317 629 2395 πρὸς
673 2317 734 2370 τὸ
773 2315 1131 2382 ἐπιστέλλειν,
1162 2316 1257 2370 καὶ
1297 2314 1393 2387 τὴν
1424 2314 1512 2367 διὰ
1545 2313 1755 2388 μακροῦ

166 2401 375 2485 εξαιῖτην
403 2412 622 2483 ὁμιλίαν
656 2408 1007 2483 χαρίζεσθαι·
1055 2408 1241 2478 ἐπειδὴ
1272 2406 1369 2477 τῆς
1397 2408 1515 2460 κατ’
1543 2406 1759 2477 ὀφθαλ-

172 2492 307 2576 μοὺς
338 2488 627 2577 συντυχίας
659 2496 771 2573 (53)
811 2501 1122 2569 ἀπόγνωσιν
1152 2501 1284 2570 ἡμῖν
1320 2498 1505 2551 λοιπὸν
1535 2500 1569 2569 ἡ
1601 2497 1760 2552 ἀσθέ-

167 2594 289 2653 νεια
321 2597 417 2673 τοῦ
448 2594 698 2667 σώματος
728 2596 966 2665 ἐμποιεῖ.
1006 2593 1110 2646 Ἢν
1137 2591 1311 2663 ὁπόση
1356 2592 1503 2645 ἐστὶν
1536 2592 1652 2662 ἐρεῖ
1677 2608 1759 2644 σοι

166 2691 201 2767 ῤ’
241 2689 654 2759 θεοφιλέστατος
705 2673 1003 2750 ἐπίσκοπος
1035 2684 1400 2757 Ἀμφιλόχιος,
1435 2686 1464 2740 ό
1495 2685 1589 2751 καὶ
1620 2701 1760 2754 γνω-

171 2785 330 2857 ρίσας
358 2782 437 2853 τῷ
466 2782 560 2836 ἐπὶ
605 2781 788 2835 πλεῖον
833 2779 1265 2850 συγγεγενῆσθαι
1295 2780 1446 2850 ἡμῖν,
1484 2779 1578 2833 καὶ
1605 2777 1761 2831 δυνα-

169 2878 262 2939 τὸς
291 2874 369 2932 ὢν
394 2875 538 2947 λόγῳ
567 2873 918 2946 παραστῆσαι
960 2872 1032 2927 τὰ
1076 2862 1357 2927 θεαθέντα.
1393 2870 1759 2944 Γνωρίζεσθαι

169 2970 226 3039 δὲ
254 2967 518 3039 βούλομαι
576 2954 646 3021 τὰ
696 2948 937 3038 ἐμαυτοῦ
985 2964 1222 3037 δυσχερῆ
1270 2965 1372 3043 οὐκ
1421 2964 1581 3041 αλλου
1613 2963 1759 3028 τινὸς

170 3063 359 3115 ενεκεν
384 3059 418 3131 ῆ
447 3060 547 3129 τῆς
575 3058 711 3130 πρὸς
737 3058 797 3111 τὸ
834 3056 1031 3136 ἐφεξῆς
1065 3054 1417 3135 συγγνώμης,
1456 3055 1533 3119 ὡς
1565 3054 1640 3127 μὴ
1670 3057 1762 3127 ρᾳ-

172 3154 374 3224 θυμίας
424 3151 569 3223 ἔχειν
613 3152 976 3220 κατάγνωσιν,
1023 3149 1120 3203 ἐὰν
1148 3149 1257 3222 ἄρα
1303 3148 1611 3218 ἐλλίπωμεν
1662 3147 1762 3219 τὴν

170 3245 460 3315 ἐπίσκεψιν
491 3244 668 3315 ὑμῶν.
717 3243 979 3311 Καίτοιγε
1010 3243 1111 3309 οὐκ
1150 3241 1443 3311 ἀπολογίας
1481 3241 1680 3311 μᾶλλον
1726 3240 1760 3311 ἢ

170 3337 523 3411 παραμυθίας
554 3338 637 3392 δεῖ
680 3336 819 3408 πρὸς
850 3336 951 3408 τὴν
981 3335 1187 3407 ζημίαν
1214 3333 1439 3405 ταύτην.
1469 3334 1533 3386 Ei
1557 3331 1667 3403 γὰρ
1695 3328 1765 3403 ἦν

1859 1774 1916 1822 et
1964 1781 2181 1823 morum
2230 1765 2594 1835 gravitatem,
2630 1772 2684 1819 ct
2729 1763 2960 1820 honoris
3009 1762 3340 1824 veritatem,
3387 1765 3444 1814 et

1858 1858 2029 1913 animi
2073 1858 2128 1913 in
2174 1858 2437 1914 omnibus
2480 1856 2856 1913 sinceritatem
2891 1863 3015 1926 apte
3050 1854 3210 1909 nobis
3234 1851 3444 1906 elﬁnxit

1858 1951 2170 2005 litterarum
2203 1964 2423 2015 sermo;
2468 1949 2615 2004 unde
2645 1956 2701 2002 et
2731 1955 2839 2002 tuze
2879 1945 3141 2001 absentiae
3183 1957 3444 2013 magnum

1857 2044 2022 2100 nobis
2052 2043 2309 2100 solatium
2333 2043 2539 2102 attulit.
2571 2041 2754 2109 Quare
2787 2056 2899 2096 non
2934 2050 2987 2095 te
3009 2038 3181 2110 fugiat
3202 2035 3445 2107 qualibet

1857 2138 2043 2194 oblata
2073 2138 2351 2194 scribendi
2386 2137 2679 2194 occasione
2728 2136 2830 2203 uti,
2858 2144 3023 2206 atque
3052 2133 3157 2188 hoc
3182 2147 3248 2188 ex
3280 2131 3443 2201 longo

1858 2214 2149 2287 intervallo
2211 2231 2550 2302 colloquium
2614 2231 2936 2305 impertire;
2996 2225 3445 2299 quandoquidem

1859 2321 2026 2399 254,
2058 2337 2246 2378 coram
2296 2320 2659 2378 conveniendi
2716 2336 2867 2391 spem
2918 2320 3146 2375 abstulit
3195 2315 3446 2387 corporis

1858 2414 2155 2471 infirmitas
2174 2432 2189 2482 ;
2211 2429 2335 2485 quae
2362 2422 2568 2485 quanta
2594 2414 2668 2470 sit
2696 2414 2845 2470 dicet
2872 2413 2971 2467 tibi
2996 2411 3445 2482 religiosissimus

1860 2509 2156 2578 episcopus
2185 2506 2631 2579 Amphilochius,
2657 2508 2750 2578 qui
2781 2515 2836 2561 et
2863 2521 2982 2561 rem
3015 2506 3169 2559 novit
3198 2519 3263 2559 eo
3297 2501 3447 2572 quod

1860 2600 2094 2655 muttum
2119 2598 2410 2654 nobiscum
2447 2598 2636 2664 fuerit,
2669 2608 2726 2654 et
2752 2612 2875 2669 quae
2900 2596 3038 2652 vidit
3067 2595 3252 2651 verbis
3271 2592 3448 2663 expri-

1859 2708 2010 2749 mere
2043 2700 2248 2763 potest.
2283 2692 2555 2747 Caeterum
2600 2699 2732 2745 nota
2773 2705 2897 2748 esse
2930 2690 3056 2745 volo
3098 2684 3447 2742 incommoda

1861 2801 2004 2852 mea,
2033 2800 2143 2843 non
2173 2787 2335 2840 aliam
2366 2786 2438 2841 ob
2464 2800 2710 2849 causam,
2735 2784 2842 2839 nisi
2868 2789 2928 2836 ut
2948 2782 3206 2849 deinceps
3231 2777 3445 2832 veniam

1861 2893 2193 2949 consequar,
2221 2887 2276 2934 et
2300 2879 2539 2949 pigritim
2567 2878 2772 2932 crimen
2794 2873 3070 2945 ell‘ugiam,
3102 2873 3149 2928 si
3180 2886 3280 2926 vos
3306 2867 3449 2923 invi-

1863 2986 1985 3028 sere
2034 2972 2309 3026 omittam.
2344 2970 2672 3041 Quanquam
2730 2967 2897 3038 hujus
2942 2966 3021 3021 rei
3067 2965 3285 3035 jactura
3333 2974 3447 3016 non

1850 3069 1971 3114 tam
1996 3061 2354 3115 accusatione
2386 3060 2599 3131 indiget
2621 3074 2786 3130 quam
2813 3056 3215 3113 consolatione.
3239 3050 3373 3108 Nam
3397 3051 3447 3105 si

1859 3167 2080 3222 possem
2111 3166 2235 3205 cum
2273 3159 2366 3205 tua
2397 3153 2667 3224 gravitate
2714 3152 3046 3213 convenire,
3096 3148 3150 3201 id
3192 3144 3446 3217 equidem

1861 3246 1953 3304 iis,
1983 3260 2107 3313 quae
2132 3243 2315 3300 studio
2336 3244 2500 3316 digna
2531 3243 2655 3300 aliis
2683 3243 2960 3307 videntur,
2985 3241 3147 3311 longe
3167 3235 3448 3307 antiquius

1863 3335 2143 3390 haberem.

174 3448 265 3504 μοι
317 3431 546 3484 δυνατὸν
597 3428 835 3484 συνεῖναί
886 3445 979 3483 σου
1027 3431 1095 3500 τῇ
1131 3429 1449 3507 σεμνότητα.
1475 3424 1655 3505 πολλῷ
1688 3426 1755 3493 ἂν
1793 3426 1903 3497 ἐγὼ
1944 3428 2053 3482 τῶν
2082 3430 2213 3502 παρ’
2243 3429 2423 3493 ἄλλοις
2485 3427 2933 3498 σπουδαζομένων
2991 3423 3195 3495 ταύτην
3225 3416 3449 3492 ἐμαυτῷ

171 3520 574 3594 προτιμοτέραν
602 3519 810 3592 ἐθέμην

690 3673 1039 3735 ΕΠΙΣΤΟΛΗ
1076 3673 1223 3733 ΡΞΔ’.

2359 3665 2697 3723 EPISTOLA
2733 3664 3008 3725 CLXIV“.

173 3794 363 3847 Laudat
388 3789 609 3844 Basilius
631 3788 843 3843 eximias
865 3782 1307 3855 Ascholiiliitteras,
1327 3788 1373 3836 et
1395 3781 1581 3853 gratias
1613 3779 1715 3846 agit
1734 3779 1793 3835 ob
1811 3778 2013 3852 missum
2044 3781 2113 3830 ad
2133 3793 2185 3832 se
2208 3777 2441 3892 martyris
2462 3792 2661 3844 corpus,
2679 3783 2820 3848 cujus
2841 3780 3060 3832 hortator
3083 3780 3243 3843 fuerat
3266 3781 3450 3832 Asche-

237 3858 331 3892 n...
380 3856 479 3892 gen
501 3866 711 3892 mmrm-n
731 3850 957 3892 ιιῆῑειτιωη
976 3861 1028 3892 se
1049 3847 1199 3892 (11611-
1224 3846 1345 3892 dum
1369 3852 1621 3892 conmarat
1643 3857 1754 3892 cum
1778 3850 2007 3892 praesenti
2029 3855 2198 3892 rerum
2228 3848 2317 3892 stat
2368 3878 2382 3892 .
2404 3853 2515 3892 ante
2542 3842 2605 3892 de
2629 3842 2766 3892 beato
2789 3844 3002 3892 Eutuche
3027 3849 3074 3892 et
3095 3842 3156 3892 de
3178 3850 3449 3892 marturum

236 3840 359 3907 ῡάέξ
379 3840 711 3923 ἕέἆῦιᾶέζοιέε
731 3850 957 3924 affectum
975 3861 1028 3924 se
1049 3844 1199 3910 dicit,
1224 3840 1345 3897 dum
1369 3840 1623 3923 comparat
1777 3840 2007 3911 prtesenti
2029 3855 2198 3894 rerum
2228 3848 2317 3894 stat

230 3922 499 3970 constantia
521 3907 791 3981 scripsera't'
808 3907 1085 3964 Asc/totius.

418 4023 724 4093 Ἀσχολίῳ,
737 4020 1049 4084 ἐπισκόπῳ
1066 4017 1549 4097 Θεσσαλονίκης.

242 4142 296 4197 1.
334 4141 509 4210 Ὅσης
559 4138 708 4209 ἡμᾶς
745 4133 1086 4208 εὐφροσύνης
1141 4130 1406 4204 ἐνέπλησε
1457 4130 1528 4185 τὰ
1575 4130 1759 4221 γράμ-

179 4251 325 4307 paea
352 4235 455 4303 τῆς
481 4228 763 4302 όσιότητός
809 4245 901 4309 σου
922 4267 937 4292 ,
972 4227 1135 4304 ἡμεῖς
1170 4224 1269 4295 μὲν
1301 4224 1403 4277 οὐκ
1449 4221 1516 4276 ἂν
1562 4222 1759 4293 ῥᾳδίως

2368 3878 2382 3904 ,
2404 3853 2515 3906 qua:
2542 3842 2605 3893 de
2629 3842 2766 3894 beato
2789 3844 3002 3910 Eutyche
3027 3842 3156 3899 etde
3178 3850 3449 3909 martyrum

2148 4010 2422 4081 Ascholio,
2457 4012 2701 4083 episcopo
2747 4011 3161 4071 Thessalonice.

1938 4127 1995 4197 I.
2033 4123 2252 4190 Quanto
2286 4139 2388 4178 nos
2422 4125 2623 4194 gaudio
2654 4126 2986 4196 repleverint
3016 4127 3212 4183 litterae
3242 4128 3453 4183 sancti-

1866 4218 1998 4295 tatis
2029 4227 2155 4278 tuae,
2202 4230 2305 4270 nos
2338 4230 2473 4270 sane
2514 4232 2629 4271 non
2672 4215 2833 4273 facile
2861 4218 3243 4275 demonstrare
3272 4223 3452 4291 possi-

176 4323 514 4391 ἐνδείξασθαι
563 4306 977 4394 δυνηθείημεν,
1036 4316 1387 4381 ἀσθενοῦντος
1441 4314 1539 4369 τοῦ
1597 4315 1756 4384 λόγου

1870 4323 2027 4377 mus;
2071 4322 2257 4364 sermo
2291 4306 2563 4378 siquidem
2604 4311 2683 4364 rei
2726 4310 2875 4366 clare
2901 4312 3240 4380 explicandae
3276 4313 3453 4384 impar

178 4379 453 4490 ’τὴν
480 4379 770 4485 ἐνάργειαν
804 4379 916 4482 (34)
938 4379 1145 4474 ’.αὐτὸς
1176 4408 1234 4462 δὲ
1277 4379 1379 4463 καῖ
1416 4407 1569 4480 παρὰ
1602 4379 1756 4460 σεαυ-

1870 4408 1985 4468 est;
2030 4401 2149 4471 ipse
2188 4408 2371 4473 autem
2420 4400 2566 4470 apud
2615 4402 2858 4473 tcipsum
2903 4379 3221 4459 existimare
3260 4379 3448 4469 deb—es,

176 4509 257 4581 τῷ
291 4508 407 4580 (55)
442 4506 682 4571 εἰκάζειν
727 4505 998 4574 ὀφείλεις,
1030 4502 1466 4575 τεκμαιρόμενος
1508 4500 1586 4572 τῷ
1626 4499 1759 4553 κάλ-

179 4602 259 4656 λει
287 4601 401 4655 τῶν
429 4596 866 4670 ἐπεσταλμένων.
898 4597 966 4653 Τί
1009 4595 1120 4667 γὰρ
1166 4596 1269 4661 οὐκ
1317 4590 1429 4667 εἶχε
1474 4592 1544 4648 τὰ
1582 4593 1766 4665 γράμε

251 4774 367 4847 (27)
398 4773 509 4831 Kal
533 4775 689 4847 τίνα.
719 4770 846 4847 [hac
872 4771 1056 4847 addita
1076 4785 1142 4840 ex
1170 4768 1348 4825 tribus
1375 4766 1764 4826 vetustissimis

182 4843 467 4904 codicibus
503 4852 560 4901 et
590 4844 841 4916 pluribus
873 4843 1018 4898 aliis.

252 4939 367 5065 (ἳέ)
396 4937 689 5022 βάρακος.
727 4936 820 4992 Sic
850 4935 1111 4991 scribitur
1153 4935 1259 4988 hoc
1292 4947 1491 5016 nomen
1520 4933 1573 4987 in
1615 4942 1766 4985 utro-

252 5026 290 5065 e
359 5012 512 5065 oisl..
552 5009 717 5065 Med..
758 5006 935 5065 HarL.
965 5006 1181 5061 duobus
1225 5002 1409 5065 Regiis
1437 5013 1492 5059 et
1533 5010 1766 5065 utroque

257 5002 512 5075 eCoisII,
552 5002 717 5070 ﬁed,
758 5006 935 5072 HarL,
965 5006 1181 5061 duobus
1225 5002 1409 5075 Regiis
1437 5013 1492 5059 et
1533 5010 1768 5073 utroque

228 5083 362 5152 igot.
396 5079 544 5136 Editi
580 5080 874 5151 Βάρουχος.

254 5173 395 5247 (99)
421 5171 834 5247 Υπερθέοςεως.
867 5169 1005 5227 Male
1038 5169 1095 5225 in
1131 5178 1339 5240 septem
1372 5184 1510 5230 mss.
1541 5184 1648 5225 non
1678 5188 1769 5226 ve-

187 5243 511 5302 tustissimis
531 5243 867 5306 ὑποθέσεως.

254 5337 376 5419 (39)
412 5337 817 5419 ῥγθήσεσθαι.
872 5331 965 5389 Sic
1010 5350 1147 5391 mss.
1202 5347 1418 5390 summo
1469 5347 1766 5390 consensu.

187 5406 333 5463 Editi
357 5406 673 5478 λυθήσεται.

258 5478 374 5547 (Si)
427 5472 761 5545 Ἀ’ληθινόν.
819 5472 896 5530 Ita
952 5482 1067 5532 tres
1126 5474 1485 5532 vetustissimi
1525 5476 1765 5533 codices.

194 5549 330 5605 sum
366 5545 587 5616 ἀληθές.
818 5612 834 5616 Α
956 5613 1002 5616 η
1059 5615 1069 5616 ί

258 5618 375 5688 (52)
441 5612 763 5686 Ἄκέραιον.
811 5612 902 5688 Sic
954 5613 1244 5672 Medicmus
1308 5616 1512 5681 codex,
1571 5618 1768 5673 melius

190 5686 365 5758 multo
407 5702 571 5765 quam
616 5687 750 5746 editi
812 5686 1059 5760 καίριον,
1100 5688 1372 5743 sententia
1423 5688 1478 5743 in
1530 5689 1767 5744 omnibus

1865 4513 1933 4553 ex
1967 4512 2158 4553 eorum
2214 4513 2336 4568 qua;
2389 4497 2671 4568 scripsisti
2722 4500 3135 4570 pulchritudine
3173 4501 3453 4571 coniectu.

1864 4604 1983 4656 ram
2031 4588 2260 4657 faciens.
2316 4587 2464 4663 Quid
2507 4592 2659 4658 enim
2717 4608 2831 4648 non
2883 4593 3123 4651 habebat
3175 4594 3453 4665 epistola?

1867 4773 2336 4843 opportunitatem.
2365 4772 2553 4830 Codex
2584 4772 2904 4834 Harlmanus
2936 4775 3114 4847 prima
3152 4789 3316 4829 manu
3356 4773 3451 4828 εὖ·

1866 4860 2078 4898 καιοον.

1940 4914 2053 4983 (55)
2090 4915 2453 4983 Συντυχίας.
2483 4914 2542 4969 In
2568 4914 2672 4968 hac
2702 4930 2838 4969 voce
2877 4922 2991 4970 tres
3043 4915 3452 4972 vetustissimos

1868 4985 2087 5056 codices
2117 4985 2290 5056 secuti
2322 5000 2543 5056 sumus.
2568 4983 2707 5038 Editi
2738 4984 2972 5056 ὁμιλίας.

1951 5053 2053 5122 ’54)
2093 5054 2251 5125 Πρὸς
2294 5054 2411 5122 τὴν
2437 5053 2784 5125 ἐνάργειαν.
2809 5053 2887 5108 Ita
2936 5056 3179 5125 quinque
3229 5054 3452 5125 codices

1869 5139 1979 5179 non
2013 5124 2408 5196 antiquissimi,
2462 5139 2659 5196 nempe
2702 5124 2873 5196 Coisl.
2901 5124 3199 5196 secundus,
3251 5124 3453 5196 Regius

1872 5193 2168 5267 secundus,
2208 5193 2473 5267 Clarom._.
2502 5193 2683 5267 Paris.
2709 5205 2767 5267 et
2784 5194 2962 5266 Bigot.
3004 5194 3064 5250 In
3099 5195 3223 5267 aliis
3250 5193 3454 5267 legitur

1871 5265 2173 5334 ἐνέργειαν,
2221 5263 2412 5334 sicque
2443 5264 2639 5319 habuit
2686 5263 2874 5334 prima
2905 5281 3070 5320 manu
3110 5263 3449 5323 Harlaaa'nus.

1874 5282 1958 5318 ενε
1997 5282 2173 5333 γειαν,
2221 5282 2412 5332 Sicque
2444 5282 2639 5319 nanurt
2686 5282 2863 5334 prima
2905 5282 3070 5320 manu
3110 5282 3449 5323 uarlaéanus.

1874 5282 2131 5409 cum
2150 5334 2214 5409 in
2239 5334 2365 5389 aliis
2389 5333 2555 5409 hujus
2584 5335 2828 5409 epistolae
2863 5335 3166 5409 simillimis
3198 5337 3333 5393 locis
3360 5338 3454 5409 le-

1871 5413 2030 5477 gatur
2073 5403 2385 5477 ἐνάργειαν,
2429 5403 2583 5459 nullo
2619 5403 3007 5462 dissentiente
3046 5407 3273 5477 codice;
3315 5408 3452 5464 nihil

1873 5474 2195 5530 {nutantium
2243 5474 2522 5531 duximus.

1946 5544 2263 5618 (35)}16434
2283 5542 2747 5618 ⁸(ζἰερρζεῖκ-Ἡρη.
2794 5546 2947 5618 παρὰ
2985 5546 3235 5618 σεαυτοῦ.

1946 5613 1965 5638 ⁴
2003 5613 2153 5670 Alias
2179 5613 2595 5670 CCCLXXVIII.
2632 5614 2846 5681 Scripta
2874 5613 3021 5672 anno
3056 5616 3183 5674 574.

1946 5688 1984 5709 ’⁸
2008 5687 2158 5745 Alias
2173 5682 2592 5743 CCCXXXVIII.
2627 5684 2843 5758 Scripta
2870 5702 3018 5744 anno
3041 5684 3166 5747 574.
