3852 6220
413 221 521 279 635

1721 221 1781 277 S.
1824 220 2076 278 BASlbll'
2110 219 2339 277 MAGNI‘

3555 218 3686 274 656

413 341 611 397 Nonne
640 340 697 396 in
726 337 1024 395 Dominum
1062 352 1305 396 amorem
1323 339 1351 392 ’ἒν
1373 336 1566 395 Nonne
1605 339 1806 395 mirum
1835 339 1996 410 quid-

2104 355 2282 408 ματα;
2310 337 2385 390 Οὐ
2414 337 2513 408 τὴν
2538 333 2671 407 πρὸς
2697 335 2901 406 Κύριον
2923 332 3177 404 ἀγάπην;
3206 331 3279 386 Ού
3302 330 3365 384 τὺ
3390 333 3523 403 περὶ
3546 335 3693 397 τοὺς

415 437 543 490 dam
575 434 645 489 de
673 433 1033 504 martyribus,
1072 434 1151 487 ita
1189 432 1479 503 perspicue
1520 432 1838 488 certaminis
1872 446 1992 486 mo-

415 528 546 581 dum
573 524 919 590 describens,
954 533 1016 579 ut
1062 541 1152 580 res
1193 526 1352 580 nobis
1395 534 1623 595 poneret
1660 526 1732 580 ob
1763 525 1992 582 oculos?

413 615 609 671 Nonne
650 623 706 671 et
756 616 813 670 in
848 630 951 671 nos
1000 616 1151 686 ipsos
1195 617 1459 672 honorem
1502 630 1568 670 ac
1601 615 1993 671 dilectionem?

412 705 608 762 Nonne
642 706 912 777 quidquid
951 707 1439 776 praeclarissimum
1475 708 1600 776 quis
1635 707 1877 763 dixerit?
1915 710 1990 760 ita

413 806 496 864 ut,
533 799 629 854 ubi
675 786 963 869 epistolam
1007 799 1066 853 in
1097 813 1295 854 manus
1345 800 1578 869 sumpsi,
1616 814 1848 869 eamque
1884 798 1990 869 legi

416 890 641 962 saepius,
672 906 737 945 ac
768 891 1170 946 redundantem
1198 892 1251 945 in
1284 906 1348 946 ea
1371 892 1602 962 gratiam
1622 890 1857 961 Spiritus
1876 906 1995 960 per-

415 984 595 1054 spexi,
650 984 786 1038 mihi
840 984 1059 1039 viderer
1106 984 1304 1053 priscis
1364 984 1707 1053 temporibus
1758 984 1990 1049 versari,

414 1090 543 1130 cum
568 1074 828 1130 florerent
869 1074 1132 1131 Ecclesia:
1160 1074 1277 1139 Dei,
1310 1074 1414 1130 ﬁde
1442 1075 1726 1140 radicataa,
1760 1076 1993 1144 conjun-

415 1175 519 1222 clm
563 1168 872 1233 cbaritate,
917 1168 1181 1223 membris
1222 1167 1397 1221 variis
1451 1167 1607 1236 quasi
1661 1167 1721 1221 in
1758 1181 1992 1235 corpore

415 1273 529 1313 uno
558 1273 723 1313 unam
752 1259 1223 1330 conspirationem
1256 1258 1590 1314 habentibus
1617 1278 1645 1330 ι,
1661 1274 1786 1312 cum
1814 1259 1995 1313 mani~

415 1347 545 1404 festi
589 1358 777 1404 essent
811 1352 906 1420 qui
951 1349 1444 1420 persequebantur,
1489 1348 1765 1406 manifesti
1806 1350 1992 1405 itidem

414 1440 512 1509 qui
552 1441 903 1510 patiebantur
943 1442 1387 1512 persecutionem
1417 1462 1431 1497 :
1456 1456 1582 1497 cum
1630 1441 1815 1512 populi
1847 1441 1993 1497 bello

416 1530 716 1601 oppugnati
750 1532 1271 1601 multiplicarentur,
1306 1547 1371 1586 ac
1414 1539 1721 1604 martyrum
1766 1532 1991 1603 sanguis

417 1619 696 1676 Ecclesias
724 1622 987 1693 irrigans,
1017 1624 1271 1679 veritatis
1314 1624 1549 1682 athletas
1585 1625 1761 1680 multo
1801 1625 1988 1696 plures

420 1715 614 1778 aleret,
643 1716 1045 1785 posterioribus
1077 1717 1324 1786 priorum
1347 1719 1597 1788 exemplo
1626 1733 1748 1775 sese
1771 1718 1841 1773 ad
1869 1734 1992 1773 cer—

419 1813 604 1861 tamen
648 1806 995 1875 parantibus.
1040 1807 1199 1862 Tunc
1231 1808 1537 1864 Christiani
1579 1824 1773 1880 pacem
1819 1808 1991 1865 habe-

417 1895 615 1951 bamus
646 1896 791 1950 inter
839 1912 942 1951 nos
974 1918 985 1950 :
1014 1913 1206 1967 pacem
1249 1898 1396 1952 illam
1427 1913 1591 1969 quam
1624 1899 1844 1969 reliquit
1880 1898 1991 1954 Do-

421 1987 629 2052 minus,
666 1989 837 2057 cujus
858 2004 1005 2043 nunc
1036 2005 1106 2044 ne
1128 1990 1417 2060 vestigium
1450 1990 1670 2060 quidem
1703 1991 1862 2046 nobis
1877 1991 1992 2060 jam

418 2085 706 2146 superest,
752 2079 888 2132 adeo
939 2078 1430 2157 illam_crudeliter
1473 2096 1503 2132 a
1553 2080 1711 2136 nobis
1758 2080 1993 2135 invicem

421 2168 723 2239 abegimus.
759 2168 1145 2226 Verumtamen
1194 2171 1474 2227 redierunt
1512 2172 1679 2225 animi
1710 2171 1884 2226 nostri
1925 2169 1993 2223 ad

420 2257 661 2327 priscam
694 2258 842 2312 illam
874 2259 1293 2322 beatitudinem,
1327 2261 1420 2314 ubi
1450 2261 1647 2315 littera:
1687 2277 1754 2315 ex
1784 2267 1993 2314 remota

421 2351 647 2421 regione
675 2360 968 2417 venerunt,
1005 2352 1320 2408 dilectionis
1349 2353 1757 2423 pulchritudine
1780 2352 1994 2409 eﬂlore-

420 2452 679 2510 sacntes;
711 2458 778 2498 ac
808 2453 1018 2515 martyr
1058 2446 1220 2500 nobis
1246 2446 1465 2500 advenit
1497 2462 1527 2501 a
1557 2447 1806 2500 barbaris
1847 2447 1992 2500 ultra

420 2526 623 2580 Istrum
650 2527 1048 2593 habitantibus,
1084 2545 1183 2599 per
1204 2546 1264 2585 se
1292 2530 1408 2599 ipse
1436 2531 1742 2601 praedicans
1773 2529 1895 2585 ﬁdei
1926 2531 1992 2584 il-

420 2617 495 2671 lic
520 2616 756 2688 vigentis
798 2610 1195 2690 integritatem.
1233 2620 1370 2687 Quis
1423 2622 1731 2674 animarum
1771 2631 1992 2676 nostra-

420 2724 544 2762 rum
588 2709 676 2765 bis
721 2712 776 2764 in
820 2713 985 2768 rebus
1018 2713 1263 2767 lmtitiam
1297 2728 1560 2767 enarrare
1591 2715 1798 2782 possit?
1836 2713 1995 2779 Qum-

424 2814 555 2855 nam
594 2802 939 2872 excogitetur
967 2804 1185 2858 dicendi
1226 2806 1331 2868 vis,
1367 2820 1490 2874 qua:
1518 2806 1667 2858 clare
1704 2806 1883 2860 valeat
1914 2805 1994 2859 af-

424 2891 632 2946 fectum
688 2893 745 2947 in
801 2895 967 2949 corde
1024 2905 1219 2950 nostro
1272 2897 1615 2951 reconditum
1648 2897 1997 2968 25581131⁸-

2098 431 2381 501 μάρτυρας
2414 428 2633 499 θαῦμα,
2673 425 2845 489 οὕτως
2896 423 3144 494 ἐναργῶς
3190 424 3281 477 τὸν
3326 422 3529 493 τρόπον
3576 425 3693 492 τῆς

2093 520 2370 591 ἀθλήσεως
2391 518 2501 589 (56)
2530 516 2939 589 ὑπογράφοντα,
2962 515 3104 569 ὥστε
3130 515 3220 567 ὑπ’
3247 513 3368 583 ὄψιν
3398 515 3534 585 ἡμῖν
3558 514 3690 584 (‘57)

2092 614 2320 682 ἀγαγεῖν
2365 610 2435 665 τά
2483 610 2823 682 πράγματα;
2858 609 2933 663 Οὐ
2977 607 3077 681 τήν
3117 608 3246 678 περὶ
3293 609 3441 678 ἡμᾶς
3472 608 3693 670 αὐτοὺς

2092 704 2258 773 τιμήν
2302 719 2373 756 τε.
2400 702 2496 755 καὶ
2521 699 2798 765 διάθεσιν;
2830 700 2953 769 Οὐχξ
2990 698 3019 752 ὅ
3046 716 3099 751 τι
3147 696 3214 751 ἂν
3253 699 3396 751 εἴποι
3431 714 3521 760 τις
3564 697 3691 750 τῶν

2092 794 2426 859 καλλίστωνς
2483 791 2622 845 ὥστε
2652 831 2667 856 ,
2719 792 2810 845 ὅτε
2861 793 2941 854 εἰς
2990 791 3179 861 χεῖρας
3230 788 3328 860 τὴν
3378 788 3689 860 ἐπιστολὴν

2091 882 2391 954 ἐδεξάμεθα
2411 926 2425 949 ,
2460 885 2556 937 καὶ
2592 883 2903 953 ἀνέγνωμεν
2934 881 3104 952 αὐτὴν
3134 879 3411 945 πολλάκις,
3444 881 3544 933 καὶ
3574 879 3687 951 τὴν

2094 974 2363 1044 βρύουσαν
2394 976 2451 1027 ἐν
2500 975 2636 1044 αὐτῇ
2677 973 2837 1043 χάριν
2869 971 2962 1025 τοῦ
3015 971 3331 1042 Πνεύματος
3362 970 3688 1042 κατεμάθο-

2095 1083 2228 1137 μεν,
2265 1065 2486 1136 νομίσαι
2533 1066 2683 1136 mia;
2734 1064 2827 1115 ἐπὶ
2876 1062 2985 1117 τῶν
3038 1063 3282 1133 ἀρχαίων
3319 1062 3529 1133 καιρῶν
3562 1079 3673 1130 γε-

2090 1152 2369 1225 γενῆσθαι,
2396 1153 2559 1224 ήνίκα
2590 1151 2785 1222 ἤνθουν
2814 1153 2871 1206 αἰ
2902 1151 3220 1222 Ἐκκλησίαι
3250 1151 3344 1205 τοῦ
3366 1150 3505 1204 Θεοῦ
3530 1194 3546 1219 ,
3583 1153 3688 1224 ἐῤ-

2094 1244 2389 1316 ριξωμέναι
2415 1246 2482 1315 τῇ
2516 1242 2719 1306 πίστει,
2752 1243 3026 1313 ἡνωμέναι
3052 1245 3118 1314 τῇ
3143 1242 3331 1315 ἀγάπῃ
3353 1283 3365 1306 ,
3390 1242 3588 1314 ῶσπερ
3618 1245 3685 1296 ἐν

2092 1335 2172 1386 ἐνί
2200 1332 2411 1404 σώματι
2449 1335 2577 1404 μιᾶς
2604 1331 2908 1402 συμπνοίας
2943 1331 3215 1402 διαφόρων
3265 1331 3444 1405 μελῶν
3488 1332 3679 1403 ὕπαρ-

2092 1425 2292 1496 χούσης
2315 1442 2327 1454 ·
2363 1425 2452 1477 ὅτε
2500 1425 2724 1495 φανεροὶ
2780 1423 2878 1494 μὲν
2922 1424 2972 1475 οἰ
3001 1422 3320 1487 διώκοντες,
3356 1424 3585 1496 φανεροὶ
3620 1425 3685 1477 δὲ

2091 1520 2140 1570 οἰ
2164 1517 2484 1587 διωκόμενοι
2503 1534 2516 1547 ·
2557 1515 2954 1587 πολεμούμενοι
2979 1513 3036 1569 δὲ
3062 1517 3112 1569 οἰ
3139 1516 3273 1575 λαοὶΔ
3292 1516 3511 1581 πλείους
3554 1518 3684 1584 ἐγί-

2092 1627 2269 1675 νοντο,
2304 1609 2400 1662 καὶ
2448 1608 2511 1661 τὸ
2542 1602 2682 1677 αἷμα
2712 1606 2823 1659 τῶν
2870 1606 3193 1678 μαρτύρων,
3224 1606 3382 1679 άρδον
3408 1607 3511 1670 τάς
3547 1608 3683 1661 Ἐκ-

2094 1701 2355 1777 κλησίας,
2400 1699 2832 1762 πολυπλασίονας
2870 1700 2996 1763 τοὺς
3052 1698 3357 1769 ἀγωνιστὰς
3384 1698 3487 1770 τῆς
3517 1700 3684 1752 εὐσε-

2093 1794 2245 1857 ϐείας
2269 1793 2528 1865 ἐξέτρεφε
2548 1832 2564 1858 ,
2598 1792 2678 1863 τῷ
2711 1791 2859 1863 ζήλῳ
2891 1790 2999 1845 τῶν
3047 1791 3423 1862 προλαϐόντων
3460 1792 3680 1845 ἐπαπο-

2091 1886 2364 1957 δυομένων
2407 1886 2517 1938 τῶν
2566 1882 2783 1955 ἐφεξῆς.
2840 1884 2972 1936 Τότε
3019 1884 3334 1955 Χριστιανοὶ
3386 1884 3484 1955 μὲν
3531 1886 3678 1957 πρὸς

2093 1977 2353 2048 ἀλλήλους
2382 1977 2602 2047 εἰρήνην
2634 1976 2839 2046 ήγομεν
2882 1974 2993 2046 (⁸58)
3013 1992 3027 2006 ·
3064 1976 3287 2047 εἰρήνην
3320 1976 3570 2047 ἐκείνην,
3603 1978 3677 2047 ῆν

2092 2075 2121 2126 ὁ
2154 2071 2356 2144 Κύριος
2403 2073 2536 2141 ἡμῖν
2581 2070 2902 2137 κατέλιπεν,
2938 2065 3006 2142 ἧς
3042 2068 3139 2123 νῦν
3174 2069 3283 2122 οὐδ’
3338 2070 3483 2140 ἴχνος
3531 2073 3677 2141 ἡμῖν

2094 2162 2275 2215 λοιπὸν
2316 2160 2730 2226 ὑπολέλειπται,
2772 2159 2945 2223 οὕτως
2987 2160 3156 2232 αὐτὴν
3186 2158 3411 2229 ἀπηνῶς
3452 2161 3548 2213 ἀπ’
3575 2161 3680 2214 ἀλ-

2093 2254 2268 2324 λήλων
2294 2251 2691 2322 ἀπεδιώξαμεν.
2742 2252 2889 2324 Πλὴν
2939 2250 3053 2304 ἀλλ’
3082 2252 3165 2305 ὅτι
3214 2255 3268 2306 αἰ
3301 2253 3471 2323 ψυχαὶ
3513 2254 3681 2323 ήμῶν

2093 2347 2231 2417 πρὸς
2274 2345 2373 2417 τὴν
2419 2344 2655 2398 παλαιάν
2686 2344 2900 2414 ἐκείνην
2936 2344 3313 2415 μακαριότητα
3344 2344 3675 2414 ἐπανῆλθον,

2095 2437 2281 2508 ἐπειδὴ
2312 2437 2614 2509 γράμματα
2643 2436 2742 2508 μὲν
2786 2432 2948 2506 ἦλθεν
2983 2437 3047 2490 ἐκ
3087 2436 3190 2505 τῆς
3228 2436 3503 2507 μακρόθεν
3533 2436 3673 2505 (59),

2093 2527 2359 2582 ἀνθοῦντα
2408 2526 2488 2598 τῷ
2533 2530 2632 2599 τῆς
2678 2527 2896 2597 ἀγάπης
2937 2525 3125 2581 κάλλει
3151 2566 3165 2592 ,
3203 2526 3412 2597 μάρτυς
3442 2527 3508 2579 δὲ’
3537 2528 3681 2597 ἡμῖν

2095 2620 2438 2691 ἐπεδήμησεν
2470 2621 2535 2672 ἐκ
2571 2617 2678 2672 τῶν
2714 2617 2971 2672 ἐπέκεινα
3007 2619 3223 2689 Ἴστρου
3256 2617 3566 2688 βαρϐάρων,
3604 2617 3676 2669 δι’

2095 2711 2286 2765 ἐαυτοῦ
2316 2711 2607 2783 κηρύσσων
2651 2711 2753 2780 τῆς
2802 2712 2921 2763 ἐκεῖ
2964 2709 3388 2781 πολιτευομένης
3438 2709 3680 2771 πίστεως

2094 2802 2192 2874 τὴν
2219 2802 2526 2876 ἀκρίϐειαν.
2568 2802 2664 2864 Τίς
2700 2802 2766 2855 ἂν
2814 2801 2912 2873 τὴν
2960 2803 3051 2854 ἐπὶ
3099 2802 3307 2865 τούτοις
3337 2801 3682 2871 εὐφροσύνην

2095 2895 2201 2947 τῶν
2222 2893 2408 2964 ψυχῶν
2442 2894 2597 2965 ήμῶν
2629 2893 2981 2964 διηγήσαιτος
3014 2892 3110 2957 Τίς
3141 2892 3206 2947 ἂν
3240 2891 3553 2962 ἐπινοηθείη
3580 2891 3680 2943 δύ-

423 2982 589 3036 rare?
619 2981 875 3038 Profecto
906 3001 1029 3039 cum
1064 2986 1305 3041 vidimus
1359 2988 1641 3056 athletam,
1686 2991 1835 3044 illius
1876 2990 1996 3044 hor-

2104 3002 2260 3056 ναμις
2292 2984 2451 3053 λόγου
2482 2983 2728 3055 ἐναργῶς
2772 2982 3086 3052 ἐξαγγεῖλαι
3128 2981 3225 3053 τὴν
3259 2984 3316 3034 ἐν
3341 2980 3419 3051 τῷ
3444 2981 3683 3053 κρυπτῷ·

424 3080 657 3128 tatorem
693 3072 908 3130 felicem
957 3078 1378 3145 praedicavimus
1408 3098 1420 3131 :
1449 3082 1544 3150 qui
1596 3082 1739 3151 apud
1780 3084 1993 3151 justum

2104 3076 2199 3146 τῆς
2234 3076 2463 3147 καρδίας
2498 3074 2655 3146 ἡμῶν
2696 3073 2935 3127 διάθεσιν
2968 3073 3239 3143 δυναμένη
3271 3089 3285 3136 ;
3321 3072 3453 3124 Ὅτε
3492 3069 3675 3141 μέντοι

424 3163 664 3235 iudicem
698 3166 930 3236 iustitiae,
954 3184 1214 3223 coronam
1240 3181 1293 3225 et
1326 3172 1442 3241 ipse
1478 3175 1722 3244 recipiet,
1752 3192 1816 3230 co
1848 3174 1996 3246 quod

425 3254 633 3311 multos
652 3257 719 3311 ad
751 3259 1074 3314 certandum
1101 3275 1201 3330 pro
1231 3260 1436 3330 pietate
1461 3265 1924 3322 corroboraverit.

497 3519 551 3572 2.
592 3521 862 3586 Quoniam
895 3524 1118 3581 beatum
1155 3529 1336 3583 virum
1374 3529 1658 3602 Eutychen
1698 3532 1754 3585 in
1787 3548 1997 3587 memo-

427 3611 567 3665 riam
597 3614 757 3670 nobis
782 3618 1078 3684 revocasti,
1112 3622 1467 3693 patriamque
1494 3631 1741 3678 nostram
1766 3639 2001 3679 exorna-

430 3703 524 3767 sti,
565 3712 625 3759 ut
668 3721 789 3774 quae
822 3707 1045 3777 pietatis
1095 3712 1306 3766 semina
1354 3715 1671 3783 praebuerit,
1712 3716 2002 3772 oblectasti

430 3795 650 3863 quidem
678 3813 781 3852 nos
818 3801 1201 3859 recordatione
1235 3807 1661 3875 praeteritorum,
1696 3808 1791 3863 sed
1819 3807 2003 3863 affeci-

432 3887 503 3941 sti
545 3889 773 3944 tristitia
812 3892 899 3947 his
935 3910 1057 3964 quae
1086 3897 1336 3954 videmus
1362 3899 1676 3968 arguendis.
1712 3899 2003 3955 Enimvero

431 3993 593 4033 nemo
618 3991 870 4037 nostrum
901 3983 1134 4057 Eutychi
1172 3988 1377 4043 virtute
1413 3990 1612 4045 similis
1640 4009 1652 4044 :
1681 3992 1775 4060 qui
1812 3991 2005 4061 utique

430 4073 644 4123 tantum
679 4071 834 4127 abest
872 4081 932 4126 ut
977 4076 1248 4133 barbaros
1292 4078 1531 4147 Spiritus
1562 4080 1769 4135 virtute
1808 4095 1873 4135 ac
1905 4081 2007 4135 do-

398 4232 403 4238 .
431 4173 629 4213 norum
655 4161 806 4219 illius
828 4163 1065 4219 elﬁcacia
1085 4168 1609 4239 mansuefaciamus,
1632 4184 1694 4244 ut
1718 4187 1815 4228 eos
1837 4172 2005 4228 etiam

433 4250 527 4319 qui
558 4254 830 4309 mansueti
867 4264 1015 4322 sunt,
1056 4254 1404 4327 peccatorum
1431 4246 1748 4319 nostrorum
1792 4266 2004 4335 magni-

2099 3166 2309 3236 εῐδομεν
2334 3166 2425 3219 τὸν
2454 3165 2693 3236 ἀθλητὴν
2714 3206 2728 3229 ,
2764 3163 3183 3235 ἐμακαρίσαμεν
3220 3162 3384 3215 αὐτοῦ
3410 3162 3503 3213 τὸν
3534 3159 3679 3213 ἀλεί-

2100 3275 2242 3329 πτην
2261 3274 2273 3285 ·
2302 3257 2360 3321 ὃς
2394 3256 2546 3329 παρά
2573 3255 2652 3326 τῷ
2675 3255 2868 3326 δικαίῳ
2892 3258 3055 3327 κριτῇ
3087 3253 3178 3307 τὸν
3206 3252 3303 3322 τῆς
3328 3248 3678 3320 δικαιοσύνης

2101 3350 2363 3417 στέφανον
2418 3349 2514 3402 καὶ
2562 3348 2722 3410 αὐτὸς
2773 3346 3155 3418 ἀπολήψεται,
3191 3343 3418 3408 πολλοὺς
3469 3344 3546 3406 εἰς
3578 3342 3677 3394 τὸν

2101 3441 2241 3512 ὑπὲρ
2272 3441 2372 3511 τῆς
2404 3439 2685 3503 εὐσεϐείας
2719 3439 3034 3512 ἐπιρρώσας
3073 3437 3284 3508 ἀγῶνα.

2168 3532 2227 3587 2.
2273 3532 2425 3584 Ἐπεὶ
2473 3531 2531 3584 δέ
2580 3532 2673 3584 καὶ
2700 3530 2793 3585 τοῦ
2837 3530 3108 3603 μακαρίου
3148 3530 3341 3600 ἀνδρὸς
3388 3525 3669 3598 Εύωχοῦς

2101 3626 2181 3688 εἰς
2214 3626 2435 3696 μνήμην
2465 3626 2612 3695 ἡμᾶς
2635 3626 2880 3696 ,ἢγαγεςη
2924 3625 3018 3678 καὶ
3044 3623 3344 3694 ἐσέμνυνας
3383 3621 3540 3693 ἡμῶν
3574 3621 3677 3691 τὴν

2102 3716 2338 3787 πατρίδα
2363 3756 2378 3782 ,
2408 3716 2485 3780 ὡς
2513 3717 2683 3788 αὐτὴν
2711 3716 3136 3789 παρασχομένην
3164 3715 3263 3785 τῆς
3298 3714 3575 3778 εὐσεϐείας
3607 3714 3678 3768 τά

2104 3807 2426 3879 σπέρματαο
2470 3806 2745 3878 εὔφρανας
2784 3808 2883 3878 μέν
2925 3808 3072 3878 ἡμᾶς
3120 3809 3188 3877 τῇ
3234 3805 3538 3876 ὑπομνήσει
3566 3804 3680 3858 τῶν

2103 3899 2379 3965 παλαιῶν,
2425 3897 2701 3969 ἐλύπησας
2748 3899 2805 3952 δὲ
2854 3898 2932 3969 τῷ
2965 3899 3172 3969 ἐλέγχῳ
3220 3896 3327 3951 τῶν
3363 3898 3679 3969 δρωμένων.

2104 3993 2293 4056 Οὐδεὶς
2322 3990 2430 4065 γάρ
2458 3991 2617 4063 ἡμῶν
2644 3992 2877 4062 Εὐτυχεῖ
2901 3992 3000 4063 τὴν
3026 3992 3226 4064 ἀρετὴν
3256 3991 3639 4063 παραπλήσιος
3664 4008 3677 4019 ·

2104 4085 2158 4138 οἵ
2186 4101 2251 4153 γε
2281 4083 2534 4137 τοσοῦτον
2566 4084 2845 4154 ἀπέχομεν
2891 4083 3200 4155 βαρϐάρους
3231 4082 3573 4155 ἐξημερῶσαι
3609 4086 3681 4154 τῇ

2105 4175 2329 4246 δυνάμει
2356 4175 2451 4230 τοῦ
2501 4176 2818 4248 Ιινεύματος
2841 4216 2857 4242 ,
2889 4177 2983 4229 καί
3018 4179 3084 4247 τῇ
3125 4175 3373 4247 ἐνεργείᾳ
3403 4173 3512 4227 τῶν
3550 4177 3681 4247 παρ’

2107 4267 2273 4324 αὑτοῦ
2306 4269 2661 4340 χαρισμάτων
2680 4310 2695 4334 ,
2726 4268 2865 4324 ὥστε
2904 4269 2999 4321 καὶ
3036 4269 3161 4332 τοὺς
3191 4268 3414 4340 ἡμέρως
3458 4267 3685 4338 ἔχοντας

432 4341 628 4398 tudine
675 4344 887 4403 feroces
931 4350 1245 4408 reddamus.
1278 4351 1447 4409 Nobis
1491 4355 1641 4409 enim
1679 4371 1904 4412 causam
1949 4365 1996 4413 el

2106 4361 2171 4429 τῇ
2228 4358 2502 4430 ὑπερϐολῇ
2555 4357 2665 4411 τῶν
2724 4357 3007 4428 ἁμαρτιῶν
3080 4356 3235 4427 ἡμῶν
3291 4354 3681 4426 ἐξηγριῶσθαι.

435 4435 682 4503 peccatis
718 4440 924 4496 nostris
966 4444 1318 4510 ascribimus,
1347 4460 1449 4500 cur
1481 4455 1765 4510 tantopere
1808 4448 2004 4505 diffusa

437 4528 513 4582 sit
544 4527 931 4586 haereticorum
979 4536 1245 4603 potentia.
1299 4536 1514 4592 Etenim
1552 4540 1703 4593 nulla
1735 4539 1849 4595 fere
1878 4557 2005 4611 pars

434 4619 589 4674 orbis
620 4629 891 4676 terrarum
913 4625 1138 4679 haeresis
1168 4625 1485 4681 incendium
1515 4627 1723 4698 eﬂ‘ugit.
1764 4627 1881 4684 Tua
1910 4645 2007 4683 au-

434 4721 543 4767 tem
604 4714 874 4775 narratio.
928 4717 1187 4773 athletica
1230 4720 1555 4786 certamina,
1617 4736 1851 4791 corpora
1907 4738 2007 4792 pro

436 4803 641 4872 pietate
666 4804 991 4872 dilacerata,
1028 4807 1182 4864 furor
1209 4810 1574 4865 barbarorum
1598 4811 1667 4866 ab
1692 4811 2007 4869 hominibus

436 4893 605 4949 corde
648 4895 937 4967 impavidis
973 4908 1347 4971 contemptus,
1396 4902 1550 4956 varia
1584 4910 1856 4958 tormenta
1886 4919 2009 4974 per-

440 4987 811 5055 sequentium,“
839 4990 1238 5047 decertantium
1283 4994 1339 5048 in
1383 4995 1638 5051 omnibus
1671 4998 2004 5060 constantia,

439 5079 668 5149 lignum,
709 5096 873 5153 aqua,
915 5086 1116 5157 quibus
1158 5090 1524 5144 consummati
1567 5097 1857 5161 martyres.
1899 5089 2010 5146 No-

511 5189 636 5273 l56)_
661 5192 1143 5273 Τῆς·-ἀζῖλήοιεκυςζ
1181 5198 1320 5273 Male
1356 5201 1412 5254 in
1458 5214 1690 5271 quatuor
1735 5217 1872 5256 mss.
1899 5216 2009 5256 non

440 5265 829 5339 vetustissimis
855 5266 1054 5339 legitur
1084 5270 1184 5339 τῆς
1214 5270 1446 5339 φύσεως.

506 5330 630 5415 ,(ᾷτ)
663 5334 855 5415 Ἡμῖν.
883 5330 960 5415 tia
994 5330 1651 5415 ιιθειξέιᾨοίςξρτίιηυξ.
1674 5341 2005 5415 Εάἰῐί-ήμῶν.

442 5397 646 5483 Ibidem
684 5397 815 5483 editi
844 5407 943 5483 τῂν
983 5408 1105 5483 mgf
1139 5411 1308 5481 ἡμᾶς.
1342 5397 1477 5466 Tres
1512 5397 1883 5483 antiquissimi
1917 5427 2010 5467 co-

444 5468 743 5551 dicgsmcum
771 5468 982 5532 duobus
1000 5468 1216 5551 aliisut
1252 5468 1305 5535 in
1344 5490 1513 5536 textu.

660 5543 962 5627 far-035..
1000 5549 1076 5627 lt_a
1114 5547 1265 5603 Harl.
1323 5560 1376 5608 et
1408 5552 1573 5616 Coisl.
1621 5553 1830 5624 primus
1884 5568 2007 5610 cum

444 5611 620 5667 tribus
657 5611 965 5672 aliis.’Editi
999 5618 1233 5691 εἴχομεν.

2116 4452 2360 4515 Ἐαυτοῖς
2387 4450 2497 4522 γὰρ
2527 4449 2858 4520 λογιζόμεθα
2880 4451 2974 4502 καὶ
3012 4451 3132 4512 ταῖς
3167 4447 3466 4520 ἡμετέραις
3496 4448 3681 4518 ἁμαρ-

2104 4543 2246 4607 τίαις
2282 4543 2381 4615 τὴν
2420 4542 2598 4596 αἰτίαν
2629 4541 2720 4595 τοῦ
2764 4541 2857 4594 ἐπὶ
2898 4540 3151 4594 τοσοῦτον
3182 4538 3410 4610 χυθῆναι
3442 4540 3540 4607 τὴν
3572 4541 3682 4591 τιῖιν

2106 4636 2396 4710 αἱρετικῶν
2425 4635 2762 4691 δυναστείαν.
2801 4634 2993 4705 Σχεδὸν
3030 4632 3141 4706 γὰρ
3174 4633 3325 4686 οὐδὲν
3371 4633 3535 4705 μέρος
3567 4632 3680 4699 (40)

2104 4729 2203 4799 τῆς
2255 4727 2577 4799 οἰκουμένης
2621 4726 2952 4795 διαπέφευγε
3001 4724 3092 4777 τὸν
3150 4725 3215 4777 ἐκ
3263 4723 3364 4793 τῆς
3416 4721 3679 4793 αἱρέσεως

2107 4820 2452 4891 ἐμπρησμόν.
2480 4819 2563 4872 Τά
2593 4818 2650 4871 δὲ
2676 4817 2743 4871 σά
2771 4818 3086 4887 διηγήματα
3105 4855 3119 4878 ,
3159 4815 3437 4878 ἐνστάσεις
3463 4812 3679 4883 ἀθλητι-

2108 4914 2201 4966 καὶ
2226 4912 2336 4983 (41)
2363 4957 2377 4979 ,
2425 4913 2652 4983 σώματα
2679 4910 2819 4982 ὑπὲρ
2851 4907 3260 4995 τῆςχεὺσεϐείας
3298 4905 3679 4977 καταξαινόμε-

2109 5023 2174 5058 να
2195 5047 2207 5065 ,
2240 5006 2408 5077 θυμὸς
2442 5004 2773 5077 βαρϐαρικὸς
2824 5000 2930 5055 ὑπὸ
2965 4999 3072 5053 τῶν
3117 4999 3550 5068 ἀκαταπλήκτων
3577 5000 3678 5068 τὴν

2110 5097 2333 5167 καρδίαν
2366 5094 2904 5167 καταφρονούμενος,
2945 5094 2998 5146 αἱ
3032 5092 3272 5146 ποικίλαι
3321 5091 3540 5161 βάσανοι
3569 5092 3676 5145 τῶν

2179 5206 2291 5272 (59)
2343 5208 2443 5261 Ἐκ
2469 5206 2579 5274 τῆς
2624 5206 2943 5276 μακρόθεν.
2971 5201 3333 5276 Harl.,llled_.,
3376 5200 3512 5273 Reg.
3551 5205 3674 5273 .pri-

2111 5294 2253 5338 ll-lllS,
2276 5275 2401 5332 Vat.
2426 5285 2482 5332 et
2521 5272 2697 5344 Bigot.
2725 5272 2861 5330 alter
2890 5277 2953 5327 ἐκ
2973 5274 3078 5343 γῆς
3102 5272 3375 5344 μακρόθεν

2180 5349 2291 5416 (40)
2315 5348 2526 5415 Μέρος.
2561 5343 2699 5402 Editi
2726 5343 3054 5416 adduntsfct,
3084 5343 3448 5416 quodmelius
3468 5343 3673 5399 videtur

2109 5413 2301 5473 deesse
2319 5419 2375 5472 in
2397 5413 2598 5473 tribus
2634 5415 3029 5486 antiquissimis
3046 5485 3053 5486 γ
3070 5413 3373 5486 codicibus.

2181 5458 2301 5559 ῐίῖῖ
2320 5458 3403 5559 "5555.25;"Eliiﬁéiélitji13"iitirii,
3435 5458 3575 5538 Med.
3619 5492 3672 5541 et

2107 5553 2283 5616 Coisl.'
2303 5559 2533 5629 primus.
2563 5555 2705 5613 Edili
2727 5556 2975 5619 ἔνστασις
3008 5553 3291 5626 ἀθλητική.
3352 5559 3355 5563 ’
