3852 6220
162 299 271 356 637
1085 305 1575 362 EPISTULARUM
1611 305 1898 364 CLASSIS
1933 306 1999 364 ll‘.
2025 307 2245 366 EPIST.
2284 306 2490 364 CLXV.
3060 326 3067 331 ν
3238 327 3245 333 ’
3325 306 3432 364 658

161 424 476 478 διωκόντων
502 463 517 488 ,
546 425 611 478 ai‘
636 423 726 479 διὰ
764 424 983 479 πάντων
1010 425 1295 491 ἐνστάσεις
1334 425 1442 480 τῶν
1486 427 1746 496 ἀγωνιζο-

1856 435 1973 483 stra
2004 442 2137 483 vero
2189 427 2372 498 qualia
2406 427 2589 484 sunt?‘
2612 425 2852 483 Refrixit
2896 424 3158 480 charitas.
3205 422 3429 479 Patrum

167 516 384 585 μένων,
418 516 480 569 τὺ
513 516 667 581 ξύλον
687 556 702 581 ,
745 518 808 570 τὸ
840 517 983 583 ὕδωρ
1018 517 1131 589 (42)
1152 557 1167 581 ,
1202 519 1271 574 τὰ
1302 518 1624 572 τελειωτικά
1648 517 1746 571 τῶι

1857 526 2107 575 vastatur
2147 519 2403 574 doctrina
2435 538 2449 574 :
2481 519 2774 590 naufragia
2802 519 2963 572 circa.
2994 517 3155 572 ﬁdem
3187 518 3377 571 crebra
3413 533 3427 569 :

167 608 489 680 μαρτύρων.
545 609 626 662 Τὰ
685 609 742 662 δὲ
799 609 1044 682 ἡμέτερα
1119 604 1262 675 ora;
1328 609 1669 680 Ἀπέψυκται
1721 612 1756 682 ἡ

163 699 382 771 ἀγάπη.
454 700 744 770 Πορθεῖται
800 701 834 771 ή
905 700 1016 754 τῶν
1081 700 1344 772 Πατέρων
1399 701 1752 755 διδασκαλία·

164 790 407 859 ναυάγια
460 791 591 863 περὶ
635 791 735 863 τὴν
786 791 969 846 πίστιν
1017 793 1200 846 πυκνά
1227 809 1250 822 ··
1279 793 1408 863 σιγᾷ
1452 792 1571 848 τῶν.
1604 793 1757 846 εὐσε-

164 881 411 937 ϐούντων
462 884 533 937 τὰ
584 884 867 955 στόματα’
908 884 1029 939 λαο)⁸
1078 884 1190 938 τῶν
1232 885 1539 957 εὐκτηρίων
1590 885 1756 939 οἴκων

164 975 520 1043 ἐξελαθέντες
555 979 615 1032 ἐν
663 976 743 1048 τῷ
792 977 1047 1049 ὑπαίθρῳ
1094 977 1232 1050 πρὸς
1260 978 1353 1031 τὸν
1404 980 1462 1032 ἐν
1508 979 1757 1051 οὐρανοῖς

164 1068 450 1139 Δεσπότην
496 1068 599 1133 τὰς
626 1072 817 1141 χεῖρας
848 1070 1083 1142 αἴρουσι.
1134 1070 1246 1124 Καὶ
1287 1072 1343 1123 αἱ
1395 1069 1495 1141 μὲν
1549 1070 1757 1141 θλίψεις

166 1161 429 1233 βαρεῖαι,
465 1162 764 1234 μαρτύριον
810 1162 867 1215 δὲ
917 1162 1195 1233 οὐδαμοῦ,
1237 1162 1325 1216 διὰ
1370 1162 1431 1215 τὸ
1476 1162 1602 1227 τοὺς
1651 1179 1755 1216 κα-

164 1259 403 1320 κοῦντας
434 1257 582 1328 ἡμᾶς
631 1255 731 1327 τὴν
766 1255 937 1327 αὐτὴν
978 1259 1112 1327 ἡμῖν
1160 1256 1305 1327 ἔχειν
1359 1256 1752 1328 προσηγορίαν.

103 1366 122 1431 1
177 1350 355 1420 ’Υπὲρ
409 1347 615 1401 τούτων
653 1346 817 1410 αὑτός
863 1364 923 1400 τε
972 1347 1194 1419 δεήθητι
1234 1346 1331 1401 τοῦ
1360 1346 1568 1419 Κυρίου
1593 1388 1608 1413 ,
1661 1347 1757 1400 καὶ

166 1442 383 1504 πάντας
435 1443 563 1503 τοὺς
622 1440 905 1508 γενναίους
940 1440 1180 1509 ἀθλητὰς
1235 1438 1332 1493 τοῦ
1388 1439 1626 1511 Χριστοῦ
1676 1440 1757 1503 είς

165 1535 267 1604 τὴν
293 1533 435 1604 ὑπὲρ
472 1531 582 1585 τῶν
610 1531 953 1604 Ἐκκλησιῶν
986 1531 1101 1604 (45)
1127 1532 1437 1604 προσευχὴν
1469 1531 1758 1602 συμπαρά-

165 1624 303 1677 λαϐε
327 1641 342 1654 υ
380 1623 467 1676 't'va
489 1662 505 1689 ,
554 1621 713 1692 εἴπερ
747 1621 827 1676 ἔτι
859 1624 1041 1695 χρόνοι
1091 1624 1235 1688 τινὲς
1268 1622 1649 1676 ὑπολείπονται
1683 1625 1753 1694 τῇ

1855 610 2019 667 silent
2060 612 2278 682 piorum
2327 625 2463 666 ora:
2499 610 2735 682 populus
2785 625 2816 664 a
2852 608 3189 680 precationis
3220 607 3432 662 aedibus

1854 703 2103 768 abactus,
2153 703 2258 759 sub
2303 702 2406 759 dio-
2442 702 2512 757 ad
2552 702 2863 769 Dominum,
2905 702 2999 773 qui
3030 702 3087 755 in
3134 700 3290 755 oculis
3321 707 3429 766 est,

1853 808 2059 849 manus
2094 793 2317 849 attollit.
2343 793 2422 847 Ac
2450 807 2645 864 graves
2676 792 2899 863 quidem
2930 799 3069 848 sunt
3089 789 3429 855 afllictioucs,

1852 899 2129 955 nusquam
2179 891 2365 940 tamen
2423 884 2791 954 martyrium;
2843 898 2909 938 eo
2970 882 3119 953 quod
3180 882 3276 951 qui
3329 896 3435 938 nos

1853 983 2079 1041 vexant,
2126 975 2320 1031 eodem
2371 991 2436 1032 ac
2479 990 2583 1031 nos
2621 975 2964 1046 appellentur
3011 974 3253 1029 nomine.
3296 972 3434 1028 Eam

1853 1069 1924 1125 ob
1953 1083 2179 1123 causam
2205 1083 2332 1123 cum
2371 1068 2489 1139 ipse
2522 1068 2814 1125 Dominum
2850 1083 3099 1142 precare,
3142 1073 3259 1121 tum
3289 1075 3435 1121 stre-

1852 1174 1996 1216 nuos
2039 1174 2232 1216 omnes
2276 1160 2484 1215 Christi
2535 1159 2770 1215 athletas
2820 1160 2888 1214 ad
2946 1157 3284 1213 adhibendas
3333 1171 3434 1226 pro

1853 1252 2118 1308 Ecclesiis
2170 1268 2363 1325 preces
2412 1254 2513 1308 tibi
2549 1253 2785 1323 adjunge
2820 1272 2834 1309 :
2872 1262 2931 1307 ut
2987 1252 3047 1307 si
3075 1250 3209 1322 quid
3252 1250 3433 1305 adhuc

1858 1347 2122 1417 temporis
2170 1355 2423 1417 superest
2474 1346 2666 1401 mundi
2720 1344 3124 1409 constitutioni,
3167 1359 3269 1399 nec
3320 1343 3432 1413 jam

1857 1440 1915 1494 in
1949 1440 2291 1494 contrarian:
2323 1440 2588 1509 impetum
2630 1440 2886 1495 feruntur
2932 1438 3140 1502 omnia,
3195 1435 3435 1492 reconci-

1856 1531 2022 1585 liatus
2053 1528 2317 1587 Ecclesiis
2348 1533 2465 1587 suis
2506 1525 2672 1597 Deus,
2702 1530 2859 1602 ipsas
2880 1529 2961 1585 ad-
2982 1530 3219 1601 priscam
3245 1542 3434 1599 pacem

1857 1622 2103 1676 reducat.

169 1715 434 1768 συστάσει
479 1713 576 1767 τοῦ
634 1714 842 1784 κόσμου
866 1755 881 1779 ,
922 1716 1019 1769 καὶ
1074 1714 1152 1786 μὴ
1206 1714 1343 1788 πρὸς
1385 1714 1483 1785 τὴν
1540 1714 1790 1768 ἐναντίαν
1829 1712 2001 1783 φοράν
2053 1714 2433 1769 συνελαύνεται
2476 1715 2545 1769 τὰ
2595 1714 2770 1771 πάντα
2803 1755 2820 1784 ,
2874 1712 3183 1782 διαλλαγεὶς
3229 1713 3259 1764 ὁ
3302 1708 3434 1773 Θεὸς

167 1809 288 1870 ταῖς
314 1807 514 1861 ἑαυτοῦ
534 1806 888 1878 Ἐκκλησίαις
907 1852 922 1875 ,
951 1808 1281 1884 ἐπαναγάγῃ
1300 1809 1470 1874 αὐτὰς
1498 1810 1635 1879 πρὸς
1653 1810 1751 1881 τὴν
1789 1810 2022 1882 ἀρχαίαν
2074 1810 2312 1883 εἰρήνην.

677 1965 1024 2018 ΕΠΙΣΤΟΛΗ
1060 1964 1225 2019 ΡΞΕ’.

2358 1962 2695 2017 EPISTULA
2729 1961 2956 2016 CLXV‘.

169 2081 365 2129 Narrat
384 2076 598 2131 Basilius
634 2084 879 2143 acceptam
913 2092 976 2150 ea:
998 2079 1180 2149 Sorani
1200 2079 1377 2132 litteris
1399 2080 1642 2150 (iamiam,
1667 2094 1869 2150 eumque
1896 2079 2092 2150 laudat,
2114 2080 2249 2150 quod
2268 2086 2319 2150 et
2338 2085 2480 2150 antea
2496 2092 2604 2150 pro
2625 2078 2725 2143 [ide
2764 2077 3032 2150 certamina
3056 2077 3363 2141 sustinuerit,
3386 2086 3447 2129 ειν

663 2141 788 2190 nunc
804 2141 1037 2207 martyris
1060 2155 1213 2204 nuper
1234 2142 1449 2193 coronati
1471 2156 1676 2207 corpore
1696 2141 1911 2207 patriam
1930 2141 2254 2193 honoraaerit.
2282 2143 2435 2206 Rogat
2454 2141 2695 2203 at'pro'se
2714 2148 2959 2205 precetur.

322 2243 609 2311 Ἀσχολίῳ
625 2242 735 2315 (44)
756 2284 772 2309 ,
796 2244 1107 2311 ἐπισκόπῳ
1135 2247 1610 2316 Θεσσαλονίκης.

239 2357 487 2412 Παλαιὰν
529 2360 661 2429 ἡμῖν
715 2357 880 2430 εὐχὴν
923 2361 951 2412 ό
1001 2359 1156 2429 άγιος
1200 2360 1335 2424 Θεὸς
1380 2359 1750 2431 ἐξεπλήρωσε,

167 2450 518 2515 καταξιώσας
542 2452 692 2522 ἡμᾶς
729 2451 1025 2522 γράμμασι
1057 2452 1158 2522 τῆς
1207 2452 1466 2522 ἀληθινῆς
1511 2469 1603 2505 σου
1638 2451 1755 2505 θεο-

166 2541 388 2605 σεὸείας
413 2542 676 2611 ἐντυχεῖν.
709 2541 782 2593 Τὸ
827 2541 925 2612 μὲν
954 2542 1064 2613 γὰρ
1097 2541 1355 2613 μέγιστον
1397 2542 1491 2595 καὶ
1518 2541 1617 2611 τῆς
1653 2559 1752 2613 με·-

164 2633 363 2702 γίστης
397 2631 636 2702 σπουδῆς
681 2631 865 2696 ἄξιον,
900 2632 1064 2687 αύτὸν
1116 2649 1175 2685 σε
1212 2633 1340 2686 ἰδεῖν
1391 2634 1483 2686 καὶ
1523 2632 1753 2703 ὀφθῆναί

168 2742 253 2778 σοι
276 2765 293 2788 ,
338 2724 436 2778 καὶ
462 2724 574 2777 τῶν
619 2726 676 2777 ἐν
713 2725 795 2777 σοὶ
822 2724 917 2777 τοῦ
948 2725 1261 2796 Πνεύματος
1298 2725 1652 2796 χαρισμάτων
1685 2725 1750 2779 δι’

165 2816 377 2870 ἐαυτῶν
406 2816 716 2873 ἀπολαῦσαι
735 2833 748 2847 ·
778 2817 966 2889 ἐπειδὴ
997 2817 1056 2870 δὲ
1095 2817 1262 2871 τοῦτο
1285 2818 1319 2888 ἦ
1364 2835 1422 2870 τε
1457 2817 1552 2870 τοῦ
1584 2817 1749 2870 τόπου

162 2908 450 2971 διάστασις
485 2909 798 2981 ἀφαιρεῖται
822 2950 837 2974 ,
882 2909 978 2963 καὶ
1032 2912 1088 2962 αἱ
1132 2910 1250 2980 ,ἰδία
1287 2911 1546 2981 ἑκάτερον
1594 2909 1750 2980 ἡμῶν

164 2999 494 3071 κατέχουσαι
516 3001 865 3071 περιστάσεις
890 3018 901 3029 '
927 3001 1186 3073 δευτέρας
1216 3002 1380 3073 εὐχῆς
1401 3002 1550 3068 ἄξιον
1576 3002 1750 3072 γράμ-

166 3109 302 3163 μασι
334 3093 585 3164 συνεχέσι
626 3095 726 3165 τῆς
755 3097 814 3147 ἐν
846 3092 1069 3165 Χριστῷ
1100 3110 1192 3147 σου
1225 3094 1338 3166 (45)
1369 3094 1590 3164 ἀγάπης
1624 3094 1749 3166 τρέ-

160 3183 364 3252 φεσθαι
410 3183 509 3255 τὴν
556 3184 756 3255 ψυχήν.
795 3187 860 3239 '0
894 3187 988 3238 καὶ
1023 3186 1116 3238 νῦν
1162 3189 1296 3259 ἡμῖν
1344 3189 1620 3260 ὑπῆρξεν,
1660 3189 1749 3242 ὅτε

158 3276 433 3346 ἐλάϐομεν
483 3278 565 3340 είς
609 3280 797 3348 χεῖρας
843 3280 943 3351 τὴν
998 3278 1289 3351 ἐπιστολὴν
1330 3280 1430 3351 τῆς
1482 3280 1748 3345 συνέσεώς

162 3382 278 3419 σου.
326 3365 498 3420 Πλέον
548 3366 731 3437 γὰρῆ
776 3367 1091 3432 διπλασίους
1144 3368 1446 3440 ἐγενόμεθα
1491 3372 1557 3440 τῇ
1607 3371 1745 3423 ἀπο-

160 3459 353 3512 λαύσει
384 3457 493 3511 τῶν
528 3458 965 3529 ἐπεσταλμένων.
1006 3460 1117 3514 Καὶ
1155 3460 1264 3533 γὰρ
1290 3458 1359 3533 ἦν
1395 3460 1472 3532 τῷ
1502 3461 1614 3514 όντι
1652 3464 1747 3514 καὶ

160 3552 336 3623 αὐτήν
395 3568 489 3604 σου
546 3550 787 3622 καθορᾷν
830 3552 931 3623 τὴν
959 3552 1186 3624 ψυχὴν,
1236 3548 1348 3608 οἷον
1380 3554 1446 3607 δι’
1479 3554 1745 3626 ἐσόπτρου

160 3645 306 3708 τινὸς
357 3644 471 3697 τῶν
518 3643 693 3713 λόγων
744 3644 1184 3717 διαφαινομένην,
1234 3646 1647 3700 Πολυπλασίονα
1690 3647 1748 3700 δὲ

162 3739 297 3806 ἡμῖν
327 3737 429 3808 τὴν
474 3735 814 3808 εὐφροσύνην
856 3737 1033 3791 ἐποίει
1065 3740 1127 3791 οὐ
1183 3738 1344 3809 μόνον
1398 3741 1458 3793 τὸ
1509 3740 1749 3793 τοιοῦτον

159 3824 301 3880 εἷναί
346 3844 409 3880 σε
459 3826 646 3881 ὁποῖον
697 3829 731 3899 ἡ
795 3827 1014 3881 πάντων
1069 3829 1345 3900 μαρτυρία
1397 3831 1746 3901 παρίστησιν,

159 3918 279 3975 ἀλλ’
318 3920 402 3972 ὅτι
447 3919 519 3972 τὰ
570 3921 630 3973 ἐν
686 3919 770 3973 σοὶ
814 3919 958 3974 καλά
1008 3921 1109 3992 τῆς
1137 3922 1397 3993 πατρίδος
1440 3922 1599 3992 ἡμῶν
1632 3924 1748 3976 ἐστι

160 4009 639 4080 πμνολσγήματα.
673 4004 800 4063 Οἶον
844 4010 955 4082 γὰρ
987 4010 1222 4082 εὐθαλής
1246 4030 1331 4075 τις
1362 4011 1556 4077 κλάδος
1593 4010 1749 4085 ῥίζης

156 4099 419 4170 γενναίας
467 4100 813 4171 ἀφορμηθεὶς
842 4140 861 4165 ,
914 4101 1025 4155 τῶν
1079 4103 1467 4173 πνευματικῶν
1517 4103 1747 4176 καρπῶν

155 4194 260 4262 τὴν
292 4194 593 4265 ὑπερορίαν
644 4193 969 4265 ἐνέπλησας.
1006 4195 1169 4247 Ὥστε
1214 4195 1442 4260 εἰκότως
1473 4199 1507 4267 ἡ
1547 4197 1745 4268 πατρὶς

156 4284 320 4357 ἡμῶν
368 4288 485 4349 τοῖς
529 4286 751 4349 οίκείοις
806 4285 1182 4358 βλαστήμασιν
1215 4289 1597 4358 ἐπαγάλλεται.
1634 4288 1746 4341 Καὶ

156 4377 324 4447 ἡνίκα
354 4377 484 4440 τοὺς
509 4377 649 4447 ὑπὲρ
683 4368 786 4448 τῆς
823 4379 1060 4443 πίστεως
1092 4380 1308 4449 ἀγῶνας
1328 4380 1563 4452 διήθλεις
1591 4379 1702 4452 (46)
1726 4420 1741 4443 ,

156 4468 380 4533 ἐδόξαζε
410 4468 501 4522 τὸν
528 4469 662 4523 Θεὸν
680 4508 696 4533 ,
724 4468 998 4523 ἀκούουσα
1042 4470 1139 4541 τὴν
1181 4471 1291 4523 τῶν
1320 4472 1579 4543 Πατέρων
1606 4472 1744 4539 ἀγα-

156 4558 262 4632 θὴν
310 4560 677 4631 κληρονομίαν
713 4560 1217 4635 διαφυλαττομένην
1274 4564 1332 4619 ὲν
1384 4564 1485 4622 σοί.
1532 4559 1633 4617 Οἷα
1683 4564 1749 4621 δέ,

229 4795 346 4871 (ᾂὲ)
383 4795 452 4850 Τὸ
485 4797 695 4863 ξύλον,
724 4798 792 4853 τὸ
822 4798 1000 4868 ὕδωρ.
1027 4797 1163 4871 llaec
1211 4798 1369 4871 facile
1394 4801 1739 4871 explicantur

154 4873 212 4941 et
266 4868 616 4941 illustrantur
660 4885 726 4924 ex
773 4871 1006 4941 epistola
1026 4868 1290 4925 Ecclesia:
1333 4868 1588 4939 Gotthiaa,
1616 4887 1738 4941 quae

2135 2244 2402 2309 Ascliolio,
2446 2245 2689 2314 episcopo
2736 2244 3146 2300 Thessalonicae.

1928 2362 2130 2419 Votum
2184 2363 2345 2419 nobis
2399 2364 2685 2434 antiquum
2742 2362 3061 2434 adimplevit
3110 2360 3258 2417 Deus
3303 2375 3432 2416 san-

1853 2465 1996 2521 ctus,
2035 2472 2159 2511 cum
2204 2455 2364 2511 nobis
2400 2455 2659 2526 dignatus
2703 2463 2788 2511 est
2825 2453 3148 2517 concedere,
3188 2458 3249 2507 ut
3294 2467 3433 2507 vera:

1852 2547 2070 2617 pictatis
2102 2553 2211 2600 tuae
2240 2546 2453 2601 litteras
2482 2545 2883 2615 acciperemus.
2909 2541 3041 2609 Hoc:
3062 2542 3209 2598 enim
3253 2544 3430 2597 tuaxii-

1850 2654 2001 2692 mum
2026 2645 2112 2693 est
2155 2645 2209 2693 et
2248 2636 2489 2692 maxime
2521 2636 2917 2707 exoptandum,
2944 2635 3134 2691 videre
3167 2626 3220 2690 te
3262 2642 3317 2689 et
3349 2634 3430 2689 vi-

1851 2729 1971 2785 deri
2016 2744 2046 2783 a
2081 2736 2159 2795 te,
2198 2744 2263 2784 ac
2313 2728 2555 2799 Spiritus
2588 2727 2767 2790 donis,
2798 2742 2921 2798 quas
2960 2727 3013 2780 in
3049 2734 3103 2781 te
3148 2733 3299 2792 sunt,
3334 2740 3433 2796 per

1851 2822 2217 2891 nosmetipsos
2254 2821 2486 2891 perfrui.
2533 2819 2641 2876 Sed
2679 2819 2808 2890 quia
2840 2820 2894 2874 id
2948 2826 3003 2874 et
3032 2819 3139 2873 loci
3171 2818 3434 2875 distantia

1851 2910 2054 2974 aufert,
2086 2920 2141 2965 et
2169 2911 2386 2981 negotia
2407 2911 2612 2980 quibus
2637 2908 2893 2979 privatim
2918 2916 3150 2979 uterque
3181 2916 3433 2964 nostrum

1851 3002 2199 3070 detinemur;
2234 3005 2289 3057 in
2309 3002 2473 3073 256
2492 3001 2751 3058 secundis
2777 3000 2923 3055 votis
2954 2999 3145 3065 fuerit,
3169 3006 3232 3054 ut
3250 2999 3433 3055 anima

1852 3094 2232 3165 frequentibus
2269 3103 2377 3150 tuae
2422 3096 2481 3149 in
2514 3093 2737 3149 Christo
2770 3092 3059 3148 charitatis
3096 3092 3296 3147 litteris
3321 3090 3434 3144 ala-

1850 3196 1959 3242 tur.
1991 3186 2151 3253 Quod
2179 3194 2235 3243 et
2261 3202 2412 3242 nunc
2460 3187 2624 3242 nobis
2660 3185 2914 3256 contigit,
2966 3200 3091 3240 cum
3129 3182 3435 3254 prudentiae

1848 3288 1958 3334 ture
2009 3280 2296 3350 epistolam
2348 3280 2406 3335 in
2451 3294 2652 3334 manus
2704 3280 3064 3349 sumpsimus.
3106 3277 3239 3334 Plus
3286 3277 3434 3332 enim

1848 3384 2011 3438 quam
2044 3369 2246 3439 gemini
2270 3370 2401 3426 facti
2422 3384 2637 3435 sumus,
2671 3368 2742 3424 iis
2765 3384 2889 3439 qua:
2918 3384 2949 3422 a
2979 3376 3033 3423 te
3061 3368 3266 3439 scripta
3303 3373 3434 3422 sunt

1848 3458 2216 3528 perfrueutes.
2264 3461 2395 3515 Erat
2420 3459 2566 3515 enim
2613 3474 2807 3538 revera
2857 3467 2913 3515 et
2947 3467 3098 3514 tuam
3140 3459 3317 3529 ipsius
3355 3459 3434 3512 in-

1850 3548 1993 3603 tueri
2043 3549 2303 3615 animam,
2362 3549 2511 3604 velut
2562 3549 2622 3601 in
2673 3550 2899 3619 speculo
2937 3550 3203 3620 quodam,
3253 3550 3330 3604 ita
3373 3551 3433 3605 in

1850 3656 2109 3697 sermone
2161 3643 2523 3700 relucentem.
2574 3644 2718 3700 Illud
2766 3654 2950 3698 autem
3001 3642 3295 3713 multiplici
3346 3658 3433 3700 me

1850 3734 2040 3789 laetitia
2063 3733 2266 3800 affecit,
2296 3750 2409 3790 non
2434 3736 2612 3792 solum
2638 3736 2787 3808 quod
2810 3737 2859 3791 is
2889 3735 2969 3791 sis
2996 3750 3159 3806 quem
3182 3736 3431 3790 omnium

1848 3826 2162 3882 testimonia
2192 3826 2497 3897 praedicant
2523 3846 2537 3882 :
2561 3828 2663 3883 sed
2690 3829 2862 3884 etiam
2886 3829 3034 3897 quod
3062 3828 3299 3898 egregiae
3324 3836 3431 3883 tua:

1847 3916 2004 3973 dotes
2043 3917 2233 3988 patriae
2287 3926 2494 3975 nostrae
2546 3921 2659 3975 sint
2708 3926 3054 3975 ornamenta.
3101 3918 3260 3973 Enim
3302 3934 3431 3973 vero

1846 4012 2015 4068 veluti
2061 4011 2253 4066 viridis
2285 4012 2512 4082 quidam
2572 4013 2834 4069 surculus
2880 4012 2948 4067 ab
2991 4012 3191 4067 eximia
3240 4012 3431 4067 radice

1846 4104 2148 4175 profectus,
2184 4104 2459 4161 fructibus
2512 4105 2900 4174 spiritualibus
2955 4104 3232 4158 nationem
3274 4111 3428 4159 extet-

1846 4210 1965 4249 ram
1996 4195 2299 4265 replevisti.
2329 4194 2513 4262 Quare
2542 4210 2646 4251 nec
2674 4196 2882 4266 injuria
2914 4196 3093 4266 patria
3137 4202 3326 4249 nostra
3357 4195 3428 4251 de

1846 4287 1963 4343 suis
1993 4287 2262 4357 gloriatur
2288 4288 2649 4358 germinibus.
2684 4286 2749 4341 Et
2795 4303 2920 4342 cum
2954 4303 3055 4358 pro
3102 4286 3210 4341 fide
3254 4293 3407 4341 certa

1845 4382 1993 4433 mina
2021 4379 2350 4444 sustineres,
2384 4380 2553 4435 Deum
2580 4378 2941 4452 glorificabat,
2969 4380 3167 4434 bonam
3199 4376 3427 4432 Patrum

1842 4470 2219 4526 haereditatem
2265 4472 2319 4525 in
2373 4482 2425 4527 te
2472 4472 2705 4527 audiens
2752 4472 3038 4528 custodiri.
3088 4471 3205 4527 Tua
3242 4483 3426 4526 autem

1843 4579 1993 4620 nunc
2041 4564 2226 4635 qualia
2274 4566 2445 4621 sunt?
2491 4564 2752 4637 Martyre,
2798 4566 2894 4638 qui
2943 4581 3120 4636 nuper
3159 4567 3216 4621 in
3247 4565 3425 4621 vicina

1841 4812 1982 4884 sarit
2007 4812 2203 4867 salutis
2232 4812 2551 4884 symbolum,
2577 4830 2744 4868 annos
2782 4822 2941 4868 natus
2970 4812 3185 4883 triginta
3215 4818 3350 4864 octo.

1912 4883 2025 4952 (45)
2065 4884 2235 4952 ’Υπὲρ
2261 4882 2379 4937 τῶν
2398 4884 2787 4952 Ἐκκλησιῶν.
2822 4884 2915 4938 Sic
2941 4882 3102 4936 iidem
3130 4891 3243 4936 tres
3282 4882 3424 4935 anti-

154 4937 325 5026 s‘imul
348 4952 482 5019 cum
506 4954 736 5019 corpore
768 4937 826 4995 Si
866 4938 1412 5026 sa‘hzemartyris‘ad
1430 4937 1733 5026 Ecclesiam

1855 4937 2091 5026 luissi'mi
2126 4937 2368 5008 codices.
2396 4937 2709 5026 Εςιὶιὶῃὺπὲρ
2729 4937 2847 5024 τῆς
2869 4952 3209 5026 Ἐκκλησίας.

152 5007 556 5082 Caesariensem
591 5010 760 5064 missa
788 5017 892 5065 est.
916 5009 1007 5065 Sic
1028 5007 1225 5079 legitur
1248 5012 1360 5082 sub»
1383 5011 1542 5066 tinem
1573 5013 1733 5082 hujus

150 5078 401 5158 etiistolaa
437 5094 454 5132 '.
483 5078 616 5165 Tde
629 5078 1183 5165 θκμτιάγουσινὶαύξτὶὺν
1218 5081 1298 5144 είς
1317 5080 1381 5165 τὲ
1412 5078 1738 5165 εὐχα-

152 5148 465 5223 ριστοῦνταῇ
492 5149 587 5223 καὶ
606 5149 1055 5223 Αδοξάζονταμτδνᾲ
1083 5151 1283 5223 Θεόν...
1340 5154 1449 5205 Καὶ
1480 5148 1735 5223 ρἷαντες

149 5218 339 5294 ᾲὺῖδὲ,
381 5218 477 5294 ut
504 5219 777 5294 ἐπιθέντες
802 5218 950 5294 αύτῴ
981 5220 1291 5294 ξύλονκατέι
1313 5223 1405 5294 τού
1437 5218 1731 5294 τραχήλους

149 5241 339 5278 αυτον,
381 5241 477 5271 και
504 5241 777 5283 επισεντες
802 5241 950 5289 αυτῳ
981 5241 1134 5283 ςωιον
1150 5241 1291 5274 κατα
1313 5241 1405 5275 του
1437 5242 1466 5275 τ
1506 5241 1731 5294 αχηΛου,

149 5287 374 5359 ἐπίεζον
413 5291 493 5351 είς
519 5290 580 5342 τὺ
612 5288 794 5358 βάθος.
825 5291 933 5343 Καὶ
959 5290 1102 5344 οὕτω
1142 5291 1426 5356 τελεωθεὶς
1456 5241 1543 5346 6ῗά
1573 5293 1731 5359 ξύλου

148 5359 247 5442 καὶ
269 5357 522 5443 ,ὕδατοῇ
575 5359 853 5443 ἀχραντονι
902 5361 1131 5443 ἐφύλαξε
1175 5361 1299 5443 ,τῆς
1342 5357 1612 5443 σωτηρίας
1668 5366 1733 5443 τὸ

148 5427 445 5502 σύμϐολον,
470 5427 545 5482 ὢν
576 5427 714 5502 ἐτῶν
735 5427 1030 5502 τριάκοντα
1056 5432 1220 5487 ὀκτώ.
1245 5427 1404 5486 Tum:
1436 5427 1502 5485 ali
1538 5436 1612 5488 eis
1643 5435 1735 5490 de-

147 5498 344 5573 ductu
398 5507 477 5573 est
518 5499 587 5552 ad
638 5498 855 5573 aquam,
893 5504 1105 5573 gratias
1136 5519 1294 5570 agens
1328 5513 1378 5556 et
1425 5502 1731 5573 gloriﬁcans

150 5566 341 5643 Deum.
390 5569 467 5624 Ac
491 5566 814 5639 praxipitcm
837 5566 991 5624 illum
1024 5566 1230 5638 dantes,
1271 5583 1320 5626 et
1346 5566 1730 5643 lignum'illius

149 5638 290 5691 collo
312 5638 1036 5713 imponentes,'mersaverunt
1066 5642 1349 5713 profundo.
1385 5638 1573 5712 Sicque
1606 5663 1731 5700 con-

72 5752 76 5759 .
149 5718 453 5763 summotus
485 5725 578 5779 per
620 5711 823 5781 lignum
848 5720 897 5767 et
938 5729 1127 5785 aquam
1150 5711 1172 5784 ,“
1215 5711 1590 5770 inluminatum
1627 5734 1730 5774 ser-

1902 5023 2037 5101 (μ)
2074 5025 2404 5101 ,AO'XO.1_[(p.-
2422 5022 2689 5101 Quamvis
2724 5022 2916 5101 omnes
2949 5022 3169 5101 codices
3207 5036 3343 5101 mss_._
3369 5029 3424 5075 et

1843 5091 1977 5149 e'Ii‘ti
2026 5091 2803 5165 hanc—epistolam_Ascholio
2858 5093 3183 5165 inscribant,
3229 5091 3425 5165 nullus

1844 5173 2027 5219 tamen
2062 5162 2276 5234 dubito.
2326 5165 2460 5234 quin
2510 5163 2725 5219 Sorano
2771 5162 3007 5234 Scythia:
3056 5162 3179 5234 duci
3220 5162 3422 5230 scripta

1842 5235 2006 5361 Egerit
2048 5254 2060 5288 :
2117 5233 2283 5306 idque
2328 5232 2383 5289 in
2452 5234 2573 5288 Vita
2631 5234 2692 5290 S.
2753 5232 2952 5288 Basilii
2988 5232 3221 5304 probare
3256 5246 3422 5285 cona-

1882 5319 2041 5359 tmur.

1882 5319 2041 5359 Imlll‘.

1915 5375 2029 5444 (45)
2069 5373 2185 5443 Τῆς
2211 5375 2277 5429 ἐν
2300 5373 2530 5443 Χριστῷ
2566 5389 2699 5428 σου.
2753 5373 2889 5428 Illud
2919 5385 3242 5444 pronomen.
3273 5371 3419 5439 quod

1841 5445 1909 5499 ad
1926 5439 1931 5442 ⁷
1947 5439 2231 5501 sententias
2288 5439 2893 5499 se'riem‘necessarium
2918 5439 3126 5499 videtur
3151 5484 3165 5505 ,
3197 5439 3420 5497 desum-

1839 5517 2047 5585 psimus
2076 5531 2142 5571 ex
2169 5515 2359 5571 codice
2401 5514 2703 5569 Harlaeano.

1913 5585 2024 5653 (46)
2063 5585 2356 5651 Διήθλεις.
2395 5587 2472 5639 Ita
2502 5590 2694 5640 novem
2733 5600 2867 5639 mss.
2894 5582 3049 5655 Editi
3072 5580 3309 5655 διῆλθες.

1908 5659 1927 5677 ⁴
1951 5656 2099 5714 Alias
2127 5655 2503 5714 CCCXXXIX.
2549 5655 2764 5727 Scripta
2792 5670 2936 5710 anno
2954 5653 3096 5727 574..
