3852 6220
435 278 545 340 039

1777 290 1837 348 S.
1877 292 1961 347 BA
1970 291 2123 359 SILI!
2163 292 2380 351 MAGNI

3603 298 3707 356 640

435 398 595 455 vobis
625 397 884 489 barbaria
914 398 1236 472 decertavit,
1263 404 1496 474 patriam
1528 405 1839 474 honorasti,
1868 409 2015 465 velut

2134 428 2216 466 sou
2244 413 2356 484 (47)
2391 413 2487 477 καὶ
2514 412 2584 467 τά
2617 413 2899 486 παρόντα;
2929 414 3203 486 Μάρτυρι,
3236 415 3353 470 νέον
3385 416 3501 487 (ιε)
3532 416 3706 489 ἀθλῇ-

435 495 627 560 ετοωε
678 488 924 559 agricola
967 490 1035 546 ad
1096 507 1194 548 eos
1243 494 1338 564 qui
1381 495 1594 551 semina
1632 498 2010 568 praebuerunt,

434 579 717 635 fructuum
762 581 1039 652 primitias
1087 585 1336 642 mittens.
1394 585 1535 643 Vere
1592 589 1759 661 digna
1805 590 2019 648 Christi

433 671 642 726 athleta
687 671 874 747 dona;
912 682 1122 747 martyr
1165 679 1418 736 veritatis
1459 696 1638 752 nuper
1658 683 1893 752 iustitiae
1926 699 2016 749 co,-

432 775 571 817 rona
592 762 907 830 redimitus,
936 781 1100 836 quem
1135 775 1192 824 et
1223 769 1329 824 lati
1368 774 1738 843 suscepimus,
1770 792 1836 830 ac
1876 776 2011 845 Deo,

430 853 527 923 qui
551 851 667 923 jam
702 854 760 909 in
802 858 1061 925 omnibus
1104 860 1359 929 gentibus
1386 861 1594 917 Christi
1644 866 1731 921 sui
1768 865 2014 936 Evange-

430 943 568 1000 lium
599 946 935 1019 adimplevit,
968 952 1200 1021 gloriam
1230 955 1505 1012 dedimus.
1533 955 1665 1014 Sine
1698 967 1877 1015 autem
1908 961 2013 1017 hoc

429 1042 488 1091 te
516 1052 727 1108 rogem,
781 1049 844 1094 ut
878 1045 1054 1098 nostri
1103 1046 1198 1118 qui
1237 1053 1293 1105 te
1334 1047 1641 1120 diligimus,
1694 1052 2014 1109 memineris

431 1124 492 1180 in
518 1128 802 1197 precibus,
832 1145 897 1184 ac
926 1131 1124 1187 scdulo
1154 1132 1446 1190 Dominum
1478 1153 1578 1207 pro
1607 1140 1897 1195 animabus
1921 1156 2013 1194 no-

430 1218 565 1272 stris
591 1222 865 1289 preceris;
904 1230 965 1278 ut
1010 1232 1067 1278 et
1102 1227 1266 1284 nobis
1305 1229 1604 1301 aliquando
1634 1231 1873 1286 donetur
1900 1232 2012 1289 Deo

430 1307 677 1382 incipere
689 1315 898 1370 servire
922 1317 1225 1373 secundum
1243 1321 1385 1374 viam
1405 1324 1789 1379 mandatorum
1813 1325 2010 1396 ipsius,

430 1415 552 1471 qua:
582 1403 745 1470 nobis
774 1403 925 1461 dedit
952 1408 1021 1462 ad
1053 1409 1308 1466 salutem.

2122 520 2275 558 σαντι
2330 506 2424 558 ἐπὶ
2468 505 2569 578 τῆς
2598 505 2837 575 γείτονος
2870 507 2998 578 ὑμῖν
3045 506 3322 579 βαρὸἀρου
3342 546 3359 574 ,
3418 507 3519 580 τὴν
3550 510 3706 577 ἐνεγ-

2122 596 2329 661 κοῦσαν
2362 597 2665 670 ἐτίμησας,
2698 592 2808 653 οἷόν
2839 616 2926 663 τις
2974 598 3271 670 εὐγνώμων
3317 601 3566 670 γεωργὸς
3590 606 3707 667 τοῖς

2120 689 2563 760 παρασχομένοις
2588 689 2659 743 τὰ
2692 690 2981 763 σπέρματα
3011 692 3112 756 τάς
3133 692 3387 763 ἀπαρχὰς
3423 693 3534 747 τῶν
3558 711 3708 765 καρ-

2117 780 2238 835 πῶν
2295 783 2660 855 ἀποπέμπων.
2726 786 2936 847 Ὄντως
2982 784 3094 856 (49)
3154 785 3432 857 πρέποντα
3490 786 3705 859 ἀθλητῇ

2114 870 2355 942 Χριστοῦ
2386 870 2456 925 τά
2485 871 2635 944 δῶρα
2671 889 2683 902 ·
2730 872 2941 945 μάρτυς
2988 873 3100 945 (50)
3145 875 3245 945 τῆς
3279 874 3542 946 ἀληθείας
3575 877 3708 949 ἄρτι

2113 958 2207 1014 τὸν
2234 960 2333 1030 τῆς
2360 959 2709 1031 δικαιοσύνης
2737 961 3144 1034 ἀναδησάμενος
3190 963 3451 1033 στέφανον
3470 1006 3487 1031 ,
3512 965 3576 1021 ὃν
3609 969 3707 1021 καὶ

2116 1049 2495 1122 ὑπεδεξάμεθα
2542 1053 2865 1123 χαίροντες,
2909 1054 3004 1106 καὶ
3041 1053 3370 1125 ὲδοξάσαμεν
3413 1055 3509 1109 τὸν
3563 1056 3704 1111 Θεὸν
3776 1036 3781 1047 Ι

2114 1143 2209 1197 τὸν
2238 1146 2296 1197 ὲν
2324 1146 2459 1199 πᾶσι
2485 1147 2598 1208 τοῖς
2626 1145 2804 1199 ἔθνεσι
2833 1144 3197 1219 πληρώσαντα
3218 1147 3402 1203 λοιπὺν
3428 1149 3492 1201 τὸ
3512 1149 3705 1218 Εὐαγ-

2115 1235 2294 1304 γέλιον
2319 1235 2413 1289 τοῦ
2434 1235 2673 1308 Χριστοῦ
2695 1237 2880 1291 αὑτοῦ.
2910 1237 3306 1310 Παρακέκλησο
3337 1239 3394 1292 δὲ
3424 1240 3519 1293 καὶ
3540 1241 3704 1310 ἡμῶν

2114 1326 2221 1379 τῶν
2256 1326 2596 1395 ἀγαπώντων
2630 1345 2690 1381 σε
2743 1327 3051 1399 μεμνῆσθαι
3089 1332 3147 1383 ὲν
3181 1332 3301 1393 ταῖς
3341 1334 3701 1401 προσευχαῖς,

2118 1412 2214 1466 καὶ
2253 1414 2559 1479 σπουδαίως
2587 1416 2727 1488 ὑπὲρ
2765 1417 2873 1470 τῶν
2896 1417 3084 1488 ψυχῶν
3110 1418 3265 1489 ήμῶν
3298 1419 3703 1490 προσεύχεσθαι

431 1493 509 1563 τῷ
555 1497 747 1569 Κυρίῳ
770 1539 786 1564 ,
834 1499 922 1553 ῐνα
956 1503 1387 1577 καταξιωθῶμέν
1419 1522 1553 1561 ποτε
1601 1506 1873 1580 ἄρξασθαι
1921 1507 2015 1563 καὶ
2051 1506 2207 1561 αὐτοὶ
2236 1506 2509 1563 δουλεύειν
2530 1508 2609 1580 τῷ
2636 1508 2790 1582 Θεῷ,
2814 1509 2957 1573 κατά
2981 1509 3081 1582 τὴν
3137 1511 3257 1565 ὁδὸν
3295 1510 3407 1564 τῶν
3466 1510 3701 1564 ἐντολῶν

431 1586 596 1642 αὐτοῦ
615 1630 631 1655 ,
657 1590 724 1667 ἀς
755 1592 954 1649 ἔδωκεν
979 1598 1111 1668 ἡμῖν
1140 1600 1223 1663 είς
1255 1600 1553 1673 σωτηρίαν.

897 1750 1239 1810 EPISTOLA
1273 1753 1526 1813 CLXVI'.

2628 1753 2972 1809 summa
3009 1754 3189 1823 Ρεεῖι.

432 1862 643 1932 ξαείιὲμε
662 1878 749 1933 seu
771 1865 1215 1942 potiusqregorius
1255 1871 1442 1942 beatum
1478 1871 1718 1942 praedicat
1743 1873 2051 1939 Eupraxium
2067 1912 2079 1934 ,
2098 1885 2232 1942 quoa,
2250 1884 2315 1921 aa
2339 1869 2606 1942 Eusebium
2626 1885 2679 1922 se
2698 1870 2945 1942 conferat;
2967 1871 3055 1923 sed
3077 1874 3228 1942 multo
3246 1870 3505 1923 beatiorem
3534 1871 3701 1936 ipsum

799 1930 1086 1991 Eusebium,
1111 1932 1193 1984 cui
1218 1934 1452 1991 exsilium
1476 1930 1770 2002 gratulatur,
1794 1930 1999 2001 eumque
2022 1930 2162 2001 rogat
2184 1941 2234 1985 ut
2259 1947 2351 1999 pro
2372 1948 2424 1985 se
2446 1939 2668 1998 precetur
2687 1942 2733 1985 et
2753 1930 2819 1985 ad
2843 1947 2893 1985 se
2916 1930 3084 1997 pergat
3104 1932 3332 1986 scribere.

732 2026 982 2103 Eusebio,
1011 2034 1256 2105 episcopo
1288 2033 1716 2093 Samosatomm.

500 2138 675 2201 Carus
706 2142 841 2197 mihi
873 2143 929 2198 in
960 2146 1239 2213 omnibus,
1272 2154 1380 2202 etc.
1418 2146 1579 2233 257

2321 2037 2590 2101 Εὑσεϐίῳ
2617 2036 2752 2108 (SI),
2777 2038 3087 2103 ἐπισκόπῳ
3117 2037 3500 2109 Σαμοσάτων.

2196 2150 2277 2205 Τά
2306 2149 2486 2203 πάντα
2508 2149 2688 2221 τίμιος
2711 2149 2787 2204 ὢν
2811 2152 2966 2222 ημῖν,
2999 2168 3055 2206 κ.
3085 2169 3135 2205 τ.
3159 2151 3212 2205 λ.

1231 2256 1361 2312 Vide
1392 2258 1529 2312 inter
1550 2256 1609 2313 S.
1636 2256 1877 2331 Gregorii
1913 2258 2252 2315 Nazianzeni
2284 2258 2576 2328 Epistolas,
2608 2261 2764 2329 epist.
2797 2259 2886 2315 65.

889 2410 1225 2466 EPISTULA
1265 2411 1541 2473 CLXVII“
1555 2455 1569 2468 .

2615 2414 2967 2475 ΕΠΙΣΤΟΛΗ
3005 2414 3170 2474 ΡΞΖ’.

432 2525 677 2598 ρηεὶιίαε,
699 2540 784 2579 seu
821 2526 982 2592 potius
1004 2530 1268 2598 Gregorius
1302 2536 1548 2598 acceptam
1575 2543 1638 2598 egc
1666 2527 1845 2598 litteris
1867 2527 2060 2598 βαθεῖ)Ξὶ
2080 2526 2299 2598 (mitium
2322 2527 2599 2598 signiﬁcat;
2621 2525 3088 2598 molestiasfexcusat
3118 2534 3165 2581 et
3187 2527 3406 2595 negotia,
3431 2529 3566 2593 quod
3591 2545 3723 2583 aut-

450 2584 460 2599 '
664 2584 673 2589 ’
821 2584 832 2592 ’
1049 2584 1143 2641 non
1170 2589 1375 2653 invisat;
1400 2584 1554 2655 ipsius
1580 2592 1764 2644 litteras
1784 2590 1876 2643 sibi
1895 2600 1940 2642 et
1961 2598 2099 2641 lucro
2121 2597 2168 2643 et
2188 2584 2516 2658 honori'apud
2541 2584 2716 2640 multos
2738 2603 2842 2642 esse
2862 2596 3080 2641 testatur.

719 2696 947 2753 Eusebio
972 2739 988 2764 ,
1023 2699 1264 2768 epis:opo
1301 2698 1729 2754 Samosatorum.

508 2812 575 2873 Et
612 2827 738 2867 cum
769 2812 991 2874 scribis,
1027 2819 1082 2866 et
1121 2827 1245 2866 cum
1274 2815 1447 2869 nostri
1476 2831 1685 2869 memor
1711 2832 1791 2875 es.
1831 2817 2015 2871 laetitia

436 2919 541 2962 nos
579 2902 779 2970 aiﬁcis;
822 2915 877 2958 et
915 2904 1059 2975 quod
1095 2905 1200 2958 ltoc
1239 2906 1416 2974 majus
1448 2916 1564 2971 est,
1605 2921 1729 2960 cum
1764 2908 1925 2961 nobis
1959 2908 2014 2961 in

435 2998 640 3065 litteris
673 2996 972 3053 benedicis.
1009 2995 1121 3051 Nos
1169 3010 1355 3066 porro,
1390 3000 1435 3052 si
1481 2999 1631 3069 digni
1668 3000 1777 3054 tuis
1811 2999 2015 3053 labori-

438 3092 544 3147 bus
575 3097 629 3146 et
663 3097 759 3145 tuo
788 3106 885 3161 pro
912 3090 1136 3145 Christo
1162 3092 1463 3146 certamine
1491 3106 1759 3153 essemus,
1792 3107 2015 3147 conces-

438 3198 561 3243 sum
591 3181 753 3236 nobis
784 3180 1001 3246 fuisset,
1036 3191 1095 3235 ut
1124 3182 1188 3235 ad
1223 3193 1274 3236 te
1304 3182 1532 3252 profecti
1566 3183 1821 3252 pietatem
1863 3195 2016 3235 tuam

2313 2700 2583 2762 Εὐσεϐίῳ
2609 2697 2744 2770 (5‘2),
2778 2697 3090 2765 ἐπισκόπῳ
3118 2697 3506 2768 Σαμοσάτων.

2186 2812 2297 2865 Καὶ
2323 2812 2550 2883 γράφων
2577 2811 2672 2863 καὶ
2696 2809 3043 2881 μεμνημένος
3065 2811 3379 2881 εὐφραίνεις
3403 2812 3570 2881 ἡμᾶς,
3609 2812 3707 2865 xui.

2115 2903 2177 2958 τὸ
2208 2903 2399 2957 τούτου
2435 2900 2621 2974 μεῖζον
2639 2942 2654 2967 ,
2689 2901 2927 2970 εὐλογῶν
2954 2903 3105 2971 ἡμᾶς
3133 2904 3190 2954 ὲν
3215 2904 3328 2965 τοῖς
3356 2903 3701 2973 γράμμασιν.

2127 2994 2319 3066 Ἡμεῖς
2343 2994 2422 3055 δὲ,
2450 2996 2498 3049 εί
2529 2994 2626 3065 μὲν
2649 2992 2757 3063 (55)
2786 2992 2926 3056 ἄξιοι
2953 2992 3060 3045 τῶν
3086 2993 3194 3046 σῶν
3224 2994 3580 3065 παθημάτων,
3610 2998 3706 3055 καὶ

2118 3087 2221 3156 τῆς
2245 3086 2386 3156 ὑπὲρ
2423 3083 2659 3156 Χριστοῦ
2701 3084 2999 3155 ἀθλήσεως,
3040 3085 3459 3157 κατηξιώθημεν
3500 3087 3566 3140 ἆν
3609 3089 3706 3140 καὶ

2128 3178 2288 3249 μέχρι
2326 3178 2419 3231 σοῦ
2448 3177 2730 3246 γενόμενοι
2773 3175 3207 3247 περιπτύξασϐαί
3250 3192 3343 3230 σου
3385 3176 3483 3248 τὴν
3523 3177 3706 3231 θεοσέ-

438 3274 953 3343 complecteremur,
985 3288 1049 3328 ac
1103 3275 1378 3344 patientia:
1419 3274 1473 3326 in
1526 3274 1789 3328 mrumnis
1835 3289 2018 3327 exem-

2134 3272 2294 3332 55tav,
2327 3270 2419 3323 καὶ
2445 3269 2615 3322 τύπον
2642 3268 2829 3321 λαϐεῖν
2858 3268 2957 3338 τῆς
2999 3271 3056 3321 ὲν
3098 3271 3207 3331 τοῖς
3246 3267 3532 3339 παθήμασι
3568 3286 3707 3342 καρ-

438 3364 588 3434 plum
637 3377 987 3439 caperemus.
1019 3362 1126 3419 Sed
1173 3363 1300 3432 quia
1332 3379 1394 3418 ea
1445 3378 1505 3418 re
1548 3363 1755 3432 indigni
1790 3379 2016 3425 sumus,

438 3438 942 3523 molestiis‘multis
990 3468 1055 3511 ac
1105 3455 1341 3525 negotiis
1369 3454 1596 3517 detenti,
1630 3454 1775 3524 quod
1821 3470 2020 3509 secun-

438 3545 569 3600 dum
608 3553 730 3609 est,
765 3542 1039 3610 facimus;
1085 3546 1387 3601 salutamus
1423 3554 1569 3598 tuam
1613 3548 2017 3615 praestantiam,

437 3649 839 3706 precamurque
884 3643 945 3692 ut
990 3620 1060 3691 ne
1104 3637 1281 3693 nostri
1316 3635 1633 3707 defatigeris
1677 3638 2016 3693 meminisse.

436 3723 573 3779 Nam
608 3726 807 3783 litteris
853 3727 967 3782 tuis
1006 3726 1202 3797 dignos
1233 3726 1422 3782 haberi
1468 3742 1580 3783 non
1628 3726 1842 3781 lucrum
1879 3732 2020 3781 dun-

436 3823 588 3870 taxat
616 3817 779 3874 nobis
825 3826 944 3883 est;
979 3816 1077 3889 sed
1112 3818 1366 3888 gloriatio
1408 3818 1575 3873 etiam
1619 3818 1763 3888 apud
1816 3819 2016 3874 multos

437 3915 602 3977 atque
628 3916 1032 3973 ornamentum,
1065 3910 1211 3981 quod
1242 3908 1391 3980 apud
1416 3910 1594 3964 virum
1637 3910 1838 3965 virtute
1865 3916 2019 3963 tanta

436 3998 747 4073 praeditum,
764 4007 989 4072 tamque
1012 3999 1121 4059 Deo
1140 4002 1520 4070 coniunctum,
1539 4010 1601 4057 ut
1617 4003 1667 4057 ei
1694 4002 1833 4057 alios
1855 4002 2020 4057 etiam

438 4097 556 4149 tum
584 4103 860 4159 sermone,
888 4099 1004 4145 tum
1038 4092 1289 4163 exemplo
1324 4091 1660 4169 conjungere
1691 4101 1883 4169 queat,
1924 4091 2022 4145 ali-

440 4196 551 4253 quo
578 4183 633 4238 in
664 4200 896 4241 numero
924 4186 1121 4241 simus.
1720 4167 1731 4179 ”

864 4337 1202 4395 EPISTOLA
1235 4338 1495 4399 CLXVIII
1514 4342 1595 4396 “⁶.

2122 3361 2329 3433 τερίαςο
2367 3362 2554 3433 ἐπειδὴ
2588 3361 2645 3415 δὲ
2685 3362 2895 3427 ἀνάξιοι
2933 3362 3124 3416 τούτου
3166 3363 3527 3434 τυγχάνομεν,
3569 3364 3705 3417 πυλ-

2122 3453 2241 3517 λαῖς
2281 3454 2492 3523 θλίψεσι
2535 3455 2629 3507 καὶ
2672 3454 2953 3525 ἀσχολίαις
2998 3454 3329 3525 ὲνεχόμενοι,
3376 3454 3405 3507 ὃ
3454 3454 3709 3525 δεύτερόν

2121 3547 2238 3599 ἐστι
2272 3544 2554 3616 ποιοῦμεν·
2587 3544 3067 3618 προσαγορεύομεν
3099 3543 3197 3616 τὴν
3231 3545 3329 3615 σὴν
3360 3545 3706 3616 τελειότητα,

2123 3637 2219 3691 καὶ
2245 3636 2504 3707 ἀξιοῦμεν
2541 3636 2616 3708 μὴ
2661 3636 2891 3706 κάμνειν
2929 3652 2988 3691 σε
3029 3635 3373 3711 μεμνημένον
3409 3635 3589 3706 ἡμῶν.
3631 3638 3707 3689 Ob

2122 3729 2232 3801 γὰρ
2280 3728 2521 3798 ὠφέλεια
2584 3728 2742 3800 μόνον
2796 3731 2927 3799 ἡμῖν
2983 3727 3092 3789 τῶν
3152 3727 3261 3781 σῶν
3321 3727 3709 3794 καταξιοῦσθαι

2122 3821 2487 3892 γραμμάτων,
2515 3820 2653 3874 ἀλλά
2693 3821 2787 3874 καὶ
2833 3819 3095 3891 καύχημα
3136 3819 3274 3891 πρὸς
3306 3820 3435 3884 τοὺς
3481 3819 3710 3883 πολλοὺς

2125 3915 2218 3967 καὶ
2256 3912 2636 3983 καλλώπισμα,
2676 3912 2758 3965 ὃτι
2804 3912 2961 3981 Λόγος
3000 3912 3157 3983 ἡμῶν
3204 3912 3320 3963 ἐστι
3364 3909 3514 3984 παρά
3555 3910 3713 3983 ἀνδρὶ

2124 4004 2362 4074 τοσούτῳ
2387 4004 2486 4075 τὴν
2526 4002 2728 4077 ἀρετὴν
2757 4003 2852 4056 καὶ
2879 4002 3150 4073 τοσαύτην
3186 4000 3363 4071 ἔχοντι
3398 4000 3537 4070 πρὸς
3575 4000 3716 4057 Θεὸν

2125 4096 2451 4166 οἰκειότητα,
2497 4093 2638 4147 ὥστε
2680 4095 2776 4154 καὶ
2810 4093 3004 4156 ἄλλους
3044 4090 3279 4147 οἰκειοῦν
3313 4090 3574 4146 δύνασθαι
3617 4096 3719 4171 καὶἷ

2127 4183 2270 4253 λόγῳ
2302 4184 2396 4237 καὶ
2426 4182 2806 4254 ὑποδείγματι.

2618 4339 2967 4392 ΕΠΙΣΤΟΛΗ
3004 4339 3174 4393 ΡΞΗ’.

447 4451 684 4512 Ouantwn
708 4446 839 4500 dolet
859 4448 1076 4500 Basilius
1095 4450 1363 4503 Ecclesium
1380 4458 1575 4515 pastore
1594 4450 1871 4515 destitutam
1883 4488 1897 4513 ,
1918 4456 2101 4501 toruum
2125 4448 2348 4503 Antiochi
2365 4449 2643 4515 felicitatem
2671 4449 2909 4515 praedicat
2923 4489 2936 4513 ,
2962 4453 3090 4518 quod
3110 4467 3223 4504 cum
3236 4456 3444 4507 Euseoto
3463 4463 3712 4509 versetur.

443 4556 720 4626 Antiocho,
752 4556 1076 4628 presbytero,
1119 4559 1308 4634 fratris
1342 4559 1557 4634 Eusebii
1591 4560 1705 4629 ﬁlio
1726 4599 1741 4625 ,
1773 4560 1863 4629 qui
1902 4575 2018 4613 cum

2138 4559 2436 4628 Ἀντιόχῳ,
2469 4555 2873 4634 πρεσϐυτέρῳ,
2902 4556 3204 4634 ἀδελφιδῷ
3249 4561 3500 4615 συνόντι
3521 4561 3594 4613 ἐν
3634 4561 3717 4633 τῇ

736 4688 749 4699 ο
798 4638 988 4698 patruo
1029 4629 1303 4686 exsulante
1342 4630 1669 4684 versabatur.

518 4741 793 4818 Quantum
822 4743 982 4799 doleo
1010 4743 1315 4801 Ecclesiam
1348 4746 1587 4817 pastoris
1616 4745 1757 4799 tanti
1791 4744 2028 4800 destitu—

518 4900 536 4919 '
566 4898 716 4971 Alias
748 4897 933 4971 QCLI.
957 4898 1171 4971 Scripta
1210 4915 1355 4956 anno
1375 4901 1499 4955 574.

520 4971 559 4989 ⁹’
590 4969 739 5040 Alias
765 4969 958 5035 CCLII.
1000 4969 1216 5040 Scripta
1249 4986 1394 5026 anno
1427 4972 1551 5026 574.

527 5039 777 5112 _'_“__Ali_gs
810 5040 1090 5112 CCLXIX.
1123 5039 1340 5112 Scripta
1379 5056 1524 5096 anno
1549 5040 1673 5095 574.

515 5107 627 5180 (47)
665 5104 771 5165 Οἷα
813 5109 881 5165 δέ
921 5126 1056 5165 σου.
1108 5104 1265 5167 Meti.-
1299 5120 1355 5167 et
1410 5114 1503 5167 alii
1550 5114 1799 5168 nonnulli
1839 5104 1928 5166 οἷα
1965 5111 2027 5164 δέ

453 5197 555 5233 σοι.

514 5249 932 5323 σάω-Μάρτυρι
967 5251 1131 5306 νέον.
1165 5251 1244 5307 Ita
1276 5252 1446 5308 Coisl.
1466 5252 1862 5323 primus,Vat.,
1891 5250 2025 5321 Reg.

451 5320 730 5397 secundus
772 5328 827 5376 et
871 5320 1057 5397 'P_ar_is_.
1113 5320 1770 5397 Editi_paprbpei_véqi.
1824 5320 2027 5397 Ibidem

450 5390 697 5460 quinque
737 5406 872 5448 mss.
905 5393 1234 5465 ἀνθήσαντα.
1272 5390 1449 5463 Bigot.
1496 5390 1549 5449 et
1598 5390 1749 5449 Bari.
1790 5393 2032 5450 secunda

454 5473 619 5532 manu
678 5459 1006 5532 ἀθλήσαντα.

550 5478 579 5511 11
587 5478 619 5513 ιι
678 5478 743 5514 αυ
750 5478 811 5517 Αη
819 5479 1006 5517 σαντα.

522 5530 641 5605 (49)-
689 5530 934 5599 Ὄντως.
989 5532 1132 5605 Editi
1189 5533 1395 5589 addunt
1441 5533 1585 5605 γάρ,
1644 5533 1788 5604 quod
1835 5533 2034 5605 melius

455 5598 819 5676 deestin__sex
858 5598 993 5659 mss.
1022 5603 1226 5676 Ibidem
1257 5605 1384 5676 editi
1415 5598 1587 5676 ἀληθῆ
1633 5598 1888 5676 Χριστοῦ.

532 5623 609 5653 ηδι
631 5623 684 5654 111
723 5623 819 5657 σοι
858 5623 993 5659 mss.
1024 5623 1226 5658 Inluem
1257 5623 1384 5690 (ξαιιι
1415 5623 1587 5730 αληυὺη
1633 5623 1888 5686 πριστου.

532 5670 645 5742 (50)
676 5669 989 5740 Μάρτυς...
1018 5673 1495 5744 ἀναδησαμενος.
1592 5677 1826 5731 edicaeus
1860 5674 2033 5731 codex

2804 4629 3026 4696 ἐξορίᾳ.

2202 4743 2362 4797 Ὅσον
2391 4740 2654 4813 ὀδύρομαι
2697 4740 2799 4812 τὴν
2833 4741 3164 4815 Ἐκκλησίαν
3207 4744 3308 4814 τὴν
3355 4744 3719 4815 περηθεῖσαν

2131 4913 2257 4971 cum
2293 4896 2467 4971 Regio
2507 4897 2751 4953 secundo
2795 4904 2849 4952 et
2885 4896 3058 4954 Coisl.
3098 4898 3339 4955 secundo
3381 4900 3716 4971 μάοτυρα...

2129 4968 2296 5039 ἀναδη
2305 4969 2556 5037 σὰμενον.

2204 5038 2316 5111 (51⁷)
2346 5038 2634 5106 Εὐσεϐἰῳ,
2660 5046 2765 5095 etc.
2800 5041 3021 5097 Addunt
3044 5038 3176 5095 editi
3208 5038 3577 5111 πρεσβύτερος
3602 5038 3715 5111 γῶν,

2134 5108 2231 5180 sed
2261 5107 2491 5177 prorsus.
2525 5110 2758 5175 vitiose;
2800 5129 2899 5168 nec
2933 5113 3188 5180 leguntur
3217 5107 3360 5180 apud
3387 5107 3717 5179 Gregorium

2134 5178 2560 5238 Nazianzenum,
2584 5180 2756 5250 cujus
2805 5185 2947 5237 inter
2976 5178 3267 5250 epistolas'
3287 5180 3401 5233 haec
3431 5180 3717 5250 trigesima

2137 5257 2242 5314 est,
2270 5251 2485 5320 ipsique
2507 5249 2727 5304 videtur
2753 5248 3060 5307 tribuenda.
3090 5250 3227 5305 Hinc
3262 5265 3290 5303 a
3326 5248 3531 5304 nostris
3559 5248 3700 5304 codi-

2135 5320 2291 5374 cibus
2315 5320 2494 5382 abest,
2527 5328 2757 5390 excepto
2785 5321 3126 5379 Coisliniano
3156 5321 3354 5389 primo.

2204 5390 2329 5462 (52),
2347 5391 2633 5457 Εὺσεϐίῳ.
2666 5388 2792 5447 Haec
2819 5394 2985 5448 etiam
3011 5388 3239 5461 epistola
3267 5390 3533 5462 Gregorio
3560 5388 3723 5462 adjuo

2135 5460 2390 5523 dicanda,
2423 5476 2523 5515 nec
2562 5476 2682 5516 eam
2714 5464 2859 5518 ullus
2899 5463 3061 5517 habet
3085 5476 3154 5517 ex
3192 5461 3477 5516 codicibus
3509 5461 3723 5516 nostris

2134 5539 2332 5603 praeter
2357 5529 2776 5603 Coislinianum
2788 5536 3045 5603 primum.

2210 5601 2322 5673 (55)
2348 5601 2583 5673 El_
2624 5598 3035 5673 Sic_Gregorius
3059 5599 3436 5673 Nazianzenus
3467 5609 3521 5655 et
3543 5598 3717 5654 Coisl.

2138 5672 2370 5743 primus.
2409 5670 2690 5729 Editiones
2723 5670 2907 5730 Basiiii
2940 5673 3127 5743 ἐσμέν.
3160 5670 3329 5727 Paulo
3360 5679 3481 5742 post
3524 5685 3624 5742 pro
3654 5685 3723 5724 eo
