3852 6220
88 254 194 310 641

1005 246 1497 311 ΕΡΙΞΤΟΕΑΒΗΜ
1534 233 1822 311 CLASSIS
1857 253 1923 309 ll.
1966 251 2189 309 EPIST.
2245 250 2481 310 CLXIX.

3270 257 3378 316 οη

86 372 196 442 τῆς
220 371 314 426 τοῦ
337 371 581 427 τοιούτου
611 370 866 443 ποιμένος
905 372 1260 438 ἐπιστασίας,
1292 373 1546 428 τοσοῦτον
1585 392 1687 445 μα-

1802 383 1900 427 Lam
1932 373 2197 445 regimine
2225 413 2239 437 ,
2270 379 2484 427 tantum
2518 370 2706 430 felices
2733 388 2833 430 vos
2867 373 3105 445 praedico
3129 413 3147 442 ,
3174 376 3378 447 quibus

88 464 309 536 καρίζω
334 465 478 535 ὑμᾶς
498 463 935 530 καταξιωθέντας
962 466 1021 519 ὲν
1042 464 1270 537 τοιούτῳ
1299 466 1478 539 καιρῷ
1507 470 1686 521 συνεῖ-

92 572 184 607 ναι
242 554 399 624 ἀνδρὶ
454 553 546 607 τὸν
609 554 783 626 μέγαν
846 554 989 626 ὑπὲρ
1043 554 1145 623 τῆς
1203 550 1485 621 εὐσεϐείας
1544 557 1687 626 (54)

91 643 649 713 διαθλοῦντινάγῶνα.
682 644 997 716 Πέπεισμαι
1026 646 1156 717 γὰρ,
1190 647 1274 700 ὅτι
1304 648 1332 700 ὁ
1366 646 1568 719 Κύριος
1595 649 1690 702 καὶ

94 739 248 808 ὑμᾶς
289 738 391 808 τῆς
441 738 613 809 αὐτῆς
669 737 887 809 μερίδος
929 737 1277 804 καταξιώσει,
1332 742 1457 803 τοὺς
1510 741 1691 805 καλῶς

92 828 423 897 ὰλείφοντας
455 828 552 882 καὶ
593 829 980 899 ὲπεγείροντας
1016 829 1181 883 αὑτοῦ
1219 829 1316 901 τὴν
1360 831 1687 904 προθυμίαν.

106 920 334 974 Ἦλίκον
370 920 428 973 δὲ
467 918 660 991 κέρδος
701 921 760 973 ὲν
799 921 1000 992 ἡσυχίᾳ
1043 920 1236 993 βαθείᾳ
1274 922 1567 977 ἀπολαύειν
1592 926 1690 978 ἀν-

93 1011 226 1082 δρὸς
274 1010 516 1064 τοσαῦτα
559 1011 657 1081 μὲν
713 1012 779 1065 ὲκ
831 1011 931 1082 τῆς
982 1010 1303 1082 μαθήσεως,
1355 1013 1592 1067 τοσαῦτα
1634 1012 1692 1068 δὲ

95 1102 163 1154 ὲκ
186 1100 289 1172 τῆς
314 1101 512 1173 πείρας
542 1100 652 1153 τῶν
697 1101 1038 1172 πραγμάτων
1079 1094 1487 1171 συνειληχότοςε
1530 1104 1692 1156 Ὥστε

95 1192 409 1263 πέπεισμαι
447 1192 593 1262 ὑμᾶς
639 1190 736 1245 νῦν
784 1191 1081 1260 ἐγνωκέναι
1126 1191 1217 1245 τὸν
1264 1192 1452 1265 ἄνδρα,
1506 1194 1694 1266 ἡλίκος

96 1285 218 1339 ἐστὶ
240 1284 342 1357 τὴν
369 1284 602 1339 σύνεσινο
637 1284 773 1338 διότι
800 1286 858 1338 ἐν
892 1284 971 1356 τῷ
1010 1284 1334 1356 παρελθόντι
1380 1278 1556 1359 χρόνῳ
1600 1288 1693 1342 καὶ

97 1376 268 1441 αὐτὸς
297 1376 400 1448 τὴν
427 1376 666 1431 διάνοιαν
697 1372 843 1448 εἶχεν
882 1380 962 1441 είς
1000 1377 1171 1431 πολλὰ
1208 1378 1552 1451 σχιζομένην,
1600 1379 1695 1433 καὶ

97 1467 263 1537 ὑμεῖς
299 1467 402 1519 οὐκ
432 1467 597 1537 ἧγετε
630 1465 826 1537 σχολὴν
869 1465 977 1518 ἀπὸ
1014 1464 1122 1519 τῶν
1151 1464 1245 1518 τοῦ
1281 1465 1395 1535 βίου
1431 1465 1694 1536 πραγμά-

96 1576 231 1624 των,
275 1557 421 1611 ὥστε
457 1556 569 1610 ὅλοι
608 1555 969 1628 προσκεῖσθαι
997 1554 1075 1627 τῷ
1112 1555 1467 1627 πνευματικῷ
1493 1557 1695 1629 νάματι

97 1650 179 1721 τῷ
218 1651 331 1704 ἀπὸ
377 1648 625 1721 καθαρᾶς
674 1648 902 1720 καρδίας
944 1647 1036 1702 τοῦ
1077 1648 1272 1720 ἀνδρὸς
1320 1632 1694 1721 προχεομένῳ.

1795 464 2028 536 contigit
2064 465 2338 533 ejusmodi
2370 472 2617 534 tempore
2645 480 2771 520 cum
2806 466 2926 522 viro
2953 482 3077 523 esse
3118 482 3377 539 magnum

1794 571 1896 627 pro
1941 558 2143 627 pietate
2169 564 2447 612 certamen
2480 555 2817 612 decertante.
2852 556 3186 614 Persuasum
3228 560 3379 615 enim

1796 648 1929 702 mibi
1980 655 2065 704 est
2117 663 2217 704 vos
2258 663 2499 719 quoque,
2553 662 2584 703 a
2638 649 2843 719 quibus
2895 664 3171 720 propensa
3229 650 3380 706 illius

1795 740 2052 795 voluntas
2087 740 2351 811 praeclare
2379 740 2659 795 excitatur
2687 748 2742 796 et
2770 742 3156 801 exstimulatur
3176 782 3192 806 ,
3224 756 3380 797 eaut-

1796 832 1919 887 dem
1951 837 2155 887 sortem
2192 846 2221 884 a
2253 830 2485 886 Domino
2529 840 2950 889 consecuturos.
2987 833 3265 900 Quantum
3289 849 3383 890 au-

1797 930 1907 979 tem
1932 923 2150 976 lucrum
2177 922 2233 976 in
2257 938 2473 977 summo
2503 922 2617 976 otio
2644 923 2850 993 perfrui
2879 926 2998 979 viro
3030 931 3110 978 tot
3138 939 3201 979 ac
3231 931 3384 979 tanta

1797 1023 1911 1068 tum
1937 1029 2005 1068 ex
2033 1012 2308 1077 doctrina,
2348 1021 2464 1068 tum
2496 1030 2564 1070 ex
2597 1030 2782 1069 rerum
2807 1016 3150 1086 experientia
3186 1030 3384 1073 conse-

1798 1106 1967 1160 cuto!
2008 1104 2189 1172 Quare
2218 1116 2369 1161 certo
2408 1105 2525 1161 scio
2564 1106 2721 1162 vobis
2759 1111 2912 1162 nunc
2937 1107 3157 1162 demum
3186 1107 3382 1179 cogni-

1799 1206 1918 1253 tum
1964 1214 2089 1254 esse
2139 1199 2321 1253 virum
2365 1198 2521 1254 illum
2548 1238 2563 1262 ,
2603 1199 2753 1270 quali
2799 1200 2872 1254 sit
2907 1197 3232 1271 prudentia;
3266 1213 3385 1270 pro-

1800 1300 1992 1362 pterea
2031 1291 2177 1361 quod
2206 1291 2484 1361 praeterito
2512 1296 2756 1362 tempore
2769 1298 2823 1345 et
2839 1293 2956 1361 ipse
2970 1296 3202 1346 mentem
3218 1290 3385 1346 babe-

1801 1381 1895 1435 bat
1940 1381 1995 1435 iu
2027 1383 2199 1437 multa
2230 1380 2550 1437 distractam
2574 1420 2589 1447 ,
2629 1397 2733 1437 nec
2777 1382 2933 1438 vobis
2962 1388 3177 1437 tantum
3205 1390 3321 1437 erat
3348 1397 3384 1436 a

1800 1473 1924 1527 vita:
1980 1474 2219 1545 negotiis
2283 1474 2405 1538 otii,
2474 1480 2537 1529 ut
2598 1474 2702 1528 tati
2750 1473 2917 1545 258
2987 1474 3385 1532 accumberetis

1802 1565 1870 1620 ad
1908 1566 2199 1637 spirituale
2244 1566 2511 1621 ﬂuentum
2536 1582 2574 1633 ,e
2600 1582 2740 1638 puro
2768 1568 2874 1621 viri
2915 1578 3137 1638 pectore
3165 1583 3385 1639 proma-

1804 1670 1965 1712 nans.
2004 1656 2109 1712 Sed
2138 1658 2407 1730 largiatur
2434 1657 2723 1725 Dominus,
2754 1666 2815 1714 ut
2842 1666 2899 1714 et
2943 1675 3040 1717 vos
3069 1664 3122 1717 ei
3153 1661 3279 1717 sitis
3302 1676 3379 1717 so-

113 1742 280 1796 Ἀλλὰ
303 1742 588 1814 παράσχοι”
609 1738 639 1794 ὁ
665 1736 869 1812 Κύριος
891 1741 1036 1811 ὑμᾶς
1058 1741 1152 1794 καὶ
1183 1739 1333 1812 αύτῷ
1358 1741 1700 1812 παράκλησιν

1805 1748 1958 1810 latio,
1985 1756 2040 1803 et
2071 1750 2177 1820 ipsi
2215 1750 2451 1806 aliorum
2493 1766 2605 1807 non
2650 1751 2944 1823 indigeatis
2979 1753 3382 1809 consolatione.

99 1832 266 1900 εἶναι,
286 1836 384 1890 καὶ
416 1836 615 1898 αὐτοὺς
645 1835 719 1906 μὴ
750 1834 956 1887 δεῖσθαι
983 1835 1081 1905 τῆς
1105 1834 1304 1907 ἐτέρων
1327 1835 1693 1905 παρηγορίας.

102 1926 286 1993 Ὅπερ
322 1921 418 1979 οὖν
462 1925 559 1980 καὶ
592 1925 896 1995 πέπεισμαι
937 1923 1066 1994 περὶ
1108 1922 1216 1977 τῶν
1256 1924 1494 1996 καρδιῶν
1523 1925 1697 1996 ὑμῶν,

100 2017 540 2089 τεκμαιρόμενος
568 2019 636 2089 τῇ
665 2033 725 2070 τε
758 2014 1002 2086 ἐμαυτοῦ
1031 2014 1217 2087 πείρᾳ,
1251 2015 1319 2087 ἢν
1352 2016 1487 2087 πρὸς
1521 2016 1700 2086 ὀλίγον

104 2109 262 2180 ὑμῶν
290 2108 613 2181 ἐπειράθην,
648 2107 742 2162 καὶ
768 2110 835 2180 τῇ
875 2106 1089 2179 μεγάλῃ
1123 2106 1442 2179 διδασκαλίᾳ
1477 2106 1569 2161 τοῦ
1600 2125 1700 2163 κα-

102 2199 198 2252 λοῦ
233 2198 567 2272 καθηγητοῦ,
608 2191 670 2253 οὗ
705 2199 837 2270 μιᾶς
871 2197 1086 2270 ἡμέρας
1129 2197 1387 2253 συνουσία
1424 2196 1698 2269 αὕταρκές

103 2293 253 2345 ἔστιν
291 2291 505 2360 ἐφόδιον
533 2288 671 2363 πρὸς
702 2289 1001 2362 σωτηρίαν.

614 2446 962 2500 ΕΠΙΣΤΟΛΗ
999 2445 1165 2499 ΡΞΘ.

1800 1832 1958 1904 Quod
1991 1839 2183 1910 utique
2208 1856 2534 1912 persuasum
2567 1842 2741 1899 habeo
2770 1843 2840 1900 de
2868 1845 3132 1904 cordibus
3162 1846 3382 1911 vestris,

1801 1929 2181 2000 conjecturam
2216 1932 2426 1991 faciens
2465 1941 2520 1991 et
2564 1949 2632 1990 ex
2667 1950 2788 1991 mea
2820 1936 2996 2008 ipsius
3025 1938 3383 2008 experientia,

1802 2034 1912 2092 qua
1945 2023 2115 2077 vestri
2157 2025 2438 2097 paulisper
2478 2027 2786 2097 periculum
2831 2028 2971 2095 feci,
3001 2036 3057 2084 et
3086 2045 3151 2085 ex
3193 2030 3385 2100 optimi

1801 2113 2051 2184 magistri
2081 2129 2297 2172 summa
2326 2118 2603 2183 doctrina,
2633 2135 2873 2191 quocum
2905 2122 2987 2177 vel
3023 2137 3193 2177 unum
3227 2122 3375 2177 diem

1800 2207 2010 2261 versari
2038 2208 2173 2265 satis
2203 2216 2289 2266 εει
2318 2209 2386 2265 ad
2419 2212 2655 2268 salutem
2681 2212 2890 2267 viatici.

2252 2446 2599 2509 EPISTOLA
2641 2452 2899 2509 CLXIX“.

103 2567 358 2651 Glycerio:
376 2564 579 2636 quidam
600 2565 855 2636 diaconus,
885 2578 996 2616 cum
1017 2564 1197 2617 multas
1219 2564 1433 2631 virgines
1453 2574 1818 2638 congregasset,
1843 2572 1899 2641 et_
1927 2577 2069 2622 noctu
2100 2570 2359 2642 oufttgiens
2388 2572 2563 2643 choros
2599 2587 2711 2624 cum
2737 2572 2839 2625 illis
2863 2572 3098 2644 duceret,
3126 2572 3395 2640 Gregorius

172 2644 289 2705 iam:
314 2629 870 2705 copttvttttteugtreol‘legtt;
906 2629 1053 2705 quite
1066 2636 1346 2705 euturogut
1369 2626 1679 2705 308111116,”
1704 2630 1983 2701 Gjycertum
2002 2632 2169 2705 redire
2181 2635 2350 2697 Jubeat
2364 2672 2376 2692 ,
2398 2647 2711 2705 virginesque
2728 2650 2759 2685 a
2781 2634 3042 2705 tyrannide
3060 2633 3231 2687 liberet
3249 2674 3262 2698 ,
3282 2636 3387 2688 sal-

165 2700 262 2743 tem
285 2689 503 2754 easque
521 2689 691 2741 redire
707 2689 887 2740 volunt.
912 2689 1138 2753 Glycerio
1159 2689 1372 2743 modeste
1390 2690 1616 2743 redeunti
1636 2689 1825 2744 venia'm
1849 2693 2119 2759 promittit;
2142 2689 2283 2747 secus
2303 2689 2435 2757 vero,
2458 2689 2824 2759 dispositionem"
2838 2695 3075 2747 minatur.

484 2800 789 2870 Γρηγυρίφ
821 2799 934 2872 (55)
966 2802 1308 2868 Βασίλειος.

173 2897 417 2968 Πρᾶγμα
452 2896 552 2968 μὲν
582 2897 823 2968 ὑπέστης
850 2897 1090 2962 ἐπιεικὲς
1118 2899 1215 2952 καὶ
1242 2899 1450 2971 ἥμερον
1472 2899 1580 2972 (56)
1605 2900 1699 2956 καὶ⁵

2323 2804 2576 2874 Gregorio
2620 2804 2880 2860 Basilius.

1876 2893 2166 2965 Negotium
2209 2895 2433 2964 quidem
2467 2897 2761 2966 suscepisti
2810 2897 2932 2951 leue
2954 2933 2971 2959 ,
3004 2901 3165 2965 atque
3198 2893 3393 2948 huma-

107 2989 526 3061 φιλάνθρωπον,
597 2989 696 3061 τὴν
756 2989 853 3042 τοῦ
920 2991 1334 3063 καταφρονητοῦ
1401 2993 1698 3066 Γλυκερίου

1804 3000 1958 3049 num,
1988 3001 2113 3040 cum
2156 2985 2556 3055 contemptoris
2575 2984 2811 3057 Glycerii
2842 2984 2946 3056 (sic
2975 2984 3121 3039 enim
3169 2984 3391 3039 interim

106 3082 266 3152 (τέως
296 3080 411 3154 γὰρ
442 3080 587 3135 οὕτω
613 3081 920 3153 γράφομεν)
942 3081 1321 3153 αἰχμαλωσίαν
1357 3083 1701 3153 συναγαγὼν.

104 3174 198 3228 καὶ
236 3172 342 3245 τὴν
380 3173 565 3245 κοινὴν
615 3165 1003 3245 ἀσχημοσύνην
1050 3174 1228 3245 ἡμῶν,
1257 3175 1333 3238 ὼς
1369 3169 1481 3229 οἶόν
1521 3192 1580 3228 τε
1610 3171 1701 3246 ἦν,

106 3265 482 3336 συγκαλύψας⁹
509 3264 567 3318 δε
608 3264 664 3318 δὲ
692 3266 842 3336 ὅμως
862 3263 962 3337 τὴν
984 3264 1082 3336 σὴν
1108 3265 1397 3320 εὐλάϐειαν
1425 3265 1702 3338 μαθοῦσαν

102 3359 171 3412 τὰ
200 3357 325 3411 κατ’
359 3357 544 3423 αὐτὸν,
579 3355 723 3410 οὕτω
751 3355 907 3410 λῦσαι
935 3356 1031 3429 τὴν
1061 3358 1307 3429 ἀτιμίαν.
1345 3351 1516 3422 Οὗτος
1546 3359 1576 3411 ὀ
1605 3358 1701 3413 νῦν

108 3449 343 3522 σοϐαρὸς
394 3450 489 3503 καὶ
543 3448 740 3518 σεμνὸς
793 3449 922 3520 ύμῖν
976 3448 1269 3521 Γλυκέριος
1320 3450 1697 3522 ἐχειροτονήθη

109 3537 215 3608 μὲν
242 3538 372 3610 παρ’
409 3538 568 3610 ἡμῶν
594 3538 695 3608 τῆς
736 3538 877 3591 κατὰ
912 3539 1193 3609 υύήνεσαν
1231 3538 1340 3609 (57)
1376 3539 1702 3611 Ἐκκλησίας

104 3631 378 3694 διάκονος,
431 3630 506 3694 ὠς
547 3630 644 3683 καὶ
687 3629 767 3700 τῷ
814 3630 1170 3701 πρεσϐυτέρῳ
1213 3629 1567 3701 διακονήσων,
1609 3633 1704 3684 καὶ

104 3720 200 3774 τοῦ
231 3719 397 3792 ἔργου
422 3719 520 3791 τῆς
563 3719 889 3789 Ἐκκλησίας
923 3717 1414 3789 ἐπιμελησόμενος.
1451 3720 1562 3773 Καὶ
1592 3721 1701 3792 γάρ

108 3816 280 3877 ἐστιν,
319 3815 370 3866 εί
407 3814 503 3866 καὶ
542 3813 611 3867 τὰ
656 3812 791 3868 ἄλλα
833 3810 1133 3885 δύστροπος
1172 3813 1201 3865 ὁ
1239 3810 1398 3882 ἀνὴρ,
1451 3809 1588 3864 ἀλλὰ
1631 3808 1702 3862 τὰ

106 3905 364 3977 ἐπίχειρα
392 3905 494 3958 ούκ
519 3905 719 3975 ἀφυής.
755 3903 909 3957 Ἐπεὶ
934 3903 991 3956 δὲ
1014 3903 1273 3973 κατέστη,
1291 3903 1387 3956 τοῦ
1413 3903 1513 3974 μὲν
1535 3901 1700 3973 ἔργου

107 3998 352 4068 ὴμέλησε
384 3996 669 4061 τοσοῦτον,
699 3997 823 4049 ὅσον
866 3994 991 4048 οὐδὲ
1034 3994 1136 4064 τὴν
1168 3993 1342 4065 ἀρχὴν
1391 3992 1697 4063 γεγονότος.

105 4086 423 4159 Παρθένους
447 4086 504 4139 δὲ
533 4085 724 4149 ἀθλίας
747 4081 1090 4152 συναγαγὼν,
1131 4083 1250 4136 κατ’
1283 4082 1419 4135 ἰδίαν
1447 4080 1699 4144 ἐξουσίαν

104 4183 201 4235 καὶ
227 4179 538 4241 αύθεντίαν,
565 4178 665 4242 τὰς
695 4177 791 4248 μὲν
817 4174 1048 4238 ἑκούσας
1071 4173 1523 4244 προσδραμούσας
1552 4170 1700 4243 αὐτῷ

105 4271 283 4343 (οῐσθα
325 4271 385 4325 δὲ
416 4270 477 4324 τὸ
510 4269 618 4323 τῶν
651 4268 787 4322 νέων
820 4267 950 4338 περὶ
991 4266 1061 4319 τὰ
1099 4264 1323 4318 τοιαῦτα
1360 4263 1695 4336 πρόχειρον),

106 4364 203 4427 τὰς
257 4362 318 4416 δὲ
363 4360 603 4424 ἀκούσας
652 4359 977 4431 ἀγελαρχεῖν
1019 4355 1344 4427 ἐπεχείρησε
1364 4395 1379 4420 ,
1435 4356 1529 4408 καὶ
1585 4372 1693 4407 παο
1723 4385 1772 4446 D

105 4453 395 4527 τριαρχίας
439 4453 610 4524 ὄνομα
653 4450 832 4522 ἑαυτῷ
880 4450 973 4504 καὶ
1020 4451 1205 4519 σχῆμα
1248 4446 1515 4517 περιθεὶς,
1559 4446 1697 4511 ἐξαί-

106 4562 248 4616 ιρνης
276 4543 697 4615 ὲσοϐαρεύσατο,
727 4543 827 4596 οὐκ
854 4540 919 4595 ἐκ
944 4558 1089 4604 τινος
1111 4537 1430 4601 ἀκολουθίας
1458 4538 1571 4606 (58)
1599 4539 1696 4590 καὶ

106 4635 391 4697 εὐσεϐείας
416 4633 683 4689 ἐπὶτοῦτο
711 4632 901 4697 ἐλθὼν,
930 4631 1045 4685 ἀλλ’
1066 4629 1322 4702 ἀφορμὴν
1345 4627 1465 4699 βίου
1488 4628 1699 4700 ταύτην

107 4767 256 4838 quod
283 4766 691 4847 desumpsimus
726 4782 793 4821 ex
837 4764 1123 4850 Gregorio,
1178 4761 1596 4849 xacnﬁuberl‘uev
1627 4763 1694 4817 ἂν

235 4839 400 4909 μέχρι
430 4853 521 4909 σου
551 4838 832 4909 γενόμενοι
855 4834 1303 4909 περιτττυξασθαίΔ
1323 4850 1417 4909 σου
1450 4833 1693 4909 την-θεοο

110 4903 360 4973 σέϐειανζ
386 4903 654 4962 editiones
684 4903 887 4961 'Basilii
930 4903 1205 4960 habebant
1254 4903 1523 4974 εὐχόμεθα
1564 4903 1694 4957 ἰδεῖν

105 4978 204 5049 τὴν
236 4978 338 5050 σὴν
372 4977 706 5050 θεοσέϐειαν,

177 5043 305 5171 (5³3)
333 5046 447 5168 Tir-1c
464 5047 795 5113 εὐσεϐείας.
826 5044 962 5102 Tres
982 5044 1201 5101 codices
1232 5044 1568 5100 recentiores
1590 5043 1698 5114 τῆς-

179 5136 215 5170 κ
284 5134 360 5171 Τισ
382 5135 469 5171 ac.

118 5119 469 5172 Ἐκκλησίας.

176 5135 653 5257 ῗέἒῖὶῗὲξιγορίφ.
686 5184 992 5257 Nyssenum
1036 5191 1131 5240 aut
1176 5181 1576 5257 Naaianzenum
1607 5183 1694 5237 in-

106 5254 305 5329 telligit
328 5254 857 5329 Tillemontius,'sed
887 5254 1577 5329 Naziangzenoinsctjbuut
1606 5269 1693 5329 ve:

106 5323 253 5383 tusti
268 5327 512 5383 codices.
546 5326 682 5381 Nam
724 5328 778 5381 in
805 5326 978 5383 Coisl.
1026 5327 1202 5396 primo
1245 5323 1691 5396 inscribiturch

102 5398 279 5469 αὐτῷ.
307 5397 574 5469 Praecedit
599 5405 782 5453 autem
805 5392 1147 5469 epistola_7l,
1178 5409 1343 5469 quam
1369 5393 1443 5469 ad
1466 5392 1695 5469 Nazianl

103 5462 306 5524 unum
350 5468 612 5536 scriptam
659 5483 784 5523 esse
830 5462 989 5522 nemo
1017 5462 1254 5519 dubitat.
1290 5463 1346 5518 In
1379 5462 1691 5536 ‘Harlaeano

102 5549 287 5594 autem
345 5534 548 5608 legitur
581 5553 747 5591 manu
801 5538 1105 5592 recentiore
1149 5534 1435 5608 Γρηγορίῳ
1461 5534 1688 5604 ἑταίρῳ,

102 5609 198 5676 qui
226 5606 424 5664 titulus
454 5608 694 5677 jejunior
721 5607 940 5676 quidem
975 5614 1061 5661 est
1101 5614 1156 5677 et
1185 5606 1400 5677 exilior,
1431 5620 1596 5673 quam
1631 5615 1690 5677 ut

102 5675 400 5751 episcopos
447 5675 658 5745 deceat,
694 5675 791 5735 sed
824 5684 1007 5734 tamen
1041 5676 1247 5732 iudicat
1276 5676 1577 5748 epistolam
1619 5675 1688 5728 ad

1803 3076 2118 3147 scribimus)
2141 3078 2513 3147 captivitatem
2540 3078 2834 3147 collegisti,
2860 3091 3264 3147 communeque
3287 3093 3389 3131 no-

1803 3177 1979 3224 strum
2004 3169 2247 3225 dedecus
2269 3211 2282 3232 ,
2314 3171 2495 3239 quoad
2525 3171 2647 3240 ejus
2678 3170 2792 3225 ﬁeri
2826 3169 3037 3239 potuit,
3071 3170 3387 3225 contexisti.

1802 3258 1996 3330 Operae
2028 3269 2210 3316 autem
2242 3262 2481 3331 pretium
2510 3270 2616 3327 est,
2649 3269 2712 3316 ut
2749 3262 2927 3333 pietas
2966 3267 3061 3316 tua
3102 3269 3392 3332 gestarum

1802 3351 1874 3407 ab
1906 3367 1971 3406 eo
2009 3367 2191 3407 rerum
2228 3353 2434 3407 certior
2470 3350 2639 3417 facta,
2676 3352 2755 3407 sic
2788 3351 3147 3423 ignominiam
3186 3351 3386 3407 diluat.

1801 3439 1995 3498 Gravis
2023 3443 2115 3498 ille
2144 3459 2291 3498 nunc
2318 3451 2374 3498 et
2405 3444 2753 3499 venerandus
2783 3444 2927 3513 apud
2967 3459 3065 3498 vos
3096 3442 3393 3515 Glycerius

1802 3548 1833 3587 a
1866 3550 1956 3589 me
1987 3536 2210 3602 quidem
2242 3535 2532 3590 ordinatus
2569 3542 2654 3589 est
2688 3533 2958 3589 Venensis
2988 3534 3247 3589 Ecclesiae
3270 3535 3393 3589 dia-

1801 3639 1999 3689 conus,
2034 3634 2172 3679 utet
2207 3626 2526 3697 presbytero
2557 3625 2917 3689 ministraret,
2953 3633 3007 3680 et
3028 3640 3168 3695 Opus
3203 3624 3396 3682 Eccled

1802 3719 1897 3773 site
1929 3726 2171 3772 curaret.
2215 3716 2310 3773 Est
2344 3718 2519 3783 enim,
2547 3718 2799 3789 quamvis
2836 3718 2904 3773 ad
2933 3718 3040 3771 alia
3070 3717 3346 3775 absurdus
3366 3753 3388 3785 ς

1801 3812 1995 3865 saltem
2020 3809 2086 3863 ad
2125 3822 2386 3862 manuum
2416 3806 2593 3862 ofﬁcia
2618 3808 2763 3862 baud
2798 3808 2941 3862 male
2965 3822 2995 3861 a
3018 3815 3215 3862 natura
3235 3824 3389 3864 com-

1800 3906 2053 3969 paratus.
2106 3897 2473 3969 Posteaquam
2522 3904 2707 3952 autem
2766 3895 3038 3952 diaconus
3096 3896 3395 3955 institutus-

1799 3998 1906 4055 est,
1940 4005 2081 4059 opus
2119 3988 2339 4059 quidem
2368 3987 2592 4059 perinde
2626 3988 2888 4059 neglexit,
2916 4002 2982 4043 ac
3008 3988 3057 4045 si
3090 3989 3303 4044 nullum
3332 3991 3388 4047 ei

1801 4098 2033 4153 prorsus
2081 4080 2402 4153 impositum
2460 4088 2627 4136 esset.
2669 4080 2890 4137 Coactis
2932 4086 3115 4135 autem
3163 4081 3386 4140 miseris

1798 4174 2128 4245 virginibus,
2160 4173 2375 4245 privata
2414 4173 2749 4229 auctoritate
2772 4179 2938 4243 atque
2965 4173 3230 4243 potentia,
3259 4189 3387 4246 par-

1802 4265 1899 4318 tim
1936 4278 2035 4318 sua
2068 4273 2265 4334 sponte
2294 4261 2362 4317 ad
2391 4278 2515 4319 cum
2545 4262 2966 4319 accurrentibus
2998 4263 3124 4331 (nec
3153 4263 3298 4318 enim
3331 4272 3393 4320 to'

1800 4354 1959 4427 fugit,
1977 4371 2140 4427 quam
2166 4355 2234 4410 ad
2257 4355 2574 4425 bujusmodi
2602 4370 2691 4410 res
2712 4362 2964 4427 prompta
2987 4355 3058 4410 sit
3074 4354 3380 4428 juventus),

1798 4448 1998 4519 partim
2049 4447 2239 4502 invitis
2267 4454 2323 4502 ct
2353 4445 2791 4516 repugnantibus
2816 4484 2832 4510 ,
2865 4444 3049 4516 gregis
3090 4445 3383 4516 imperium

1798 4541 1904 4595 sibi
1931 4554 2191 4611 arrogare
2217 4554 2513 4609 aggressus
2548 4546 2673 4603 est;
2706 4551 2770 4590 ac
2801 4537 3127 4607 patriarcha:
3160 4540 3384 4594 nomire

1794 4641 1851 4688 et
1872 4632 2064 4686 habitu
2095 4631 2200 4686 sibi
2230 4630 2508 4700 imposito,
2541 4631 2732 4685 statim
2757 4628 3065 4683 insolenter
3095 4644 3156 4684 se
3188 4628 3384 4685 efferre

1795 4766 2119 4836 Gregorium
2150 4763 2557 4820 Nazianzenum
2583 4766 2841 4835 scriptam
2866 4763 3057 4819 fuisse.
3088 4762 3391 4836 Beperitur’

1795 4834 1983 4891 eadem
2008 4837 2247 4907 epistola
2269 4850 2404 4907 cum
2441 4837 2657 4891 duabus
2698 4834 3061 4907 sequentibus
3091 4834 3236 4907 inter
3258 4842 3381 4907 epi-

1795 4907 1967 4976 stolas
1993 4903 2249 4976 Gregorii
2269 4903 2633 4969 Nazianzeni,
2659 4903 2899 4972 suntque
2925 4904 3050 4967 905.
3090 4904 3217 4969 206,
3247 4903 3385 4960 207.—

1866 4975 1977 5048 (56)
1992 4974 2295 5048 ,Ἐπὶεικὲς
2322 4976 2420 5048 καὶ
2444 4976 2687 5048 ἥμερον.
2708 4976 2857 5029 Harl.
2880 4976 3186 5048 recentiore
3212 4991 3378 5048 tuatui

1793 5043 2053 5137 ξπίεικῶς
2078 5047 2302 5117 ἥμερον.
2343 5043 2436 5099 Sic
2469 5043 2632 5101 etiam
2660 5046 2855 5116 legitur
2876 5044 3022 5116 apud
3052 5044 3385 5117 Gregorium

1791 5116 2220 5170 Nazianzeuum.
3172 5116 3183 5117 ί

1865 5186 1978 5259 (57)
2017 5185 2354 5252 Οὐήνεσαν.
2383 5183 2536 5239 Harl.
2569 5184 2865 5239 Σύννασαν.
2892 5183 3065 5242 Coisl.
3097 5186 3366 5258 Ούήεσαν.

1790 5253 1924 5309 Naz.
1959 5258 2233 5309 Ούήνατα.

1842 5258 1924 5311 az.
1959 5258 2233 5326 Ούήνατα.

1862 5327 1976 5398 (58)
2024 5326 2428 5391 Ἀκολουθίας.
2482 5323 2625 5398 Εὰἰιὶ
2662 5325 2884 5398 addunt
2939 5326 3173 5398 δικαίας,
3214 5322 3385 5398 quod

1792 5394 1990 5467 merito
2023 5404 2345 5467 expunguut
2397 5394 2615 5450 codices
2661 5394 2801 5451 Med.
2850 5404 2905 5451 et
2943 5397 3110 5451 Coisl.
3145 5394 3379 5465 primum

1791 5466 1850 5521 lu
1900 5466 2187 5549 llarlaeano
2215 5475 2327 5521 tota
2370 5480 2508 5535 pene
2550 5466 2783 5536 epistola
2838 5467 3045 5537 scripta
3087 5477 3171 5521 est
3211 5478 3384 5522 manu?

1790 5546 2017 5595 recenti.

1869 5612 1883 5631 ’
1917 5609 2068 5666 Alias
2098 5604 2392 5665 CCCGXII.
2423 5604 2636 5676 Scripta
2660 5606 2806 5663 circa
2832 5620 3034 5663 annum
3068 5605 3203 5663 ωε
