3852 6220
506 249 610 305 643

1796 246 1868 304 's.
1908 246 2153 327 essu."
2186 247 2402 305 mem

3668 252 3775 310 οιι

458 369 464 373 ’
506 370 697 442 ecepit,
727 383 837 423 non
868 382 1037 424 causa
1066 353 1247 437 aliqua
1270 366 1545 439 probabili
1577 381 1640 421 ac
1665 366 1864 437 pietate
1890 382 1958 423 eo
1980 368 2071 424 de-

2181 367 2368 438 ὧσπερ
2395 368 2553 431 ἄλλος
2582 367 2748 440 ἄλλην
2777 366 2897 422 τινὰ
2925 368 3371 441 προστησάμενος
3391 411 3405 435 ,
3438 368 3531 426 καὶ
3560 371 3774 443 μικροῦ

506 461 753 524 veniens,
789 473 981 513 verum
1017 457 1160 510 hanc
1198 455 1431 525 parandi
1469 455 1650 511 victus
1693 455 1991 519 rationem,
2021 463 2080 509 ut

504 553 644 607 alius
676 549 975 621 quamlibet
1000 547 1161 600 aliam
1183 586 1198 610 ,
1230 545 1336 601 sibi
1380 561 1726 616 proponens:
1773 560 1835 599 ac
1884 560 2079 615 parum

503 643 678 700 abfuit
722 642 858 711 quin
908 647 1078 694 totam
1130 638 1297 694 etiam
1346 635 1648 691 Eeclesiam
1693 635 1914 692 sedibus
1965 636 2079 691 suis

502 741 900 798 commoveret;
924 737 1281 785 contemnens
1294 728 1675 800 presbyterum
1697 742 1878 794 suum,
1900 728 2079 782 virum

501 830 557 878 et
581 822 703 876 vitae
731 819 985 875 instituto
1018 827 1071 873 et
1099 824 1257 872 aetate
1294 816 1689 881 venerandum,
1718 824 2079 873 contemnens

502 912 980 982 cborepiscopum,
1004 923 1069 963 ac
1089 923 1190 964 nos
1213 908 1378 963 etiam
1395 915 1663 978 tanquam
1689 908 1895 964 nullius
1915 907 2079 977 pretii

480 1006 792 1068 homines;
834 1015 1161 1071 semperque
1188 999 1521 1055 tumultibus
1552 1014 1620 1053 ac
1646 998 2079 1068 perturbationi-

499 1097 665 1152 nibus
694 1096 882 1150 urbem
924 1105 1086 1163 atque
1119 1091 1679 1147 universum-clerum
1712 1090 1967 1161 impleas.
2000 1090 2080 1145 Ac

500 1188 744 1251 tandem,
778 1186 871 1241 ubi
902 1201 933 1240 a
969 1200 1057 1239 me
1084 1191 1139 1238 et
1163 1199 1194 1236 a
1222 1182 1623 1252 cborepiscopo
1652 1181 1863 1236 levibus
1898 1181 2078 1237 verbis

500 1281 823 1350 objurgatus
850 1284 957 1343 est,
982 1292 1052 1332 ne
1082 1282 1428 1346 contemer
1460 1275 1715 1330 evaderet
1745 1274 1892 1346 (nam
1922 1274 2080 1343 juve-

499 1389 599 1429 nes
627 1374 791 1427 etiam
815 1370 883 1425 ad
911 1368 1160 1425 eamdem
1189 1366 1596 1422 contumaciam
1624 1365 1955 1437 exercebat),
1997 1365 2080 1419 ia-

500 1465 659 1520 cinus
702 1462 992 1518 admodum
1043 1459 1221 1514 audax
1272 1468 1326 1514 et
1374 1458 1734 1513 inhumanum
1777 1456 2075 1527 excogitat.

499 1555 754 1627 Virgines
778 1596 793 1620 ,
832 1560 1101 1623 quotquot
1128 1551 1327 1622 potuit,
1360 1565 1458 1620 per
1486 1549 1834 1620 sacrilegium
1864 1549 2077 1619 praeda-

499 1657 611 1708 tus,
654 1653 813 1701 noete
843 1646 1154 1707 observata,
1194 1642 1376 1713 fugam
1415 1641 1673 1711 capessit.
1708 1639 1946 1696 Omnino
1978 1640 2076 1695 tibi

2179 455 2277 524 τὴν
2300 455 2627 527 Ἐκκλησίαν
2659 457 2839 509 πᾶσαν
2867 457 3165 511 ἀνάστατον
3179 460 3467 531 πεποίηκε,
3494 477 3777 533 περιφροε

2181 546 2286 599 νῶν
2312 548 2411 616 μὲν
2433 546 2523 600 τὸν
2552 548 2743 602 ἑαυτοῦ
2786 548 3176 621 πρεσϐύτερον,
3202 551 3367 622 ἄνδρα
3398 552 3494 606 καὶ
3514 553 3776 623 πολιτεία

2180 637 2273 691 καὶ
2317 637 2503 709 ἡλικία
2556 638 2854 710 αἰδέσιμον,
2904 640 3246 713 περιφρονῶν
3290 643 3346 695 δὲ
3391 642 3483 697 τὸν
3522 644 3776 715 χωρεπί-

2183 744 2384 780 σκοπον
2414 727 2548 798 (59),
2585 729 2678 782 καὶ
2708 730 2858 800 ἡμᾶς
2898 730 2974 794 ὡς
3012 730 3223 795 οὐδενὸς
3256 731 3466 797 ditem?
3515 733 3779 803 θορύϐων

2179 816 2239 869 δὲ
2263 816 2350 869 ἀεὶ
2378 816 2472 871 καὶ
2512 817 2768 889 ταραχῶν
2802 818 3023 891 πληρῶν
3061 819 3158 891 τὴν
3194 820 3365 886 πόλιν,
3404 822 3498 875 καί
3538 823 3779 895 σύμπαν

2179 907 2240 960 τὸ
2273 909 2554 977 ίερατεῖον.
2582 910 2694 963 Καὶ
2717 909 2890 975 τέλος,
2931 911 3020 963 ἵνα
3048 928 3103 963 τι
3143 910 3254 983 (60)
3289 912 3429 983 λόγῳ
3456 914 3779 985 έπιτιμηθῇ

2183 1002 2376 1071 μικρὸν
2396 1002 2524 1071 παρ’
2550 1000 2707 1071 ἡμῶν
2727 1002 2822 1054 καὶ
2848 1000 2945 1054 τοῦ
2971 1004 3406 1073 χωρεπισκόπου,
3431 1004 3575 1076 πρὸς
3601 1005 3675 1058 τὸ
3699 1007 3781 1076 μὴ

2179 1098 2539 1168 καταφρονεῖν
2559 1097 2724 1150 αὑτὸν
2748 1097 2864 1166 (καὶ
2885 1097 2994 1169 γὰρ
3019 1098 3256 1162 καὶτοὺς
3279 1099 3433 1162 νέους
3451 1098 3779 1170 ἐγύμναζεν

2179 1187 2259 1249 εἰς
2306 1186 2405 1258 τὴν
2453 1186 2622 1259 αὐτὴν
2676 1189 2978 1261 ἀπόνοιαν),
3026 1191 3260 1261 πρᾶγμα
3308 1190 3601 1244 διανοεῖται
3650 1191 3778 1244 λίαν

2178 1278 2448 1351 τολμηρὸν
2482 1280 2576 1333 καὶ
2615 1280 3000 1352 ἀπάνθρωπον.
3047 1281 3289 1353 Συλήσας
3328 1282 3437 1336 τῶν
3475 1282 3779 1353 παρθένων

2179 1370 2308 1434 ὅσας
2336 1370 2583 1441 ἠδύνατο,
2607 1372 2701 1426 καὶ
2732 1370 2901 1425 νύκτα
2930 1374 3198 1443 τηρήσας,
3225 1373 3497 1445 δραπέτης
3523 1374 3775 1442 γίνεται.

2178 1458 2327 1511 Πάνυ
2356 1476 2439 1513 σοι
2470 1458 2619 1512 δεινὰ
2656 1459 2829 1513 ταῦτα
2866 1463 3113 1528 φανεῖται
3144 1460 3276 1532 (61).
3311 1461 3509 1514 Σκόπει
3546 1462 3651 1515 καὶ
3679 1461 3778 1515 τὸν

2178 1549 2388 1622 καιρόν.
2453 1553 2654 1621 Ἤγετο
2712 1551 2810 1622 μὲν
2851 1553 2884 1622 ἡ
2937 1552 3113 1605 ἐκεῖσε
3176 1552 3425 1616 σύνοδος,
3475 1553 3572 1606 καὶ
3627 1554 3774 1607 πολὺ

2181 1643 2545 1714 πανταχόθεν,
2593 1644 2669 1708 ὡς
2713 1644 2896 1710 εἰκὸς,
2948 1644 3169 1717 ἐπέρρει
3212 1645 3274 1699 τὸ
3318 1645 3536 1716 πλῆθος.
3587 1646 3653 1700 '0
3711 1647 3774 1700 δὲ

497 1738 686 1809 gravia
715 1737 831 1791 haec
854 1736 1207 1793 videbuntur.
1232 1734 1471 1807 Tempus
1506 1736 1670 1808 259
1693 1751 1912 1807 quoque
1934 1751 2071 1791 con-

2181 1734 2438 1807 ἀντεξῆγε
2469 1736 2562 1789 τὸν
2587 1736 2779 1790 ἑαυτοῦ
2814 1737 2974 1810 χορὸν
2998 1738 3139 1801 νέοις
3171 1736 3284 1808 (62)
3325 1738 3594 1810 ἑπόμενον
3613 1781 3630 1808 ,
3671 1742 3773 1793 καὶ

499 1830 703 1885 sidera.
730 1828 1049 1884 {labebatur
1097 1829 1174 1884 ibi
1204 1839 1531 1894 conventus,
1559 1838 1720 1900 atque
1752 1829 1943 1900 ingens
1974 1845 2077 1883 un-

498 1922 820 1991 decunque,
862 1928 921 1974 ut
965 1936 1066 1991 par
1088 1928 1214 1986 est,
1260 1921 1571 1976 conﬂuebat
1621 1921 1934 1975 multitudo.
1984 1919 2077 1976 Ille

499 2020 682 2068 autem
713 2013 957 2068 vicissim
988 2013 1220 2068 chorum
1265 2030 1427 2068 suum
1470 2014 1815 2078 introduxit,
1842 2015 2076 2083 juvenes

499 2113 818 2172 sequentem
858 2116 922 2156 ac
955 2101 1347 2173 tripudiantem
1371 2143 1386 2167 ,
1421 2117 1485 2156 ac
1526 2102 1825 2171 plurimum
1855 2103 2076 2172 quidem

496 2194 734 2250 tristitiae
757 2194 863 2263 piis
896 2193 1233 2257 aﬂ'erentem,
1262 2196 1556 2265 plurimum
1592 2202 1772 2249 autem
1816 2194 1963 2250 risus
1996 2194 2075 2248 la-

499 2288 667 2342 scivis
699 2294 755 2342 et
791 2287 970 2357 lingua
1020 2287 1371 2357 procacibus.
1413 2287 1599 2357 Neque
1632 2288 1720 2343 his
1749 2296 2073 2352 contentus,

496 2381 602 2435 etsi
623 2387 733 2433 tam
761 2380 1040 2434 atrocibus
1060 2387 1113 2434 et
1134 2380 1460 2447 horrendis;
1488 2380 1581 2435 sed
1604 2381 1767 2435 etiam
1799 2389 2072 2449 parentes,

497 2479 558 2525 ut
591 2470 788 2536 audio,
820 2470 1091 2541 virginum
1124 2471 1413 2525 orbitatem
1446 2485 1558 2524 non
1606 2470 1879 2534 ferentes,
1911 2479 2076 2545 atque

496 2564 800 2634 dispersam
828 2566 1041 2616 turbam
1077 2561 1343 2619 reducere
1381 2564 1665 2633 cupientes
1692 2602 1708 2628 ,
1740 2571 1794 2619 et
1833 2564 1899 2618 ad
1934 2564 2075 2618 filia-

495 2669 617 2709 rum
665 2669 891 2710 suarum
929 2654 1098 2724 pedes
1139 2669 1266 2709 cum
1307 2655 1602 2725 gemitibus
1626 2695 1641 2720 ,
1674 2663 1734 2709 ut
1777 2665 2073 2711 consenta-

496 2763 658 2803 neum
693 2756 807 2811 est,
855 2748 1207 2811 accidentes,
1262 2747 1618 2803 admirandus
1666 2749 1885 2817 juvenis
1947 2764 2072 2802 eum

495 2837 816 2910 praedatoria
848 2854 950 2893 sua
986 2854 1150 2892 manu
1182 2839 1531 2894 contumeliis
1562 2846 1727 2909 atque
1772 2838 2074 2909 ignominia

496 2929 678 2984 allicit.
710 2928 834 2984 Haec
862 2930 1023 2983 velim
1056 2944 1125 2984 ne
1162 2928 1389 2985 ferenda
1419 2930 1698 2985 existimet
1726 2931 1901 2999 pietas
1936 2936 2068 2983 tua:

495 3021 697 3077 etenim
732 3020 834 3074 hoc
879 3020 1180 3074 ludibrium
1220 3035 1511 3076 commune
1539 3022 1785 3076 omnium
1820 3032 2068 3079 nostrum

2176 1824 2615 1896 περιχορεύοντα,
2643 1826 2737 1880 καὶ
2776 1826 2975 1899 πολλὴν
3011 1827 3109 1898 μὲν
3150 1830 3453 1900 κατήφειαν
3503 1830 3773 1884 κινοῦντα

2173 1919 2286 1980 τοῖς
2313 1916 2584 1982 εὐλαϐέσι,
2608 1918 2772 1973 πολὺν
2798 1919 2855 1972 δὲ
2877 1920 3086 1988 γέλωτα
3112 1922 3225 1984 τοῖς
3255 1922 3517 1992 άκρατέσι
3541 1924 3644 1977 καὶ
3669 1924 3772 1995 τὴν

2174 2007 2424 2075 γλῶσσαν
2452 2009 2835 2082 ἑτοιμοτέροις.
2862 2013 2971 2064 Καὶ
3002 2013 3101 2066 οὐκ
3122 2013 3283 2084 ἀρκεῖ
3310 2014 3484 2068 ταῦτα
3506 2056 3521 2079 ,
3551 2016 3771 2088 καίπερ

2172 2100 2472 2171 τηλικαῦτα
2499 2101 2629 2156 ὅντα
2648 2102 2709 2156 τὸ
2737 2103 2985 2173 μέγεθοςσ
3021 2104 3135 2158 ἀλλ’
3170 2104 3248 2158 ἔτι
3286 2107 3371 2160 ιιαὶ
3400 2108 3527 2171 τοὺς
3556 2112 3770 2176 γονεῖς,

2173 2191 2250 2254 ὡς
2309 2191 2674 2264 πυνθάνομαι,
2727 2193 2835 2247 τῶν
2889 2193 3173 2265 παρθένων
3236 2194 3333 2266 τὴν
3387 2197 3654 2250 ἀτεκνίαν
3706 2196 3768 2250 οὗ

2175 2284 2460 2355 φέροντας,
2499 2286 2593 2339 καὶ
2632 2285 2731 2357 τὴν
2763 2285 3061 2358 διασπορὰν
3097 2288 3464 2356 ἐπαναγαγεῖν
3499 2287 3773 2359 βουλομέ-

2172 2392 2324 2438 νους,
2365 2377 2459 2428 καὶ
2506 2377 2622 2446 μετ’
2662 2376 2914 2447 ὀδυρμῶν
2963 2378 3403 2449 προσπίπτοντας
3426 2422 3440 2442 ,
3486 2380 3566 2443 ὡς
3592 2382 3765 2442 εἰκὸς,

2172 2470 2290 2531 ταῖς
2311 2468 2518 2521 ἑαυτῶν
2541 2468 2864 2539 θυγατράσι,
2897 2468 3239 2541 περιυϐρίζει
3270 2470 3361 2523 καὶ
3382 2471 3571 2541 ἀτιμοῖ
3598 2472 3717 2541 (65)
3743 2473 3771 2521 ὁ

2173 2558 2488 2630 θαυμαστὸς
2525 2560 2806 2624 νεανίσκος
2832 2561 2970 2631 μετὰ
2997 2560 3089 2614 τοῦ
3124 2559 3416 2633 λῃστρικοῦ
3446 2563 3771 2632 συντάγμα-

2172 2665 2283 2711 τος.
2321 2648 2507 2703 Ταῦτα
2552 2649 2626 2720 μὴ
2660 2649 2864 2703 ἀνεκτά
2900 2651 3123 2721 φανήτω
3150 2654 3217 2721 τῇ
3260 2653 3325 2722 σῇ
3361 2650 3639 2723 εὐλαϐείᾳ·
3671 2654 3771 2707 καὶ

2173 2738 2281 2809 γὰρ
2311 2741 2487 2802 κοινὸς
2511 2740 2622 2810 (64)
2649 2740 2863 2794 πάντων
2893 2740 3048 2812 ἡμῶν
3079 2742 3108 2793 ὁ
3142 2742 3335 2808 γέλως·
3358 2741 3495 2795 ἀλλά
3521 2743 3771 2813 μάλιστα

2174 2816 2273 2889 μὲν
2300 2827 2460 2880 αὑτὸν
2493 2828 2749 2883 κέλευσον
2781 2828 2920 2900 μετὰ
2952 2830 3058 2883 τῶν
3092 2830 3378 2902 παρθένων
3418 2833 3769 2886 ἐπανελθεῖν.

2172 2918 2337 2990 Τύχοι
2386 2920 2492 2992 γὰρ
2548 2920 2613 2975 ἄν
2666 2938 2810 2985 τινος
2860 2921 3309 2994 φιλανθρωπίας,
3360 2925 3409 2977 εἰ
3456 2924 3600 2995 μετὰ
3652 2926 3770 2978 σῶν

2173 3013 2434 3082 ἐπανήκοι
2475 3013 2840 3083 γραμμάτων·
2884 3016 2932 3067 εί
2975 3014 3032 3067 δὲ
3072 3015 3167 3087 μὴ,
3209 3016 3309 3079 τάς
3346 3032 3409 3084 γε
3457 3016 3769 3088 παρθένους

495 3123 620 3179 est;
651 3112 744 3167 sed
776 3112 829 3165 in
861 3112 1203 3182 primisjube
1226 3128 1350 3168 eum
1380 3127 1505 3166 cum
1535 3114 1840 3182 virginibus
1870 3114 2067 3170 redire.

2181 3076 2606 3177 Ξιπόπέμψονπῇ
2641 3076 2824 3177 μητρὶ
2876 3076 3169 3179 αὐτῶν-τῖῇ
3221 3076 3554 3180 Ἐκκλησία..
3587 3110 3650 3162 El

495 3203 927 3259 Misericordiam
969 3204 1114 3258 enim
1157 3204 1435 3275 aliquam,
1494 3205 1541 3259 si
1586 3204 1752 3260 modo
1793 3222 1917 3260 cum
1960 3208 2071 3262 tuis

493 3295 693 3350 litteris
734 3302 1077 3359 revertatur,
1117 3297 1319 3367 poterit
1355 3298 1656 3367 consequi;
1711 3299 1798 3353 sin
1850 3299 2069 3367 minus,

493 3385 735 3455 virgines
755 3385 945 3440 saltem
968 3384 1036 3439 ad
1051 3384 1352 3440 Ecclesiam
1373 3400 1561 3441 earum
1585 3396 1812 3442 matrem
1833 3390 2067 3444 remitte.

494 3477 653 3544 Quod
687 3477 732 3533 si
760 3476 865 3532 hoc
890 3475 1008 3531 ﬁeri
1044 3478 1252 3547 nequit,
1285 3483 1341 3530 at
1378 3484 1525 3533 certe
1549 3478 1604 3531 in
1633 3492 1729 3533 eas
1752 3494 1873 3548 quae
1890 3478 2071 3535 redire

492 3572 719 3635 volunt,
751 3570 1096 3641 tyrannidem
1132 3571 1377 3625 exerceri
1406 3586 1475 3625 ne
1507 3571 1769 3640 patiaris;
1816 3571 1910 3626 sed
1943 3588 2069 3641 per-

494 3661 665 3718 suade
690 3667 750 3715 ut
783 3660 850 3714 ad
891 3676 992 3716 nos
1021 3668 1394 3728 revertantur;
1439 3661 1638 3731 alioqui
1674 3660 1842 3716 Deum
1880 3670 1934 3717 et
1973 3663 2070 3717 ho-

492 3753 668 3807 mines
699 3760 965 3806 testamur
999 3751 1114 3805 haec
1141 3751 1361 3806 minime
1391 3758 1537 3807 recte
1570 3752 1706 3816 ﬁeri,
1740 3767 1841 3806 nec
1873 3768 1935 3807 ex
1968 3753 2071 3807 Ec-

492 3842 676 3897 clesia:
708 3841 941 3912 legibus.
988 3840 1276 3912 Glycerius
1310 3851 1491 3897 autem
1538 3844 1583 3897 si
1626 3859 1748 3898 cum
1779 3843 2069 3914 disciplina

490 3940 547 3987 et
578 3931 903 4002 congruenti
939 3931 1201 3987 modestia
1238 3933 1444 3996 redeat,
1487 3933 1540 3988 id
1574 3936 1872 4005 optimum:
1911 3950 2068 3990 secus

489 4041 643 4093 vero,
676 4025 749 4080 sit
776 4038 806 4076 a
836 4023 1142 4078 ministerio
1174 4032 1438 4078 remotus.

561 4217 821 4291 (59)_Tor
857 4217 1335 4288 χωρεπίσκοπον.
1372 4217 1514 4273 Med.
1564 4226 1618 4273 et
1654 4219 1822 4276 Coisl.
1856 4219 2068 4290 primus

489 4287 583 4342 τὸν
605 4287 922 4342 ἐπίσκοπον.

564 4357 675 4432 (66)
706 4358 843 4432 ξ’-Ινα
867 4375 939 4432 ξι.
970 4358 1326 4432 ςοωὺςίἰείιιε
1352 4359 1635 4432 legendum
1662 4367 1817 4427 putat
1854 4360 1940 4413 ἵνα
1964 4362 2061 4432 μή.

486 4428 660 4494 Quasi
688 4427 835 4498 dicat
862 4427 1111 4498 Basilius
1136 4427 1445 4498 Glycerium
1479 4445 1547 4481 ne
1568 4430 1943 4498 increparetur
1965 4427 2064 4484 au-

491 4498 719 4569 fugisse.
767 4496 873 4552 Sed
927 4498 1065 4569 nihil
1102 4496 1329 4566 prorsus
1378 4496 1878 4569 mutandum—cum
1929 4502 2063 4555 illud

492 4567 579 4622 ἵνα
607 4568 746 4621 idem
779 4579 934 4621 sonet
974 4568 1076 4622 hoc
1105 4572 1224 4639 loco
1261 4584 1325 4622 ac
1356 4567 1445 4620 ubi
1485 4569 1599 4639 sive
1623 4578 1918 4639 postquam.
1951 4570 2064 4625 Hoc

488 4639 633 4693 enim
664 4652 829 4692 sensu
871 4648 1168 4707 usurpatur
1214 4638 1268 4691 in
1298 4639 1458 4706 epist.
1508 4638 1629 4691 199.
1663 4638 1761 4691 Sic
1807 4641 1970 4693 etiam
2009 4644 2061 4694 in

489 4708 751 4777 oratione,
773 4707 831 4762 S.
866 4707 1099 4777 Ephrem
1129 4709 1183 4760 in
1207 4707 1265 4764 S.
1303 4708 1567 4761 Basiliam
1598 4724 1650 4777 p.
1688 4709 1756 4763 58
1783 4752 1795 4762 .
1832 4711 1947 4762 Ἵνα
1969 4708 2062 4764 οὖν

489 4724 740 4761 oratione
773 4724 831 4762 δ.
867 4724 1099 4777 Lpurem
1129 4724 1183 4760 tn
1207 4724 1265 4764 δ,
1303 4724 1567 4761 ϋαδιιιιιηι

488 4780 584 4835 καὶ
609 4779 638 4830 ὁ
674 4776 879 4849 Κύριος
906 4778 1274 4849 σπλαγχνισθῇ
1297 4779 1383 4830 ἐπ’
1410 4777 1511 4847 ἐμέ
1542 4796 1553 4830 :
1608 4777 1669 4831 J'b

488 4865 586 4903 nus
615 4864 739 4917 erga
773 4864 853 4901 me
886 4849 1249 4902 misericordia
1270 4858 1561 4902 commotus
1592 4850 1712 4917 fuit.

583 4917 672 4988 6|)
701 4918 992 4988 distrahat.
1034 4918 1177 4971 Harl.
1204 4919 1469 4987 (petiverat.

583 4922 672 4988 6|)
701 4922 992 4975 Φανεῖται.
1034 4922 1177 4971 Harl.
1204 4922 1469 4987 (petiverat.

560 4922 671 5057 (62)
715 4989 775 5041 '0
806 4987 941 5041 δὲ...
988 4991 1163 5054 νέοις.
1215 4988 1438 5059 Legitur
1479 4988 1535 5041 Ὀ
1574 4988 1699 5045 δὲ...

485 5057 830 5127 Gregorium.
1118 5105 1122 5108 .

559 5126 670 5197 (65)
717 5128 964 5200 ΪΑτιμοῐ.
997 5126 1147 5182 Harl.
1198 5128 1472 5200 ἀτιμάζει.
1522 5127 1627 5200 sed
1674 5130 1845 5199 prima
1874 5146 2061 5200 _manu

487 5197 678 5251 habuit
709 5198 913 5269 ἀτιμοῖ.
947 5199 1169 5270 Legitur
1201 5197 1364 5254 etiam
1393 5198 1646 5270 ἀτιμάζει
1675 5197 1821 5271 apud
1858 5198 2061 5272 Grego-

486 5285 650 5322 l‘lUlll.

558 5337 669 5409 (64)
701 5338 810 5392 Καὶ
842 5340 952 5409 γὰρ
982 5341 1202 5407 κοινός.
1241 5339 1316 5394 lta
1351 5350 1463 5395 tres
1498 5340 1673 5396 nostri
1696 5342 2058 5396 vetustissimi

486 5408 747 5464 Codices:
796 5408 980 5479 plures
1027 5412 1173 5465 enim
1210 5412 1266 5465 in
1312 5413 1456 5467 hanc
1497 5412 1781 5481 epistolam
1818 5415 2058 5482 reperire

1747 4990 1865 5054 νέος
1916 4992 2060 5060 apud

1675 4780 1692 4832 ἱ
1720 4796 1842 4850 ergo
1873 4781 2063 4835 Domi-
2100 4793 2105 4800 ‘

2175 3194 2251 3266 μὴ
2291 3194 2426 3266 (65),
2459 3196 2558 3261 τάς
2582 3215 2646 3265 γε
2676 3197 3005 3269 βουλομένας
3035 3201 3413 3273 τυραννεῖσθαι
3437 3200 3515 3273 μὴ
3542 3219 3766 3272 συγχω-

2175 3289 2368 3359 ρήσῃς,
2420 3289 2534 3341 ἀλλ’
2584 3290 2900 3345 ἐπανελθεῖν
2942 3292 3191 3347 τύπωσον
3227 3293 3339 3364 (66)
3393 3294 3532 3366 πρὸς
3588 3297 3764 3366 ἡμᾶς’

2171 3376 2204 3447 ἢ
2244 3380 2635 3451 μαρτυρόμεθά
2681 3398 2762 3434 σοι
2808 3381 2920 3453 (67)
2955 3384 2984 3436 ὃ
3017 3385 3113 3438 καὶ
3141 3384 3262 3457 Θεῷ
3294 3386 3389 3439 καὶ
3424 3387 3764 3459 ἀνθρώποις,

2168 3470 2251 3523 ὃτι
2303 3473 2377 3543 μὴ
2422 3472 2601 3537 καλῶς
2645 3475 2817 3528 ταῦτα
2864 3476 3094 3545 γίνεται,
3158 3479 3293 3550 μηδὲ
3349 3478 3576 3551 θεσμοῖς
3633 3482 3764 3536 Ἐκ-

2171 3560 2417 3632 κλησίας.
2456 3564 2747 3638 Γλυκέριος
2779 3568 2836 3621 δὲ
2882 3571 2932 3622 εί
2987 3570 3087 3641 μὲν
3131 3572 3418 3626 ἐπανέλθοι
3468 3575 3590 3644 μετ’
3636 3576 3762 3629 tm-

2173 3657 2384 3725 στήμης
2429 3655 2541 3725 (68)
2596 3660 2691 3712 καὶ
2736 3659 2837 3730 τῆς
2887 3663 3202 3733 πρεπούσης
3251 3663 3362 3735 (69)
3411 3665 3761 3730 εὐπαθείας,

2169 3742 2331 3794 τοῦτο
2385 3745 2643 3815 ἄριστον·
2690 3749 2739 3800 εἰ
2795 3748 2851 3802 δὲ
2899 3750 3007 3821 μὴ,
3059 3750 3197 3805 ἔστω
3254 3752 3609 3823 πεπαυμένος
3661 3755 3765 3825 τῆς

2170 3832 2494 3903 ὑπηρεσίας.

2170 4240 2277 4308 non
2309 4225 2486 4308 licuit.
2523 4226 2617 4308 Sic
2655 4230 2817 4286 etiam
2847 4232 2991 4303 apud
3019 4233 3177 4308 Greg.
3231 4236 3511 4296 Editiones
3565 4242 3761 4300 Basilii

2172 4296 2423 4368 Κᾳζγὰρ
2448 4300 2645 4353 κοινόν.

2228 4366 2352 4449 ,(65)
2382 4366 2449 4420 El
2567 4369 2675 4438 μή.
2711 4369 2857 4426 Editi
2897 4373 3104 4430 addunt
3123 4374 3300 4443 τοῦτο,
3331 4380 3479 4449 quod
3509 4380 3671 4440 deest
3702 4386 3757 4439 in

2172 4438 2350 4492 tribus
2370 4440 2578 4494 nostris
2608 4457 2740 4496 mss.

2242 4506 2353 4587 (66)
2391 4511 2699 4587 Τήπῳσον.
2738 4509 2854 4566 Vox
2898 4514 3101 4571 Basilio
3146 4516 3456 4576 familiaris.
3488 4519 3585 4577 Sic
3608 4524 3762 4580 enim

2168 4576 2421 4653 pluribus
2453 4579 2506 4631 in
2533 4580 2668 4653 locis
2700 4594 3017 4653 usurpatur.

2238 4648 2350 4734 (67)
2384 4651 2808 4734 Μαρτυρόρέεθςξ
2840 4648 2968 4734 ξσοι.
3013 4655 3190 4734 C_oi_sl.
3241 4662 3640 4734 μαρτυρόμεθά
3677 4681 3759 4720 σε.

2166 4715 2316 4799 llarl.
2352 4715 2741 4799 μαρτυρόμεθα
2757 4724 2899 4799 ,ρεὸν
2934 4727 3060 4799 Δκαὶ
3097 4715 3452 4799 ἁνθρῶπουί·
3495 4715 3763 4788 intexunt}

2167 4786 2711 4872 Deum‘etllwnzihes.
2755 4790 2848 4872 Sic
2875 4796 3042 4872 etiam
3092 4786 3237 4867 apud
3262 4786 3761 4872 Gregorium,vnisi

2167 4857 2540 4934 quod‘legitur
2578 4861 3000 4934 μαρτυρῴμεθα.

2240 4925 2779 5009 (68)-Ἐπίᾳὲήέὶηςζ
2820 4925 3130 5009 [legendum
3178 4946 3331 5008 putat
3383 4940 3759 5000 Combeﬁsius

2168 4996 2476 5078 ἐπιστολῆς.
2500 4998 2598 5078 _Sic
2639 4996 3023 5078 legitur‘a'pud
3073 4996 3233 5078 Gre'g.
3271 4996 3758 5074 Nazianznietﬂad

2167 5070 2464 5153 marginem
2496 5070 2825 5153 ἐπιστήμης.
2850 5070 2980 5153 Quae
3003 5070 3349 5153 quidemvox
3377 5095 3505 5135 cum
3540 5070 3759 5153 legatur

2168 5137 2224 5189 in
2262 5137 2437 5191 tribus
2467 5137 3085 5214 nostris'vetustissiniis
3125 5148 3427 5214 codicibus,
3458 5166 3570 5206 non
3593 5137 3756 5209 video

2168 5208 2553 5333 :prlgnu'taongg
2592 5212 2686 5266 sit.
2737 5210 2892 5284 Saepe
2938 5217 3084 5270 enim
3119 5218 3261 5272 idem
3308 5208 3452 5276 valet
3484 5236 3549 5275 ac
3582 5208 3757 5279 disci—

2227 5293 2260 5328 ιι
2338 5294 2367 5331 e
2455 5294 2479 5330 r
2558 5319 2571 5332 .

2168 5290 2315 5344 plina
2338 5290 2386 5331 et
2416 5290 2571 5333 ordo.

2238 5345 2348 5433 (69)
2378 5350 2754 5433 Πρεπρύσης.
2782 5352 2858 5410 Ita
2882 5371 3017 5414 mss.
3045 5365 3099 5413 et
3119 5355 3279 5431 Greg.
3302 5356 3435 5416 Naz.
3466 5359 3751 5421 Editiones

2165 5412 2351 5471 Basilii
2383 5412 2684 5491 παρούσης.
