3852 6220
112 266 212 324 313
1034 262 1529 324 EPISTOLARUM
1565 263 1859 321 CLASSIS
1891 264 1962 322 ll.
2010 264 2239 321 oEPlST.
2283 265 2540 323 CLXXII.

100 269 211 325 613

624 400 981 456 ΕΠΙΣΤΟΛΗ
1019 400 1140 456 PO'.

2272 401 2614 459 EPISTULA
2645 400 2880 460 'CLXX‘.

580 518 813 585 ‘Glycerio
836 521 1026 570 veniam
1048 517 1309 583 pollicetur
1338 517 1574 581 Basilius,
1595 516 1640 569 si
1662 516 1757 570 cito
1776 518 1970 581 redeat,
1996 532 2134 571 secus
2157 532 2289 579 vero,
2314 514 2666 584 depositionem
2688 517 2920 568 minatur.

740 629 1074 697 Γλυκερίῳ.

174 742 363 815 Μέχρι
382 741 530 806 τινος
552 742 784 812 ἀπονοῇ,
809 742 906 796 καὶ
945 740 1135 805 κακῶς
1172 742 1270 812 μὲν
1305 742 1536 814 βουλεύῃ
1570 744 1700 814 περὶ

104 832 368 898 σεαυτοῦ,
394 835 570 895 κινεῖς
582 832 653 885 -δὲ
678 832 793 903 (70)
817 833 992 903 ἡμᾶς,
1029 832 1308 903 αἰσχύνεις
1332 833 1390 886 δὲ
1430 833 1492 887 τὸ
1521 834 1700 887 κοινὸν

98 928 299 997 τάγμα
324 924 433 979 τῶν
460 924 744 996 μοναστῶν
766 941 781 989 ;
814 924 1107 978 Ἐπάνελθε
1126 920 1217 980 οὖν
1240 924 1319 996 τῷ
1340 925 1463 997 Θεῷ
1482 924 1700 998 θαρρῶν

100 1018 202 1071 καὶ
236 1019 395 1089 ἡμῖν,
424 1012 486 1071 οῦ
534 1016 634 1087 τὴν
666 1015 1082 1086 φιλανθρωπίαν
1116 1016 1451 1088 μιμούμεθα.
1487 1017 1552 1070 El
1589 1018 1697 1089 γὰρ

99 1110 203 1161 καὶ
254 1106 541 1179 πατρικῶς
597 1108 1032 1177 ἑπετιμήσαμεν,
1071 1106 1209 1160 ἀλλὰ
1249 1108 1343 1160 καὶ
1382 1109 1696 1177 συγγνωσό-

106 1198 257 1269 μεθα
282 1197 572 1271 πατρικῶς
594 1197 736 1269 (71).
779 1196 967 1250 Ταῦτά
997 1214 1079 1251 σοι
1122 1200 1254 1270 παρ’
1285 1198 1474 1269 ἡμῶν·
1510 1199 1698 1271 ἐπειδὴ

99 1288 298 1343 πολλοί
327 1307 386 1343 τε
422 1288 758 1342 ἱκετεύουσιν
786 1287 958 1355 ἄλλοι,
995 1288 1091 1342 καὶ
1133 1289 1244 1361 πρὸ
1288 1288 1402 1344 τῶν
1449 1290 1625 1344 ἄλλων
1670 1292 1699 1344 ὁ

102 1381 201 1444 σὸς
234 1379 634 1453 πρεσϐύτερος,
663 1374 725 1434 οῦ
756 1378 854 1451 τὴν
890 1379 1082 1434 πολιὰν
1123 1379 1424 1451 αἰδούμεθα
1463 1382 1558 1434 καὶ
1599 1380 1697 1452 τὴν

101 1472 538 1544 εὐσπλαγχνίαν.
588 1473 650 1525 El
692 1472 749 1525 δὲ
783 1470 1084 1542 μακρύνεις
1117 1470 1232 1544 (72)
1265 1473 1359 1541 ἀφ’
1394 1472 1573 1545 ἡμῶν,
1602 1472 1697 1526 τοῦ

104 1562 328 1634 βαθμοῦ
366 1564 466 1634 μὲν
514 1563 731 1627 πάντως
760 1563 884 1634 (75)
932 1563 1339 1628 έκπέπτωκαςο
1382 1566 1588 1636 ὲκπεσῇ
1641 1564 1699 1618 δὲ

101 1657 205 1710 καὶ
240 1655 337 1709 τοῦ
379 1655 517 1709 Θεοῦ
564 1654 704 1728 μετὰ
738 1654 849 1708 τῶν
884 1655 1064 1727 μελῶν
1100 1673 1191 1711 σου
1227 1656 1321 1710 καὶ
1349 1659 1449 1729 τῆς
1478 1658 1693 1729 στολῆς,

99 1741 189 1811 οἷς
234 1748 392 1818 ἄγεις
438 1747 539 1812 τὰς
583 1748 708 1811 νέας
739 1747 811 1800 οὐ
856 1747 995 1820 πρὸς
1036 1747 1204 1815 Θεὸν,
1246 1748 1362 1803 ἀλλ’
1396 1751 1479 1814 εἰς
1525 1750 1697 1822 βάρα-

104 1842 260 1914 θρον.

608 2070 956 2141 ΕηιΣτοΑΗ
996 2083 1164 2139 ros".

1733 639 1784 695 Α

2476 627 2721 700 Glycerio

1878 741 2182 813 Quousque
2210 741 2434 798 tandem
2486 742 2728 797 amentia
2784 755 3029 813 praeceps
3066 743 3289 813 ageris,
3336 752 3399 800 et

1820 832 1921 888 tibi
1960 832 2182 903 quidem
2216 833 2333 903 ipse
2360 832 2502 887 male
2527 833 2811 898 consules,
2840 834 3055 889 animos
3083 841 3266 889 autem
3296 850 3399 890 no-

1810 929 1964 979 stros
2020 925 2374 990 concitahis,
2421 933 2585 995 atque
2642 927 2960 983 universum
2997 928 3399 984 monachorum

1809 1025 2013 1069 coetum
2071 1015 2298 1070 infamia
2339 1024 2394 1072 et
2442 1017 2712 1074 dedecore
2756 1017 3000 1075 adicies?
3048 1018 3186 1076 Redi
3231 1022 3399 1093 igitur

1806 1105 1920 1162 Deo
1955 1107 2130 1164 fretus
2157 1116 2211 1164 et
2239 1108 2440 1172 nobis,
2488 1111 2583 1180 qui
2617 1109 2740 1180 ejus
2781 1111 3179 1182 benignitatem
3212 1113 3398 1169 imita-

1804 1214 1950 1255 mur.
1986 1199 2123 1254 Nam
2155 1201 2202 1255 si
2237 1208 2467 1271 paterno
2505 1202 2692 1257 animo
2719 1203 3200 1273 reprehendimus,
3229 1206 3397 1261 etiam

1803 1299 2037 1359 paterno
2071 1290 2258 1344 animo
2286 1290 2659 1361 ignoscemus.
2696 1291 2778 1346 lta
2813 1303 2995 1349 tecum
3027 1295 3282 1367 agimus:
3319 1296 3397 1351 si-

1804 1381 2027 1451 quidem
2055 1381 2211 1436 multi
2235 1383 2327 1436 alii
2358 1390 2455 1437 tua
2477 1398 2646 1439 causa
2672 1386 3006 1455 supplicant,
3028 1395 3083 1442 et
3103 1401 3229 1443 ante
3257 1388 3396 1445 alios

1803 1474 2095 1545 presbyter
2135 1480 2303 1540 tuus,
2358 1476 2520 1546 cujus
2565 1478 2823 1533 canitiem
2861 1486 2918 1534 et
2958 1480 3395 1536 misericordiam

1805 1580 2144 1622 reveremur.
2190 1566 2348 1633 Quod
2390 1570 2436 1623 si
2483 1568 2694 1625 diutius
2730 1586 2761 1625 a
2809 1572 2971 1629 nobis
3004 1580 3059 1629 te
3108 1589 3396 1643 removes,

1804 1656 1977 1725 gradu
2002 1656 2223 1727 quidem
2246 1657 2470 1713 omnino
2495 1660 2749 1716 excidisti
2776 1678 2792 1728 ;
2821 1659 2993 1717 Deum
3017 1669 3201 1717 autem
3229 1662 3396 1717 etiam

1805 1747 2047 1810 amittes,
2075 1761 2203 1801 cum
2237 1747 2348 1804 tuis
2379 1750 2671 1808 cantilenis
2692 1760 2748 1806 et
2775 1753 2917 1807 stola
2943 1769 2958 1807 :
2986 1752 3192 1823 quibus
3219 1752 3389 1809 rebus

1807 1837 1970 1894 ducis
2009 1838 2455 1897 adolescentulas
2495 1857 2607 1898 non
2651 1844 2718 1899 ad
2764 1843 2937 1901 Deum
2962 1884 2979 1911 ,
3012 1846 3108 1902 sed
3138 1845 3205 1901 ad
3236 1845 3397 1901 bara-

1807 1931 2014 1986 thrum.

2267 2087 2606 2145 EPISTOLA
2642 2089 2919 2146 CLXXI“.

793 2202 1024 2264 Queritur
1043 2202 1218 2254 iterum
1243 2199 1479 2262 Basilius,
1498 2200 1628 2267 quod
1651 2200 1904 2269 Glycerius
1922 2208 1968 2254 et
1992 2200 2205 2269 uirgines
2228 2205 2442 2257 nondum
2463 2205 2721 2259 redierint.

738 2307 1066 2383 Γρηγορίφο

178 2424 540 2481 Ἒπέσταλκά
582 2444 666 2480 σοι
716 2426 814 2480 καὶ
858 2426 1052 2498 πρώην
1098 2424 1229 2497 περὶ
1275 2420 1571 2497 Γλυκερίου
1613 2425 1709 2479 καὶ

103 2521 215 2572 τῶν
253 2518 563 2591 παρθένων.
613 2520 678 2573 Ol
723 2519 783 2572 δὲ
830 2518 1044 2571 οὐδέπω
1088 2517 1186 2571 καὶ
1240 2519 1482 2590 τήμερον
1538 2520 1706 2571 ἐπαν-

108 2613 313 2681 ἡκασιν
335 2650 350 2671 ,
386 2609 500 2663 ἀλλ’
523 2609 604 2662 ἑτι
651 2610 960 2682 μέλλουσιν,
991 2610 1091 2663 οὐκ
1119 2606 1237 2664 οἶδα
1263 2610 1383 2665 ὅθεν
1413 2614 1508 2666 καὶ
1536 2614 1703 2677 ὅπως.

107 2699 183 2753 Οἳ)
217 2700 331 2772 γὰρ
364 2699 431 2754 ἂν
462 2700 639 2754 ἐκεῖνό
682 2717 775 2753 σου
819 2699 1174 2770 καταγνοίην,
1212 2701 1289 2764 ὡς
1334 2702 1420 2770 ἐφ’
1456 2702 1705 2773 ἡμετέρᾳ

106 2794 334 2865 διαϐολῇ
366 2792 525 2847 τοῦτο
550 2795 747 2858 ποιεῖς,
770 2792 805 2864 ἢ
835 2793 998 2857 αὐτὸς
1030 2792 1259 2863 πάσχων
1284 2811 1337 2847 τι
1366 2792 1504 2865 πρὸς
1529 2795 1699 2865 ἡμᾶς,

108 2887 142 2956 ἧ
174 2885 360 2949 ἄλλοις
408 2884 792 2956 χαριζόμενος.
831 2883 1151 2937 Ἦκέτωσαν
1191 2878 1284 2938 οὖν
1335 2885 1504 2957 μηδὲν
1530 2887 1701 2940 δεδοι⁴

109 2978 301 3040 κότες“
357 2978 423 3030 σὺ
463 2975 626 3046 γενοῦ
676 2976 870 3031 τούτου
927 2976 1038 3047 (74)
1086 2977 1386 3047 ἐγγυητής.
1448 2978 1558 3031 Καὶ
1594 2978 1703 3051 γὰρ

108 3068 388 3141 ἀλγοῦμεν
432 3069 782 3141 τεμνομένων
814 3068 926 3138 (75)
965 3067 1075 3120 τῶν
1122 3067 1324 3138 μελῶν,
1377 3069 1426 3121 εξ
1469 3070 1563 3122 καὶ
1607 3088 1706 3123 κα-

108 3164 217 3228 λῶς
249 3162 363 3232 (76)
400 3161 741 3234 ἐτμήθησαν.
774 3160 839 3214 Εἰ
885 3160 943 3213 δὲ
979 3160 1355 3224 ἀντιτείνοιεν,
1389 3162 1476 3214 ἐπ’
1509 3161 1705 3225 ἄλλους

108 3256 168 3309 τὸ
198 3256 393 3328 βάρος,
420 3257 585 3327 ἡμεῖς
608 3254 667 3309 δὲ
698 3253 1145 3325 ἅποπλυνόμεθα.

610 3410 958 3465 ΕΠΙΣΤΟΛΗ
998 3410 1163 3463 POB’.

1726 2319 1776 2378 Β

2464 2316 2737 2389 Gregorio.

1879 2425 2091 2497 Scripsi
2122 2427 2187 2483 ad
2221 2436 2274 2484 te
2310 2438 2364 2484 et
2390 2440 2552 2486 antea
2578 2431 2645 2487 de
2681 2431 2936 2504 Glycerio
2967 2440 3022 2490 et
3062 2433 3394 2506 virginibus.

1805 2519 1877 2572 At
1904 2519 1982 2573 illi
2018 2519 2255 2575 necdum
2287 2520 2450 2578 hodie
2484 2524 2805 2580 redierunt:
2841 2542 3032 2583 verum
3064 2529 3245 2584 adhuc
3281 2546 3397 2585 mo—

1806 2619 2040 2679 rantur;
2078 2627 2187 2682 qua
2218 2614 2286 2668 de
2313 2629 2483 2670 causa
2504 2655 2519 2681 ,
2549 2623 2605 2671 et
2635 2618 2916 2687 quomodo
2946 2622 3158 2676 nescio.
3209 2620 3397 2691 Neque

1806 2706 1955 2760 enim
1988 2705 2086 2759 tibi
2118 2706 2221 2778 hoc
2252 2707 2463 2763 crimen
2503 2708 2784 2765 intulerim
2810 2752 2823 2773 ,
2856 2714 3001 2781 quod
3034 2712 3258 2768 invidiae
3298 2730 3398 2767 no-

1799 2797 1888 2855 bis
1914 2799 2164 2854 creanda:
2190 2800 2355 2871 260
2383 2816 2550 2857 causa
2574 2803 2628 2858 id
2661 2802 2853 2868 facias,
2880 2806 2967 2860 vel
3001 2806 3119 2875 ipse
3138 2807 3396 2862 nonnihil

1801 2889 1962 2943 nobis
1990 2888 2255 2955 oﬂ‘ensus,
2284 2891 2366 2945 vel
2394 2893 2628 2961 gratiam
2663 2895 2733 2948 ab
2763 2896 2886 2952 aliis
2917 2897 3122 2954 iniens.
3158 2895 3399 2955 Veniant

1804 2978 1995 3049 igitur,
2030 2970 2359 3036 omni'mctu
2404 2984 2626 3053 positu:
2671 2995 2792 3041 esto
2823 2995 2881 3041 tu
2922 2989 3087 3060 hujus
3117 2992 3198 3045 rei
3229 3008 3398 3062 spon-

1806 3086 1920 3126 sor.
1977 3071 2248 3143 Angimur
2289 3074 2435 3129 enim
2479 3077 2610 3132 dum
2661 3080 2904 3135 membra
2958 3083 3395 3150 abscinduntur,

1806 3166 2025 3221 etiamsi
2056 3176 2202 3222 recte
2232 3168 2459 3237 praecisa
2492 3170 2623 3225 sint.
2651 3169 2808 3236 Quod
2833 3172 2879 3226 si
2902 3174 3231 3246 restiterim,
3263 3178 3398 3233 alio-

1808 3273 1934 3312 rum
1968 3261 2075 3313 erit
2105 3275 2267 3326 onus,
2302 3277 2405 3317 nos
2441 3270 2625 3318 autem
2656 3264 2954 3321 abluimur.

2266 3411 2607 3469 EPISTOLA
2646 3414 2970 3473 CLXXII“.

111 3531 368 3595 amca:
397 3529 613 3582 Basilius
638 3544 691 3583 se
707 3543 770 3581 ea:
793 3527 1062 3601 Sophronii
1091 3528 1266 3601 litteris
1285 3528 1575 3601 et‘la'titiam
1594 3542 1652 3580 eo
1673 3530 1909 3601 majorem
1927 3567 1939 3587 ,
1963 3543 2058 3601 quo
2080 3531 2379 3601 tuncrarior
2402 3539 2509 3583 erat
2529 3532 2765 3601 citaritas,
2784 3533 3070 3601 collegisse;
3091 3544 3137 3590 et
3154 3553 3395 3592 summum

844 3589 953 3643 sunt
977 3593 1068 3642 hoc
1090 3593 1302 3642 Patrum
1321 3589 1441 3657 ﬁdei
1463 3591 1717 3655 defensore
1740 3589 2048 3656 colloquendi
2066 3592 2368 3644 desiderium
2389 3594 2682 3659 concepisse.

492 3703 807 3773 Σωφρονίῳ
851 3702 1167 3766 ἐπισκόπῳ
1191 3699 1327 3772 (77).

182 3818 379 3881 Ὅπως
424 3815 709 3887 ηὔφρανας
773 3816 923 3887 ἡμᾶς
971 3815 1085 3878 τοῖς
1131 3813 1488 3885 γράμμασιν,
1548 3815 1700 3869 οὐδὲν

112 3909 347 3981 δεόμεθα
379 3909 636 3981 γράφειν.
688 3899 945 3970 Εἰκάζεις
978 3907 1087 3978 γὰρ
1122 3904 1343 3969 πάντως
1388 3906 1571 3971 αὐτοῖς
1619 3903 1700 3971 οἷς

116 4003 438 4065 ἐπέστειλας
465 3998 730 4064 τοιούτοις
767 3994 909 4053 οὖσι.
938 3997 1046 4051 Τὸν
1082 3998 1192 4068 γὰρ
1226 3999 1443 4068 πρῶτον
1487 3999 1701 4072 καρπὸν

114 4093 209 4149 τοῦ
250 4093 597 4163 Πνεὺματος,
642 4092 743 4163 τὴν
789 4090 1036 4161 ἀγάπην,
1069 4089 1278 4157 ἔδειξας
1320 4091 1452 4162 ἡμῖν
1490 4091 1578 4144 διὰ
1608 4090 1702 4144 τοῦ

113 4187 462 4259 γράμματος.
486 4185 693 4239 Τούτου
722 4186 779 4239 δὲ
811 4186 863 4238 τί
898 4185 965 4239 ἂν
990 4184 1202 4254 γένοιτο
1230 4183 1550 4255 τιμιώτερον
1572 4184 1703 4255 ἡμῖν

114 4280 172 4331 ἐν
203 4280 274 4349 τῇ
324 4276 575 4350 παρούσῃ
621 4276 731 4329 τῶν
761 4275 969 4348 καιρῶν
999 4275 1353 4338 καταστάσει,
1390 4274 1574 4345 ἡνίκα,
1613 4273 1703 4326 διὰ

112 4371 174 4424 τὺ
221 4369 595 4442 πληθυνθῆναι
633 4368 731 4440 τὴν
763 4367 1019 4438 ἀνομίαν,
1056 4366 1232 4438 suam
1283 4366 1393 4419 τῶν
1424 4365 1636 4419 πολλῶν
1666 4367 1699 4438 ή

115 4460 343 4531 diram;
404 4460 569 4513 Οὐδὲν
603 4459 714 4531 γὰρ
762 4458 905 4513 οὕτω
943 4459 1168 4513 σπάνιον
1206 4457 1301 4512 νῦν
1348 4458 1423 4521 ὡς
1468 4458 1699 4527 ἀδελφοῦ

117 4551 382 4625 συντυχία
434 4550 846 4624 πνευματικοῦ,
901 4551 996 4605 καὶ
1045 4550 1198 4623 ῥῆμα
1249 4550 1555 4621 εἰρηνικὸν,
1606 4550 1701 4604 καὶ

115 4643 466 4717 πνευματικὴ
499 4644 776 4709 κοινωνία,
829 4644 897 4715 ἢν
923 4642 1176 4714 εὑρόντες
1209 4644 1267 4696 ὲν
1294 4644 1360 4712 τῇ
1406 4644 1472 4713 σῇ
1502 4641 1704 4695 τελειό-

116 4757 239 4810 τητι
272 4738 895 4809 ὑπερευχαριστήσαμεν
938 4734 1017 4806 τῷ
1049 4734 1240 4806 Κυρίῳ
1267 4773 1282 4796 ,
1328 4733 1568 4804 δεόμενοι
1609 4734 1703 4789 καὶ

115 4831 216 4901 τῆς
244 4827 462 4891 τελείας
501 4828 597 4880 ἐπὶ
636 4829 719 4881 σοὶ
773 4830 1063 4900 μετασχεῖν
1102 4824 1461 4896 εὐφροσύνης.
1495 4825 1558 4877 Et
1594 4824 1703 4894 γὰρ

2304 3699 2603 3771 Sophronia
2633 3704 2896 3770 episcopo.

1828 3818 1829 3821 “
1878 3814 2092 3881 Quanta
2117 3830 2204 3870 me
2230 3816 2414 3870 laetitia
2440 3816 2637 3871 littera:
2667 3823 2775 3871 tute
2807 3816 3111 3887 allccerint,
3145 3820 3390 3880 scribere

1804 3904 1942 3959 nihil
1982 3906 2115 3959 mihi
2150 3921 2289 3976 opus
2334 3916 2437 3963 est.
2489 3907 2548 3962 ld
2591 3909 2737 3963 enim
2768 3909 3015 3979 profecto
3039 3911 3274 3982 conjicis
3323 3931 3392 3971 ex

1806 3999 1892 4053 his
1939 4014 2060 4068 quae
2096 3998 2409 4070 scripsisti,
2446 4016 2571 4054 cum
2615 4001 2742 4056 talia
2778 4002 2908 4058 sint.
2953 4001 3197 4060 Primum
3236 4007 3385 4063 enim

1805 4085 2046 4159 Spiritus
2089 4089 2328 4144 fructum
2357 4130 2372 4156 ,
2410 4090 2736 4147 charitatem
2760 4132 2775 4158 ,
2806 4092 2939 4147 mihi
2968 4109 3065 4164 per
3094 4094 3384 4165 epistolam

1801 4182 2111 4238 ostendisti.
2142 4178 2286 4249 Quid
2320 4192 2501 4238 autem
2534 4200 2598 4239 ea
2632 4200 2694 4240 re
2725 4185 2860 4240 mihi
2891 4187 3066 4257 possit
3093 4202 3216 4245 esse
3244 4190 3389 4245 anti-

1800 4271 1964 4344 quius
2009 4271 2065 4326 in
2110 4272 2213 4328 hoc
2244 4280 2551 4344 temporum
2585 4285 2729 4331 statu
2751 4316 2766 4341 ,
2803 4292 2912 4347 quo
2950 4287 3175 4349 propter
3201 4282 3391 4337 multi-

1798 4364 2055 4433 plicatam
2109 4364 2452 4434 iniquitatem
2502 4366 2718 4422 refrixit
2754 4369 3058 4424 multorum
3103 4373 3391 4429 Charitas?

1797 4455 1957 4510 Nunc
1986 4455 2132 4511 enim
2168 4456 2305 4512 nihil
2354 4465 2440 4514 est
2473 4466 2583 4512 tam
2625 4475 2813 4515 rarum
2840 4503 2855 4528 ,
2882 4476 3047 4532 quam
3081 4465 3389 4534 spiritualis

1801 4546 1993 4604 fratris
2019 4563 2352 4619 congressus
2375 4590 2390 4615 ,
2423 4557 2478 4606 et
2517 4552 2745 4607 verbum
2777 4554 3091 4624 paciﬁcum,
3127 4564 3182 4613 et
3224 4558 3389 4628 spiri-

1800 4640 1968 4697 tualis
1992 4642 2342 4696 communio:
2377 4658 2542 4713 quam
2575 4645 2631 4700 in
2662 4652 2756 4699 tua
2811 4645 3127 4717 integritate
3165 4656 3385 4715 nactus,

1801 4732 2037 4787 Domino
2063 4734 2270 4804 gratias
2296 4738 2403 4805 egi,
2433 4752 2603 4794 orans
2633 4746 2693 4792 ut
2720 4746 2774 4794 et
2806 4740 3088 4794 cumulata
3115 4739 3170 4794 in
3206 4748 3259 4795 te
3288 4741 3382 4796 lae-

1803 4826 1923 4879 titia
1953 4824 2224 4894 perfruar.
2260 4826 2318 4881 Si
2361 4829 2507 4883 enim
2538 4831 2678 4886 tales
2707 4830 2985 4901 epistolae,
3028 4830 3207 4902 qualis
3245 4846 3385 4887 con-

187 4990 302 5061 (70)
326 4987 771 5061 Hereric-desita
792 4986 944 5041 Harl.
974 4984 1121 5040 Editi
1157 4987 1327 5061 κινεῖς
1360 4985 1477 5053 μέν.
1518 4981 1697 5039 Habet

1812 4986 2108 5061 [ηυξ-(ιιιοά
2134 4985 2190 5040 in
2214 4984 2690 5061 editislegebatur
2724 4984 2930 5061 κακῶς.

114 5055 292 5115 etiam
317 5055 619 5129 Gregorius
648 5058 1021 5113 Nazianzenus
1052 5063 1110 5129 ut
1136 5055 1430 5129 edidimus.

209 5130 300 5199 71)
327 5122 801 5201 Συῇρνωσόμεθα
823 5127 1137 5201 θεατρικῶς.
1162 5126 1306 5179 Male
1332 5124 1476 5196 apud
1497 5122 1702 5196 Grego—

115 5200 260 5256 rium
280 5198 499 5269 legitur
530 5198 935 5269 πνευματικῶς.

184 5270 302 5341 (72)
327 5266 685 5341 Μακρύνειςξ
719 5267 870 5323 Harl.
905 5266 1222 5341 μακρύνοις.
1257 5335 1269 5341 _
1420 5316 1423 5321 .

185 5335 304 5410 (75)
328 5335 759 5410 Πάντως-,Βεθ
797 5335 1072 5410 secundus
1104 5335 1321 5399 παντός.

185 5407 303 5482 (74)
333 5411 418 5482 Σὺ
447 5408 626 5482 γενσῦ
663 5407 898 5482 τούτου.
926 5407 1005 5462 Ita
1039 5424 1175 5482 mss.
1207 5414 1343 5461 tres.
1374 5407 1530 5482 ‘Editi
1560 5423 1696 5477 συγ-

113 5476 532 5535 γένοοτούτων.
573 5479 801 5549 Legitur
822 5479 984 5533 etiam
1012 5477 1224 5549 τούτων
1244 5478 1387 5549 apud
1427 5476 1589 5549 Greg.

185 5550 304 5623 (75)
327 5546 743 5623 ΔΊξιιιμνιῃιιένιῖιν.
780 5548 1000 5623 Legitur
1019 5548 1161 5623 apud
1187 5546 1348 5617 Grég.
1376 5546 1694 5619 τεμνόμενοι

112 5618 224 5676 τῶν
254 5618 435 5691 μελῶν
453 5639 489 5691 ’ί
524 5618 742 5691 abscissi
773 5618 1093 5691 autembris.

186 5687 300 5764 (76)
322 5690 556 5755 Καλῶς.
590 5688 968 5766 ltallarlreani
994 5687 1213 5763 codicis
1246 5702 1348 5759 ope
1380 5688 1694 5745 emendavi-

1881 5053 2346 5127 (77):_ngpporl(p
2375 5053 2706 5127 ἐπισκόπιίι.
2747 5053 2838 5110 Sic
2877 5056 3031 5127 editi,
3064 5055 3383 5127 Coisglspri-

1806 5124 1951 5192 mus,
1980 5124 2133 5181 Med.
2152 5137 2205 5181 et
2232 5126 2322 5179 alii
2354 5125 2623 5179 nonnulli.
2652 5124 2775 5179 Vat.
2806 5134 2862 5180 et
2892 5125 3133 5179 Clarom.
3176 5124 3383 5180 habent

1804 5204 2016 5250 tantum
2046 5196 2356 5267 Σωφρονίῳ.
2387 5194 2470 5267 At
2498 5210 2727 5267 prorsus
2760 5195 3020 5251 mendose
3041 5193 3381 5267 _Harlzcanus

1805 5267 1981 5321 codex
2011 5274 2067 5321 et
2095 5264 2189 5320 alii
2226 5264 2511 5328 nonnulli,
2532 5265 2585 5319 in
2612 5265 2815 5335 quibus
2847 5264 3104 5335 praecedit
3146 5265 3380 5332 epistola

1805 5336 1883 5409 ad
1900 5336 2267 5409 Sophronium
2310 5334 2664 5409 magistrum,
2696 5335 2900 5409 habent
2937 5334 3015 5409 τῷ
3049 5335 3215 5409 αὐτῷ.
3252 5336 3382 5390 Pcr-

1806 5405 2058 5497 spicuujm
2086 5406 2241 5497 enim
2274 5412 2362 5460 est
2404 5405 2548 5497 hanc
2580 5405 2993 5497 epistolam‘ad
3033 5405 3376 5477 episeopum,

1807 5474 1918 5531 u'on
1949 5477 2016 5531 ad
2049 5477 2368 5546 magistrum
2396 5474 2696 5529 ciliciorum
2731 5475 2991 5546 scriptam
3021 5474 3164 5531 esse.

1874 5553 1894 5570 '
1926 5547 2077 5600 Alias
2108 5543 2426 5601 CCCCXIV.
2458 5543 2673 5613 Scripta
2687 5545 2835 5599 circa
2855 5557 3058 5602 annum
3085 5543 3208 5599 574.

1874 5620 1914 5641 “⁶
1946 5616 2095 5671 Alias
2121 5614 2683 5686 C(2CCXIII.,Scripta
2723 5618 2869 5670 circa
2905 5631 3109 5671 annum
3144 5617 3270 5671 574.

1884 5690 1942 5713 ’“
1974 5688 2125 5743 Alias
2160 5685 2510 5744 CCCXXXV.
2551 5684 2766 5757 scripta
2794 5687 2943 5743 circa
2980 5703 3183 5744 annum
3213 5684 3342 5743 574.

3283 251 3409 327 eis
3482 308 3491 318 .
