3852 6220
486 223 593 283 σιτ

1828 223 1888 279 S.
1929 221 2173 278 BASILII
2205 223 2421 280 MAGNI

3640 234 3750 292 858

485 337 753 411 gressus?
776 335 844 392 Et
872 334 919 395 si
943 336 1160 393 eminus
1193 337 1276 393 sic
1308 336 1483 409 capis,
1514 336 1709 408 quanti
1756 336 1869 393 eris
1900 338 2062 409 pretii

2176 339 2449 393 ἐπιστολαὶ
2482 340 2750 407 τοιαῦται,
2787 341 2948 395 ὁποία
2990 343 3025 413 ἠ
3066 342 3354 414 συντυχία;
3386 332 3497 417 Καὶ
3523 349 3572 400 εί
3605 350 3745 422 πόρ-

486 442 604 486 tum
644 444 771 485 cum
802 429 1054 485 cominus
1099 428 1499 500 conspicieris?
1528 429 1679 485 Scito
1720 440 1924 495 autem,
1953 432 2062 488 nisi

486 524 832 596 negotiorum
857 522 1342 579 innumerabilium
1372 524 1673 579 multitudo
1702 524 1974 580 detineret
1998 539 2064 580 ac

487 615 857 673 ineluctabilis
884 615 977 670 illa
1006 616 1310 672 necessitas
1339 631 1447 688 qua
1474 617 1848 688 constringor,
1881 618 2063 688 ipsum

486 722 577 763 me
624 706 696 762 ad
756 713 908 761 tuam
955 707 1324 777 integritatem
1384 717 1808 779 properaturum
1867 708 2059 763 fuisse.

486 798 812 870 Quanquam
872 814 1132 871 magnum
1178 799 1401 869 quidem
1443 797 1897 870 impedimentum
1945 806 2060 864 est,

487 895 788 964 quominus
823 907 1046 947 movear
1070 932 1086 957 ,
1121 899 1281 947 vetus
1321 893 1416 946 illa
1454 893 1706 962 corporis
1749 892 2060 964 :egritudo;

488 986 586 1042 sed
611 995 789 1040 tamen
818 986 890 1040 ob
915 993 1192 1055 speratam
1224 986 1514 1039 utilitatem
1560 986 1662 1039 hoc
1704 984 2064 1055 impedimen-

487 1088 605 1133 tum
635 1095 760 1135 esse
788 1094 899 1133 non
930 1078 1235 1133 duxissem.
1270 1076 1538 1150 Congredi
1571 1078 1718 1133 enim
1753 1093 1879 1132 cum
1919 1078 2061 1142 viro,

486 1173 675 1227 eadem
701 1172 973 1227 sentiente
993 1210 1009 1235 ,
1048 1181 1104 1226 et
1131 1169 1358 1225 Patrum
1389 1172 1551 1225 ﬁdem
1583 1170 1911 1225 defendente
1934 1207 1949 1232 ,
1982 1169 2065 1223 uti

487 1262 556 1318 de
581 1271 634 1319 te
661 1263 962 1318 venerandi
1005 1262 1205 1318 fratres
1245 1271 1301 1318 et
1335 1262 1768 1333 compresbyteri
1797 1270 2062 1327 narrant,

485 1363 571 1411 est
611 1355 857 1426 profecto
898 1356 965 1411 ad
998 1356 1236 1427 priscam
1270 1354 1641 1411 Ecclesiarum
1672 1354 2065 1410 beatitudinem

485 1448 718 1509 reverti;
747 1463 872 1503 cum
899 1449 1060 1517 pauci
1097 1447 1318 1518 quidem
1346 1446 1660 1518 disputandi
1689 1446 1885 1502 morbo
1913 1446 2067 1501 labo-

485 1550 690 1603 rarent,
716 1555 909 1595 omnes
932 1548 1115 1595 autem
1138 1540 1435 1611 tranquillo
1460 1548 1647 1595 essent
1673 1540 1880 1604 animo,
1912 1553 2067 1592 man-

485 1630 615 1686 data
636 1633 773 1688 citra
801 1632 1064 1701 pudorem
1088 1632 1438 1704 perﬁcientes
1466 1660 1483 1693 .
1508 1647 1607 1702 per
1621 1631 1822 1686 nudam
1855 1638 1911 1685 et
1934 1630 2067 1684 sim3

2164 430 2337 502 ρωθεν
2364 429 2539 495 οὕτως
2575 433 2772 505 αἱρεῖς,
2804 434 2971 488 πόσου
3008 432 3157 499 ἄξιος
3195 433 3292 506 ἔσῃ
3339 435 3572 504 ἐγγύθεν
3609 441 3749 509 ἡμῖν

2163 523 2478 592 ὲπιφανείς;
2507 518 2581 577 Εὖ
2608 523 2665 577 δὲ
2695 524 2801 578 ίσθι
2831 525 2965 596 (78),
3010 526 3059 579 εί
3103 524 3177 596 μὴ
3216 526 3426 597 μυρίων
3468 526 3750 598 ἀσχολιων

2164 620 2408 686 περιεῖχε
2453 612 2657 687 πλῆθος
2706 616 2855 689 (79),
2915 619 3009 672 atat
3055 620 3112 672 αί
3158 619 3526 690 ἀπαραίτητοι
3577 616 3751 675 αὗται

2162 707 2397 776 ἀνάγκαι
2427 701 2516 769 αἷς
2543 707 2892 779 ἐνδεδεμεθα,
2926 709 3089 765 αὐτόν
3125 727 3194 781 με
3230 710 3548 782 ἐπειχθῆναι
3607 712 3752 783 πρὸς

2160 797 2259 869 τὴν
2312 798 2412 871 σὴν
2455 799 2789 871 τελειότητα.
2845 801 3107 870 Καίτοιγε
3152 802 3296 872 μέγα
3334 819 3426 873 μοι
3477 803 3756 872 ἐμπόδιόν

2163 892 2280 944 ἐστι
2307 893 2444 963 πρὸς
2466 892 2564 957 τὰς
2596 893 2837 966 κινήσεις
2867 895 2900 966 ἡ
2933 893 3139 949 παλαιὰ
3178 895 3317 967 αὔτη
3356 895 3451 949 τοῦ
3481 894 3754 967 σώματος

2164 983 2467 1055 ἀρρωστία,
2508 984 2623 1038 ἀλλ’
2674 986 2825 1054 ὅμως
2878 986 2978 1039 οὐκ
3027 985 3093 1040 ἂν
3134 986 3541 1059 ὑπελογισάμην
3583 987 3758 1042 τοῦτο

2164 1075 2422 1146 ἐμπόδιον
2462 1076 2567 1146 τῆς
2610 1077 3067 1148 προσδοκωμένης
3102 1078 3287 1133 ἕνεκεν
3332 1079 3630 1148 ὠφελείας.
3677 1079 3755 1132 Τὸ

2163 1163 2273 1235 γὰρ
2302 1164 2455 1237 ἀνδρὶ
2486 1165 2554 1219 τά
2584 1166 2724 1219 αὐτὰ
2753 1167 3056 1236 φρονοῦντι,
3085 1169 3179 1222 καὶ
3204 1170 3305 1242 τὴν
3341 1169 3449 1224 τῶν
3478 1169 3757 1242 Πατέρων

2167 1256 2520 1327 πρεσϐεύοντι
2553 1258 2756 1321 πίστιν,
2811 1258 2887 1323 ὡς
2916 1262 2943 1313 ὀ
2982 1258 3090 1313 τῶν
3114 1261 3311 1332 τιμίων
3346 1260 3594 1331 ἀδελφῶν
3656 1260 3756 1316 καὶ

2167 1350 2670 1424 ωμπρεσὸυτέρων
2734 1350 2890 1415 λόγος
2942 1352 3090 1423 (80),
3133 1353 3537 1425 καταξιωθῆναι
3579 1371 3754 1425 περι-

2163 1444 2374 1511 τυχεῖν,
2408 1443 2578 1507 ὅντως
2635 1445 2781 1499 ἐστίν
2827 1446 2909 1508 εἰς
2957 1445 3055 1517 τὴν
3089 1447 3321 1518 ἀρχαίαν
3354 1448 3759 1519 μακαριάτητα

2164 1532 2275 1585 τῶν
2308 1534 2645 1605 Ἐκκλησιῶν
2681 1537 3015 1601 ἐπανελθεῖν,
3052 1539 3141 1592 ὅτε
3172 1540 3344 1609 ὀλίγοι
3385 1541 3483 1612 μὲν
3516 1537 3672 1613 ἦσαν
3698 1541 3753 1594 οἱ

2166 1626 2449 1691 νοσοῦντες
2482 1628 2612 1700 περὶ
2640 1626 2918 1699 ζητήσεις,
2946 1630 3004 1683 ἐν
3033 1629 3232 1701 ἠσυχίᾳ
3257 1630 3314 1685 δὲ
3338 1627 3480 1703 ἦσαν
3512 1633 3751 1695 πάντες,

485 1726 681 1793 plicein
722 1724 1128 1780 confessionem
1165 1723 1396 1780 Domino
1433 1724 1737 1781 servientes
1788 1721 1858 1785 “,
1903 1735 1968 1775 ac
2003 1720 2064 1774 ii-

2176 1717 2394 1788 ὲργάται
2425 1718 2577 1782 ὄντες
2621 1718 2731 1773 τῶν
2765 1719 2993 1774 ἐντολῶν
3020 1721 3129 1792 (81)
3179 1721 3623 1793 ἀνεπαίσχυντοι,
3659 1723 3751 1776 διὰ

485 1817 608 1872 dem
639 1817 694 1872 in
726 1816 941 1873 Patrem
984 1826 1042 1873 et
1071 1816 1269 1873 Filium
1309 1827 1365 1873 et
1406 1817 1672 1888 Spiritum
1696 1821 1949 1871 sanctum
1979 1815 2063 1869 in-

486 1908 795 1965 violabilem
825 1917 882 1965 et
916 1909 1141 1966 minime
1178 1910 1461 1964 curiosam
1501 1916 1808 1965 servantes.

944 2227 1283 2286 EPISTULA
1319 2228 1615 2286 CLXXIII‘.

2166 1807 2264 1876 τῆς
2314 1806 2490 1877 ἁπλῆς
2538 1809 2632 1861 καὶ
2674 1810 3008 1881 ἁπεριέργου
3053 1811 3345 1881 ὁμολογίας
3386 1811 3752 1884 λατρεύοντες

2168 1895 2246 1966 τῷ
2269 1896 2460 1969 Κυρίῳ
2489 1899 2620 1969 (82),
2655 1902 2751 1954 κα)⁵
2780 1901 2977 1955 ἄσυλον
3001 1903 3101 1975 τὴν
3131 1904 3313 1958 πίστιν
3347 1905 3441 1958 καὶ
3474 1906 3749 1977 ἀπερίερ-

2170 2003 2264 2055 γον
2294 1988 2392 2059 τὴν
2420 1991 2499 2052 είς
2525 1990 2745 2063 Πατέρα
2775 1992 2869 2045 καὶ
2898 1993 3024 2049 Υίδν
3052 1995 3147 2047 καὶ
3179 1993 3331 2065 ἅγιον
3363 1995 3591 2067 Πνεῦμα
3629 1996 3753 2050 δια-

2172 2077 2559 2146 φυλάσσοντες.

2664 2236 3013 2293 ΕΠΙΣΤΟΛΗ
3050 2238 3213 2293 ΡΟΓ.

490 2350 712 2402 Dectarat
736 2348 949 2400 Basilius
968 2363 1019 2400 se
1038 2362 1156 2398 raro
1178 2346 1391 2398 scribere
1410 2384 1423 2407 ,
1444 2346 1563 2396 dum
1585 2344 1749 2419 maliti!
1783 2359 1841 2394 ne
1863 2344 2038 2419 litterae
2060 2344 2427 2419 intercipiantur
2451 2350 2703 2419 :_exponit
2726 2351 2776 2403 in
2797 2364 2893 2419 quo
2913 2354 3142 2405 considat
3163 2353 3273 2407 vita
3292 2353 3585 2419 evangelica
3606 2355 3749 2408 inuia

1581 2415 1733 2457 tutum
1748 2446 1760 2467 ,
1784 2410 1913 2470 quod
1947 2401 2206 2460 Theodora
2228 2401 2456 2475 amplexa
2477 2401 2653 2476 luerat.

980 2514 1265 2571 Theadora:
1284 2516 1571 2570 canonicaz.

555 2630 771 2687 Tardus
813 2645 935 2688 sum
979 2629 1048 2684 ad
1092 2629 1467 2695 scribendum,
1500 2627 1647 2697 quod
1678 2628 1903 2685 minime
1939 2646 2068 2700 per-

487 2739 709 2779 suasum
740 2722 871 2776 mihi
899 2723 969 2777 sit
997 2723 1208 2778 litteras
1233 2737 1382 2776 meas
1402 2722 1628 2775 omnino
1647 2720 1797 2777 reddi
1813 2722 2071 2777 charitati

485 2827 613 2883 tuae,
638 2817 730 2872 sed
755 2814 1145 2886 perferentium
1184 2814 1531 2882 improbitate
1563 2823 1888 2870 innumeros
1927 2815 2063 2870 alios

485 2925 580 2965 eas
606 2910 761 2980 prius
788 2910 965 2979 legere
991 2925 1006 2975 ;
1034 2908 1194 2981 26],
1230 2923 1353 2961 cum
1384 2907 1690 2977 prazsertim
1725 2923 1788 2962 ea
1822 2923 1969 2962 nunc
1995 2909 2066 2963 sit

485 3018 668 3058 rerum
690 3002 1029 3072 perturbatio
1058 3004 1112 3054 in
1139 3000 1272 3054 orbe
1289 3008 1582 3053 terrarum.
1606 2999 1788 3066 Quare
1809 3010 2068 3071 exspecto

2096 3049 2143 3112 C

2447 2523 2604 2590 Πρὸς
2631 2522 2940 2593 Θεοδὼραν
2970 2524 3303 2592 κανονικήν
3326 2523 3455 2598 (85).

2252 2638 2545 2709 Ὀκνηροὺς
2576 2640 2724 2709 ἡμᾶς
2754 2643 2898 2694 ποιεῖ
2935 2637 3073 2712 πρὸς
3101 2639 3161 2695 τδ
3182 2642 3415 2713 γράφειν
3447 2657 3507 2697 το
3534 2644 3616 2716 μὴ
3650 2662 3750 2698 m—

2168 2727 2387 2780 πεῖσθαι
2430 2727 2528 2792 τὰς
2563 2729 2851 2794 ἐπιστολάς
2896 2730 3053 2802 ἡμῶν
3093 2731 3311 2796 πάντως
3344 2731 3458 2803 (84)
3502 2735 3753 2806 ἐγχειρίέ

2170 2816 2357 2882 ζεσθαι
2383 2822 2448 2890 τῇ
2478 2823 2543 2891 σῇ
2574 2821 2784 2891 ἀγάπῃ,
2809 2821 2948 2875 ἀλλὰ
2993 2823 3161 2894 κακίᾳ
3203 2823 3311 2876 τῶν
3347 2824 3751 2882 διακονούντων

2174 2911 2403 2982 μυρίους
2448 2914 2904 2983 προεντυγχάνειν
2951 2898 3193 2985 ἑτέρους,
3229 2916 3320 2969 καὶ
3361 2915 3603 2987 μάλιστα
3655 2919 3750 2972 νῦν

2172 3001 2315 3054 οὕτω
2343 3002 2765 3074 τεταραγμένων
2792 3003 2904 3074 (85)
2946 3004 3055 3057 τῶν
3089 3005 3232 3058 κατὰ
3276 3006 3375 3078 τὴν
3417 3008 3751 3079 οἰκουμένην

485 3094 615 3148 dum
660 3092 895 3161 quodam
937 3091 1098 3146 modo
1142 3091 1400 3155 incuscr,
1452 3106 1517 3145 ac
1577 3092 1771 3147 litterae
1803 3094 2067 3149 violenter

2176 3096 2528 3165 πραγμάτων.
2565 3095 2766 3168 Διόπερ
2792 3097 3048 3168 ἀναμένω
3079 3100 3279 3171 τρόπον
3321 3100 3443 3154 τινὰ
3480 3103 3751 3174 μεμφθῆ-

485 3193 848 3253 reposcautur
888 3200 900 3235 :
939 3188 999 3235 ut
1035 3182 1138 3237 hoc
1177 3190 1503 3251 argumento
1537 3197 1632 3237 eas
1669 3183 1821 3237 reddi
1867 3199 2072 3254 cogno-

488 3288 659 3328 seam.
696 3271 822 3326 Sive
847 3283 1027 3327 autem
1058 3272 1318 3335 scribam,
1342 3271 1459 3326 sive
1496 3280 1730 3335 taceam,
1750 3289 1918 3327 unum
1938 3274 2070 3328 milii

488 3379 628 3435 opus
662 3372 774 3426 est,
808 3365 864 3418 in
903 3365 1089 3417 animo
1120 3363 1406 3434 dignitatis
1437 3370 1544 3419 tuae
1575 3364 1820 3420 retinere
1861 3381 2071 3420 memo-

486 3455 650 3522 riam,
681 3469 744 3509 ac
768 3453 1058 3509 Dominum
1084 3456 1319 3525 precari,
1348 3465 1407 3510 ut
1431 3455 1524 3510 det
1550 3456 1648 3510 tibi
1681 3471 1909 3512 cursum
1934 3457 2068 3513 boni

486 3547 640 3604 illius
671 3548 932 3613 instituti,
963 3547 1111 3617 quod
1144 3547 1382 3617 elegisti,
1417 3547 1720 3604 absolvere.
1755 3547 1895 3606 Vere
1921 3552 2067 3605 enim

489 3656 602 3696 non
634 3641 749 3695 leve
783 3647 1063 3694 certamen
1089 3647 1172 3694 est
1198 3639 1564 3709 promittenti,
1599 3656 1720 3710 qua:
1742 3656 1810 3696 ex
1838 3644 2071 3711 promis-

489 3734 569 3789 sis
613 3741 1030 3802 consequuntur
1075 3732 1334 3801 adjicere.
1389 3731 1527 3786 Nam
1565 3736 1941 3805 evangelicum
1987 3736 2070 3791 vio'

487 3826 652 3882 vendi
695 3841 869 3896 genus
910 3826 1167 3896 amplecti
1208 3825 1459 3894 cujusvis
1499 3833 1624 3881 est:
1664 3827 1760 3881 sed
1792 3827 1957 3881 etiam
2000 3828 2069 3883 ad

488 3919 716 3973 minima
737 3933 968 3989 quaeque
985 3917 1422 3972 obserVationem
1448 3918 1767 3987 perducere,
1792 3934 1894 3973 nec
1917 3919 2073 3990 quid-

489 4025 653 4082 quam
680 4025 868 4065 eorum
888 4049 903 4073 ,
938 4024 1062 4081 quae
1096 4009 1209 4063 illic
1240 4009 1443 4078 scripta
1473 4020 1601 4065 sunt
1629 4010 1930 4081 negligere,
1967 4012 2070 4067 hoc

490 4104 654 4177 pauci
687 4104 977 4159 admodum
1016 4119 1085 4159 ex
1116 4102 1204 4158 liis
1243 4119 1384 4172 quos
1416 4104 1706 4167 novimus.
1747 4103 2065 4173 perfecere:

490 4204 688 4268 nempe
713 4197 896 4268 lingua
923 4194 1213 4251 refrenata
1239 4196 1341 4259 uti,
1371 4203 1427 4250 et
1452 4195 1669 4249 erudito
1695 4211 1762 4249 ex
1788 4194 2068 4268 Evangelii

491 4297 676 4345 mente
704 4289 866 4343 oculo
895 4306 908 4341 :
942 4286 1161 4357 operari
1198 4287 1453 4343 manibus
1481 4286 1786 4343 secundum
1816 4287 2069 4357 pr0posi-

2170 3204 2282 3248 ναι,
2320 3188 2413 3240 καὶ
2457 3187 2821 3260 ἀπαιτηθῆναι
2873 3189 3063 3260 βιαίως
3109 3192 3204 3255 τὰς
3236 3193 3560 3257 ἐπιστολάς,
3606 3194 3749 3249 ὥστε

2170 3280 2320 3350 αὐτῷ
2365 3281 2539 3351 τούτῳ
2570 3282 2854 3354 τεκμηρίῳ
2909 3283 3218 3356 χρήσασθαι
3257 3285 3358 3355 τῆς
3410 3287 3747 3352 ἀποδόσεωςι

2170 3371 2282 3425 Καὶ
2328 3372 2631 3444 γράφοντες
2672 3373 2772 3444 μὲν
2819 3369 2916 3428 οὖν
2969 3376 3064 3429 καὶ
3115 3376 3432 3441 σιωπῶντες
3474 3377 3533 3431 ἓν
3585 3380 3750 3450 ἔργον

2170 3461 2385 3533 ἔχομεν,
2424 3463 2483 3515 ὲν
2515 3465 2634 3526 ταῖς
2668 3464 2920 3535 καρδίαις
2960 3465 3119 3537 ἡμῶν
3154 3467 3444 3537 φυλάσσειν
3478 3473 3579 3540 τὴν
3609 3475 3751 3544 μνή-

2173 3571 2281 3625 μην
2330 3555 2427 3625 τῆς
2472 3555 2831 3625 κοσμιότητός
2889 3574 3019 3623 σου,
3066 3559 3163 3612 καὶ
3219 3560 3623 3632 προσεύχεσθαι
3674 3565 3749 3635 τῷ

2170 3646 2359 3717 Κυρίῳ
2405 3646 2588 3700 δοῦναί
2633 3665 2716 3701 σοι
2759 3649 2974 3703 τελέσαι
3017 3651 3109 3704 τὸν
3149 3651 3344 3724 δρόμον
3386 3655 3488 3726 τῆς
3528 3656 3750 3727 ἀγαθῆς

2170 3739 2480 3803 πολιτείας,
2526 3740 2670 3794 καθὰ
2703 3743 2974 3813 προείλου.
3006 3743 3097 3815 Τῷ
3143 3745 3255 3799 ὄντι
3293 3746 3401 3819 γὰρ
3448 3750 3510 3802 οὐ
3546 3753 3747 3822 μικρὸς

2169 3829 2317 3899 ἀγὼν
2358 3833 2706 3902 ὁμολογοῦντι
2753 3833 2865 3904 (86)
2905 3835 3005 3906 τῆς
3060 3836 3391 3907 ἐπαγγελίας
3430 3840 3498 3893 τὰ
3542 3841 3750 3914 ἑφεξῆς

2170 3923 2413 3991 ἐπάγειν.
2450 3924 2523 3977 Τὸ
2564 3925 2663 3995 μὲν
2691 3923 2799 3996 γὰρ
2829 3926 3149 3996 προελέσθαι
3173 3928 3272 3999 τὴν
3298 3930 3441 3983 κατὰ
3477 3929 3537 3983 τὸ
3567 3933 3750 4001 Εὐαγ-

2168 4017 2346 4085 γέλιον
2395 4015 2670 4073 πολιτείαν
2708 4020 2940 4082 παντός·
2976 4019 3036 4073 τὸ
3077 4019 3135 4073 δὲ
3180 4022 3275 4075 καὶ
3302 4023 3462 4094 μέχρι
3499 4023 3617 4080 τῶν
3665 4045 3751 4097 μιά

2168 4107 2447 4179 κροτάτων
2480 4109 2635 4179 ἄγειν
2683 4111 2783 4183 τὴν
2829 4113 3232 4185 παρατήρησιν,
3280 4115 3375 4170 καὶ
3424 4117 3595 4187 μηδὲν
3642 4119 3750 4173 τῶν

2168 4200 2285 4253 ἐκεῖ
2312 4202 2713 4274 γεγραμμένων
2739 4204 3009 4275 παρορᾷν,
3037 4203 3196 4258 τοῦτο
3227 4206 3367 4261 πάνυ
3404 4207 3613 4278 ὀλίγοις
3642 4211 3749 4265 τῶν
3820 4238 3821 4255 ι

2168 4292 2249 4355 εἰς
2297 4292 2573 4364 ἡμετέραν
2625 4293 2829 4363 γνῶσιν
2878 4286 3120 4365 ἡκόντων
3170 4295 3563 4370 κατώρθωται·
3608 4302 3747 4357 ὥστε

492 4387 609 4435 tum
631 4379 739 4436 Deo
768 4380 1018 4451 placendi
1049 4400 1060 4433 :
1090 4380 1256 4440 pedes
1290 4380 1418 4433 item
1446 4391 1685 4444 mov’ere,
1716 4388 1773 4436 et
1804 4395 1912 4435 uno
1939 4395 2067 4438 auo-

2176 4384 2264 4438 καὶ
2284 4374 2504 4460 γλώσσῃ
2526 4386 2875 4459 πεπεδημένη
2898 4388 3007 4460 (87)
3037 4390 3337 4462 κεχρῆσθαι
3363 4383 3456 4446 καὶ
3477 4393 3747 4467 ὀφθαλμῷ

563 4540 611 4573 ⁸⁸
662 4537 707 4591 il
736 4536 879 4592 Tim.
917 4552 977 4604 ιι,
1012 4537 1101 4592 15.

574 4674 594 4696 ⁴
622 4672 773 4726 Alias
803 4668 1002 4727 CCCII.
1040 4668 1256 4740 Scripta
1281 4669 1428 4724 circa
1461 4685 1663 4724 annum
1693 4668 1819 4726 574.

570 4744 679 4816 (78)
709 4742 795 4816 ge
835 4741 903 4794 δὲ
936 4736 1218 4816 ΖσβικΡιῖο
1238 4740 1322 4795 his
1343 4741 1569 4816 vocibus
1596 4741 1790 4811 legitur
1819 4742 1872 4796 in
1897 4742 2064 4798 Cois].

497 4803 674 4886 primo
705 4812 845 4886 ὥστε
882 4828 967 4886 με.
996 4809 1053 4886 In
1072 4810 1337 4886 .Medicaeo
1363 4803 1503 4886 ὥστε
1520 4827 1643 4886 μοι.

568 4829 674 4868 ιιηο
705 4829 845 4866 ωστε
882 4829 967 4882 με.
996 4829 1053 4863 ΙΙΙ
1084 4829 1337 4864 ωεαιυωι)
1363 4829 1503 4863 ωστε
1573 4829 1643 4865 οι.

568 4883 678 4955 (79)
712 4877 972 4962 11.111098.
1014 4880 1153 4934 Editi
1179 4879 1397 4950 addunt
1428 4829 1595 4951 ήμέξ,
1634 4881 1781 4951 quod
1825 4880 1980 4938 deest
2013 4882 2069 4936 in

495 4953 689 5010 novem
729 4953 1014 5006 codicibus
1049 4964 1181 5007 mss.

570 5024 679 5093 (80)
710 5021 1064 5093 Λόγος-,ἠως
1112 5021 1277 5093 etiam
1318 5018 1461 5093 editi,
1513 5020 1725 5076 addunt
1768 5023 1894 5093 περὶ
1950 5021 2066 5086 σοῦ,

496 5091 617 5165 quin
638 5093 812 5165 verba
840 5092 991 5165 null_o
1014 5106 1240 5165 prorsus
1267 5092 1321 5165 in
1345 5091 1532 5165 codice
1561 5107 1665 5165 ms:
1699 5091 2065 5165 reperiuntur.

569 5164 681 5232 (81)
728 5160 1038 5215 Ἐντολῶν.
1070 5160 1213 5214 Editi
1256 5160 1466 5215 addunt
1503 5161 1597 5215 τοῦ
1630 5160 1764 5215 Θεοῦ
1809 5162 1929 5217 sine
1971 5177 2069 5216 ne-

497 5233 739 5289 cessaria
780 5232 993 5286 ratione
1029 5238 1083 5285 et
1119 5237 1314 5301 praeter
1357 5232 1601 5287 omnium
1645 5232 1896 5287 codicum
1932 5247 2065 5285 mss.

498 5305 680 5359 ﬁdem.

568 5373 679 5444 (82)
704 5371 1120 5444 ᾲΛαίτρειξοντες
1165 5369 1245 5444 τῷ
1289 5372 1505 5439 Κυρίῳ,
1541 5372 1666 5444 καί.
1719 5369 1927 5425 Desunt
1956 5370 2071 5425 haec

499 5440 670 5497 Verba
702 5442 756 5497 in
789 5441 1125 5497 Coisliniauo
1158 5443 1338 5511 primo
1366 5450 1421 5496 et
1451 5444 1505 5495 in
1540 5440 1819 5497 Medicam.

571 5512 681 5580 (85)
712 5511 868 5578 Πρός
899 5511 1203 5580 Θεοδώραν
1253 5511 1602 5579 κανονικήν.
1648 5513 1726 5565 Ita
1774 5527 1908 5565 mss.
1950 5525 2067 5565 sex.

508 5568 641 5661 i‘d‘iti
664 5568 921 5661 ξεᾶδώρςι
945 5568 1223 5661 κανοῦικῇ.
1258 5583 1422 5639 Addit
1469 5568 1620 5637 Harl.
1647 5581 1784 5638 Περὶ
1819 5580 1932 5651 βίου
1972 5597 2095 5645 καοη

513 5651 732 5719 ιονικοῦ,
760 5651 824 5706 de
851 5651 959 5705 vita
988 5651 1259 5706 canonica.

2247 4669 2357 4738 (84)
2392 4669 2652 4735 Πάντως.
2683 4666 2758 4722 Ita
2783 4685 2972 4726 omnes
2993 4669 3169 4725 nostri
3199 4678 3409 4727 veteres
3426 4671 3575 4728 libri.
3605 4675 3747 4732 Editi

2171 4755 2398 4820 πάντας.
2435 4739 2605 4793 Paulo
2639 4746 2772 4820 post
2808 4740 2969 4797 iidem
3004 4740 3136 4796 editi
3182 4741 3460 4812 μυρίοις...
3511 4743 3741 4820 ἑτέροις.

2172 4809 2389 4866 Sentem
2431 4825 2560 4864 mss.
2588 4811 2724 4863 utin
2759 4817 2931 4866 textu.

2265 4878 2354 4953 85)
2390 4879 2858 4953 Τεῖαρατιέέγζῳν.
2910 4882 2987 4935 Ita
3037 4880 3512 4953 Coisl._uterque,
3562 4883 3742 4949 liarl.,

2170 4948 2310 5022 Med.
2331 4958 2405 5022 _et
2446 4948 2625 5022 Bigot.
2654 4949 2796 5004 Editi
2826 4950 3196 5022 τεταγμένων.
3231 4948 3416 5008 Ροιιιό
3433 4962 3563 5022 post
3612 4948 3744 5013 editi

2169 5017 2534 5089 ἀναμένομενῖ
2570 5017 2772 5073 Omnes
2800 5035 2933 5075 mss.
2969 5017 3027 5074 ut
3067 5022 3121 5075 in
3147 5030 3321 5077 textu.

2241 5089 2351 5158 (86)
2393 5089 2836 5158 ’θμολογοῦφ-τι.
2866 5090 2944 5144 lta
2966 5101 3079 5146 tres
3108 5092 3464 5148 vetustissimi
3498 5108 3741 5152 codices.

2169 5157 2313 5234 Ε(ίίιὶ
2335 5157 2708 5234 ὁμολογοῦντά
2730 5159 3031 5234 1t._lbidem
3058 5160 3299 5232 quinque
3317 5166 3540 5234 mss._1ﬁ
3573 5166 3744 5234 ἐπαγ-

2170 5229 2343 5353 γελίεῖ.
2376 5229 2481 5284 Sed
2513 5230 2667 5300 sequi
2711 5229 3010 5287 maluimus
3042 5229 3155 5286 tres
3193 5229 3624 5297 vetustissimos,
3655 5229 3741 5306 qui

2170 5299 2276 5353 hoc
2323 5314 2423 5353 oco
2455 5314 2580 5353 cum
2614 5300 2775 5353 editis
2804 5303 3179 5353 consentiunt.
3218 5301 3322 5353 nisi
3362 5303 3509 5353 auod
3541 5303 3741 5353 habent

2170 5299 2276 5370 hoc
2301 5299 2423 5354 loco
2455 5299 2775 5354 cum’editis
2804 5303 3179 5363 consentiunt.
3218 5301 3322 5359 nisi
3362 5303 3509 5370 quod
3541 5299 3743 5362 habent

2170 5369 2396 5443 ἐπάγειν
2422 5385 2520 5440 pro
2543 5385 2608 5443 eo
2638 5371 2785 5443 quod
2811 5378 2929 5443 erat
2964 5372 3023 5443 in
3055 5372 3217 5426 editis
3241 5369 3543 5443 ἐπαγαγεῖν

2245 5440 2801 5514 (87)Πε;ξτεδημένξῃ.
2840 5440 3010 5514 Magis
3064 5444 3269 5512 placuit
3304 5440 3419 5514 haec
3470 5444 3743 5514 scriptura

2171 5509 2423 5582 codicum
2450 5510 2598 5564 Harl.
2624 5519 2681 5565 et
2707 5510 2878 5582 coisl.
2910 5509 3092 5582 primi,
3116 5528 3277 5582 quam
3304 5513 3523 5582 vulgata
3547 5509 3743 5571 πεπαι-

2170 5579 2424 5650 δευμένῃ.
2459 5581 2638 5650 lingua
2658 5579 2939 5650 castigata:
2978 5579 3149 5638 lideni
3166 5581 3383 5641 codices
3406 5579 3463 5639 et
3493 5586 3591 5642 alii
3614 5604 3742 5643 non.

2172 5652 2310 5706 nulli
2340 5650 2657 5721 κεχρῆσθαι.
2691 5651 2834 5707 Editi
2869 5653 3121 5723 χρῆσθαι.
