3852 6220
94 281 186 337 619

94 397 604 470 πεποιδαγωγημένῳ
630 399 770 453 κατὰ
800 398 860 451 τὺ
887 397 1133 468 βούλημα
1152 396 1246 450 τοῦ
1271 398 1624 467 Εὐαγγελίου,

93 490 176 544 καὶ
204 490 373 561 χερσὶν
404 489 647 559 ἐνεργεῖν
676 486 819 541 κατά
859 487 951 540 τὸν
981 485 1181 539 σκοπὸν
1207 486 1308 555 τῆς
1332 487 1628 559 εὐαρεστή-

93 596 214 642 σεως
241 578 325 632 τοῦ
365 577 524 642 Θεοῦ,
550 579 645 633 καὶ
691 579 859 642 πόδας
900 581 1100 641 κινεῖν,
1144 577 1240 631 καὶ
1269 578 1483 649 ἑκάστῳ
1518 576 1630 631 τῶν

92 671 248 742 μελῶν
273 670 411 725 οὕτω
442 669 769 742 κεχρῆσθαι,
809 669 886 733 ὡς
913 670 973 737 ἐξ
1007 668 1185 740 ἀρχῆς
1226 670 1254 722 ὁ
1290 669 1631 740 Δημιουργδς

89 760 228 834 ήμῶν
262 760 606 832 ᾠκονόμησε·
642 761 704 815 τὸ
744 762 802 813 ὲν
832 763 901 831 τῇ
947 759 1250 830 καταστολῇ
1285 763 1528 830 κόσμιον,
1571 758 1632 814 τὸ

88 855 140 908 ὲν
160 857 269 918 ταῖς
294 853 601 925 συντυχίαις
635 854 746 908 τῶν
773 853 982 926 ἀνδρῶν
1012 852 1450 924 πεφυλαγμένον,
1484 852 1545 905 τὸ
1573 853 1632 906 ὲν

89 945 345 1016 βρώμασιν
375 945 667 1018 αὔταρκες,
696 946 756 1001 τὸ
784 947 843 1000 ὲν
878 948 944 1019 τῇ
974 948 1167 1019 κυήσει
1186 945 1294 1000 τῶν
1324 944 1634 1014 ἀναγκαίων

86 1036 371 1105 ἀπέριττον.
411 1036 599 1091 Ταῦτα
654 1037 833 1092 πάντα
889 1038 1061 1109 μικρὰ
1108 1038 1205 1109 μὲν
1256 1035 1441 1100 ἁπλῶς
1489 1035 1634 1090 οὓτω

85 1123 350 1195 λεγόμενα,
389 1125 626 1196 μεγάλου
664 1125 723 1179 δὲ
763 1126 974 1194 ἀγῶνος
1012 1127 1093 1190 εἰς
1137 1126 1199 1179 τὸ
1227 1125 1634 1197 κατορθωθῆναι

85 1217 356 1289 χρῄζοντα,
390 1218 468 1282 ὡς
492 1219 580 1273 ἐπ’
611 1219 782 1289 αὐτῆς
815 1217 929 1290 (88)
963 1216 1067 1282 τῆς
1098 1217 1351 1289 ἀληθείας
1380 1217 1632 1290 εὕρομεν.

85 1311 186 1363 Καὶ
212 1308 304 1380 μὲν
348 1311 444 1364 καὶ
487 1309 549 1363 τὸ
590 1311 649 1362 ὲν
688 1311 758 1380 τῇ
791 1307 1259 1380 ταπεινοφροσύνῃ
1303 1307 1526 1374 τέλειον,
1561 1308 1637 1373 ὡς

86 1401 210 1471 μήτε
245 1400 518 1471 προγόνων
548 1401 906 1473 περιφανείας
935 1400 1266 1472 μεμνῆσθαι,
1299 1401 1459 1472 μήτε,
1499 1401 1553 1455 ετ
1583 1418 1638 1454 τι

82 1489 300 1562 ὑπάρχει
334 1489 444 1560 (89)
484 1491 619 1560 ἡμῖν
657 1492 722 1544 ἐκ
758 1491 975 1560 φύσεως
1008 1490 1448 1562 πλεονέκτημαῆ
1495 1490 1638 1545 κατὰ

84 1583 292 1654 σῶμαῆ
329 1583 469 1637 κατά
519 1583 717 1655 ψυχὴν,
750 1582 924 1654 τούτῳ
976 1583 1319 1656 ἐπαίρεσθαι,
1360 1584 1497 1655 μήτε
1541 1583 1641 1648 τὰς

81 1674 267 1739 ἔξωθεν
295 1675 421 1745 περὶ
454 1673 610 1745 ήμῶν
640 1673 936 1746 ὑπολήψεις
972 1672 1225 1744 ἀφορμὴν
1257 1671 1541 1745 ὲπάρσεώς
1577 1691 1639 1726 τε

918 272 1408 331 EPISTOLARUM
1445 272 1735 333 CLASSIS
1766 273 1831 329 ll.
1872 271 2095 331 EPIST.
2135 272 2423 331 CLXXIV.

3197 271 3300 327 6'30

1726 412 1834 466 qne
1864 395 2110 452 membro
2136 396 2220 451 sic
2249 397 2351 460 uti,
2380 403 2439 450 ut
2470 394 2629 449 initio
2651 393 2915 450 Conditor
2938 402 3126 451 noster
3152 396 3302 451 ordi-

1727 488 1912 543 navit:
1947 486 2216 542 modestia
2238 487 2293 540 in
2321 486 2547 551 vestitu,
2569 488 2753 540 cautio
2776 485 2833 540 in
2860 486 3105 541 virorum
3128 487 3302 542 collo-

1727 577 1895 649 quiis,
1930 577 1986 631 in
2034 578 2172 633 cibis
2217 577 2522 649 frugalitas,
2550 577 2604 631 in
2633 591 2818 633 rerum
2865 577 3303 633 necessariarum

1728 670 2078 741 possessione
2106 668 2243 723 nihil
2270 669 2550 738 superﬂui.
2585 667 2711 724 Haec
2740 669 2926 723 omnia
2950 669 3149 740 exigua
3177 669 3304 741 qui-

1731 761 1854 817 dem
1901 760 2032 815 dum
2083 761 2166 816 sic
2212 759 2536 830 simpliciter
2580 767 2918 824 narrantur,
2973 760 3072 816 sed
3110 776 3311 834 magno

1732 854 2034 909 certamine
2083 850 2150 906 ad
2193 851 2584 922 perﬁciendum
2632 852 2913 923 indigent,
2955 852 3313 922 quemadmo-

1733 944 1863 1000 dum
1909 944 2088 1016 reipsa
2120 944 2515 1015 comperimus.
2550 942 2657 999 Sed
2699 952 2753 999 et
2787 943 3113 1000 humilitatis
3140 944 3314 1015 perfe-

1735 1037 1864 1097 ctio.
1886 1036 2019 1091 adeo
2043 1043 2289 1106 utneque
2307 1036 2576 1106 majorum
2590 1036 2857 1092 claritatis
2879 1036 3311 1100 meminerimus,

1736 1144 1838 1185 nec
1876 1131 1923 1185 si
1953 1128 2085 1200 quid
2117 1129 2277 1185 nobis
2319 1130 2454 1185 insit
2497 1143 2529 1183 a
2568 1135 2766 1184 natura
2797 1133 2893 1184 aut
2937 1129 3186 1199 corporis
3218 1135 3315 1183 aut

1738 1222 1906 1276 animi
1931 1228 2336 1285 ornamentum,
2360 1221 2488 1277 inde
2510 1219 2825 1286 eﬂ‘eramur,
2856 1234 3034 1290 neque
3060 1204 3312 1277 externas

1737 1313 1805 1368 de
1829 1312 1988 1368 nobis
2018 1313 2306 1382 opiniones
2331 1327 2521 1369 ansam
2567 1312 2822 1368 elationis
2860 1326 2925 1367 ac
2954 1311 3188 1369 tumoris
3228 1310 3314 1366 fa-

1738 1406 1982 1462 ciamus:
2032 1405 2147 1461 haec
2190 1421 2314 1459 cum
2360 1406 2473 1459 vita
2518 1406 2828 1476 evangelica
2871 1419 3116 1460 connexa
3158 1410 3306 1460 sunt.

1741 1497 1822 1551 Ad
1853 1497 1970 1551 haec
1998 1495 2306 1550 constantia
2338 1496 2392 1550 in
2428 1494 2785 1564 abstinentia,
2828 1495 2880 1549 in
2915 1494 3193 1565 precando
3223 1509 3311 1550 se.

1741 1588 1945 1643 dulit’as
1965 1629 1980 1653 ,
2012 1589 2069 1641 in
2098 1586 2336 1643 fraterna
2367 1587 2662 1643 dilectione
2704 1587 3134 1648 commiseratio,
3165 1586 3308 1642 iibe-

1743 1678 1935 1733 ralitas
1966 1692 2094 1748 erga
2127 1678 2454 1748 indigentes,
2485 1678 2712 1748 spiritus
2744 1676 3022 1746 animique
3054 1673 3304 1744 abjectio,

80 1766 170 1817 καὶ
222 1764 537 1832 φυσιῶσεως
583 1764 874 1827 ποιεῖσθαι,
917 1763 1090 1817 ταῦτα
1136 1763 1231 1816 τοῦ
1279 1762 1635 1833 εὐαγγελικοῦ

1748 1767 1920 1823 cordis
1946 1767 2222 1832 contritio,
2256 1766 2379 1821 ﬁdei
2416 1767 2646 1829 sanitas,
2675 1765 2732 1819 in
2755 1778 2990 1819 mmrore
3023 1761 3307 1833 aequabili-

80 1856 250 1925 ἔχεται
281 1855 415 1926 βίου.
447 1856 521 1909 Τὸ
569 1858 626 1910 ὲν
657 1855 953 1927 ἐγκρατείᾳ
998 1853 1232 1920 εὔτονον,
1259 1854 1321 1908 τὸ
1370 1856 1429 1908 ὲν
1469 1871 1638 1927 προσ·-

80 1951 254 2018 ευχαῖς
279 1947 595 2017 φιλόπονον,
626 1947 689 2001 τὸ
737 1950 796 2001 ὲν
843 1945 1167 2017 φιλαδελφίᾳ
1212 1945 1532 2017 συμπαθὲς,
1577 1947 1639 1998 τὸ

80 2042 208 2112 πρὸς
234 2042 359 2105 τοὺς
392 2041 682 2112 δεομένους
716 2040 1051 2105 κοινωνικὸν,
1082 2039 1144 2092 τὸ
1172 2038 1267 2092 τοῦ
1297 2041 1637 2111 φρονήματος

78 2132 563 2203 καταϐεϐλημένον,
600 2134 630 2185 ὁ
672 2130 1008 2204 συντριμμὸς
1039 2132 1141 2203 τῆς
1171 2130 1419 2203 καρδίας,
1452 2129 1514 2183 τὸ
1541 2130 1642 2201 τῆς

77 2225 303 2289 πίστεως
336 2224 511 2293 ὑγιὲς,
550 2225 612 2279 τὸ
644 2227 704 2279 ὲν
746 2223 1161 2296 σκυθρωπότητι
1200 2222 1436 2293 ὁμαλὸν,
1477 2222 1641 2293 μηδέ-

1737 1868 1858 1927 tas;
1916 1875 2197 1931 nunquam
2257 1860 2650 1915 intermittentes
2710 1857 3045 1930 cogitatione
3117 1864 3312 1910 nostra

1736 1954 1999 2009 terribilis
2036 1953 2184 2008 illius
2228 1961 2283 2008 et
2327 1951 2699 2007 ineluctabilis
2732 1950 2926 2020 judicii
2974 1946 3312 2004 recordatio-

1740 2060 1864 2101 nem
1887 2084 1901 2106 .
1931 2044 2000 2099 ad
2040 2044 2183 2112 quod
2223 2059 2418 2099 omnes
2449 2043 2666 2114 quidem
2701 2042 3060 2105 festinamus,
3093 2040 3187 2095 sed
3217 2036 3313 2107 qui

1737 2132 1888 2189 illius
1922 2134 2367 2199 reminiscantur,
2391 2148 2456 2188 ac
2484 2133 2552 2190 de
2578 2134 2730 2190 illius
2755 2133 2906 2189 exitu
2933 2132 3047 2188 sint
3066 2128 3311 2190 solliciti.

1739 2225 2060 2294 paucissimi
2089 2234 2240 2281 sunt.

77 2334 202 2370 ποτε
250 2318 349 2388 τῆς
378 2316 589 2380 ἑννοίας
628 2315 785 2388 ἡμῶν
832 2313 1126 2386 λειπούσης
1152 2313 1264 2386 (90)
1305 2311 1401 2367 τοῦ
1440 2312 1670 2384 φοϐεροῦ
1706 2316 1801 2369 καὶ
1838 2316 2213 2389 ἀπαραιτήτου
2257 2316 2604 2388 δικαστηρίου
2645 2317 2745 2386 τὴν
2789 2318 3041 2389 μνήμην·
3103 2312 3241 2385 πρὸς
3283 2309 3315 2363 ὃ

75 2409 399 2481 ἐπειγόμεθα
460 2410 561 2482 μὲν
632 2410 873 2472 ἅπαντες
896 2446 912 2473 ,
967 2407 1274 2480 μέμνηνται
1339 2406 1398 2460 δὲ
1464 2405 1668 2471 αὐτοῦ,

75 2520 188 2557 στοι
218 2501 350 2572 (91).

558 2654 903 2708 EHIXTOAH
939 2615 1167 2706 Patr."

1735 2409 1830 2462 καὶ
1911 2409 2009 2482 τὴν
2066 2409 2170 2464 ἀπ’
2237 2410 2404 2464 αὑτοῦ
2465 2410 2690 2464 ἔκϐασιν
2754 2411 3061 2479 ἀγωνιῶσιν
3132 2408 3315 2478 ἐλάχι-

2194 2647 2531 2704 EPISTOLA
2588 2648 2872 2705 CLXXIV'

77 2777 199 2826 Baro
224 2770 389 2824 scribit
411 2770 525 2822 huic
563 2769 726 2823 vidua:
752 2771 989 2830 Basilius,
1011 2783 1072 2821 ne
1093 2769 1213 2835 quid
1234 2766 1281 2822 ei
1312 2766 1962 2838 periculi_cr_eet._.qulatur
1984 2773 2035 2817 ut
2060 2781 2109 2838 _t_1_
2126 2765 2283 2838 divini
2296 2767 2482 2831 judicii
2501 2767 2790 2833 cogitatione
2808 2768 3024 2820 animum
3044 2782 3139 2821 non
3160 2769 3320 2822 dimo-

1037 2828 1151 2883 ce'at
1169 2869 1184 2893 ,
1204 2845 1288 2883 nec
1306 2828 1466 2882 tamen
1487 2829 1640 2881 nimia
1659 2828 1980 2895 distringatur
1997 2828 2340 2880 sollicitudine.

592 2935 745 3003 Πρὸς
767 2933 1113 3004 ἐλευθέραν.

2359 2932 2443 2986 Ad
2479 2934 2713 2990 viduam.

149 3055 315 3124 Ἐγὼ,
340 3058 437 3108 καὶ
469 3054 610 3109 πάνυ
653 3050 976 3123 βουλόμενος
1022 3047 1266 3120 συνεχῶς
1306 3046 1642 3101 ἐπιστέλλειν

1818 3043 2086 3116 Equidem
2124 3044 2229 3100 etsi
2264 3046 2493 3100 omnino
2522 3046 2810 3117 cupiebam
2840 3045 2909 3100 ad
2939 3053 3089 3101 tuam
3121 3048 3323 3105 nobili-

70 3152 132 3219 τῇ
164 3145 417 3217 εὐγενείᾳ
446 3145 621 3215 ὑμῶν,
656 3143 886 3214 ἐπέσχον
908 3143 1019 3214 (92)
1048 3142 1284 3213 ἐμαυτὸν
1305 3139 1411 3203 ἀεὶ,
1449 3140 1644 3211 μήπως

68 3241 201 3304 δόξω
252 3238 407 3302 τινάς
452 3237 580 3308 ὑμῖν
625 3229 964 3307 πειρασμοὺς
1004 3233 1344 3305 ἐπεγείρειν,
1391 3231 1479 3285 διὰ
1517 3230 1645 3295 τοὺς

70 3331 377 3405 φιλέχθρως
410 3329 545 3401 πρὸς
574 3329 722 3401 ἡμᾶς
749 3327 1126 3397 διακειμένους
1145 3342 1160 3356 θ
1188 3325 1304 3387 καὶ,
1338 3323 1414 3387 ὡς
1441 3323 1643 3389 ἀκούω,

71 3428 233 3500 μέχρι
259 3425 356 3480 καὶ
384 3425 591 3477 τούτων
626 3421 724 3493 τὴν
763 3420 964 3492 ἔχθραν
1003 3417 1348 3480 ἐλαύνοντας,
1380 3415 1519 3469 ὥστε
1553 3432 1648 3468 πο-

66 3518 479 3591 λυπραγμονεῖν
510 3513 620 3583 (95)
661 3515 712 3568 εῐ
743 3511 845 3567 πού
872 3529 957 3575 τις
994 3510 1087 3564 καὶ
1111 3509 1347 3581 γράμμα
1377 3506 1648 3578 ήμέτερον

63 3608 298 3680 δέχοιτο.
339 3603 561 3674 Ἐπειδὴ
600 3604 658 3657 δὲ
699 3601 875 3674 αὐτὴ,
911 3599 1096 3663 καλῶς
1135 3596 1365 3652 ποιοῦσα
1393 3637 1406 3660 ,
1440 3599 1646 3666 κατῆρ-

66 3698 163 3764 ξας
200 3695 298 3751 τοῦ
344 3695 697 3767 γράμματος,
725 3691 820 3745 καὶ
862 3687 1179 3751 ἐπέστειλας
1235 3688 1367 3758 ἡμῖν
1400 3684 1436 3739 ἃ
1484 3684 1650 3756 ὲχρῆν

66 3786 198 3858 περὶ
222 3784 336 3838 τῶν
370 3785 515 3836 κατά
544 3782 644 3852 τὴν
674 3779 853 3851 ψυχήν
898 3794 991 3832 σου
1038 3775 1382 3849 πραγμάτων
1428 3776 1650 3829 ἀνακοι-

63 3878 343 3950 νουμένη,
398 3874 750 3946 προετράπην
795 3873 876 3935 εἰς
921 3868 983 3923 τὸ
1038 3867 1472 3924 ἀντεπιστεῖλαι⁸
1513 3864 1649 3937 ὁμοῦ

65 3969 167 4041 μὲν
191 3968 270 4022 τά
296 3969 360 4020 ὲν
396 3964 477 4036 τῷ
523 3962 845 4035 παρελθόντι
892 3960 1071 4032 χρόνῳ
1115 3957 1457 4027 ὲλλειφθέντα
1485 3956 1644 4010 ἔεπαν⁴

59 4058 424 4131 ορθούμεδνος,
454 4055 590 4127 όμοῦ
623 4054 681 4108 δὲ
709 4054 806 4107 καὶ
836 4052 974 4124 πρὸς
1006 4050 1075 4104 τὰ
1103 4047 1480 4119 ἐπεσταλμένα
1503 4046 1652 4119 παρὰ

58 4151 161 4220 τῆς
187 4147 295 4217 σῆς
332 4146 610 4215 εὐγενείας
627 4143 1083 4216 ἀποκρινόμενος.
1111 4142 1235 4194 Ὀτι
1264 4138 1510 4212 μακαρία
1536 4138 1652 4192 ἐστὶ

57 4238 238 4310 ψυχῆς
273 4239 310 4310 ἠ
353 4237 550 4300 νυκτὸς
584 4236 680 4290 καὶ
716 4234 933 4307 ἡμέρας
978 4233 1249 4305 μηδεμίαν
1300 4231 1466 4302 ἀλλην
1498 4229 1653 4302 μέρι-

63 4348 208 4402 μναν
247 4328 585 4401 στρέφουσα,
628 4328 662 4400 ἢ
700 4327 817 4391 πῶς
853 4328 945 4381 ἐπὶ
991 4327 1091 4396 τῆς
1133 4324 1374 4397 μεγάλης
1415 4324 1649 4396 ἡμέρας,

60 4422 189 4476 καθ’
214 4423 287 4493 ἢν
312 4423 467 4477 πᾶσα
490 4422 525 4492 ή
553 4419 733 4482 κτίσις
763 4419 1155 4491 περιστήσεται
1180 4416 1272 4469 τὸν
1298 4415 1519 4486 κριτὴν,
1554 4415 1650 4478 τὰς

56 4515 306 4576 εὐθύνας
355 4512 467 4566 τῶν
512 4510 918 4583 πεπραγμένων
965 4506 1291 4563 ἀποδιδοῦσα
1314 4548 1330 4571 ,
1373 4507 1469 4561 καὶ
1512 4508 1651 4579 αὐτὴ

138 4649 284 4724 (88)Δ
309 4647 410 4724 Ὠς
433 4649 528 4724 ἐπ’
538 4647 757 4724 ρὺζῆς.
782 4645 942 4724 Deest
964 4645 1038 4724 ᾡς
1061 4646 1113 4724 i_n
1132 4652 1373 4724 quatuor
1383 4658 1517 4698 mss.
1542 4659 1651 4724 non

58 4712 501 4790 antiquissimis.
538 4712 907 4790 Ibideinediti
962 4712 1293 4790 εὑρήκαμεν.
1331 4712 1467 4769 Tres
1502 4723 1655 4769 vetu-

58 4787 310 4845 stissimi
336 4789 559 4843 codices
584 4801 640 4844 et
670 4787 764 4841 alii
789 4787 1038 4842 nonnulli
1077 4795 1139 4840 ut
1177 4788 1234 4838 in
1262 4792 1439 4839 testu.

136 4860 262 4928 (89)
331 4857 648 4928 'I‘xdpxet.
690 4858 770 4912 ita
819 4866 958 4928 tres;
985 4853 1652 4928 antiqui_ssimi_codices.

58 4923 219 4984 Ed'iti
257 4923 582 5000 ὲωπάρχεὶ.
615 4927 818 5000 Ibidem
844 4925 983 4981 Med.
1017 4934 1080 5000 et
1109 4923 1280 4981 Coisl.
1310 4923 1522 4994 primus
1552 4923 1656 4993 φύ-

59 5016 207 5064 σεως
238 4995 629 5067 πλεονέκτημα
656 4998 775 5052 sine
807 4995 1212 5067 prtepositione.

133 5060 275 5140 (90)
534 5060 939 5140 astatoria-1c...-
964 5064 1095 5140 tim
1109 5063 1380 5140 μνήμαιυςΣ
1412 5060 1491 5140 Ita
1538 5069 1655 5119 tres

58 5133 445 5195 vetustissimi
466 5138 684 5191 codices
702 5144 756 5191 et
778 5138 1025 5205 Clarom.
1042 5135 1147 5205 nisi
1165 5138 1313 5205 quod
1335 5133 1656 5205 Harlzeanus

58 5210 249 5265 codex
306 5208 473 5278 habet
512 5205 921 5278 ἐπιλειπούσης.
949 5203 1125 5278 Εᾱὶιὶ-
1147 5203 1257 5278 non
1303 5203 1518 5278 habent
1557 5203 1656 5271 τὴν

62 5280 356 5350 μνήμην,
510 5277 657 5350 hunc
689 5272 869 5350 locutu
890 5274 998 5350 _sit_:
1044 5274 1337 5350 exhibent:
1381 5272 1655 5350 μηδέποτε

58 5343 428 5418 ἧς”ἑννοίας
462 5345 846 5418 ἐπιλειπούσης
879 5345 1027 5416 ἡμᾶς
1063 5343 1181 5418 τού,
1222 5352 1330 5418 etc.
1368 5343 1657 5412 Nunquam

58 5434 93 5470 α
114 5413 293 5472 nobis
322 5415 589 5470 recedente
611 5413 934 5485 cogitatione
960 5413 1213 5485 terribilis
1237 5413 1405 5475 illius,
1438 5420 1546 5466 etc.

134 5488 262 5557 (91)
295 5480 743 5555 Supplementum
768 5487 836 5539 ad
867 5485 1008 5538 hanc
1027 5480 1659 5557 epistolam‘ntanecdo-

57 5550 185 5611 tuin
224 5550 437 5612 Latine
476 5565 685 5609 tantum
717 5564 772 5610 et
813 5550 1229 5622 corruptissime
1261 5552 1433 5607 edidit
1460 5550 1658 5622 Petrus

57 5628 346 5699 Aloysius
388 5622 650 5699 Galletjus
679 5620 1416 5699 (ap._t\_1nat[iizti_Anecdota
1448 5620 1660 5699 litteru-

52 5690 192 5763 ria;
212 5705 363 5754 tom.
393 5697 437 5759 l,
466 5711 518 5765 p.
547 5695 661 5763 ‘23).
689 5690 926 5763 Incipit:
964 5690 1149 5747 Multis
1193 5708 1309 5747 uero
1348 5691 1656 5747 exsistenti-

407 5789 682 5850 ΡΑτιιοι.
716 5787 833 5849 Gn.
865 5786 1132 5849 XXXII.

1744 3144 1912 3193 tatem
1963 3136 2264 3206 saepissime
2309 3137 2572 3203 scribere,
2622 3154 2712 3195 me
2751 3138 2871 3209 ipse
2906 3153 3123 3211 semper
3163 3143 3321 3198 cohi-

1746 3230 1866 3293 bui,
1906 3244 1975 3284 ne
2017 3243 2157 3299 quas
2200 3230 2360 3285 vobis
2405 3229 2737 3286 tentationes
2769 3230 2986 3286 viderer
3030 3236 3319 3299 suscitare,

1746 3333 1974 3393 propter
2014 3338 2112 3378 eos
2155 3324 2250 3393 qui
2287 3322 2506 3377 infenso
2533 3323 2588 3377 in
2626 3338 2714 3378 me
2741 3330 2872 3379 sunt
2916 3325 3124 3390 animo,
3158 3334 3325 3398 atque

1748 3414 1936 3479 etiam,
1982 3421 2044 3469 ut
2074 3413 2262 3476 audio,
2307 3413 2652 3468 inimicitiam
2690 3428 2757 3469 eo
2783 3428 2962 3485 usque
2991 3415 3319 3486 perducunt,

1752 3513 1811 3559 ut
1838 3505 2113 3561 curiosius
2162 3505 2465 3576 inquirant,
2496 3519 2565 3558 an
2598 3503 2725 3575 quis
2753 3519 2785 3559 a
2812 3520 2901 3562 me
2933 3506 3145 3563 litteras
3172 3508 3323 3562 acci-

1748 3600 1883 3670 piat.
1918 3597 2026 3653 Sed
2050 3597 2181 3669 quia
2210 3597 2371 3669 262
2408 3597 2528 3667 ipsa
2561 3596 2824 3667 praeclare
2852 3595 3083 3662 faciens,
3111 3599 3323 3655 litteras

1751 3691 1968 3761 coepisti
2020 3691 2262 3753 mittere,
2303 3704 2367 3743 ac
2397 3689 2672 3759 scripsisti
2717 3689 2900 3754 nobis,
2946 3697 3007 3743 ut
3050 3705 3150 3761 par
3180 3701 3321 3755 erat,

1750 3783 1819 3839 de
1850 3783 2014 3837 rebus
2039 3781 2235 3836 animae
2276 3788 2384 3834 tuae
2411 3782 2849 3847 communicans,
2903 3781 3166 3839 incitatus
3201 3799 3320 3840 sum

1751 3874 1820 3927 ad
1847 3870 2287 3935 rescribendum,
2316 3885 2442 3925 cum
2479 3885 2543 3925 ea
2594 3885 2716 3941 qua:
2763 3872 3043 3942 prteterito
3078 3880 3326 3945 tempore

1751 3966 1957 4021 omissa
2006 3972 2156 4026 sunt,
2212 3962 2482 4026 sarciens,
2533 3970 2650 4016 tum
2703 3964 2869 4018 etiam
2930 3964 2999 4018 ad
3042 3980 3107 4021 ea
3138 3981 3263 4036 quae
3292 3981 3324 4020 a

1752 4064 1846 4110 tua
1890 4055 2178 4111 nobilitate
2223 4055 2432 4124 scripta
2489 4062 2658 4121 sunt,
2699 4056 3066 4126 respondens.
3118 4056 3326 4129 Nempe

1750 4149 1912 4203 beata
1964 4156 2049 4203 est
2088 4147 2271 4201 anima
2316 4147 2432 4211 illa,
2473 4162 2596 4217 qua:
2627 4155 2793 4203 noctu
2828 4165 2893 4205 ac
2921 4150 3162 4207 interdiu
3198 4153 3327 4208 nul-

1752 4241 1860 4294 lam
1909 4239 2072 4293 aliam
2106 4252 2295 4293 curam
2345 4245 2548 4302 versat,
2583 4238 2695 4293 nisi
2721 4240 2998 4311 quomodo
3028 4240 3086 4295 in
3116 4241 3203 4297 die
3232 4241 3326 4297 illa

1752 4346 1971 4404 magna,
2003 4330 2059 4385 in
2100 4345 2209 4401 qua
2249 4337 2505 4385 creatura
2547 4329 2730 4385 omnis
2770 4331 3051 4387 actionum
3100 4346 3326 4388 suarum

1756 4424 2023 4477 rationem
2057 4418 2602 4490 redditurajudicem
2634 4418 3036 4482 circumstabit,
3072 4419 3248 4490 possit
3273 4428 3329 4473 et

1755 4516 1871 4584 ipsa
1916 4513 2042 4569 vitae
2087 4528 2203 4569 suae
2251 4511 2522 4567 rationem
2571 4509 2738 4567 facile
2770 4526 2994 4582 ponere.
3026 4510 3132 4574 Qui
3179 4513 3326 4567 enim

1755 4646 1850 4702 bus
1881 4663 1998 4717 qua:
2027 4664 2059 4717 α
2084 4645 2264 4717 divino
2290 4643 2579 4717 Scriptura
2603 4643 2944 4717 manifestata
2983 4653 3125 4717 sunt,
3162 4652 3213 4717 et
3244 4641 3326 4695 his

1753 4718 1842 4787 qui
1876 4713 1908 4770 ἀ
1941 4716 2193 4772 studiosis
2216 4715 2398 4770 debent
2422 4715 2580 4783 dirigi
2615 4723 2665 4767 et
2698 4713 2809 4787 Deo
2834 4716 3040 4787 placere
3068 4713 3328 4787 festinan-

1756 4781 1894 4840 tibus
1917 4788 1971 4840 in
2001 4787 2405 4856 prwsentiarum
2432 4781 2584 4856 moti.
2611 4801 2643 4837 a
2660 4784 2811 4856 gobis
2835 4781 3201 4856 soluunsicut
3238 4781 3326 4834 di-

1754 4857 1882 4922 dici,
1900 4851 2029 4917 etc..
2051 4864 2331 4924 corrupte.
2364 4854 2570 4924 Desinit
2600 4851 2695 4924 :_F
2699 4863 2977 4923 ructusque
3002 4851 3187 4923 dignos
3215 4866 3325 4920 pa:-

1755 4928 1989 4981 nitentiw
2022 4922 2290 4979 ostendere
2319 4924 2416 4978 Dei
2458 4922 2852 4993 beneplacentiq
2880 4922 2927 4993 et
2966 4924 3330 4993 cooperatione

1755 4998 1971 5051 Domini
2011 4996 2181 5050 nostri
2201 4993 2330 5047 Jesu
2359 4991 2592 5048 Christi.
2613 4993 2800 5047 Amen.
2826 4991 2929 5046 Sed
2966 5008 3088 5062 qua:
3120 4992 3326 5062 inedita

1755 5068 1967 5135 putavit
2011 5066 2096 5121 vir
2132 5063 2509 5135 doctissimus,
2531 5077 2608 5135 ‘ea
2653 5062 2881 5135 totidem
2920 5061 3328 5135 verbisGraece

1755 5130 1809 5192 et
1842 5136 2053 5257 Latitée,
2096 5133 2439 5190 emendatius
2471 5131 2659 5199 etiam,
2691 5134 2870 5203 legere
2910 5138 2995 5188 est
3037 5131 3201 5203 epist.
3231 5130 3326 5193 22,

1757 5221 1945 5257 supra.
2016 5221 2127 5257 nrr.

1757 5221 1945 5267 supra.
1973 5221 2127 5258 ILDIT.

1973 5223 2304 5348 ιέἓῗτῖέοξχρτς.
2347 5270 2428 5327 Ita
2452 5286 2608 5348 _m_ss_.
2634 5285 2883 5348 _summo
2928 5284 3231 5348 consensu,
3275 5275 3331 5325 ct

1757 5339 1933 5417 paulo
1948 5352 2071 5414 post
2097 5339 2422 5413 φιλέχθρως.
2452 5340 2610 5417 Editi
2624 5341 2862 5417 ἀπέσχον
2886 5347 2940 5417 et
2965 5339 3254 5417 φιλεχθῷς.

1829 5411 2531 5484 (95)’Πολὺπραγδμοκεῖος.
2571 5411 2721 5465 Ilarl.
2772 5411 2837 5484 et
2887 5411 3057 5484 Coisl.
3115 5412 3327 5480 primus

1761 5479 2237 5555 φιλοπραγμονεῐν,
2279 5479 2429 5555 quod
2462 5481 2605 5537 idem
2650 5480 2944 5554 signiﬁcat.
2990 5479 3162 5536 Paulo
3201 5485 3328 5550 post

1760 5552 1901 5611 idem
1921 5552 2090 5608 Coisl.
2121 5552 2413 5623 toguéxgijy.
2459 5619 2484 5623 _
2562 5622 2567 5623 γ
2711 5552 2741 5623 ί
3051 5563 3140 5623 __'_

2455 5619 2668 5680 Scrinta
2700 5622 2846 5678 circa
2875 5635 3021 5676 anno
3051 5620 3178 5681 574.

2938 5780 3014 5843 21
