3864 6216
482 318 578 373 651

1824 300 1883 357 S.
1925 299 2170 356 BASILII
2210 298 2421 357 MAGNI

3632 294 3756 350 653

478 430 623 484 diem
648 425 795 480 illam
829 431 992 493 atque
1015 421 1203 477 horam
1229 426 1355 473 ante
1385 417 1575 473 oculos
1607 414 1839 485 positam
1864 416 2051 478 habet,

2194 415 2354 488 υνηθῇ
2383 414 2599 483 κούφως
2634 411 2933 467 ἀποθέσθαι
2980 410 3071 464 τὸν
3112 408 3268 478 λόγον
3316 407 3425 461 τῶν
3459 405 3758 476 βεϐιωμέ-

478 533 809 589 setnperque
854 530 1010 572 suam
1066 528 1168 584 pro
1219 513 1313 566 illo
1357 508 1649 573 tribunali,
1698 506 1842 577 quod
1877 505 2055 577 decipi

478 610 696 682 nequit,
743 606 1122 664 defensionem
1176 604 1497 668 meditatur,
1542 602 1590 657 is
1640 610 1735 657 aut
1781 599 1919 654 nihil
1964 605 2060 652 aut

479 705 711 762 omnino
758 700 1037 757 levissima
1084 698 1376 769 peccabit;
1431 695 1560 766 quia
1615 707 1842 756 peccare
1902 690 2060 746 nobis

481 794 554 850 ob
577 793 884 849 absentiam
918 789 1133 844 timoris
1176 786 1270 841 Dei
1304 785 1593 855 contingit.
1624 782 1837 849 Quibus
1873 788 2057 834 autem

484 887 638 941 clare
667 882 1056 941 obversabitur
1092 880 1425 933 intentat-um
1467 875 1745 928 minarum
1776 878 2062 941 exspecta-

484 984 587 1043 tio,
619 978 707 1033 his
732 975 945 1031 nullum
972 980 1191 1042 tempus
1220 969 1373 1024 dabit
1403 967 1604 1022 insitus
1635 965 1799 1019 timor
1827 964 1881 1018 in
1908 964 2063 1017 invo—

478 1071 756 1128 ‘luntarias
778 1067 1024 1122 actiones
1056 1073 1151 1118 aut
1172 1060 1533 1133 cogitationes
1555 1056 1851 1113 incidendi.
1877 1054 2064 1126 Itaque

488 1165 586 1221 Dei
616 1160 957 1223 memineris,
985 1164 1039 1213 et
1081 1155 1232 1211 illius
1259 1154 1516 1208 timorem
1552 1152 1606 1205 in
1641 1151 1807 1205 corde
1838 1148 2061 1209 habeto,

492 1270 655 1330 atque
700 1255 769 1311 ad
814 1250 1257 1309 communionem
1299 1261 1527 1318 precum
1569 1257 1763 1298 omnes
1796 1241 2054 1311 adjunge.

493 1354 747 1423 Magnum
792 1347 939 1403 enim
988 1352 1072 1400 est
1099 1356 1289 1398 eorum
1342 1338 1437 1409 qui
1486 1336 1655 1392 Deum
1690 1335 1907 1405 placare
1936 1346 2065 1403 pos-

496 1454 626 1503 sunt
685 1440 973 1497 auxilium.
1034 1435 1225 1506 Neque
1274 1433 1389 1487 haec
1455 1429 1637 1485 facere
1682 1425 2064 1483 intermiseris.

495 1538 629 1593 Nam
662 1543 717 1591 et
757 1529 1069 1589 viventibus
1125 1526 1286 1581 nobis
1341 1525 1396 1577 in
1437 1522 1543 1577 hac
1581 1534 1749 1575 carne
1781 1519 1921 1574 bona
1965 1516 2071 1572 erit

497 1629 740 1701 adiutrix
772 1625 1044 1699 precatio,
1067 1630 1122 1677 et
1150 1618 1278 1675 inde
1299 1614 1780 1687 proﬁciscentibus
1810 1611 2066 1667 idoneum

498 1724 758 1779 viaticum
813 1721 883 1773 ad
929 1715 1179 1771 futurum
1213 1726 1411 1767 aevum.
1457 1703 1935 1775 Quemadmodum
1971 1717 2069 1755 au-

2159 527 2285 563 νων.
2327 509 2384 561 '0
2416 506 2525 579 γὰρ
2562 505 2779 578 ἐκείνην
2813 503 2910 574 τὴν
2949 504 3159 574 ἡμέραν
3186 502 3281 554 καὶ
3309 499 3406 570 τὴν
3430 498 3593 569 ῶραν
3642 499 3760 569 πρὸ

2158 601 2452 674 ὀφθαλμῶν
2480 600 2782 670 τιθέμενος,
2825 600 2922 651 καὶ
2958 596 3045 649 del.
3088 593 3326 665 μελετῶν
3370 592 3467 663 τὴν
3503 591 3608 643 ὲπὶ
3649 589 3759 644 τοῦ

2159 693 2601 764 ἀπαραλογίστου
2626 691 2741 760 (94)
2776 688 3061 761 κριτηρίου
3099 684 3411 754 ἀπολογίαν,
3442 686 3471 736 ὁ
3492 682 3761 743 τοιοῦτος

2159 787 2194 858 ἢ
2222 787 2377 842 οὐδὲν
2416 785 2716 848 παντελῶς,
2747 783 2781 853 ἦ
2828 781 3088 851 ἐλάχιστα
3134 777 3549 849 ἁμαρτήσεται·
3612 775 3764 827 διότι

2159 880 2222 933 τὸ
2273 877 2609 950 ἁμαρτάνειν
2653 878 2784 947 ἡμῖν
2818 872 2961 928 κατὰ
2999 869 3267 925 ἀπουσίαν
3299 868 3393 921 τοῦ
3424 865 3605 937 φόϐου
3651 863 3764 916 τοῦ

2161 969 2296 1024 Θεοῦ
2320 970 2431 1039 (95)
2456 968 2687 1037 γίνεται.
2706 960 2801 1029 Οἷς
2822 964 2863 1018 δ’
2892 965 2957 1018 ἂν
2988 962 3224 1034 ἐναργὴς
3255 961 3403 1030 παρῇ
3431 957 3551 1010 τῶν
3588 957 3768 1010 ἀπει-

2163 1059 2435 1129 λουμένων
2477 1058 2512 1128 ή
2559 1054 2855 1127 προσδοκία
2880 1095 2897 1118 ,
2945 1052 3134 1105 οὐδένα
3179 1048 3368 1120 καιρὸν
3412 1046 3589 1101 δώσει
3637 1048 3769 1107 τοῖς

2162 1151 2422 1215 τοιούτοις
2471 1150 2501 1202 ό
2533 1149 2782 1210 σύνοικος
2827 1144 2989 1215 φόϐος
3043 1145 3123 1206 εἰς
3155 1141 3482 1210 ἀϐουλήτους
3514 1136 3770 1208 πράξεις

2165 1244 2198 1313 ἦ
2232 1242 2559 1314 ἐνθυμήσεις
2586 1240 2839 1293 ἐκπεσεῖν
2861 1237 2993 1308 (96).
3023 1236 3132 1291 Καὶ
3156 1233 3401 1304 μέμνησο
3436 1229 3630 1283 τοίνυν
3658 1228 3768 1281 τοῦ

2172 1334 2330 1394 Θεοῦ,
2366 1334 2461 1386 καὶ
2494 1332 2583 1402 ἔχε
2634 1330 2724 1384 τὸν
2760 1328 2926 1383 αὐτοῦ
2973 1325 3136 1395 φόϐον
3179 1327 3235 1376 ἐν
3268 1326 3334 1395 τῇ
3385 1322 3621 1392 καρδίᾳ,
3657 1319 3771 1372 καὶ

2168 1428 2373 1489 πάντας
2402 1426 2481 1488 είς
2514 1424 2614 1495 τὴν
2655 1421 2939 1477 κοινωνίαν
2970 1418 3077 1472 τῶν
3109 1416 3282 1487 εὐχῶν
3322 1413 3771 1486 παραλάμϐανε.

2167 1518 2395 1588 Μεγάλη
2449 1517 2557 1587 γὰρ
2612 1515 2704 1569 καὶ
2760 1517 2795 1585 ή
2828 1514 2935 1565 τῶν
2977 1511 3293 1581 δυναμένων
3329 1508 3608 1561 δυσωπεῖν
3662 1504 3773 1557 τὸν

2167 1610 2299 1664 Θεὸν
2336 1609 2574 1680 βοήθεια.
2621 1607 2732 1661 Καὶ
2769 1606 2842 1677 μὴ
2868 1603 3119 1676 διαλίπῃς
3143 1600 3316 1656 ταῦτα
3340 1599 3599 1653 ποιοῦσα.
3639 1598 3775 1650 Καὶ

2170 1702 2279 1773 γὰρ
2310 1702 2406 1754 καὶ
2434 1701 2599 1766 ζῶσιν
2627 1702 2759 1770 ἡμῖν
2785 1700 2882 1770 τὴν
2908 1698 2966 1749 ἐν
3000 1694 3164 1766 σαρκὶ
3193 1694 3365 1764 ταύτῃ
3388 1691 3539 1763 ζωὴν
3570 1689 3773 1759 ἀγαθὴ

501 1825 609 1873 tem
654 1809 972 1869 sollicitudo
1004 1823 1094 1863 res
1130 1806 1275 1860 bona
1319 1810 1404 1857 est
1437 1841 1453 1867 ,
1498 1799 1575 1854 ita
1604 1811 1799 1851 rursus
1828 1794 2070 1848 animum

2194 1794 2323 1846 ἶσται
2354 1791 2597 1863 βοηθὸςὴ
2624 1792 2899 1863 προσευχή
2920 1807 2933 1820 °
2957 1791 3050 1843 κα).
3077 1786 3469 1858 ἀπερχομένοις
3495 1781 3774 1835 ἐντεῦθεν

500 1906 844 1980 despondere
889 1909 944 1957 et
991 1901 1307 1970 desperare,
1358 1909 1422 1949 ac
1475 1892 1542 1948 de
1588 1890 1763 1946 salute
1804 1885 2068 1946 diﬂidere,

501 2017 592 2058 res
605 1977 753 2056 sunt
778 1992 1205 2051 animae.noxiae.
1222 1988 1385 2059 Spem
1415 1986 1600 2054 itaque
1628 1982 1684 2037 in
1702 1979 1800 2035 Dei
1825 1977 2073 2034 bonitate

503 2094 743 2155 colloca,
775 2098 830 2145 et
858 2087 1007 2142 illius
1056 2082 1321 2138 auxilium
1351 2084 1609 2149 exspecta
1643 2093 1657 2131 :
1684 2080 1837 2129 certo
1867 2072 2071 2131 sciens,

506 2187 553 2243 si
598 2191 747 2241 recte
797 2194 861 2234 ac
896 2179 1108 2235 sincere
1149 2175 1216 2228 ad
1266 2172 1444 2241 ipsum
1483 2173 1890 2231 convertamur,
1928 2162 2077 2216 futu-

509 2292 629 2333 rum
654 2285 714 2331 ut
735 2288 844 2329 non
860 2271 1022 2327 modo
1043 2284 1144 2323 nos
1166 2266 1390 2323 omnino
1410 2278 1516 2317 non
1542 2253 1891 2330 rejiciat,sed
1910 2254 2074 2308 etiam

508 2366 669 2423 nobis
708 2362 886 2418 adhuc
929 2372 1153 2431 precum
1198 2356 1363 2412 verba
1424 2348 1827 2423 proletentibus
1870 2345 2016 2400 dicat
2058 2362 2071 2397 :

510 2457 650 2513 Ecce
678 2457 896 2510 adsum.

2178 1884 2385 1952 ἐφόδιον
2404 1882 2625 1953 διαρκὲς
2653 1881 2788 1953 πρὸς
2808 1882 2897 1934 τὸν
2919 1880 3088 1933 αἰῶνα
3110 1877 3201 1930 τὸν
3232 1875 3512 1946 μέλλοντα.
3536 1874 3774 1942 Ὠσπερ

2177 1974 2233 2027 δέ
2260 1977 2293 2045 ἡ
2315 1972 2531 2045 φροντὶς
2557 1972 2791 2044 πρᾶγμά
2814 1975 2959 2025 ἐστιν
2981 1969 3202 2038 ἀγαθὸν,
3219 1966 3361 2020 οὕτω
3376 1966 3541 2019 πάλιν
3564 1965 3599 2034 ἠ
3622 1962 3775 2015 ἀθυ-

2182 2067 2281 2136 μία
2309 2066 2402 2119 καὶ
2432 2066 2464 2136 ἡ
2495 2064 2825 2133 ἀπόγνωσις,
2850 2064 2941 2117 καὶ
2967 2062 3029 2115 τὸ
3058 2059 3421 2119 δυσελπίστως
3448 2055 3598 2126 ἔχειν
3620 2054 3779 2126 πρὸς

2182 2158 2478 2230 σωτηρίαν,
2502 2157 2612 2210 τῶν
2647 2155 2990 2227 βλαπτόντων
3022 2153 3140 2206 ἐστὶ
3175 2151 3273 2223 τὴν
3311 2150 3513 2220 ψυχήν.
3559 2147 3777 2200 Ἐπέλ-

2182 2247 2305 2311 πιζε
2350 2247 2531 2300 τοίνυν
2573 2250 2639 2318 τῇ
2691 2245 2989 2315 ἀγαθότητι
3036 2242 3131 2296 τοῦ
3176 2239 3335 2303 Θεοῦ,
3384 2239 3481 2292 καὶ
3528 2237 3779 2307 ὲκδὲχου

2179 2340 2343 2394 αὐτοῦ
2388 2340 2487 2412 τὴν
2534 2340 2851 2411 ἀντίληψιν.
2884 2337 3246 2406 γινώσκουσα,
3287 2335 3388 2397 ὅτι,
3428 2332 3525 2384 ἐὰν
3576 2328 3781 2390 καλῶς

2181 2436 2276 2487 καὶ
2316 2433 2553 2503 γνησίως
2587 2432 2723 2504 πρὸς
2776 2431 2937 2485 αὑτὸν
2986 2427 3431 2499 ἐπιστραφῶμεν,
3477 2424 3542 2477 οὗ
3601 2421 3781 2491 μόνον

509 2511 611 2606 obit
640 2547 933 2621 ἀπορρίψει
966 2544 1112 2616 ἡμᾶς
1161 2542 1242 2603 είς
1286 2538 1345 2591 τὸ
1394 2531 1674 2598 παντελὲς,
1717 2529 1831 2585 ἀλλ’
1874 2525 1955 2581 ἐτι
1995 2525 2298 2580 λαλούντων
2334 2525 2490 2597 ἡμῶν
2552 2524 2619 2577 τὰ
2682 2525 2903 2595 ῥήματα
2951 2522 3053 2591 τῆς
3095 2518 3403 2591 προσευχῆς
3446 2516 3587 2584 ἐρεῖ·
3626 2511 3779 2565 Ἰδοὺ

513 2648 721 2716 πάρειμ

966 2807 1305 2866 EPISTOLA
1341 2801 1619 2861 CLXXV'.

2678 2790 3020 2843 ΕΠΙΣΤΟΛΗ
3062 2790 3228 2842 ΡΟΕ’.

1168 2964 1238 3014 De
1261 2959 1360 3026 ﬁde
1383 2956 1504 3009 nihil
1524 2956 1623 3007 vult
1644 2950 1856 3005 scribere
1880 2946 2112 3007 Basilius,
2133 2960 2190 2997 ac
2211 2948 2272 3000 de
2295 2943 2723 2997 calumniatoribus
2743 2943 2847 2996 suis
2868 2942 3108 3009 queritur.

1013 3109 1367 3183 Magneniano
1397 3102 1599 3158 comiti.

585 3251 708 3314 Non
734 3256 809 3310 ita
835 3249 1046 3324 pridem
1080 3242 1353 3302 scribebat
1391 3238 1523 3293 mihi
1551 3232 1792 3306 gravitas
1826 3239 1939 3292 tua,
1962 3241 2086 3281 cum

518 3350 783 3410 nonnulla
838 3346 965 3407 alia,
1007 3350 1121 3396 tum
1176 3346 1237 3391 ut
1282 3336 1350 3390 de
1397 3331 1505 3387 ﬁde
1551 3327 1872 3386 scriberem,
1905 3329 2090 3389 aperte

522 3441 861 3517 praecipiens.
890 3434 1004 3505 Ego
1029 3445 1193 3504 porro
1217 3420 1369 3483 tuum
1395 3423 1560 3491 hujus
1589 3419 1664 3474 rei
1698 3415 1938 3470 admiror
1968 3422 2089 3468 stuc

522 3506 701 3599 dium,
730 3549 795 3589 ac
826 3530 996 3584 Deum
1039 3539 1194 3595 rogo,
1222 3530 1285 3575 ut
1308 3515 1585 3573 indefessa
1619 3510 1719 3566 tibi
1760 3506 1892 3562 insit
1920 3506 2092 3561 bono-

522 3643 644 3684 rum
659 3625 874 3686 electio,
889 3635 951 3675 ac
964 3630 1180 3687 semper
1201 3608 1557 3685 progrediens
1578 3613 1694 3658 tum
1710 3598 1959 3659 scientia,
1974 3606 2090 3650 tum

522 3718 683 3775 bonis
714 3713 993 3785 Operibus,
1029 3705 1299 3777 perfectus
1325 3699 1543 3757 evadas.
1562 3694 1671 3751 Sed
1709 3693 1835 3785 quia
1866 3689 1999 3785 nolo
2025 3687 2093 3742 de

524 3809 629 3865 ﬁde
652 3778 911 3875 scriptum
943 3800 1273 3868 relinquere,
1311 3806 1414 3847 nec
1437 3790 1685 3845 diversas
1710 3782 1836 3838 ﬁdei
1872 3778 2088 3851 proles.

526 3903 711 3959 siones
754 3895 1016 3957 scribere,
1051 3888 1301 3947 recusavi
1340 3886 1558 3939 mittere
1585 3893 1707 3951 quae
1746 3872 2090 3946 postulastis.

525 3993 792 4048 Caeterum
833 3983 967 4039 mihi
1002 3978 1260 4037 videmini
1287 3972 1495 4030 erudiri
1528 3970 1595 4026 ab
1622 3966 1937 4023 hominibus
1978 3961 2095 4016 illic

528 4074 665 4139 nihil
711 4076 1018 4151 agentibus,
1044 4072 1137 4142 qui
1165 4076 1226 4123 ut
1270 4083 1358 4122 me
1390 4062 1793 4121 calumnientur
1832 4054 2094 4111 nonnulla

527 4175 814 4249 proferunt
847 4187 862 4236 ;
889 4164 1050 4238 quasi
1088 4161 1215 4217 inde
1248 4159 1461 4229 seipsos
1483 4156 1594 4210 sint
1629 4145 2090 4210 commendaturi,

528 4237 576 4322 si
608 4264 678 4319 de
721 4277 806 4317 me
844 4237 1163 4329 turpissima
1197 4250 1549 4307 mentiantur.
1590 4243 1719 4299 lllos
1749 4241 1893 4297 enim
1928 4237 2099 4293 nudat

528 4355 865 4427 praeteritum
926 4359 1181 4419 tempus,
1227 4351 1281 4398 et
1333 4337 1689 4411 progrediens
1756 4329 2094 4403 experientia

2579 3090 2984 3160 Μαγνηνιανῷ
3007 3091 3118 3164 (97)
3145 3093 3375 3159 κόμητι.

2261 3228 2458 3299 Πρώην
2487 3228 2772 3283 ἐπέστελλε
2812 3247 2901 3299 μοι
2924 3230 2959 3301 ἡ
3002 3227 3269 3299 σεμνότης
3304 3244 3397 3280 σου
3445 3225 3591 3281 ἄλλα
3626 3227 3780 3287 τινὰ,

2190 3322 2282 3373 καὶ
2326 3321 2454 3393 περὶ
2490 3321 2723 3385 πίστεως
2761 3322 2970 3394 γράψαι
3012 3321 3161 3391 ἡμᾶς
3208 3318 3452 3387 ἐναργῶς
3491 3320 3784 3389 προστάσ-

2193 3430 2379 3467 σουσα.
2441 3414 2581 3467 Ἀλλ’
2638 3413 2749 3481 ἐγὼ
2794 3413 2893 3484 τὴν
2951 3413 3048 3484 μὲν
3096 3412 3194 3483 σὴν
3243 3412 3372 3483 περὶ
3418 3411 3482 3463 τδ
3531 3413 3781 3483 πρᾶγμα

2189 3507 2693 3579 ἄγαμαι-σπουδὴν,
2739 3507 2832 3560 καί⁵
2888 3506 3117 3579 εὔχομαι
3170 3505 3248 3575 τῷ
3295 3503 3415 3575 Θεῷ
3464 3504 3782 3569 ἀνενδότας

2194 3618 2274 3654 σοι
2305 3600 2412 3653 τῶν
2440 3600 2658 3670 ἀγαθῶν
2691 3600 2789 3672 τὴν
2821 3600 3030 3672 αἵρεσιν
3069 3598 3417 3668 ἐνυπάρχειν,
3453 3598 3553 3650 καὶ
3587 3599 3680 3650 ἀεί
3719 3615 3781 3650 σε

2194 3692 2566 3764 προκόπτοντα
2616 3693 2711 3746 καὶ
2755 3691 2953 3761 γνώσει
3005 3691 3100 3743 καὶ
3155 3690 3342 3761 ἔργοις
3398 3689 3633 3754 ἀγαθοῖς
3690 3707 3784 3743 τε·

2192 3782 2499 3835 λειοῦσθαι·
2554 3781 2643 3834 διὰ
2682 3781 2738 3834 δέ
2783 3780 2846 3833 τὸ
2891 3780 2966 3851 μὴ
3025 3778 3308 3849 βούλεσθαι
3351 3778 3478 3850 περὶ
3530 3779 3785 3843 πίστεως

2198 3876 2482 3945 σύνταγμα
2516 3873 2984 3944 καταλιμπάνειν,
3032 3872 3164 3943 μηδὲ
3193 3872 3425 3942 γράφειν
3472 3870 3785 3942 διαφόρους

2197 3969 2432 4031 πίστεις,
2464 3967 2935 4040 παρετηρησάμην
2963 3963 3276 4018 ἀποστεῖλαι
3306 3963 3343 4018 ἆ
3368 3963 3781 4033 ἐπεζητησατε.

2196 4059 2342 4131 Πλὴν
2385 4059 2592 4113 δοκεῖτέ
2644 4076 2733 4130 μοι
2776 4056 3157 4129 περιηχεῖσθαι
3194 4057 3346 4127 παρά
3391 4055 3499 4108 τῶν
3561 4058 3785 4120 αὐτόθι,

2196 4151 2305 4203 τῶν
2353 4151 2521 4222 μηδὲν
2564 4149 2968 4222 ἐργαζομένων,
2998 4149 3047 4202 οἳ
3096 4149 3189 4201 ἐπὶ
3219 4149 3329 4219 (98)
3369 4148 3615 4220 διαϐολῇ
3641 4152 3790 4219 ἡμε-

2195 4243 2329 4315 τέρᾳ
2380 4242 2594 4311 λέγουσί
2631 4260 2784 4304 τινα,
2828 4243 2905 4305 ὼς
2947 4246 3013 4297 ἐκ
3054 4241 3242 4297 τούτου
3296 4241 3519 4303 ἑαυτοὺς
3572 4244 3788 4311 συστή-
3836 4274 3837 4299 ς

2201 4351 2386 4397 σοντες
2416 4335 2549 4404 (99),
2579 4333 2674 4386 ἐὰν
2724 4334 2880 4403 ἡμῶν
2908 4333 2979 4386 τὰ
3010 4332 3263 4403 αἴσχιστα
3292 4330 3781 4400 καταψεὺσωνται.

528 4447 774 4504 notiores
810 4441 991 4497 faciet.
1021 4437 1133 4494 Nos
1171 4444 1352 4489 autem
1379 4429 1728 4501 praecipimus
1779 4425 1871 4489 iis,
1904 4422 1997 4493 qui
2039 4421 2082 4476 ir

2211 4426 2483 4489 Ἐκείνους
2511 4425 2609 4496 μὲν
2646 4425 2755 4497 γὰρ
2795 4428 3019 4496 φανεροῖ
3046 4427 3075 4477 ὁ
3109 4423 3391 4494 παρελθὼν
3419 4424 3641 4493 χρόνος,
3684 4425 3785 4477 καὶ

528 4539 811 4595 Christum
842 4539 1090 4603 sperant,
1134 4526 1271 4582 nihil
1317 4522 1538 4578 curiose
1582 4525 1779 4589 praeter
1811 4514 2092 4583 antiquam

529 4630 690 4702 263
720 4627 876 4682 ﬁdem
918 4621 1241 4693 inquirere:
1286 4614 1382 4672 sed
1419 4608 1873 4684 quemadmodum
1920 4603 2100 4660 credi-

528 4696 678 4785 mus,
726 4721 801 4774 ita
846 4725 903 4772 et
947 4707 1237 4784 baptizari,
1269 4715 1324 4762 et
1361 4701 1824 4776 quemadmodum
1851 4696 2096 4768 baptiza-

529 4829 675 4876 mur,
703 4812 780 4865 ita
822 4816 877 4863 et
923 4802 1248 4877 gloriﬁcare.
1281 4796 1514 4851 Nomina
1545 4799 1727 4847 autem
1765 4789 1923 4846 nobis
1963 4786 2100 4844 satis

530 4913 616 4961 est
639 4918 705 4958 ea
728 4896 976 4955 conﬁteri
1005 4907 1127 4964 qua:
1159 4906 1191 4946 a
1221 4898 1411 4945 sancta
1439 4885 1725 4954 Scriptura
1754 4881 2093 4951 accepimus,

530 5008 587 5053 et
610 4996 667 5051 in
708 4992 796 5049 his
820 4990 1114 5046 novitatem
1144 4984 1338 5040 vitare.
1366 4978 1485 5035 Non
1513 4977 1661 5033 enim
1697 4976 1751 5031 in
1780 4975 2099 5030 inventione

529 5172 566 5241 τ’
603 5174 625 5196 ⁴¹
651 5169 803 5225 Alias
834 5164 1079 5241 CCCCX.
1111 5160 1509 5241 _Scripta_circa
1543 5172 1672 5211 ann.
1694 5155 1821 5241 37:4.
1860 5126 1861 5129 Ἰ

610 5221 1295 5312 (θλῖῖλπαραλργίᾳτοὺ.
1340 5229 1423 5312 Alta
1479 5244 1614 5284 mss.
1642 5235 1904 5312 _-.septen't'.
1953 5221 2097 5312 Editi

532 5293 971 5382 ἀπαραλογήτόυ.
1017 5293 1204 5382 Ριῖιιιο⁸
1230 5309 1356 5372 post
1401 5314 1504 5382 ope
1552 5293 2004 5382 cadica—mmihi).
2041 5300 2099 5381 et

532 5363 703 5435 ἆόίὲι.
734 5363 897 5449 primi
921 5363 1336 5449 emendavimus
1361 5363 1507 5440 quod
1533 5377 1652 5423 erat
1677 5369 1732 5422 in
1760 5364 1921 5421 editis
1946 5363 1980 5435 ἢ
2005 5363 2097 5417 οὐ·
2200 5379 2347 5449 γνημ

531 5451 621 5505 δέν
651 5450 683 5514 ἢ
712 5445 985 5509 παντελῶς
1014 5445 1291 5514 ἐλάχιστα.

608 5501 718 5600 (98)
756 5501 1167 5600 Τοῇσθεο-ᾔιῄἱι
1195 5504 1962 5600 πςεέοιυεῑίεεξὶωῑὶοοὰίορε.
1994 5501 2100 5600 ρετ
2148 5550 2153 5555 .

534 5574 665 5643 sunt
701 5574 756 5642 in
796 5588 939 5642 aliis.
986 5584 1126 5638 Editi
1177 5580 1271 5635 τοῦ
1315 5581 1545 5652 Κυρίου.
1579 5576 1763 5652 APaulo
1810 5582 1935 5646 post
1966 5574 2098 5652 editi

534 5658 760 5781 ξενξριγὴς
792 5653 1074 5728 παρῇιτῶν
1105 5646 1536 5721 ἀπαιτουμένων.
1569 5646 1770 5704 Omnes
1800 5659 1934 5701 mss.
1963 5652 2021 5700 ut
2045 5646 2101 5699 in

2018 5923 2027 5929 .
2064 5914 2095 5929 ,πρ
2102 5903 2153 5925 γιον

2200 4519 2464 4591 προῖοῦσα
2493 4520 2526 4590 ὴ
2562 4521 2725 4589 πεῖρα
2768 4517 3180 4589 φανερωτέρους
3219 4517 3469 4586 ποιήσει’
3518 4517 3695 4586 iussi;
3728 4517 3784 4569 δὲ

2199 4608 2622 4683 παρακαλοῦμεν
2671 4608 2797 4671 τοὺς
2826 4608 3122 4678 ἠλπικότας
3168 4610 3247 4670 εἰς
3295 4605 3558 4678 Χριστὸν,
3612 4609 3786 4677 μηδὲν

2198 4700 2351 4772 παρά
2384 4701 2481 4772 τὴν
2524 4698 2756 4771 ἀρχαίαν
2796 4697 3250 4769 περιεργάζεσθαι
3292 4697 3510 4751 πίστιν·
3550 4696 3672 4750 ἀλλ’
3707 4698 3786 4760 ὡς

2200 4790 2551 4861 πιστεύομεν,
2593 4789 2736 4842 οὕτω
2769 4788 2865 4843 καὶ
2912 4788 3298 4859 βαπτίζεσθαι,
3337 4788 3414 4852 ὡς
3461 4787 3520 4840 δὲ
3577 4787 3786 4857 βαπτι-

2199 4883 2439 4954 ζόμεθα,
2487 4882 2629 4935 οὕτω
2687 4881 2780 4935 καὶ
2836 4881 3152 4948 δοξολογεῖν.
3214 4880 3484 4949 Ὀνόματα
3532 4879 3597 4932 δὲ
3648 4882 3784 4950 ἡμῖν

2199 4979 2360 5048 ἀρκεῖ
2379 4976 2455 5048 (1)
2480 4978 2664 5030 ἐκεῖνα
2693 4973 2994 5044 ὁμολογεῖν,
3024 4972 3061 5026 ἀ
3086 4970 3467 5043 παρελάϐομεν
3492 4971 3654 5041 παρά
3681 4971 3783 5041 τῆς

2272 5150 2383 5220 (96)
2425 5146 2751 5220 Ἑκτῳπῖγ.
2782 5145 2953 5220 Multi
3007 5143 3227 5220 codices
3255 5158 3365 5196 non
3396 5140 3781 5220 antiquissimi

2201 5211 2503 5276 ἐκπίπτειν.
2519 5218 2651 5272 Non
2683 5218 2853 5271 multo
2874 5223 2996 5284 post
3018 5218 3198 5284 plures
3222 5211 3780 5284 ιηεεηταιξτῃνῗζωὴν.

2273 5292 2385 5361 (97)
2414 5286 2832 5371 ﬂammarii.
2868 5280 3415 5354 Μθιι.’Μαγνινιανῷ.
3462 5280 3611 5335 Editi
3654 5280 3783 5334 Μα-

2666 5427 2746 5481 lta
2776 5425 2946 5481 Coisl.
2979 5425 3191 5495 primus
3216 5432 3270 5479 et
3295 5421 3433 5494 Reg.
3470 5422 3777 5479 secundus.

2246 5500 2850 5637 ᾶίιὲὶέῗὶξτῗὲτήσοντες.
2874 5563 2951 5637 lt_a
2973 5564 3151 5637 Cois].
3168 5565 3397 5637 primus,
3422 5565 3600 5631 Med"
3626 5562 3775 5626 Van,

2202 5634 2444 5699 Clarom.
2474 5647 2529 5694 et
2560 5638 2695 5707 Reg.
2723 5634 3199 5707 secundus._Edi_ti
3228 5635 3622 5707 συστήσαντες.

2276 5712 2352 5783 (ι)
2400 5709 2606 5780 Ἀρκεῖ.
2634 5703 2920 5765 Hedicaeus
2949 5703 3121 5762 codex
3143 5705 3354 5777 ἀρκεῖν.
