3864 6216
122 263 232 321 653

971 268 1463 327 EPISTOLARUM
1501 269 1786 327 CLASSIS
1825 274 1889 328 Il.
1934 273 2155 330 EPIST.
2197 273 2496 332 CLXXVI].

3255 276 3364 335 654

123 383 284 451 ἁγίας
332 382 588 456 Γραφῆς,
641 384 735 438 καὶ
781 384 879 457 τὴν
925 386 1019 439 ἐπὶ
1083 386 1294 451 τούτοις
1339 386 1739 457 καινοτομίαν]

1799 386 2078 456 nominum
2113 399 2300 446 nostra
2343 391 2516 456 salus,
2549 390 2643 445 sed
2690 391 2744 444 in
2779 404 2913 446 sana
2950 390 3274 460 divinitatis,
3305 393 3365 450 in

118 476 449 546 διαφεύγειν.
487 478 563 530 Οὐ
610 477 718 550 γὰρ
748 479 806 531 ὲν
833 482 900 551 τῇ
946 480 1235 551 ὲφευρέσει
1276 479 1383 533 τῶν
1421 497 1691 550 προσηγο-

119 567 316 639 ριῶνή
359 569 598 640 σωτηρία
647 570 837 640 ήμῶν,
883 571 997 624 ἀλλ’
1029 575 1086 625 ὲν
1113 575 1178 642 τῇ
1236 573 1377 639 ὑγιεῖ
1419 574 1546 643 περὶ
1594 573 1692 642 τῆς

117 658 373 730 θεότητος
405 661 485 724 είς
514 662 582 732 ἣν
616 660 1059 734 πεπιστεύκαμεν
1091 662 1372 734 ὁμολογίᾳ.

612 820 957 872 ΕΠΙΣΤΟΑΗ
996 820 1182 885 Poq'.

1797 499 1958 554 quam
1998 477 2294 548 credimus,
2328 483 2693 539 confessione.

2264 811 2606 866 EPISTOLA
2642 810 2940 867 CLXXVI'.

113 931 506 996 Amphilochium
529 929 695 982 invitat
714 928 928 981 Basilius
949 930 1013 979 ad
1039 927 1168 979 diem
1189 928 1363 993 festum
1385 929 1440 977 S.
1465 927 1749 995 Eupsychii,
1770 939 1998 996 rogatque
2024 937 2076 980 ut
2099 929 2248 981 tribus
2271 928 2438 981 diebus
2469 935 2576 979 ante
2598 927 2758 993 ipsum
2779 926 2912 980 diem
2932 926 3105 991 festum
3123 925 3348 981 adveniat

414 1036 781 1105 Ἀμφιλοχίῳ,
809 1035 1120 1099 ἐπισκόπῳ
1153 1037 1414 1090 Ἰκονίου.

189 1149 468 1222 Παράσχοι
504 1151 532 1202 ὁ
571 1148 724 1217 ἆγιος
763 1148 895 1211 Θεὸς
939 1148 1237 1220 ἐρρωμένῳ
1281 1165 1363 1200 σοι
1405 1149 1465 1201 τὸ
1515 1148 1695 1219 σῶμα,

106 1246 210 1298 καὶ
239 1245 349 1297 ἀπὸ
372 1243 552 1312 πάσης
576 1241 832 1312 ἀσχολίας
863 1241 1155 1312 ἀνειμένῳ,
1183 1241 1278 1294 καὶ
1310 1241 1489 1294 πάντα
1523 1243 1698 1313 πράτ-

103 1353 263 1388 τοντι
309 1334 449 1387 κατά
488 1332 614 1386 νοῦν
640 1372 654 1397 ,
708 1332 806 1403 τὴν
837 1331 1124 1402 ἐπιστολὴν
1174 1333 1334 1403 ἡμῶν
1374 1332 1577 1404 ταύτην
1618 1336 1698 1398 είς

103 1431 306 1500 χεῖρας
338 1427 533 1491 ἐλθεῖν,
563 1426 651 1478 ἵνα
689 1424 762 1496 μὴ
789 1425 1066 1496 ἄπρακτος
1097 1424 1252 1495 ἡμῶν
1283 1427 1315 1496 ἡ
1351 1425 1693 1496 παράκλησις

102 1518 364 1588 γένηται,
393 1517 457 1588 ἣν
489 1515 911 1586 παρακαλοῦμεν
942 1515 1037 1568 νῦν
1068 1517 1398 1585 ἐπιφανῆναί
1429 1533 1489 1568 σε
1537 1516 1692 1587 ἡμῶν

100 1612 178 1680 τῇ
222 1608 416 1672 πόλει,
464 1607 556 1660 ἐπὶ
597 1606 676 1678 τῷ
723 1606 1054 1678 σεμνοτέραν
1109 1607 1358 1675 γενέσθαι
1416 1608 1514 1680 τὴν
1558 1625 1693 1661 παν-

99 1702 336 1770 ήγυριν,
381 1697 449 1768 ἢν
498 1697 566 1750 δι’
612 1697 764 1760 ἔτους
795 1697 948 1766 ἄγειν
992 1697 1086 1750 ἐπὶ
1125 1699 1234 1760 τοῖς
1272 1702 1534 1770 μάρτυσιν
1575 1698 1716 1762 ἔθος·

2143 1039 2529 1108 Amphilochia,
2559 1040 2802 1108 episcopo
2831 1037 3025 1094 Iconii.

1862 1153 2020 1209 Faxit
2068 1154 2210 1210 Deus
2263 1160 2509 1217 sanctus,
2555 1161 2614 1207 ut
2663 1152 2763 1207 tibi
2799 1168 3031 1223 corpore
3055 1155 3280 1223 valenti,
3313 1166 3368 1211 et

1792 1247 2047 1302 omnibus
2100 1247 2333 1316 negotiis
2383 1245 2592 1310 soluto,
2641 1254 2696 1301 et
2735 1246 2920 1300 omnia
2969 1261 3037 1302 ex
3093 1249 3365 1308 sententia

1791 1339 2000 1408 gerenti
2034 1339 2147 1392 haec
2189 1337 2421 1407 epistola
2468 1344 2657 1392 nostra
2689 1337 2744 1390 in
2790 1351 2987 1392 manus
3031 1339 3260 1407 veniat;
3307 1347 3368 1394 ut

1797 1429 1977 1484 inanis
2031 1439 2084 1484 et
2137 1429 2293 1483 irrita
2343 1443 2452 1482 non
2514 1429 2584 1483 sit
2636 1435 2824 1484 nostra
2877 1430 3208 1497 adhortatio,
3261 1444 3369 1502 qua

1797 1525 1852 1573 te
1895 1533 2174 1589 rogamus,
2213 1525 2272 1572 ιιι
2316 1533 2463 1572 nunc
2501 1519 2557 1573 in
2591 1519 2864 1574 civitatem
2916 1529 3158 1575 nostram
3206 1521 3369 1576 adve-

1798 1608 1954 1673 nias,
1997 1623 2104 1677 quo
2157 1619 2494 1672 conventus,
2547 1623 2710 1678 quem
2767 1611 3060 1678 quotannis
3107 1625 3266 1682 agere
3311 1611 3368 1666 in

1801 1701 2065 1756 honorem
2096 1709 2396 1771 martyrum
2429 1717 2548 1757 mos
2578 1709 2660 1756 est
2698 1701 2957 1758 Ecclesiae
2992 1713 3216 1774 nostrw,
3245 1707 3370 1763 illu-

99 1763 263 1844 ἐστὶν
291 1763 448 1861 ἡμῶν
489 1792 556 1860 τῇ
603 1763 921 1859 Ἐκκλησίᾳ.
958 1787 1196 1840 Πέπεισο
1229 1763 1364 1861 γάρ,
1403 1787 1698 1860 τιμιώτατέ
1730 1763 1739 1818 1

1801 1790 1968 1846 strior
2033 1793 2145 1845 ﬁat.
2206 1789 2342 1844 Nam
2414 1807 2742 1861 persuasum
2799 1795 2870 1849 sit
2928 1795 3052 1860 tibi,
3096 1797 3183 1851 vir
3234 1799 3368 1853 mihi

101 1902 207 1956 μοι
241 1885 340 1936 καὶ
393 1882 741 1936 ποθεινότατε
786 1881 861 1945 ὡς
918 1880 1132 1952 ἀληθῶς
1158 1921 1172 1946 ,
1207 1883 1288 1934 ὅτι
1351 1881 1560 1935 πολλῶν
1619 1883 1699 1946 είς

99 1979 315 2048 πεῖραν
339 1974 509 2028 ἐλθὼν
540 1977 569 2028 ὁ
595 1976 723 2045 παρ’
748 1974 878 2044 ἡμῖν
905 1972 980 2043 (δὲ.)
1011 1972 1155 2036 λαὸς,
1177 1973 1276 2044 τῆς
1303 1974 1513 2037 οὐδενὸς
1529 1972 1700 2036 οὕτως

99 2068 405 2138 ἀντέχεται
438 2066 744 2136 ἐπιτυχίας,
785 2065 861 2129 ὡς
888 2065 988 2135 τῆς
1022 2065 1123 2135 σῆς
1153 2065 1454 2136 παρουσίας
1476 2083 1488 2096 ·
1526 2064 1700 2118 τοιοῦ-

95 2179 204 2214 τον
228 2161 459 2231 κέντρον
482 2159 703 2230 ἀγάπης
733 2159 797 2211 ἐκ
823 2157 920 2228 τῆς
951 2159 1152 2228 μικρᾶς
1179 2159 1392 2230 ἐκείνης
1415 2157 1700 2228 συντυχίας

95 2255 425 2325 ἐνοιφῆκας.
460 2253 581 2306 Ἵνα
609 2247 702 2305 οὖν
729 2251 824 2305 καὶ
857 2253 884 2304 ὁ
916 2249 1122 2321 Κύριος
1162 2237 1415 2322 δοξοῖσθῇ,
1447 2252 1541 2305 καὶ
1582 2252 1701 2304 λαοὶ

95 2345 491 2416 εὐφρανθῶσι,
516 2345 612 2398 καὶ
656 2345 932 2415 τιμηθῶσι
983 2343 1282 2415 μάρτυρες,
1325 2345 1418 2396 καὶ
1447 2347 1610 2414 ἡμεῖς
1651 2345 1699 2397 οἱ

93 2441 377 2510 γέροντες
406 2437 505 2508 τῆς
532 2437 889 2509 ὀφειλομένης
919 2439 1050 2508 ἡμῖν
1077 2436 1229 2508 παρά
1256 2437 1447 2490 τέκνου
1476 2437 1700 2508 γνησίου

90 2532 373 2602 τύχωμεν
395 2529 708 2602 θεραπείας,
726 2528 1064 2592 καταξίωσον
1093 2529 1302 2591 ἀόκνως
1327 2527 1517 2598 μέχρις
1543 2529 1703 2599 ἡμῶν

90 2623 390 2694 διαϐῆναι,
440 2622 532 2676 καὶ
579 2621 872 2693 προλαϐεῖν
918 2619 1016 2684 τὰς
1052 2621 1266 2692 ἡμέρας
1297 2621 1395 2692 τῆς
1447 2621 1698 2674 συνόδου*

93 2717 258 2769 ὥστε
292 2715 391 2768 ἐπὶ
441 2715 636 2785 σχολῆς
680 2716 828 2786 ἡμᾶς
872 2714 1125 2785 ἀλλήλοις
1176 2715 1555 2784 συγγενέσθαι,
1608 2715 1703 2768 καὶ

93 2808 648 2880 συμπαρακληθῆναι
680 2808 768 2862 διά
820 2809 919 2878 τῆς
950 2807 1232 2872 κοινωνίας
1265 2808 1372 2861 τῶν
1405 2825 1702 2878 πνευματι-

89 2902 224 2955 κῶν
253 2899 635 2970 χαρισμάτων.
658 2900 882 2952 Ἔστιδὲ
903 2900 1132 2970 ήὴμέρα.
1155 2901 1220 2970 τῇ
1254 2899 1477 2970 πέμπτῃ
1503 2898 1578 2969 (5)
1607 2899 1700 2951 τοῦ

90 2990 521 3062 Σεπτεμϐρίου.
557 2991 650 3043 Διὸ
680 2991 1106 3062 παρακαλοῦμεν
1143 2990 1250 3061 πρὸ
1274 2990 1443 3061 τριῶν
1478 2989 1703 3061 ἡμερῶν

1799 1886 2184 1942 colendissime
2217 1895 2271 1942 et
2303 1901 2429 1942 vere
2470 1902 2632 1956 quam
2671 1887 3156 1957 desideratissime,
3198 1907 3369 1962 pepu-

1799 1979 1910 2032 lum
1955 1988 2225 2042 nostrum,
2285 1993 2410 2033 cum
2468 1979 2669 2033 multos
2719 1991 2978 2049 expertus
3027 1982 3120 2048 sit,
3167 1983 3368 2038 nullius

1801 2071 2145 2140 praesentiam
2190 2071 2267 2124 ita
2318 2071 2654 2136 desiderare,
2703 2080 2759 2126 ut
2805 2081 3003 2141 tuam,
3056 2082 3268 2130 tantum
3317 2077 3370 2131 ei

1799 2163 2003 2218 amoris
2029 2163 2280 2218 aculeum
2311 2163 2464 2218 brevi
2507 2164 2601 2218 illo
2640 2179 2939 2235 congressu
2974 2167 3270 2239 immisisti.
3303 2167 3370 2224 Ut

1799 2255 1964 2325 igitur
1996 2265 2049 2311 et
2078 2255 2308 2310 Domino
2337 2255 2508 2326 gloria
2540 2255 2836 2320 tribuatur,
2864 2263 2917 2310 et
2941 2257 3125 2326 populi
3157 2257 3367 2321 laetitia.

1799 2355 1852 2400 et
1887 2346 2094 2399 honore
2121 2354 2391 2416 martyres
2415 2343 2820 2408 aﬂiciantur,ac
2861 2359 2964 2398 nos
2998 2359 3155 2398 senes
3188 2343 3370 2400 debita

1799 2437 1959 2493 nobis
2002 2452 2034 2490 a
2089 2435 2199 2491 ﬁlio
2241 2450 2500 2506 germano
2538 2447 2942 2504 consequamur
2973 2432 3258 2503 obsequia,
3301 2449 3371 2490 ne

1799 2529 2110 2600 dedigneris
2142 2529 2209 2583 ad
2256 2544 2359 2583 nos
2404 2542 2579 2598 usque
2625 2527 2855 2598 impiger
2897 2527 3180 2593 accedere,
3207 2534 3372 2597 atque

1799 2629 2104 2677 conventus
2161 2621 2278 2677 dies
2331 2630 2702 2692 praevertere;
2757 2630 2818 2674 ut
2875 2619 3051 2676 otiose
3120 2626 3369 2672 mutuum

1800 2718 1945 2772 inter
1995 2731 2098 2771 nos
2140 2717 2474 2786 colloquium
2516 2715 2836 2779 habeamus,
2882 2728 3092 2784 nosque
3137 2712 3370 2768 invicem

1799 2811 2070 2866 donorum
2127 2811 2494 2880 spiritualium
2561 2807 3057 2864 communicatione
3111 2806 3368 2861 console-

1799 2918 1940 2956 mur.
1962 2900 2308 2957 Praestitutus
2334 2917 2496 2971 porro
2511 2901 2628 2956 dies
2647 2909 2732 2955 est
2759 2898 3090 2968 Septembris
3119 2897 3366 2967 quintus.

1800 2991 2187 3058 Quamobrem,
2243 3008 2453 3063 quaeso,
2503 2993 2684 3047 tribus
2732 2991 2925 3046 diebus
2970 2998 3186 3060 tempus
3235 2989 3369 3044 illud

88 3083 532 3178 ὲπιστῆναι,ἴνα
554 3085 647 3137 καὶ
672 3083 766 3137 τοῦ
791 3083 1229 3154 πτωχοτροφείου
1257 3085 1355 3154 τὴν
1379 3084 1596 3154 μνήμην
1624 3083 1697 3153 (4)
1726 3125 1739 3175 1

1802 3084 2123 3154 anticipalo,
2152 3093 2290 3139 utet
2328 3089 2650 3140 memoriam
2694 3083 3098 3154 ptochotrophii
3138 3095 3371 3151 praesen-

91 3171 368 3244 μεγάλην
427 3174 662 3245 ποιήσῃς
721 3176 788 3244 τῇ
844 3173 1138 3245 παρουσίᾳ.
1201 3173 1542 3245 Ἐρρωμένος
1601 3171 1739 3226 και

1800 3178 1876 3231 tia
1939 3187 2030 3233 tua
2086 3179 2359 3250 insignem
2416 3178 2639 3235 eilicias.
2704 3177 2930 3242 Sanus,
2996 3179 3261 3247 laetusque
3311 3176 3366 3230 in

85 3264 356 3334 εὖθυμος
412 3265 471 3316 ὲν
530 3264 721 3334 Κυρίῳ
782 3265 1216 3336 ὑπερευχόμενός
1272 3282 1373 3335 μου
1436 3265 1695 3334 διαφυλα-

85 3355 304 3426 χθείης
337 3371 428 3424 μοι
470 3355 564 3408 καὶ
604 3357 671 3420 τῇ
715 3353 810 3408 τοῦ
857 3353 992 3408 Θεοῦ
1032 3355 1328 3428 Ἐκκλησία
1360 3355 1541 3428 χάριτι
1591 3354 1686 3408 τοῦ

81 3447 350 3521 Κυρίου.

609 3602 956 3656 ΕΠΙΣΤΟΛΗ
993 3602 1156 3656 POZ'.

1799 3268 2052 3335 Domino,
2083 3278 2136 3326 et
2161 3286 2261 3340 pro
2291 3286 2377 3326 me
2399 3271 2700 3341 deprecans
2735 3270 2971 3326 serveris
3015 3269 3142 3324 mihi
3174 3280 3227 3325 et
3263 3267 3367 3324 Eo-

1794 3361 1975 3422 clesiaa
2003 3360 2097 3417 Dei
2124 3377 2220 3432 per
2241 3363 2471 3433 gratiam
2500 3361 2734 3419 Domini.

2212 3601 2551 3658 EPISTOLA
2588 3602 2937 3663 CLXXVII“.

233 3721 554 3774 Commendat
574 3721 787 3773 Basilius
805 3719 1064 3773 Eusebium
1076 3758 1088 3779 ,
1111 3716 1196 3782 qui
1217 3715 1475 3769 calumniis
1493 3718 1733 3784 appetitus
1755 3718 2096 3786 gravissimum
2105 3719 2353 3784 judicium
2367 3722 2624 3774 sustinebat
2645 3730 2860 3788 tempore
2882 3720 3236 3774 molestissimo.

564 3834 882 3903 L‘wgaporlcp
923 3837 1251 3902 ματίστρῳ.

165 3947 527 4016 Καταλέγειν
564 3947 662 4018 μὲν
699 3948 908 4012 πάντας
945 3949 1072 4011 τοὺς
1119 3945 1186 4000 δι’
1233 3947 1379 4016 ἡμᾶς
1413 3945 1490 4016 (5)
1537 3945 1694 4017 εὐερ-

71 4041 448 4114 γετηθέντας
485 4041 636 4112 παρὰ
677 4041 778 4112 τῆς
824 4043 924 4112 σῆς
970 4039 1327 4112 μεγαλονοίας
1365 4038 1425 4090 οὐ
1475 4038 1690 4108 ῥᾴδιον

67 4139 257 4193 οὕτω
300 4134 530 4197 πολλοὺς
575 4135 673 4204 μὲν
726 4133 986 4204 σύνισμεν
1039 4135 1249 4196 ἑαυτοῖς
1301 4129 1693 4200 εὐπεποιηκόσι

67 4229 189 4285 διὰ
216 4226 325 4298 τῆς
362 4226 602 4296 μεγάλης
631 4243 724 4279 σου
759 4226 961 4296 χειρὸς,
995 4226 1060 4297 ἣν
1084 4226 1112 4278 ὁ
1153 4224 1356 4296 Κύριος
1391 4226 1522 4296 ἡμῖν
1551 4224 1687 4294 σύμ-

67 4336 290 4393 μαχον
324 4318 419 4370 ἐπὶ
450 4316 558 4370 τῶν
591 4317 862 4386 μεγίστων
887 4315 1096 4388 καιρῶν
1120 4316 1444 4388 ὲχσρίσατω
1482 4315 1686 4369 δικαιό-

2275 3831 2571 3901 Sophronia
2599 3831 2874 3901 magistro.

1861 3951 2173 4009 Recensere
2221 3963 2432 4013 omnes,
2470 3947 2564 4016 qui
2617 3953 2839 4016 propter
2884 3960 2969 4001 me
3011 3945 3290 4004 beneficiis
3329 3965 3360 4004 a

1790 4053 1882 4099 tua
1937 4041 2388 4113 magnanimitate
2435 4038 2614 4094 allecti
2662 4046 2812 4103 sunt,
2860 4054 2972 4093 non
3021 4039 3180 4096 facile
3226 4051 3356 4108 est;

1789 4138 1924 4192 adeo
1970 4135 2153 4189 multis
2206 4132 2462 4188 conscius
2500 4130 2632 4184 mihi
2677 4145 2796 4184 Sum
2853 4145 2938 4184 me
2981 4131 3119 4187 bene
3163 4131 3361 4190 fecisse

1793 4243 1888 4298 per
1938 4240 2191 4296 magnam
2224 4232 2372 4278 tuam
2411 4237 2656 4285 manum,
2701 4235 2865 4290 quam
2915 4221 3048 4276 mihi
3097 4221 3359 4280 Dominus

1790 4319 2132 4390 gravissimis
2198 4317 2533 4389 temporibus
2590 4314 2912 4369 adiutricem
2965 4316 3194 4387 largitus
3250 4330 3354 4373 cst.

163 4479 263 4552 (Ξ)
299 4477 445 4552 Παρξ
463 4475 633 4552 man
683 4475 826 4531 Editi
869 4477 999 4530 παρ’
1029 4476 1184 4548 ἡμῶν
1222 4485 1414 4531 contra
1445 4482 1686 4531 veterum
1721 4473 1739 4528 l

1799 4485 1906 4530 tum
1949 4474 2209 4552 venisset,
2245 4469 2669 4552 ptochotrpphio
2703 4468 2838 4552 nihil
2865 4469 3180 4552 honoriseir
3209 4472 3355 4529 illius

60 4547 370 4608 codicum
410 4547 588 4600 iidem.

165 4619 264 4688 (5)
293 4614 378 4684 Τῇ
404 4617 664 4685 πέμπτῃ.
683 4616 841 4671 Nolui
865 4615 1153 4688 immutare
1171 4615 1324 4688 hunc
1347 4622 1682 4688 contextum,

60 4685 247 4761 quia
275 4687 360 4761 sic
391 4689 661 4755 reperitur
689 4689 744 4741 in
776 4686 1229 4761 utroqueﬁoislq
1265 4685 1404 4761 Med.
1429 4695 1680 4761 utroque,

59 4755 274 4829 Reg.,
311 4755 438 4829 Vat:
464 4765 518 4829 et
540 4766 782 4829 utroque;
806 4755 1124 4829 BigOtsNisi
1153 4757 1300 4829 quod
1323 4757 1380 4810 in
1407 4755 1685 4829 nonnullis

58 4825 313 4903 legitur
343 4825 440 4878 τοῦ
475 4826 847 4903 Σεπτεμβρίου
862 4825 1057 4903 ’μηνὸς
1077 4830 1144 4903 τῇ
1169 4825 1412 4903 πέμπτη.
1445 4825 1565 4903 Non
1591 4843 1686 4903 eic-

56 4895 208 4961 ειΞΞι
273 4899 395 4950 ιικο
424 4895 663 4966 epistola
690 4895 744 4950 in
781 4895 970 4952 codice
1013 4895 1317 4951 Har-lagano.
1365 4895 1593 4966 Legitur
1627 4896 1683 4950 in

51 4971 275 5031 editis
298 4969 370 5036 τῇ
408 4972 468 5020 ε’.
502 4965 608 5020 Sed
636 4975 822 5036 tamen
868 4967 1150 5036 legendum
1190 4967 1408 5036 videtur
1432 4965 1499 5036 τῇ
1533 4966 1682 5018 ἐϐδό-

116 5035 583 5114 ῃζάὶεσεριξηια
618 5035 956 5114 Septembris:
981 5036 1104 5114 ideo
1125 5038 1268 5091 enim
1288 5035 1386 5114 _di_e
1421 5035 1682 5114 memoria

116 5065 193 5114 η’
233 5065 328 5091 ιιιὸ
361 5065 583 5103 οιμιιηιιι
618 5065 956 5102 υϋμισηιυηδ.
989 5065 1104 5090 ιιυυ
1125 5065 1268 5091 Cllllll
1300 5065 1386 5090 ιιιῠ
1423 5065 1682 5089 lllt'lllUlld

53 5065 138 5170 ἕξ
173 5106 499 5176 Eupsychii
525 5109 782 5177 martyris
806 5106 950 5175 apud
974 5106 1195 5161 Graecos
1223 5106 1531 5177 celebratur
1561 5125 1573 5160 ε
1607 5105 1685 5159 id-

51 5200 200 5256 que
242 5175 496 5256 iiasilius
524 5175 641 5243 ipse
671 5175 903 5256 testatur
942 5177 997 5256 in
1026 5177 1256 5256 epistola
1287 5175 1408 5256 100,
1445 5190 1684 5256 consen-

54 5246 383 5310 tientibus
409 5247 583 5298 tribus
608 5247 994 5316 vetustissimis
1022 5246 1326 5316 codicibus,
1356 5252 1410 5300 et
1443 5254 1680 5316 utroque

47 5315 511 5393 Regio._f_loisl.
541 5314 962 5393 secundoﬂat.
993 5315 1256 5393 ac__l.3_i‘got.
1291 5316 1483 5393 altero.

145 5384 250 5460 (Ἄ)
296 5384 699 5460 Thr-ynnynu.
720 5384 1022 5460 Existimat
1049 5384 1428 5460 fl‘illemontius
1451 5385 1679 5460 Amphi-

49 5455 353 5523 loci-nium
385 5457 469 5510 sic
514 5455 754 5515 invitari.
788 5467 848 5511 ut
874 5456 1002 5510 dum
1047 5457 1102 5509 in
1143 5455 1560 5525 ptochotrophio
1594 5455 1680 5508 di-

43 5539 388 5595 versatur,
419 5525 577 5595 locus
606 5540 667 5579 ex
709 5526 831 5594 ejus
855 5524 1157 5595 praesentia
1188 5524 1563 5595 memorabilis
1577 5526 1681 5595 Vlie-

42 5593 185 5666 ret.
256 5597 373 5653 Sed
421 5594 554 5664 quid
589 5593 814 5666 necesse
843 5593 955 5666 fuit
979 5595 1332 5666 eurntribus
1363 5603 1487 5666 ante
1533 5593 1676 5666 diem

41 5663 304 5737 festum
332 5663 550 5738 [diebus
587 5665 882 5722 advenire?
908 5663 1050 5720 Num
1090 5665 1134 5720 si
1180 5664 1247 5720 ad
1283 5664 1444 5720 diem!
1469 5665 1679 5721 praesti-

1788 4547 2076 4616 przesentia
2111 4538 2472 4616 accessisset?
2502 4538 2810 4616 itaquea-hv
2845 4542 3062 4610 μνήμην
3087 4541 3356 4616 interpre-

1787 4609 1896 4682 ior,
1928 4615 2218 4670 ecclesiam
2248 4615 2301 4668 in
2328 4609 3123 4682 ptochotrophioexstructam,
3154 4609 3355 4682 dequa

1787 4678 2022 4741 Basilius
2064 4683 2306 4751 loquitur
2328 4678 2396 4736 ἰη
2425 4683 2585 4751 epist.
2617 4678 2707 4735 94.
2746 4678 2916 4736 Nemo
2957 4681 3139 4751 nescit
3168 4678 3355 4737 Eccle-

1789 4759 1920 4818 sias,
1952 4758 2008 4810 in
2039 4750 2239 4825 quibus
2284 4750 2581 4825 martyrum
2626 4750 3349 4825 reliquizeasservabautur,

1790 4820 2081 4881 memorias
2114 4825 2220 4880 dici
2251 4820 2446 4879 solere.
2490 4820 2662 4876 Porro
2702 4821 3134 4890 Amphilochius,
3179 4821 3224 4876 si
3255 4826 3350 4876 tri-

1789 4897 1894 4952 bus
1926 4905 2052 4950 ante
2081 4895 2277 4949 festum
2317 4893 2512 4948 diebus
2547 4891 2808 4953 venisset,
2845 4906 2956 4944 non
2985 4891 3211 4945 dubium
3243 4902 3348 4957 est,

1792 4969 1924 5035 quin
1956 4964 2377 5036 ptochotrophio
2404 4968 2664 5036 exceptus
2697 4960 2793 5036 (ibi
2823 4962 2966 5036 enim
2998 4961 3348 5036 excipieban-

1789 5031 1880 5090 tur
1926 5031 2169 5106 insignes
2217 5031 2521 5106 personae),
2559 5031 2815 5100 mysteria
2849 5031 2909 5106 in
2937 5033 3169 5106 ecclesia
3201 5033 3350 5088 illius

1789 5106 1892 5160 loci
1916 5099 2266 5161 celebrasset.
2295 5099 2659 5168 Quamobrem
2689 5109 2844 5172 rogat
2872 5099 3106 5172 Basilius
3134 5110 3348 5172 tempus

1787 5177 1964 5231 tribus
1992 5176 2185 5231 diebus
2215 5175 2495 5242 anticipet,
2525 5179 2584 5224 ut
2609 5185 2719 5224 non
2751 5171 2925 5242 solum
2959 5171 3016 5223 S.
3052 5171 3346 5242 Eupsychii

1787 5247 1930 5300 diem
1962 5244 2160 5301 festum
2193 5240 2503 5305 obeatfscd
2534 5250 2587 5296 et
2623 5240 2931 5294 memoriam
2964 5240 3349 5310 ptochotrophii

1784 5318 2072 5386 praesentia
2105 5330 2204 5386 sua
2237 5315 2508 5386 insignem
2537 5310 2748 5386 efﬁciat.

1858 5387 1935 5458 (5)
1963 5387 2042 5439 Δι’
2075 5384 2255 5454 ἡμᾶς.
2303 5382 2379 5437 Ita
2416 5384 2586 5458 Coisl.
2619 5382 2858 5458 primus;
2906 5396 3027 5452 quae
3073 5389 3346 5454 scriptura

1858 5399 1935 5458 (5)
1963 5399 2042 5439 Δι’
2075 5399 2255 5454 ημας.
2303 5399 2379 5437 Ita
2416 5399 2858 5504 υο181.ἑ)1’1111118;
2906 5399 3027 5452 qua:
3073 5399 3132 5437 sc

1782 5459 1955 5528 magis
1979 5459 2156 5528 placet
2182 5455 2583 5528 quanijulgata
2649 5453 2680 5504 ι’
2707 5452 3004 5528 ἡμῶνλ-ηει·
3035 5469 3135 5506 me.

1856 5473 1955 5528 igis
1979 5473 2156 5526 placet
2221 5473 2342 5507 nam
2367 5473 2583 5523 vulgata
2615 5473 2662 5504 οι
2707 5473 2882 5522 ημων,
2913 5473 2973 5519 pe

1856 5531 1875 5551 ‘
1912 5528 2061 5581 Alias
2088 5473 2402 5581 ευὲχων.
2435 5523 2646 5594 Scripta
2680 5540 2823 5577 anno
2852 5523 2977 5576 574.

1853 5602 1894 5620 “
1922 5598 2073 5653 Alias
2096 5594 2468 5655 CCCXXXIV.
2503 5593 2718 5666 SCripta
2745 5593 3021 5667 annoo574
