3852 6220
496 279 603 339 655

1819 280 1876 336 S.
1919 281 2159 339 BASILII
2195 283 2411 341 IAGNI

3629 279 3723 332 655

494 395 749 453 Omnium
800 402 983 455 autem
1023 394 1380 466 dignissimus
1434 407 1519 452 est
1570 398 1662 469 qui
1717 399 1960 469 juvetur,
2014 402 2056 457 is

2166 421 2324 469 τατος
2349 404 2404 459 δὲ
2451 405 2671 460 πάντων
2721 404 2815 459 καὶ
2852 405 2881 457 ό
2921 400 3017 456 νῦν
3049 398 3458 472 προσαγόμενος
3503 397 3592 452 διὰ
3642 399 3724 451 τοῦ

494 501 655 556 quem
688 500 835 541 nunc
873 486 970 540 tibi
1002 500 1099 555 per
1139 483 1351 545 litteras
1392 480 1556 559 πε
1597 501 1747 542 meas
1780 490 1932 547 sisto.
1968 504 2062 545 co-

493 577 847 638 lendissimus
880 574 1049 632 frater
1081 584 1269 633 noster
1303 576 1596 642 Eusebius,
1632 576 1869 633 absurda
1903 594 2083 648 appe-,

494 672 629 726 titus
674 672 970 736 calumnia,
1018 686 1183 741 quam
1231 672 1553 742 propulsare
1601 671 1777 728 solius
1831 680 1936 726 tua:
1982 679 2069 727 est

493 764 806 835 probitatis.
856 763 1202 835 Quapropter
1250 778 1405 834 rogo,
1453 769 1514 818 ut
1568 771 1624 819 et
1666 763 1811 832 juris
1859 763 2065 819 habens

491 856 799 918 rationem,
851 861 906 909 et
971 854 1039 909 ad
1090 854 1389 909 humanam
1455 853 1832 910 conditionem
1888 856 2064 923 respi-

493 948 689 1012 ciens,
739 954 794 1001 et
842 956 1109 1002 consueta
1160 947 1218 1001 in
1273 962 1361 1001 me
1409 945 1676 1002 beneﬁcia
1736 947 2062 1009 conferens.

491 1037 621 1092 huic
680 1036 801 1092 viro
863 1036 1107 1095 omnium
1163 1037 1282 1093 loco
1334 1037 1435 1099 sis,
1492 1051 1730 1107 eumque
1782 1050 1889 1090 una
1935 1050 2061 1090 cum

491 1130 723 1186 veritate
785 1129 1032 1200 adjuves.
1094 1128 1227 1184 Nam
1277 1128 1518 1199 pmsidii
1573 1143 1685 1183 non
1747 1143 1944 1199 parum
2006 1128 2062 1183 in

489 1221 612 1296 iure
669 1222 908 1297 positum
953 1221 1159 1287 habet;
1215 1221 1359 1292 quod
1408 1220 1651 1290 quidem,
1684 1220 1791 1278 nisi
1847 1227 2063 1291 tempus

489 1331 731 1388 praesens
762 1315 983 1381 laeserit,
1027 1313 1188 1370 facile
1220 1316 1326 1369 erit
1356 1315 1504 1370 clare
1534 1324 1588 1370 et
1624 1313 2059 1369 ineluctabiliter

490 1410 889 1464 demonstrare.

914 1558 1249 1616 EPISTOLA
1286 1557 1642 1615 CLXXVIII'.

2168 497 2490 567 γράμματος
2544 495 2698 568 ἡμῶν
2748 494 3001 566 τυγχάνει
3045 494 3157 564 (6),
3221 492 3250 544 ό
3312 490 3725 561 αίδεσιμώτατος

2165 586 2390 653 ἀδελφὸς
2422 586 2499 656 (7)
2536 585 2790 650 Εὐσέϐιος
2812 626 2826 650 ,
2866 584 3156 655 παραλόγῳ
3200 581 3534 653 συκοφαντίᾳ
3581 598 3728 652 περι-

2166 677 2369 741 πεσὼν,
2404 678 2472 749 ἢν
2513 677 2883 733 ἀποσκεδάσαι
2930 677 3097 747 μόνης
3140 675 3258 728 ἐστὶ
3286 675 3385 746 τῆς
3433 674 3535 745 σῆς
3578 672 3727 745 ὀρθό-

2164 787 2345 841 τητος.
2375 773 2468 825 Διὸ
2499 771 2945 844 παρακαλοῦμεν,
2978 771 3072 825 καὶ
3105 768 3186 841 τῷ
3212 767 3406 838 δικαίῳ
3435 766 3726 838 χαριζόμε-

2164 874 2273 921 νον,
2319 860 2415 912 καὶ
2446 860 2584 932 πρὸς
2623 860 2685 913 τὸ
2712 860 3052 932 ἀνθρώπινον
3096 858 3405 930 ἀφορῶντα,
3461 858 3553 910 καὶ
3604 858 3728 929 ἡμὶν

2163 948 2261 1011 τὰς
2320 949 2569 1022 συνήθεις
2612 951 2984 1022 παρεχόμενον
3029 949 3287 1021 χάριτας,
3344 947 3464 1001 ἀντὶ
3514 946 3731 1001 πάντων

2163 1038 2416 1106 γενέσθαι
2453 1038 2531 1109 τῷ
2564 1040 2740 1109 ἀνδρὶ,
2789 1042 2885 1095 καὶ
2925 1040 3222 1115 προστῆναι
3255 1037 3419 1092 αὐτοῦ
3466 1037 3610 1109 μετὰ
3637 1036 3731 1106 τῆς

2162 1128 2438 1200 ἀληθείας.
2473 1131 2625 1201 Ἔχει
2649 1130 2756 1203 γὰρ
2791 1132 2851 1184 οὐ
2897 1132 3100 1204 μικράν
3134 1130 3448 1202 συμμαχίαν
3489 1129 3592 1199 τὴν
3629 1127 3733 1180 ἀπὺ

2160 1221 2255 1274 τοῦ
2274 1223 2482 1277 δικαίου
2509 1240 2522 1252 ’
2547 1224 2638 1293 ἦν,
2663 1227 2712 1277 εί
2754 1225 2828 1296 μὴ
2856 1226 2891 1297 ὁ,
2915 1225 3105 1297 παρὼν
3132 1224 3320 1296 καιρὸς
3344 1220 3731 1290 κατασλάψειε,

2163 1312 2305 1365 πάνυ
2349 1314 2530 1386 ῥᾴδιον
2572 1316 2761 1385 σαφῶς
2815 1315 2910 1370 καὶ
2964 1316 3376 1389 άναντιρῤήτως
3427 1312 3735 1384 ἐπιδειχθή-

2166 1405 2355 1460 σεσθαι
2379 1406 2479 1478 (8).

2651 1560 2996 1616 ΕΠΙΣΤΟΛΗ
3025 1563 3163 1616 Ροῐι
3185 1601 3199 1616 .

492 1678 798 1734 Commendat
838 1677 1054 1729 Basilius
1074 1675 1295 1729 eumdem
1333 1672 1615 1736 Eusebium,
1639 1687 1698 1724 ac
1720 1680 1860 1741 rogat
1862 1673 2394 1798 ἐκείἱὲῧίρεᾶηυιὲἔὲιίη
2432 1674 2752 1728 atrocissimis
2795 1673 3052 1728 sceleribus
3076 1668 3363 1740 deprehensi
3373 1709 3389 1730 ,
3413 1670 3596 1725 inetur!
3630 1668 3732 1722 hac

1137 1844 1395 1917 Aburgio.

561 1960 687 2016 Scio
717 1974 804 2015 me
831 1967 934 2016 tua:
972 1958 1226 2029 dignitati
1259 1959 1460 2015 multos
1495 1973 1870 2029 saepenumero
1899 1973 2055 2015 com-

487 2054 797 2116 memlasse.
838 2058 893 2108 et
944 2050 1289 2122 gravissimis
1338 2051 1678 2127 temporibus
1708 2066 1818 2106 non
1863 2066 2056 2124 parum

486 2144 697 2200 alllictis
725 2141 1017 2214 profuisse.
1060 2139 1164 2197 Sed
1212 2142 1420 2197 nullum
1452 2149 1612 2198 antea
1652 2142 1883 2199 missum
1913 2157 1944 2198 a
1972 2156 2060 2198 me

487 2236 554 2291 ad
600 2244 748 2296 tuam
800 2232 1169 2306 praestantiam
1223 2234 1466 2299 memini,
1512 2234 1604 2304 qui
1655 2234 1786 2290 mihi
1841 2234 2061 2291 cbarior

486 2327 648 2391 foret,
693 2331 787 2381 aut
820 2323 915 2395 qui
952 2324 1018 2379 de
1062 2322 1230 2379 rebus
1260 2323 1487 2393 majoris
1522 2325 1780 2381 momenti
1814 2324 2060 2381 decerta-

486 2426 591 2479 ret.
645 2432 810 2490 quam
866 2414 1375 2471 desideratissimus
1426 2415 1570 2471 filius
1621 2415 1910 2480 Eusebius,
1963 2417 2057 2487 qui

484 2524 632 2566 nunc
679 2508 777 2567 tibi
828 2508 928 2563 bas
970 2520 1001 2561 a
1051 2520 1139 2562 me
1189 2506 1399 2563 litteras
1440 2507 1638 2563 reddit.
1689 2508 1791 2574 Qui
1833 2507 2053 2577 quidem

483 2602 632 2672 quali
664 2599 974 2677 implicatus
1013 2599 1085 2655 sit
1120 2599 1362 2669 negotio,
1403 2599 1541 2668 ipse,
1574 2599 1621 2654 si
1646 2598 1808 2654 modo
1839 2607 2054 2668 tempus

485 2694 741 2748 idoneum
771 2691 1145 2755 nanciscatur,
1181 2690 1436 2762 gravitati
1476 2698 1585 2746 tua:
1619 2691 1887 2746 narrabit.
1924 2690 2055 2758 Qua

485 2791 667 2839 autem
701 2797 732 2838 a
763 2797 852 2838 me
896 2781 1007 2837 dici
1045 2797 1143 2853 par
1167 2790 1277 2845 est,
1307 2781 1425 2836 haec
1467 2788 1636 2837 sunt:
1669 2797 1778 2838 non
1805 2783 2057 2837 commit-

484 2874 706 2931 tendum
751 2889 873 2931 esse
911 2880 970 2928 ut
988 2872 1091 2930 viri
1128 2887 1294 2928 causa
1334 2872 1727 2944 detorqueatur
1752 2889 1767 2939 ;
1796 2879 1890 2947 aut
1928 2874 2056 2943 quia

484 2966 640 3020 multi
691 2965 748 3021 in
794 2963 1156 3021 atrocissimis
1200 2964 1503 3021 sceleribus
1544 2964 1873 3035 deprehensi
1903 2971 2052 3026 sunt,

2786 1848 3115 1919 Ἀϐουρτίῳ.

2230 1962 2464 2027 Πολλοὺς
2484 1957 2605 2018 οἴδα
2633 1962 2889 2028 πολλάκις
2916 1961 3189 2033 συστήσας
3215 1963 3282 2033 τῇ
3309 1957 3587 2031 τιμιότητί
3615 1974 3731 2020 σου.

2158 2052 2254 2107 καὶ
2280 2053 2569 2125 γενόμενος
2591 2054 2681 2107 ἐπὶ
2712 2055 2981 2127 μεγίστων
3006 2053 3212 2124 καιρῶν
3237 2054 3503 2125 χρήσιμος
3527 2050 3732 2113 ἱκανῶς

2157 2148 2270 2210 τοῖς
2314 2146 2829 2218 καταπονουμένοις.
2857 2146 2930 2200 οὗ
2964 2145 3069 2217 μὴν
3111 2144 3433 2217 τιμιώτερόν
3474 2160 3539 2213 γε
3584 2145 3731 2211 ἐμοὶ,

2157 2237 2269 2291 οὐδ’
2331 2240 2471 2310 ὑπὲρ
2536 2237 2796 2312 μειζόνων
2857 2237 3252 2310 ἀγωνιζόμενον
3297 2232 3413 2290 οἶδα
3465 2236 3736 2307 πρότερον

2158 2330 2534 2403 παραπέμψας
2579 2334 2646 2404 τῇ
2688 2329 3009 2403 κοσμιότητί
3069 2345 3163 2382 σου
3206 2327 3301 2383 τοῦ
3347 2326 3735 2380 ποθεινοτάτου

2158 2423 2275 2476 υἱοῦ
2310 2423 2591 2486 Εὑσεόίου,
2627 2422 2721 2478 τοῦ
2753 2422 2849 2477 νῦν
2873 2422 2972 2493 τὴν
3004 2420 3291 2492 ἐπιστολὴν
3318 2418 3523 2490 ταύτην
3554 2421 3737 2489 ἐγχει-

2163 2511 2399 2582 ρίζοντός
2440 2528 2522 2565 σοι
2568 2513 2701 2583 παρ’
2750 2511 2927 2584 ἡμῶν.
2961 2512 3057 2575 Ὃς
3104 2508 3333 2580 ποταπῷ
3373 2509 3472 2580 μὲν
3520 2507 3736 2581 συμπέ-

2160 2602 2388 2657 πλεκται
2438 2604 2744 2676 πράγματι,
2797 2603 2991 2667 αὐτὸς,
3033 2603 3101 2657 ἂν
3134 2601 3288 2674 τύχοι
3325 2602 3468 2664 τινὸς
3505 2601 3732 2673 καιροῦ,

2159 2693 2476 2763 διηγήσεταί
2525 2710 2619 2747 σου
2670 2696 2736 2765 τῇ
2793 2693 3113 2765 σεμνότητι·
3171 2691 3207 2746 ἃ
3261 2692 3317 2746 δὲ
3378 2691 3510 2763 παρ’
3573 2692 3738 2764 ήμῶν

2158 2785 2415 2856 λεχθῆναι
2449 2784 2737 2857 προσῆκε,
2784 2784 2957 2840 ταῦτά
3004 2787 3148 2839 ἐστι·
3211 2784 3286 2856 μὴ
3342 2784 3739 2856 παρασυρῆναι

2155 2878 2246 2931 τὸν
2270 2877 2463 2951 ἄνδρα,
2495 2877 2629 2949 μηδὲ
2643 2877 2721 2949 τῷ
2749 2878 2976 2942 πολλοὺς
3014 2876 3310 2946 πεφηνέναι
3340 2876 3467 2939 τοὺς
3489 2877 3585 2930 ἐπὶ
3613 2878 3735 2940 ταῖς

2155 2968 2564 3040 χαλεπωτάταις
2623 2969 2700 3041 (9)
2753 2966 3015 3038 πράξεσιν
3064 2965 3389 3029 ἑαλωκότας,
3440 2966 3537 3017 καὶ
3567 2965 3736 3019 αὐτόν

485 3058 542 3114 in
593 3070 720 3113 eum
772 3055 888 3113 hac
942 3056 1241 3111 multorum
1289 3055 1538 3127 suspicio
1587 3056 1902 3123 redundet;
1957 3056 2052 3111 sed

2164 3078 2211 3113 τι
2246 3061 2344 3133 τῆς
2390 3060 2497 3115 τῶν
2527 3060 2737 3115 πολλῶν
2785 3062 3041 3123 ὑπονοίας
3092 3057 3540 3130 παραπολαῦσαι·
3596 3057 3735 3112 ἀλλὰ

481 3147 748 3220 judicium
797 3148 848 3205 ei
894 3147 1308 3203 concedendum
1342 3162 1489 3213 esse,
1523 3155 1578 3205 et
1626 3146 1681 3202 in
1712 3148 1859 3203 illius
1887 3148 2052 3202 vitam

2164 3156 2339 3225 τυχεῖν
2386 3153 2778 3225 δικαστηρίου,
2843 3154 2939 3207 καὶ
2989 3155 3070 3216 είς
3117 3151 3364 3218 ἐξέτασιν
3410 3149 3583 3205 αὑτοῦ
3642 3150 3736 3204 τὸν

485 3239 896 3312 inquirendum.
956 3238 1036 3294 lta
1085 3239 1234 3295 enim
1296 3238 1556 3296 facillime
1607 3240 1880 3295 calumnia
1940 3255 2056 3294 ma-

2164 3244 2275 3314 βίον
2310 3244 2561 3316 ἀχθῆναι.
2605 3246 2807 3316 Ῥᾷστα
2853 3244 2961 3315 γὰρ
3000 3242 3141 3297 οὕτω
3183 3240 3277 3294 καὶ
3316 3242 3351 3311 ἡ
3393 3240 3736 3308 συκοφαντία

483 3333 686 3391 ni‘festa
734 3332 843 3401 fiet,
894 3347 961 3389 ac
1009 3333 1095 3389 vir
1136 3334 1227 3390 ille
1266 3334 1637 3405 justissimum
1690 3335 2053 3405 patrocinium

2164 3333 2373 3402 φανερὰ
2414 3336 2728 3404 γενήσεται,
2770 3335 2864 3388 καὶ
2895 3337 2923 3387 ό
2971 3334 3111 3406 ἀνὴρ
3162 3330 3340 3402 τυχὼν
3381 3334 3482 3402 τῆς
3522 3333 3738 3387 δικαιο-

484 3434 704 3491 nactus,
738 3433 1036 3498 perpetuus
1081 3425 1186 3483 erit
1216 3425 1470 3483 beneficii
1506 3441 1537 3481 a
1579 3436 1669 3482 tua
1717 3427 2052 3483 humanitate

2164 3426 2326 3497 τάτης
2352 3427 2684 3497 προστασίας
2713 3426 2887 3498 κήρυξ
2925 3425 3077 3479 ἔσται
3119 3425 3372 3497 διηνεκὴς
3412 3427 3522 3479 τῶν
3557 3426 3743 3498 ὑπηρ-

484 3517 691 3589 accepti
714 3532 913 3589 praeco.

942 3666 1279 3724 EPISTOLA
1314 3667 1449 3722 CLX
1459 3667 1640 3724 XIX".

2157 3518 2374 3589 γμένων
2393 3516 2541 3588 αὐτῷ
2560 3512 2722 3589 παρέ
2739 3518 2837 3588 τῆς
2862 3518 2959 3588 σῆς
2979 3518 3338 3589 ἡμερότητος.

2647 3672 2991 3725 ΕΠΙΣΤΟΛΗ
3024 3672 3187 3727 ΡΟΘ’.

1200 3783 1507 3836 Commendat
1528 3781 1740 3834 Basilius
1761 3780 2002 3835 hominem
2022 3782 2161 3848 gravi
2185 3784 2425 3835 calumnia
2447 3782 2496 3834 in
2508 3782 2752 3850 judicium
2776 3795 3010 3836 vocatum.

1122 3895 1413 3951 Arinthaao.

554 4012 819 4069 Libertati
854 4010 1091 4066 amicum
1126 4017 1180 4065 te
1209 4022 1331 4065 esse
1376 4014 1433 4063 et
1474 4006 1871 4076 perhumanum
1919 4005 2053 4062 satis

484 4122 588 4164 nos
616 4106 815 4161 docent
833 4110 886 4158 et
910 4115 1175 4173 generosa
1206 4098 1442 4164 indoles,
1475 4104 1529 4153 et
1552 4097 1699 4168 quod
1724 4105 1777 4153 te
1803 4112 2054 4153 commu-

487 4212 610 4253 nem
645 4196 899 4251 omnibus
934 4193 1165 4264 praebes.
1203 4190 1551 4262 Quapropter
1596 4187 1827 4244 ﬁdenter
1859 4188 2055 4259 depre-

488 4298 727 4353 catorem
758 4301 843 4339 me
872 4284 1086 4354 praebeo
1117 4297 1218 4352 pro
1249 4282 1368 4335 viro
1401 4296 1465 4336 ex
1500 4280 1660 4349 longa
1691 4279 1913 4348 quidem
1937 4294 2054 4333 ma-

2790 3898 3101 3966 Ἄρινθαίῳ.

2226 4011 2343 4063 Καὶ
2368 4008 2741 4083 φιλελεύθερόν
2779 4027 2839 4063 σε
2871 4007 3008 4064 εἶναι
3041 4009 3135 4064 καὶ
3175 4008 3559 4082 φιλάνθρωπον
3588 4013 3654 4067 τό
3681 4032 3742 4068 τε

2154 4100 2253 4170 τῆς
2279 4098 2493 4168 φύσεως
2522 4100 2740 4167 εὐγενὲς
2770 4100 2864 4154 καὶ
2890 4100 2951 4153 τὸ
2989 4100 3125 4171 πρὸς
3162 4101 3369 4169 πάντας
3414 4107 3746 4160 κοινωνικὸν

2153 4191 2356 4256 ἱκανῶς
2383 4193 2532 4264 ἡμᾶς
2558 4192 2884 4249 ἐκδιδάσκει.
2927 4194 3019 4247 Διὸ
3047 4192 3391 4266 θαρρούντως
3419 4194 3536 4266 (10)
3588 4214 3741 4269 πρε-

2156 4281 2422 4355 σϐεύομεν
2476 4283 2617 4354 ὑπὲρ
2676 4283 2868 4356 ἀνδρὸς
2924 4284 3178 4358 λαμπροῦ
3237 4285 3336 4355 μὲν
3385 4285 3601 4343 ἄνωθεν
3646 4291 3745 4343 καὶ

483 4380 664 4450 jorum
695 4376 837 4432 serie
863 4375 1033 4440 claro,
1063 4373 1160 4429 sed
1191 4387 1287 4442 per
1317 4385 1378 4427 se
1406 4369 1604 4439 majori
1634 4367 1842 4424 honore
1872 4382 1936 4422 ac
1968 4382 2054 4422 re-

2164 4373 2220 4424 ὲκ
2246 4373 2525 4443 προγόνων
2559 4372 2713 4442 (11),
2749 4373 2992 4438 πλείονος
3029 4374 3087 4427 δὲ
3114 4374 3181 4427 δι’
3220 4375 3408 4428 ἑαυτὸν
3444 4378 3619 4448 τιμῆς
3646 4381 3746 4433 καὶ

484 4436 730 4527 verentia
769 4465 932 4535 digno
971 4436 1042 4519 ob
1075 4436 1295 4517 insitam
1336 4436 1551 4515 morum
1591 4460 1957 4525 suavitatem;
1993 4466 2056 4514 ut

2164 4436 2336 4525 αἰδοῦς
2365 4436 2519 4528 άξίου
2547 4436 2781 4535 eam
2812 4436 3219 4537 ἐνυπάρχουσαν
3256 4463 3404 4535 αὑτῷ
3449 4436 3747 4540 «af-:96.

487 4577 612 4617 meo
652 4566 844 4628 rogatu
889 4570 1046 4627 opem
1091 4555 1171 4609 illi
1207 4553 1352 4608 feras
1378 4592 1395 4618 ,
1442 4550 1711 4622 judicium
1758 4550 2055 4606 sustinenti

488 4653 605 4708 leve
626 4650 756 4705 illud
781 4647 998 4719 quidem
1032 4653 1086 4700 et
1119 4633 1603 4707 contemnendum;
1629 4641 1678 4696 si
1706 4641 1906 4696 veritas
1928 4655 2051 4712 spe—

556 4806 576 4828 ‘
613 4803 761 4861 Alias
787 4799 1032 4857 CCCLX.
1068 4798 1283 4861 Scripta
1310 4811 1454 4852 anno
1480 4795 1607 4851 574.

565 4877 604 4897 “
628 4874 780 4929 Alias
816 4867 1164 4927 CCCLXXX.
1194 4863 1413 4936 Scripta
1445 4880 1588 4936 anno
1613 4863 1738 4929 57A.

567 4944 643 5015 (6)
680 4941 983 5015 Τυγχάνει.
1018 4940 1111 5015 Sic
1133 4954 1265 5015 mss.
1298 4933 1442 4992 octo.
1472 4935 1613 4990 Editi
1640 4933 1950 5015 τυγχάνειν.

562 5005 637 5089 (Ei
683 5005 988 5089 Ἀδέᾉεοός.
1034 5009 1359 5089 ᾼιιιεηίιιιιιο
1395 5005 1745 5089 voce-medi“
1778 5008 2056 5089 apponunt

489 5074 667 5158 ἡμῶν,
689 5074 1023 5158 _quod'ilee§t
1051 5082 1106 5136 in
1134 5078 1313 5158 tribus
1326 5074 1726 5158 vetustissimis
1752 5074 2052 5158 codicibus.

563 5142 665 5228 (s)'
688 5142 1263 5228 Ἔπιξειχθήσξσθαι.
1297 5147 1375 5228 Ita
1408 5145 1555 5228 ψει-ιζ
1604 5144 1795 5228 codex.
1840 5142 2058 5228 cuinia-

491 5210 738 5297 veut'sex
767 5222 882 5297 alii,
912 5210 1189 5297 inquibus
1218 5220 1413 5288 legitur
1435 5213 1892 5286 ἐπιδειχθήσεται.
1923 5210 2055 5267 Edi-

491 5296 533 5348 ti
563 5292 1024 5363 ἐπιδειχθῆναιος
1162 5362 1172 5363 ί
1359 5355 1370 5363 _
1572 5351 1594 5363 -
1651 5352 1666 5363 .
1763 5360 1771 5363 _
1820 5351 1861 5363 ..

566 5365 643 5434 (9)
702 5350 1012 5434 ἶιῖπίηταῖς
1058 5355 1526 5434 χαλεξωτάταις.
1572 5351 1778 5434 Iudicat
1820 5350 2057 5434 Basilius

493 5422 806 5501 horribilem
840 5422 1355 5501 illam—tragoediam,
1390 5441 1513 5501 quae
1545 5422 1909 5501 subXalente
1933 5430 2056 5475 acta

493 5512 600 5566 est,
639 5495 764 5557 cum
806 5495 1130 5569 deprehensi
1163 5495 1516 5569 fuissent‘qui
1554 5496 1622 5550 de
1652 5495 1804 5569 illius
1836 5506 2059 5569 succes-

496 5560 620 5641 sdre
649 5587 757 5641 .per
801 5560 979 5641 sortes
1008 5569 1405 5641 inquisierant.
1440 5560 1613 5641 '_Tun_c
1662 5562 1897 5617 omnium
1947 5560 2058 5631 fere

494 5635 739 5695 ordinum
768 5638 1071 5698 multitudo.
1099 5635 1277 5706 'quam
1319 5635 1633 5706 nominatim
1675 5647 1939 5706 accensere
1977 5642 2055 5685 est

497 5711 744 5778 arduum,
771 5709 946 5778 inquit
983 5704 1321 5772 Ammianus,
1353 5707 1408 5760 in
1439 5704 1624 5776 plagas
1657 5704 2048 5757 calumniarum

2156 4571 2275 4608 πων
2302 4555 2646 4627 ἡμερότητα’
2683 4555 2822 4609 ὥστε
2875 4574 2935 4609 σε
2986 4558 3406 4629 παρακληθέντα
3438 4559 3532 4628 ὑφ’
3578 4562 3749 4632 ἡμῶν

2157 4647 2499 4719 παραστῆναι
2527 4647 2674 4720 αὐτῷ
2703 4648 3087 4723 ἀγωνιζομένῳ
3106 4649 3262 4721 δίκην
3283 4691 3299 4715 ,
3328 4649 3430 4720 τῆς
3470 4650 3578 4723 μὲν
3607 4652 3751 4723 άλη-

2156 4798 2415 4868 conjecta,
2456 4813 2817 4868 percussorum
2854 4798 3098 4853 dexteras
3137 4797 3402 4868 fatigavit,
3446 4805 3749 4856 tormentis

2156 4878 2205 4923 et
2246 4867 2455 4938 plumbo
2488 4878 2540 4923 et
2578 4867 2869 4922 verberibus
2905 4878 3026 4922 ante
3067 4867 3346 4923 debilitata
3379 4881 3397 4938 ξ
3427 4881 3750 4938 sumptum-

2156 4936 2254 5007 que
2278 4947 2353 4993 est
2382 4937 2783 5009 deiquibusdam
2820 4939 2931 4992 sine
2970 4940 3291 5007 spiramento
3319 4936 3397 4992 vel
3423 4936 3583 4993 mora
3612 4958 3750 5009 sup-

2157 5010 2394 5079 plicium,
2426 5008 2551 5061 dum
2577 5009 2833 5079 quieritur
2871 5024 2940 5061 an
2972 5010 3112 5062 sumi
3143 5010 3457 5079 deberenet
3488 5018 3551 5060 ut
3575 5008 3749 5079 pecu-

2157 5075 2280 5132 dum
2314 5078 2501 5148 ubique
2530 5075 2816 5132 trucidatio
2843 5080 3173 5148 cernebatur.
3206 5075 3408 5148 Rerum
3432 5075 3751 5136 crudeliter

2156 5146 2430 5217 gestarum
2464 5150 2658 5203 seriem
2696 5157 2751 5201 et
2782 5146 3260 5217 modosaccurate
3289 5146 3560 5202 describit
3593 5150 3751 5205 idem

2158 5216 2394 5288 Scriptor
2424 5218 2517 5272 lih.
2552 5234 2701 5279 xxxx,
2734 5232 2785 5273 c.
2828 5219 2851 5270 ‘l
2878 5225 2943 5288 iet
2976 5216 3030 5272 2.
3073 5218 3268 5272 Merito
3295 5233 3424 5287 ergo
3457 5227 3628 5273 metu.
3653 5223 3754 5275 bat

2086 5346 2094 5353 ,
2159 5287 2417 5361 Basilius,
2440 5304 2507 5342 ne
2530 5288 2616 5361 his
2653 5287 2941 5361 calumniis
2977 5287 3292 5361 implicatus
3316 5287 3605 5361 Eusebius
3640 5307 3750 5361 pa-

2158 5358 2533 5429 rumhaheret
2565 5360 2621 5429 lu
2652 5372 2750 5411 sua
2784 5356 3097 5429 innocentia
3138 5357 3397 5429 praesidii.

2224 5428 2341 5507 μθ)
2382 5428 2779 5497 (tappetia-mc.
2813 5424 2949 5484 Tres
2991 5424 3326 5483 recentiores
3359 5426 3587 5483 codices
3609 5428 3754 5501 θαρ-

2158 5500 2494 5639 εῗοῖἶῖῗςὶῖοί
2541 5566 2611 5621 ἐκ
2640 5566 2972 5639 προτόνων.
3026 5565 3364 5639 Conjunctio
3421 5566 3613 5623 addita
3673 5582 3749 5625 cx

2157 5636 2329 5694 Coisl.’
2353 5638 2531 5709 primo
2566 5646 2621 5695 et
2661 5636 2811 5692 Harl.
