3852 6220
96 351 227 407 637
989 358 1479 420 EPISTOLARUM
1522 356 1711 418 CLAS!

1798 364 1809 420 ι
1846 363 1911 420 n.
1943 358 2163 422 EPIST.
2204 363 2484 422 CLXXXI.
2749 347 2756 359 '
3256 333 3370 427 ωε

98 466 274 531 θείας
331 468 515 524 ἕνεκεν
563 472 674 544 (12)
731 476 1242 553 εὐκαταφρόνητον,
1283 481 1574 551 ἐναγώνιον
1641 483 1700 537 δὲ

1806 492 1985 540 ctetur
2009 526 2023 551 ,
2069 485 2163 540 sed
2195 484 2401 553 alioqui
2448 480 2666 537 dillicile
2695 489 2749 536 et
2791 480 3076 557 molestum
3115 482 3186 539 ob
3215 486 3369 541 calu-

97 557 298 623 ἄλλως
321 561 408 615 διὰ
432 564 495 616 τὸ
524 566 622 637 τῆς,
657 573 1019 638 συκοφαντίας
1049 572 1206 645 βαρύ.
1242 573 1466 646 Μεγάλη
1494 575 1603 646 γὰρ
1630 574 1696 630 ἂν

1804 575 1964 631 mnia:
1997 576 2416 632 vehementiam.
2447 573 2673 627 Multum
2688 572 2923 627 enimilli
2945 574 3163 630 accedet
3187 577 3254 630 ad
3280 592 3371 632 sa-

97 646 330 751 γένοιτο
357 651 675 751 adempt-mi}
709 659 842 728 πρὸς
872 663 1145 733 σωτηρίαν
1169 704 1183 728 ,
1220 665 1269 716 εί
1300 665 1696 732 καταξιὼσειάς

1802 669 1969 723 lutem
2023 668 2317 729 momenti,
2359 667 2407 723 si
2455 666 2586 737 quid
2637 666 2868 735 benigne
2925 681 3024 736 pro
3071 682 3138 721 eo
3184 668 3370 726 dicere

96 753 161 788 τι
206 738 364 812 ῥῆμα
403 745 784 818 φιλάνθρωπον
837 752 978 824 ὑπὲρ
1027 754 1193 808 αὑτοῦ
1244 755 1510 827 προέσθαι
1558 758 1693 826 (15),

1800 757 2060 828 digneris,
2098 759 2153 812 in
2187 758 2375 827 primis
2414 756 2468 811 id
2500 756 2611 826 juri
2650 756 2934 811 deferens:
2975 757 3171 812 deinde
3201 760 3368 813 etiam

100 836 552 905 προηγουμένως
584 840 682 910 μὲν
726 842 806 912 τῷ
836 843 1031 917 δικαίῳ
1060 848 1418 918 χαριζόμενος
1441 889 1455 912 ,
1505 849 1697 903 ἔπειτα

1798 856 1852 904 et
1882 848 2039 905 nobis
2074 848 2307 905 summis
2339 848 2446 905 tuis
2480 848 2708 911 amicis,
2742 856 3070 904 consuetum
3104 849 3383 906 honorem

98 925 210 977 καὶ
245 927 382 997 ἡμῖν
413 933 527 995 τοῖς
554 932 854 1004 ἐξαιρέτοις
898 954 991 990 σου
1021 939 1118 1010 τὴν
1152 939 1356 1010 συνήθη
1396 941 1561 1012 τιμὴν
1603 941 1696 993 καὶ

1798 949 1853 998 et
1878 940 2115 997 cilicium
2137 942 2193 997 in
2224 942 2331 996 hoc
2363 956 2581 1013 quoque
2609 940 2875 996 tribuens.

97 1017 277 1090 χάριν
318 1023 412 1076 καὶ
443 1024 502 1076 ὲν
542 1027 715 1097 τούτῳ
752 1029 1129 1101 χαριζόμενος.

629 1147 975 1203 ΕΠΙΣΤΟΛΠ
1015 1151 1140 1203 ΡΠ’.

2164 1147 2323 1220 265
2359 1138 2695 1201 EPISTOLA
2736 1142 3014 1202 CLXXX‘.

359 1260 637 1322 Sophronia
656 1261 873 1314 Basilius
888 1265 1187 1316 commendat
1209 1262 1519 1316 Eumlhium
1539 1262 1744 1315 nobilem
1768 1270 1813 1315 et
1834 1262 2070 1315 disertum
2092 1260 2253 1313 virum
2271 1259 2558 1328 gravissima
2582 1257 2853 1308 calamitate
2875 1256 3119 1323 amictum.

292 1366 612 1434 Σωφρονίφ
626 1366 957 1435 μαγίστρῳ,
973 1369 1515 1439 Εὐμαθίουὲνεκειν.

196 1456 384 1527 ’Δνδρὶ
417 1456 679 1527 ἀξιολόγῳ
733 1458 1041 1529 περιτυχὼν
1084 1461 1408 1532 περιστάσει
1459 1463 1559 1518 οὐκ
1597 1463 1692 1516 ἀν·-

1938 1369 2230 1438 Sophrom'o
2266 1368 2542 1438 magistro,
2574 1368 2629 1420 in
2671 1364 2940 1419 Eumathii
2969 1367 3219 1435 gratiam.

1866 1462 1925 1517 In
1971 1463 2247 1533 egregium
2302 1462 2478 1515 virum
2530 1476 2653 1513 cum
2706 1459 3020 1513 incidiSsem
3058 1458 3364 1511 calamitate

94 1552 243 1619 εκτῇ
284 1550 642 1621 κεχρημένῳ,
699 1549 902 1605 ἔπαθον
931 1551 1030 1624 τὴν
1069 1551 1269 1626 ψυχήν.
1323 1555 1390 1608 Τί
1440 1555 1550 1627 γὰρ
1594 1557 1695 1609 οὐκ

1798 1554 2121 1609 intolerabili
2153 1552 2449 1616 afﬂictum,
2484 1566 2725 1605 animum
2765 1550 2966 1603 invasit
3002 1549 3177 1603 dolor.
3212 1546 3363 1612 Quo-

95 1641 381 1712 ἔμελλον,
418 1641 703 1713 ἄνθρωπος
753 1642 863 1708 ὢν,
916 1644 1191 1717 ἀνθρώπῳ
1238 1646 1509 1721 ἐλευθέρῳ
1561 1653 1693 1721 παρ’

1792 1646 1954 1700 niodo
1983 1645 2129 1699 enim
2153 1645 2472 1715 potuissem,
2504 1658 2630 1697 cum
2660 1642 2762 1699 sim
2789 1641 2974 1704 homo,
3006 1639 3246 1695 hominis
3277 1640 3362 1694 in-

95 1732 268 1798 ἀξίαν
299 1734 737 1805 ὲμπεπλεγμένῳ
761 1737 1049 1808 πράγμασι
1079 1738 1400 1808 συναλγεῖν;
1432 1741 1541 1794 Καὶ
1570 1741 1691 1811 βου-

1798 1724 1953 1807 genui
1987 1744 2182 1807 praeter
2206 1736 2459 1791 meritum
2487 1734 2722 1805 negotiis
2749 1733 3017 1816 implicati
3037 1733 3226 1790 dolore
3248 1747 3362 1790 non

94 1826 444 1896 λευσάμενος
488 1828 599 1896 (14)
646 1826 765 1892 πῶς
799 1828 865 1882 ἂν
921 1831 1181 1903 γενοίμην
1212 1831 1360 1903 αὐτῷ
1399 1834 1685 1904 χρήσιμος,

98 1917 244 1987 μίαν
277 1912 440 1987 εὗρον
465 1917 620 1972 λύσιν
654 1921 752 1991 τῆς
783 1921 1119 1992 κατεχούσης
1159 1923 1320 1977 αὐτὸν
1351 1923 1686 1995 δυσχερείας,

94 2010 151 2061 εί
188 2012 262 2080 τῇ
295 2011 362 2080 σῇ
402 2010 719 2083 κοσμιότητι
771 2015 1058 2085 ποιήσαιμι
1104 2015 1397 2088 γνώριμον.
1448 2018 1546 2071 Σὺν
1594 2013 1688 2072 οὖν

94 2100 164 2153 τὸ
201 2099 410 2171 ἐφεξῆς
431 2138 447 2167 ,
480 2102 580 2174 τὴν
602 2104 803 2158 σαυτοῦ
836 2107 1102 2178 σπουδὴν,
1135 2110 1203 2179 ἢν
1240 2111 1320 2173 είς
1350 2108 1579 2173 πολλοὺς
1604 2111 1687 2179 ἐφ’

96 2191 239 2259 ἡμῖν
271 2192 388 2261 (15)
419 2193 686 2264 μάρτυσιν
722 2197 1083 2264 ὲπιδέδειξαι,
1120 2202 1216 2255 καὶ
1234 2201 1383 2272 αὐτῷ
1412 2202 1689 2272 παρασχέ-

95 2282 254 2336 σθαι.
290 2283 365 2337 To
384 2285 441 2338 δὲ
474 2288 707 2359 πρᾶγμα
734 2288 992 2361 γνωρίσει
1021 2292 1054 2362 ὴ
1092 2292 1402 2347 ὲπιδοθετσα
1434 2293 1563 2365 παρ’
1589 2293 1688 2346 αὺ-

94 2374 197 2426 τοῦ
227 2375 419 2446 δέησις
444 2383 557 2444 τοῖς
586 2381 894 2452 βασιλεῦσιν
912 2424 928 2450 ,
951 2383 1020 2456 ἣν
1047 2384 1142 2438 καὶ
1162 2384 1348 2439 λασεῖν
1370 2387 1451 2449 εις
1479 2387 1687 2456 χεῖρας,

93 2466 201 2518 καὶ
234 2469 558 2539 συμπρᾶξαι
591 2472 670 2543 τῷ
706 2474 862 2548 ἀνδρὶ
912 2475 984 2529 τὰ
1033 2476 1235 2531 δυνατὰ
1283 2476 1685 2548 παρακλήθητι.

94 2556 212 2610 Kal.
239 2557 352 2629 γὰρ
376 2560 685 2634 Χριστιανῷ
704 2564 900 2639 χαρίζῃ
930 2567 947 2620 ί
954 2565 1063 2637 16),
1088 2566 1183 2620 καὶ
1210 2566 1440 2634 εὐγενεῖ,
1463 2567 1559 2621 καὶ⁸
1580 2566 1689 2621 ἀπὸ

94 2646 265 2715 λόγου
292 2650 490 2705 πολλοῦ
522 2655 583 2706 τὸ
607 2655 885 2728 αἰδέσιμον
910 2658 1256 2729 ὲπαγομένῳ.
1283 2658 1406 2712 Ἐὰν
1428 2658 1487 2713 δὲ
1513 2675 1687 2728 προσ-

96 2739 333 2835 θῷμεν.
371 2744 455 2798 ὅτι
498 2747 593 2800 καὶ
642 2750 802 2819 ἡμεῖς
843 2751 1083 2822 μεγάλην
1132 2750 1222 2804 διὰ
1262 2750 1360 2820 τῆς
1411 2753 1492 2815 είς
1527 2750 1722 2835 αὑτὸν.

97 2833 360 2899 εὐποιίας
389 2836 767 2910 ὑποδεκόμεθα
794 2841 910 2912 (17)
940 2842 1101 2915 χάριν
1119 2883 1135 2909 ,
1177 2842 1432 2908 πάντως,
1458 2842 1563 2897 κᾶν
1600 2860 1689 2913 ll"

97 2925 236 2994 κρὺν
334 2927 511 2993 ἄλλως
555 2931 618 2985 τὸ
650 2932 918 3004 ἡμέτερον
938 2973 952 2997 ,
987 2934 1123 2989 ἀλλὰ
1157 2935 1260 3005 τῆς
1295 2936 1393 3008 σῆς
1426 2935 1689 3007 σεμνότηο

96 3034 190 3082 τος
220 3020 339 3090 (i8)
368 3021 457 3075 ἀεὶ
482 3024 540 3083 ὲν
578 3023 721 3096 λόγῳ
754 3026 1111 3081 ποιεῖσθαιτὰ
1144 3026 1267 3081 καθ’
1298 3028 1447 3098 ἡμᾶς
1495 3027 1687 3097 ἀνεχο-

99 3109 278 3180 μένης
295 3149 314 3175 ι
339 3109 403 3163 οὗ
438 3112 634 3184 μικρὸν
659 3118 911 3185 φανεῖται
941 3117 1003 3170 τὸ
1034 3116 1293 3187 χαρισθὲν
1323 3118 1475 3188 ἡμῖν.

601 3231 944 3287 ΕΠΙΣΤΟΛΗ
985 3232 1161 3290 PHA'.

100 3345 258 3412 Rogat
285 3346 506 3399 Otreium
544 3350 760 3405 Basilius
796 3360 846 3403 at
880 3368 984 3407 sese
1007 3353 1213 3421 invicem
1247 3365 1580 3417 conserentur;
1601 3353 1690 3421 iste
1707 3354 1908 3421 quidem

1793 1828 2040 1883 moveri?
2071 1827 2279 1883 Mecum
2308 1835 2488 1882 autem
2537 1833 2800 1897 reputans
2845 1825 3117 1896 quomodo
3144 1827 3193 1880 ei
3228 1839 3359 1888 pro-

1789 1917 1949 1973 desse
1975 1931 2213 1987 possem,
2239 1931 2399 1970 ulnam
2432 1916 2616 1971 inveni
2642 1914 2906 1970 molestia:
2927 1913 3079 1968 illum
3108 1913 3358 1969 detinen—

1789 2011 1860 2066 tis
1885 2008 2233 2073 solutionem,
2270 2008 2317 2063 si
2340 2023 2465 2063 eum
2489 2016 2597 2063 tuae
2617 2005 2868 2079 dignitati
2887 2014 3076 2062 notum
3100 2006 3356 2062 facerem.

1786 2099 1904 2157 Jam
1931 2108 2112 2156 autem
2127 2108 2280 2155 tuum
2300 2107 2406 2165 est,
2428 2100 2570 2156 idem
2599 2098 2861 2164 studium,
2880 2098 3022 2171 quod
3052 2098 3106 2153 in
3130 2098 3362 2162 multos.

1788 2192 1949 2249 nobis
1979 2193 2213 2249 testibus
2232 2231 2248 2256 ,
2300 2191 2626 2252 ostendisti.
2670 2191 2799 2247 huic
2829 2205 3049 2262 quoque
3078 2189 3363 2247 exhibere.

1789 2285 1922 2348 Rem
1956 2295 2136 2346 autem
2164 2284 2439 2356 cognitam
2480 2284 2643 2342 faciet
2685 2283 2915 2354 supplex
2946 2283 3163 2339 libellus
3193 2282 3265 2339 ah
3292 2296 3359 2337 eo

1789 2376 2210 2448 imperatoribus
2255 2376 2525 2431 traditus:
2577 2388 2742 2444 quem
2792 2374 2950 2428 velim
2985 2380 3039 2428 et
3073 2372 3128 2427 in
3164 2387 3358 2429 manus

1789 2484 1997 2532 sumas,
2048 2474 2104 2524 et
2137 2481 2237 2539 pro
2262 2467 2408 2522 virili
2442 2467 2591 2521 adsis
2641 2464 2871 2522 homini.
2920 2463 3082 2520 Certe
3109 2464 3254 2520 enim
3299 2463 3363 2519 in

1787 2557 2158 2615 Christianum
2184 2558 2466 2614 beneﬁcus
2488 2559 2620 2623 eris,
2658 2564 2713 2612 et
2741 2557 3000 2621 nobilem,
3034 2565 3089 2611 et
3116 2556 3187 2611 ob
3217 2556 3357 2608 ntul~

1789 2662 1899 2708 tam
1933 2654 2242 2709 doctrinam
2274 2651 2666 2708 venerandum.
2698 2650 2855 2719 Quod
2891 2653 2938 2709 si
2965 2651 3270 2707 addiderim
3304 2656 3358 2703 te

1787 2742 2119 2799 conferendo
2142 2743 2197 2797 in
2217 2757 2340 2798 eum
2371 2742 2635 2798 beneﬁcio
2656 2756 2908 2813 magnam
2935 2739 3078 2811 apud
3099 2755 3197 2795 nos
3217 2752 3357 2809 quo-

1787 2853 1895 2908 que
1927 2837 2067 2890 inire
2104 2835 2333 2905 gratiam
2363 2874 2377 2900 ,
2432 2840 2582 2889 certe
2619 2832 2874 2904 quamvis
2905 2847 2994 2888 res
3044 2846 3177 2887 mea:
3203 2828 3358 2902 parvi

1788 2929 1900 2986 sint
1934 2926 2131 2996 pretii,
2162 2937 2251 2981 tua
2287 2934 2466 2980 tamen
2496 2925 2761 2996 gravitate
2788 2939 2978 2981 earum
3023 2936 3238 2993 semper
3266 2935 3358 2974 ra-

1788 3022 1992 3077 tionem
2025 3019 2225 3073 habere
2252 3031 2362 3072 non
2393 3016 2726 3088 dedignante
2747 3055 2763 3081 ,
2808 3031 2917 3071 non
2950 3026 3174 3087 parvum
3203 3013 3362 3069 vide~

1789 3115 1938 3171 bitur
1962 3112 2106 3183 quod
2134 3111 2269 3166 mihi
2307 3117 2522 3181 gratum
2550 3109 2662 3165 fiet.

2254 3224 2595 3283 EPISTOLA
2625 3223 2948 3282 CLXXXI“.

1929 3349 2329 3423 quw§antosatis
2362 3349 2683 3423 perferentur,
2708 3349 2773 3398 ad
2800 3347 3041 3401 Basiliam
3065 3345 3317 3399 scribendo
3338 3358 3361 3399 .°

1008 3415 1223 3468 Basilius
1242 3429 1375 3479 vero,
1397 3429 1508 3481 qua:
1528 3410 1592 3469 ea:
1617 3410 1829 3469 Thracia
1846 3410 2104 3474 didicerit,
2127 3410 2174 3464 ei
2193 3410 2476 3463 nuntiando.

580 3521 820 3592 Ὀτρηίῳ
846 3525 1210 3592 Μελητίνης.

174 3606 312 3666 Οἶδα
334 3652 350 3672 ,
385 3613 467 3666 ὅτι
499 3616 594 3667 καὶ
636 3615 737 3685 τῆς
772 3615 873 3686 σῆς
906 3615 1191 3679 εὐλαϐείας
1225 3613 1479 3670 τοσοῦτον
1519 3614 1688 3669 ἄπτε-

102 3722 195 3757 ται
242 3705 274 3756 ὁ
326 3704 606 3777 χωρισμὸς
654 3707 748 3760 τοῦ
781 3698 1195 3778 θὲοφιλεστάτου
1246 3709 1545 3762 ἐπισκόπου
1584 3707 1689 3760 Εὑ-

106 3796 294 3850 σεϐίου
317 3837 332 3857 ,
372 3797 495 3851 ὅσον
528 3799 621 3853 καὶ
659 3799 816 3871 ἡμῶν
841 3801 1039 3856 αὐτῶν.
1085 3800 1239 3854 Ἐπεὶ
1271 3797 1363 3856 οὖν
1393 3800 1689 3872 ἀμφότεροι

104 3889 388 3961 χρῄζομεν
435 3891 869 3964 παρακλήσεως,
903 3891 1154 3963 ἀλλήλοις
1189 3890 1476 3964 γενώμεθα
1512 3908 1691 3964 παρα-

106 3980 303 4050 μυθία.
347 3981 459 4034 Καὶ
492 3981 555 4035 σύ
583 4000 641 4035 τε
669 3985 801 4055 ἡμῖν
834 3984 1114 4040 ἐπίστελλε
1143 3984 1212 4039 τὰ
1241 3986 1306 4038 ὲκ
1334 3984 1688 4056 Σαμοσάτων,

102 4070 272 4139 ἡμεῖς
292 4086 355 4121 τε
384 4070 528 4142 ἅπερ
556 4071 622 4125 ἂν
659 4072 919 4144 μάθωμεν
946 4074 1056 4129 ἀπὺ
1087 4074 1186 4146 τῆς
1206 4073 1429 4147 Θρᾴκης
1452 4114 1467 4138 ,
1506 4077 1688 4144 ἀπαγ-

104 4159 398 4230 γελοῦμεν.
455 4161 614 4234 Φέρει
662 4163 773 4236 γὰρ
820 4164 943 4235 ἐμοὶ
998 4165 1096 4235 μὲν
1142 4166 1203 4219 τὸ
1253 4165 1540 4234 γινώσκειν
1594 4162 1688 4218 τοῦ

104 4251 242 4305 ἱ.αοῦ
262 4252 363 4325 τὴν
390 4253 638 4308 ἔνστασιν
669 4256 731 4309 οὐ
761 4256 963 4328 μικρὰν
994 4257 1274 4329 ῥᾳστώνην
1305 4259 1370 4311 ὲκ
1396 4257 1506 4310 τῶν
1544 4273 1688 4328 παρ-

100 4347 282 4401 όντων
320 4348 579 4419 λυπηρῶν
602 4388 619 4414 ,
651 4351 718 4422 τῇ
758 4350 814 4404 δὲ
861 4353 927 4422 σῇ
975 4351 1309 4423 χρηστότητι
1352 4352 1414 4405 τὸ
1442 4350 1690 4404 διδάσκε-

107 4439 240 4494 σθαι
265 4440 328 4492 ὲν
354 4436 437 4504 οἷς
465 4443 609 4496 ἐστιν
632 4446 661 4497 ὁ
701 4443 878 4507 κοινὸς
918 4443 1076 4514 ἡμῶν
1102 4444 1306 4514 πατήρ.
1351 4443 1567 4514 Ἀμέλει
1597 4443 1693 4496 καὶ

107 4532 204 4585 νῦν
229 4533 291 4585 οὐ
324 4533 616 4604 γράμμασι
647 4536 929 4607 σημαίνειν
957 4535 1170 4607 ἔχομεν’
1208 4532 1322 4590 ἀλλ’
1357 4535 1518 4589 αὑτὸν
1550 4552 1691 4606 παρ-

107 4624 425 4695 εστήσαμέν
469 4641 551 4679 σοι
594 4625 688 4679 τὸν
732 4626 976 4699 ἀκριϐῶς
1005 4628 1181 4681 εἰδότα
1206 4669 1221 4690 ,
1265 4628 1360 4681 καὶ
1389 4626 1690 4696 ἀπαγγέλ-

108 4717 303 4771 λοντα
341 4715 453 4787 (19)
503 4718 563 4769 ἐν
597 4713 681 4781 οἷς
726 4718 888 4771 αὐτὸν
944 4705 1239 4782 κατέλιπε,
1276 4718 1370 4772 και
1412 4719 1560 4781 ὅπως
1598 4719 1692 4771 καὶ

113 4808 353 4880 φέροντα
368 4809 479 4880 (‘20)
504 4809 574 4863 τὰ
596 4811 998 4881 συμπίπτοντα.
1025 4809 1199 4883 Εὖχου
1225 4812 1402 4865 τοίνυν
1430 4812 1525 4866 καὶ
1549 4812 1691 4884 ὑπὲρ

2317 3513 2496 3570 Otreio
2525 3512 2820 3568 Meletines.

1860 3611 2015 3668 llaud
2043 3609 2234 3680 ignoro
2260 3614 2408 3662 tuam
2431 3608 2686 3678 pietatem
2710 3605 3052 3676 separatione
3081 3618 3146 3659 ac
3163 3604 3360 3660 exsilio

1787 3704 2009 3761 Eusebii
2043 3702 2289 3772 episcopi
2342 3700 2743 3772 religiosissimi
2776 3707 2886 3752 tam
2934 3699 3160 3763 moveri,
3195 3713 3358 3768 quam

1786 3796 2190 3865 memetipsum.
2218 3790 2355 3846 Cum
2388 3791 2573 3862 itaque
2597 3799 2827 3861 uterque
2857 3788 3198 3860 indigeamus
3227 3804 3362 3844 con-

1788 3889 2092 3949 solatione,
2126 3887 2302 3941 simus
2340 3885 2480 3939 alter
2523 3884 2680 3939 alteri
2715 3883 2931 3940 solatio.
2975 3880 3043 3937 Et
3076 3890 3134 3938 tu
3180 3882 3361 3940 scribe

1787 3979 1950 4036 nobis
1982 3994 2102 4049 quae
2125 3977 2431 4033 Samosatis
2460 3977 2525 4031 ad
2552 3984 2606 4032 te
2632 3965 3001 4046 perferentur,
3025 3982 3081 4031 et
3109 3990 3211 4046 ego
3239 3988 3360 4045 quae

1787 4088 1855 4129 ex
1887 4070 2123 4126 Thracia
2149 4069 2417 4132 didicero,
2448 4068 2738 4124 nuntiabo.
2769 4065 2907 4123 Nam
2940 4082 3043 4123 nec
3076 4066 3231 4132 mihi,
3259 4082 3360 4137 po.

1788 4165 1900 4237 puli
1926 4162 2291 4220 constantiam
2318 4174 2670 4232 cognoscere,
2692 4174 2914 4231 parvam
2941 4158 3098 4215 aﬂ'ert
3126 4172 3192 4215 ex
3221 4174 3362 4229 pra:-

1789 4254 2038 4311 sentibus
2066 4251 2334 4308 molestiis
2371 4250 2772 4315 allevationem,
2809 4263 2913 4304 nec
2949 4248 3080 4315 tibi,
3110 4248 3179 4306 de
3209 4264 3364 4305 com-

1789 4348 1971 4403 munis
1999 4347 2174 4417 patris
2206 4343 2385 4401 nostri
2417 4345 2584 4399 rebus
2609 4342 2850 4401 edoceri.
2898 4341 3056 4398 Nunc
3086 4356 3220 4400 sane
3250 4356 3363 4399 non

1789 4452 2084 4512 possumus
2122 4438 2238 4493 haec
2264 4435 2642 4508 perscribere:
2695 4433 2794 4490 sed
2826 4436 2924 4492 tibi
2950 4436 3232 4503 sistimus,
3266 4436 3363 4507 qui

1789 4548 1853 4589 ea
1881 4540 2141 4588 accurate
2168 4528 2360 4594 novit,
2394 4538 2450 4586 et
2476 4530 2721 4586 narrabit
2751 4544 2861 4602 quo
2909 4531 2965 4584 in
2998 4538 3148 4586 statu
3184 4530 3363 4600 ipsum

1791 4624 2113 4696 reliquerit,
2163 4631 2222 4679 et
2265 4637 2378 4693 quo
2420 4623 2605 4678 animo
2646 4636 2926 4678 aerumnas
2977 4622 3359 4693 perferentem.

1789 4715 2024 4773 Prerare
2053 4715 2218 4789 igitur
2247 4719 2304 4771 et
2332 4728 2430 4785 pro
2462 4715 2583 4784 ipso
2627 4722 2682 4769 et
2717 4728 2817 4785 pro
2855 4726 2963 4779 me,
3006 4723 3067 4768 ut
3097 4713 3363 4770 Dominus

1791 4824 1954 4881 quam
1988 4808 2271 4864 celerrime
2306 4807 2375 4861 ab
2397 4806 2485 4863 bis
2515 4822 2617 4862 nos
2640 4807 2908 4878 angustiis
2940 4804 3151 4862 liberet.

110 4902 281 4959 αὑτοῦ
302 4947 318 4970 ,
347 4904 442 4957 καὶ
470 4905 612 4977 ὑπὲρ
639 4905 833 4977 ἡμῶν,
865 4907 951 4962 ἵνα
981 4910 1010 4962 ὁ
1036 4908 1238 4979 Κύριος
1273 4908 1496 4977 ταχεῖαν
1535 4906 1797 4977 ἀπαγάγῃ
1828 4904 1938 4959 τῶν
1966 4901 2154 4958 δεινῶν
2181 4902 2388 4956 τούτων
2415 4902 2515 4973 τὴν
2549 4901 2724 4955 λύσιν.

210 5024 303 5091 12)
343 5024 615 5079 Ἕνεκεν.
654 5023 732 5078 lta
764 5041 860 5082 sex
891 5042 1024 5083 mss.
1057 5025 1201 5081 Editi
1226 5025 1410 5080 ἕνεκα.

214 5094 305 5168 ιδ)
339 5094 766 5168 Προέσθαιηιιιι
798 5112 1077 5168 niss._sex.
1113 5096 1256 5168 Editi
1288 5095 1591 5168 προΐεσθαι.

187 5161 307 5237 (14)
358 5161 881 5236 Βουλωσὰμενος.
930 5166 1072 5222 Editi
1129 5161 1345 5222 addunt
1383 5161 1498 5231 οὖν,
1546 5165 1693 5238 quod

115 5237 275 5293 abest
312 5251 344 5291 a
378 5250 571 5291 novem
604 5252 739 5293 mss.

188 5307 303 5388 (_l5)
487 5304 649 5388 ᾐιῷς.
679 5306 770 5388 _Sic
796 5303 936 5362 Med.
961 5315 1016 5363 et
1038 5306 1207 5363 Coisl.
1235 5306 1289 5373 1,
1313 5306 1508 5363 melius
1529 5322 1694 5377 quam

116 5378 209 5434 alii
240 5387 297 5433 et
326 5376 457 5432 editi
489 5377 580 5448 ὑφ’
600 5377 752 5448 ῄμῖνί

218 5449 308 5519 l6)
341 5445 683 5519 Χαρίζηηῐίο
718 5446 886 5503 Coisl.
914 5448 1133 5519 primus
1162 5464 1285 5519 cum
1312 5454 1551 5518 quatuor
1572 5447 1695 5503 aliis

117 5528 174 5574 et
199 5515 355 5573 Harl.
388 5515 629 5589 secunda
663 5515 1024 5589 manuaEditi
1053 5516 1288 5589 χαρίζει.

191 5589 309 5658 (17)
362 5586 814 5658 Ὑσιοόελόμεθα.
853 5586 927 5642 Ita
962 5586 1097 5644 mss}
1130 5586 1251 5644 sex.
1280 5586 1450 5643 Coisl.
1481 5586 1694 5658 primus

119 5656 520 5731 ἀπὸρεχόμθα.
552 5656 695 5731 _Editi
723 5658 1112 5731 ἀποδεξόμεθα.

195 5725 324 5801 (18)’
349 5725 466 5797 Τῆς
493 5725 616 5794 σῆς
634 5725 1035 5801 σεμνότητος.
1063 5726 1156 5801 Sic
1194 5727 1694 5801 tres‘vetustissimi

122 5794 367 5866 culices,
416 5794 478 5858 et
525 5798 685 5853 naulo
719 5794 855 5856 'nost
897 5794 1256 5871 ‘avs'xopév'qg.
1300 5794 1432 5865 Qua:
1475 5799 1693 5869 quidem

1728 5029 1770 5082 D
1800 5024 2096 5093 scriptura,
2155 5036 2279 5093 cum
2330 5035 2429 5090 per
2453 5034 2540 5093 _se
2583 5018 2719 5073 nihil
2752 5016 3180 5093 haheat_vitii_et
3214 5023 3363 5093 tanta

1801 5085 2128 5149 auctoritate
2156 5085 2384 5153 nitatur,
2415 5090 2532 5144 visa
2567 5098 2652 5144 est
2678 5085 3011 5158 praeferenda
3039 5087 3273 5156 vulgatae
3296 5091 3361 5158 τῇ
3414 5094 3423 5136 2

1904 5162 2262 5245 σεμνότητι...
2283 5157 2928 5245 ,ἀνεχομένῃκῗίἀξῃίιιιῐ
2961 5157 3366 5245 ita-scripsisse

1800 5228 2030 5295 librarii,
2082 5228 2141 5286 ut
2190 5228 2477 5300 scriptura
2510 5228 2714 5285 clarior
2756 5230 2928 5292 ﬁeret,
2966 5228 3218 5297 quamvis
3254 5244 3365 5283 non

1798 5312 1945 5361 esset
1974 5303 2143 5357 obscu
2151 5316 2229 5355 ra.

1873 5374 1984 5447 (ιβ)
2031 5368 2522 5447 ᾊπαγγέλξοντα.
2547 5368 2716 5427 Coisl.
2740 5367 3017 5426 secundus
3045 5368 3101 5422 et
3124 5364 3256 5439 Reg.
3279 5383 3367 5425 se-

1799 5438 2014 5502 cundus
2040 5438 2472 5510 ἀπαγγελοῦντα.

1869 5513 1983 5584 (20)
2010 5510 2128 5584 ίΚαὶ
2159 5507 2440 5584 φέροντα.
2475 5507 2556 5584 ita
2594 5518 2707 5566 tres
2746 5507 3108 5584 vetustissimi
3146 5507 3366 5584 codices

1800 5576 1924 5641 cuin
1954 5576 2074 5637 aliis
2096 5576 2353 5652 quatuor.
2392 5576 2625 5652 Vulgata
2651 5581 2925 5652 scriptura
2957 5579 3177 5652 φέροιτο
3215 5578 3367 5637 nullo

1800 5669 2029 5727 prorsus
2063 5651 2472 5727 insedimus-
2504 5651 2720 5727 Legitur-

1872 5728 1892 5745 ⁶
1916 5724 2066 5777 Alias
2094 5718 2468 5792 CCC}5_)§_3_illl.
2504 5718 2718 5792 Scripta
2746 5719 3046 5792 annuli“.

1871 5799 1910 5818 “
1942 5794 2091 5849 Alias
2113 5788 2381 5849 CCCXVI.
2414 5788 2795 5864 Scripta'anno
2820 5790 2946 5848 574.
