3852 6220
490 321 593 379 639

931 465 1271 526 EPISTOLA
1306 472 1627 536 CLXXXII’.

1825 338 1882 396 S.
1926 340 2007 397 BA
2016 339 2168 397 SlLll
2209 340 2421 397 MAGNI

3624 335 3732 389 εἲιςιι

2672 473 3016 531 ΕΠΙΣΤΟΛΗ
3051 471 3217 528 PIIB'.

1082 589 1363 642 Gratulatur
1387 592 1449 644 de
1466 594 1656 657 praeliis
1678 609 1770 659 pro
1792 596 1892 663 ﬁde
1904 612 1923 661 ;
1947 606 2175 665 precatur
2199 605 2249 649 ut
2266 593 2623 662 perseverantia
2647 593 2851 647 donetur
2867 607 2899 644 ιι
2918 590 3124 643 Domino

856 694 1182 768 Presbyteris
1211 698 1690 763 Samosatensibus.

560 798 835 868 Quantum
860 805 1018 860 doleo
1056 806 1305 862 orbatam
1344 811 1702 871 considerans
1734 814 2055 887 Ecclesiam,

488 893 700 948 tantum
747 910 845 951 vos
882 896 1070 953 beatos
1110 900 1347 970 praedico
1374 943 1389 965 ,
1437 901 1506 957 ad
1554 905 1713 960 talem
1765 908 2055 976 perductos

492 984 806 1041 certaminis
863 1003 1211 1045 mensuram:
1268 1007 1432 1063 quam
1483 995 1648 1067 266
1689 997 1907 1066 quidem
1965 1000 2057 1054 det

453 1076 653 1147 'vobis.
694 1075 955 1135 Dominus
1005 1084 1274 1152 patienter
1319 1083 1639 1152 decurrere,
1685 1097 1747 1144 ut
1799 1097 1854 1146 et
1883 1089 2058 1146 ﬁdelis

491 1164 918 1237 dispensationis
954 1180 1008 1227 et
1046 1188 1325 1245 generosae
1363 1178 1687 1233 constantiae
1710 1219 1725 1245 ,
1759 1196 1923 1251 quam
1958 1197 2058 1253 pro

492 1256 698 1315 Christi
752 1263 974 1318 nomine
1036 1266 1390 1333 ostendistis,
1441 1269 1751 1327 mercedem
1803 1287 2055 1344 magnam

494 1355 929 1423 consequamim.

911 1506 1247 1566 EPISTOLA
1282 1512 1645 1569 CLXXXIII".

2086 718 2136 773 Α

2377 705 2512 774 Τοῖς
2550 702 2973 774 πρεσϐυτέροις
3000 696 3362 770 Σαμοσάτων
3387 693 3517 767 (21).

2237 817 2401 874 Ὅσον
2433 817 2750 890 λυπούμεθα
2787 816 3176 887 ἐνθυμούμενοι
3212 812 3311 883 τὴν
3360 808 3596 882 ἐρημίαν
3632 808 3736 876 τῆς

2174 909 2514 980 Ἐκκλησίας,
2560 906 2808 961 τοσοῦτον
2852 904 3222 978 μακαρίζομεν
3261 903 3423 972 ὑμᾶς,
3467 902 3547 962 εἰς
3573 897 3735 951 τοῦτο

2163 997 2476 1068 φθάσαντας
2526 995 2588 1049 τὸ
2633 996 2832 1068 μέτρον
2878 996 2977 1067 τῆς
3016 993 3330 1064 ἀθλήσεως,
3379 990 3408 1044 ὃ
3458 989 3734 1062 παράσχοι

2168 1090 2294 1160 ὑμῖν
2326 1088 2440 1157 (22)
2474 1089 2502 1141 ό
2528 1087 2734 1161 Κύριος
2767 1086 3134 1160 μακροθύμως
3166 1083 3485 1157 παρελθεῖν,
3520 1083 3612 1136 ἵνα
3637 1083 3735 1137 καὶ

2160 1184 2261 1255 τῆς
2289 1182 2490 1254 πιστῆς
2514 1182 2823 1254 οἰκονομίας
2844 1222 2859 1248 ,
2883 1180 3098 1251 καὶτῆς
3126 1177 3377 1247 γενναίας
3405 1175 3733 1237 ὲνστάσεως,

2162 1275 2230 1335 ἣν
2268 1274 2406 1347 ὑπὲρ
2428 1273 2523 1327 τοῦ
2562 1275 2825 1345 ὀνόματος
2846 1271 2940 1326 τοῦ
2971 1270 3206 1343 Χριστοῦ
3238 1265 3604 1333 ἐπεδείξασθε.
3642 1267 3734 1318 τὸν

2167 1366 2339 1437 μέγαν
2372 1366 2563 1438 μισθὸν
2594 1365 2939 1436 ὐποδέξησθε.

2660 1519 3003 1573 ΕΠΙΣΤΟΛΗ
3038 1518 3205 1573 ΡΠῙν.

572 1635 761 1689 Laudat
787 1640 997 1693 Basilius
1016 1645 1429 1698 Samosatensrum
1454 1648 1643 1702 labores
1664 1656 1709 1702 et
1732 1664 1824 1716 pro
1845 1648 1945 1716 ﬁde
1974 1651 2152 1718 prwlia
2173 1667 2191 1706 :
2213 1653 2433 1706 hortatur
2454 1656 2519 1705 ad
2542 1653 2950 1721 perseverantiam
2967 1668 3025 1705 ac
3046 1660 3183 1719 rogat
3199 1659 3251 1704 ut
3271 1655 3336 1703 ad
3357 1664 3409 1703 se
3424 1652 3654 1701 scribant.

948 1756 1355 1832 Samosatorum'
1378 1780 1603 1833 senatui.

562 1899 699 1957 Cum
726 1905 1014 1962 considero
1036 1909 1389 1965 tentationem
1413 1926 1509 1982 per
1531 1918 1706 1967 totum
1727 1911 1841 1982 jam
1871 1913 2060 1969 orbem

491 2006 618 2052 esse
648 1993 930 2062 diffusam,
973 2014 1039 2055 ac
1075 2000 1344 2057 maximas
1375 2000 1545 2075 Syriae
1578 2004 1744 2060 urbes
1780 2004 1967 2060 eadem
1998 2019 2063 2060 ac

2425 1783 2918 1855 Πολιτευομένοιρ
2952 1780 3313 1853 Σαμοσάτων
3338 1781 3469 1850 (23).

2174 1990 2177 1995 ι
2237 1915 2408 1973 Ὅταν
2455 1917 2660 1985 ἀπίδω,
2696 1920 2779 1971 ὅτι
2808 1918 2837 1969 ό
2874 1917 2973 1989 μὲν
3012 1915 3315 1988 πειρασμὸς
3365 1930 3505 1968 κατα
3551 1912 3737 1978 πάσης

2166 2008 2265 2081 ήδη
2299 2009 2524 2081 κέχυται
2565 2011 2665 2082 τῆς
2705 2010 3069 2082 οἰκουμένης,
3109 2011 3203 2063 καὶ
3245 2010 3300 2062 αἱ
3337 2007 3590 2078 μέγισται
3623 2006 3738 2060 τῶν

493 2100 594 2141 vos
628 2089 769 2142 mala
796 2100 1080 2161 expertas;
1116 2094 1308 2149 nullibi
1336 2103 1521 2152 tamen
1551 2096 1689 2153 adeo
1718 2106 2021 2168 spectatum
2045 2138 2060 2164 ,

2183 2104 2257 2156 ml
2282 2104 2481 2175 Συρίας
2519 2103 2727 2158 πόλεων
2765 2103 2874 2157 τῶν
2907 2102 3035 2156 ῐσων
3061 2102 3191 2173 ὑμῖν
3232 2100 3342 2172 (24)
3373 2098 3738 2170 πεπείρανται

495 2193 561 2234 ac
588 2179 751 2235 “bonis
788 2183 1046 2253 operibus
1091 2184 1299 2240 clarum
1335 2196 1589 2243 senatum
1631 2203 1756 2245 esse
1777 2229 1795 2255 ,
1830 2198 1891 2244 ut
1920 2206 2066 2246 nunc

2183 2192 2534 2264 καθημάτων,
2577 2193 2639 2246 οὐ
2671 2193 2947 2264 πανταχοῦ
2977 2191 3034 2246 δὲ
3071 2190 3214 2246 οὕτω
3252 2191 3470 2261 δόκιμον
3507 2190 3603 2244 καὶ
3625 2189 3742 2242 δια-

493 2279 675 2328 vester
688 2274 758 2328 ob
776 2274 1042 2331 bonorum
1058 2292 1282 2346 operum
1306 2280 1547 2335 studium
1569 2281 1706 2336 fama
1723 2282 2061 2338 celebratur:

493 2378 687 2435 parum
723 2364 873 2420 abest
910 2368 1040 2437 quin
1087 2371 1295 2440 gratias
1340 2371 1505 2426 etiam
1541 2372 1769 2427 habeam
1814 2373 1902 2431 his
1947 2391 2068 2446 qua:

495 2453 641 2511 Deus
669 2454 786 2512 fieri
834 2459 1104 2528 permisit.
1153 2459 1269 2516 Nisi
1298 2462 1444 2517 enim
1479 2463 1754 2520 evenisset
1798 2466 1892 2520 illa
1919 2468 2067 2521 cala-

486 2545 681 2612 mitas,
717 2547 967 2617 probatio
994 2557 1177 2605 vestra
1206 2566 1314 2606 non
1350 2552 1719 2611 inclaruisset.
1765 2554 1946 2623 Quare
1977 2559 2064 2612 vi-

494 2635 679 2701 detur,
713 2638 859 2708 quod
884 2639 1134 2696 caminus
1160 2650 1246 2697 est
1278 2657 1435 2708 auro,
1472 2644 1523 2700 id
1552 2661 1676 2701 esse
1700 2648 1918 2705 virtutis
1944 2650 2064 2704 cuin

495 2726 745 2792 toribus,
770 2729 1005 2789 tolerata
1038 2745 1138 2800 pro
1171 2746 1266 2802 spe
1293 2733 1346 2787 in
1377 2733 1548 2789 Deum
1580 2735 1878 2792 atilietatio.
1922 2739 2066 2811 Ergo

496 2814 662 2886 agite,
694 2831 729 2871 ο
756 2817 1084 2886 admirandi,
1118 2820 1244 2878 date
1266 2837 1510 2891 operam,
1536 2833 1598 2879 ut
1619 2827 1732 2895 jam
1768 2830 2066 2886 exantlatis

496 2905 778 2964 laboribus
806 2909 943 2966 alios
988 2911 1244 2983 deinceps
1274 2914 1468 2984 dignos
1512 2917 1780 2987 adjiciatis
1800 2960 1815 2985 ,
1845 2935 1910 2975 ac
1942 2920 2068 2976 fun-

2163 2284 2374 2356 πρεπὲς
2400 2287 2485 2337 ἐπ’
2512 2270 2749 2354 ἀγαθοῖς
2790 2285 2971 2355 ἔργοις
3016 2283 3078 2338 τὸ
3113 2283 3487 2355 βουλευτήριον
3509 2322 3525 2347 ,
3571 2280 3651 2344 ὡς
3673 2280 3738 2333 τὸ

2163 2377 2425 2449 ὑμέτερον
2469 2378 2564 2433 νῦν
2593 2377 2686 2432 ἐπὶ
2721 2380 2782 2448 τῇ
2808 2376 3009 2448 σπουδῇ
3032 2375 3140 2429 τῶν
3166 2374 3386 2441 ἀγαθῶν
3417 2372 3595 2445 ἔργων
3621 2371 3741 2424 δια-

2164 2467 2422 2540 ϐεϐόηται
2444 2486 2457 2499 ·
2489 2468 2656 2537 ὲγγύς
2688 2470 2804 2540 είμι
2837 2468 2930 2522 καὶ
2959 2468 3116 2539 χάριν
3144 2466 3284 2537 ἔχειν
3307 2467 3416 2529 τοῖς
3444 2466 3737 2532 οἰκονομη-

2164 2558 2333 2613 θείσιν
2363 2559 2496 2631 (25),
2527 2561 2592 2613 Et
2630 2559 2739 2633 γὰρ
2774 2560 2848 2631 μὴ
2881 2558 3122 2628 ἐγεγόνει
3160 2560 3194 2628 ἡ
3226 2556 3402 2626 θλίψις
3427 2554 3566 2625 αὕτη
3587 2595 3603 2618 ,
3635 2553 3740 2606 οὐκ

2166 2652 2232 2705 ἂν
2281 2651 2433 2723 ὑμῶν
2464 2652 2687 2723 διεφάνη
2740 2652 2802 2705 τὸ
2855 2652 3094 2722 δόκιμον.
3130 2652 3294 2704 Ὥστε
3344 2648 3551 2709 ἔοικεν,
3599 2646 3741 2716 ὅπερ

2165 2743 2283 2796 ἐστὶ
2325 2745 2557 2815 κάμινος
2597 2743 2818 2816 χρυσῷ,
2854 2743 3010 2797 τοῦτο
3049 2740 3186 2796 εῐναι
3235 2744 3269 2812 ἡ
3320 2739 3459 2810 ὑπὲρ
3508 2737 3611 2807 τῆς
3660 2740 3742 2800 είς

2163 2833 2295 2888 Θεὸν
2323 2833 2536 2898 ἐλπίδος
2565 2834 2743 2904 θλίψις
2784 2836 2898 2898 τοῖς
2932 2831 3392 2903 ἀντιποιουμένοις
3429 2828 3574 2892 τινὸς
3608 2830 3745 2894 ἀρε-

2165 2926 2282 2998 τῆς.
2317 2927 2450 2993 Ἀγε
2475 2922 2597 2991 οὖν,
2628 2920 2673 2979 ὦ
2702 2925 2991 2997 θαυμάσιοι
3017 2964 3032 2990 ,
3061 2926 3209 2988 ὅπως
3235 2926 3350 2987 τοῖς
3389 2938 3742 2993 προπεπονη-

495 2995 755 3052 damento
794 3002 973 3071 amplo
1004 3002 1295 3059 videamini
1330 3005 1613 3077 imponere
1641 3012 1960 3067 coronidem
2001 3015 2064 3068 il-

2183 2995 2350 3082 ιένοις
2398 3018 2526 3083 ἀξια
2581 2995 2897 3089 ἐπαγάγητε
2952 3016 3021 3071 τὰ
3067 3016 3337 3087 ἑπόμενα,
3398 3014 3494 3067 καὶ
3531 3011 3741 3082 φανῆτε

496 3085 811 3144 lustriorem
832 3130 848 3155 ,
880 3098 935 3147 et
962 3092 1331 3149 circumstetis
1365 3097 1613 3154 ecclesia:
1645 3108 1942 3170 pastorem,
1972 3105 2065 3159 ubi

2183 3110 2380 3182 ιεγάλῃ
2419 3111 2644 3182 κρηπῖδι
2684 3085 3112 3182 ἀξιολογωτέραν
3149 3085 3479 3168 ἐπιτιθέντες
3505 3105 3606 3175 τὴν
3647 3120 3745 3157 κο-

498 3179 764 3239 Dominus
783 3183 831 3239 ei
854 3183 1065 3240 dederit
1091 3188 1145 3240 in
1168 3203 1270 3243 suo
1292 3190 1538 3260 conspici
1562 3192 1784 3257 throno,
1806 3195 1895 3248 alii
1920 3195 2068 3250 aliud

2183 3179 2501 3274 pucpﬁvlid)’
2515 3179 2611 3257 καὶ
2637 3203 2928 3275 περίστητε
2950 3179 3048 3274 μὲν
3071 3201 3161 3254 τὸν
3181 3199 3410 3270 ποιμένα
3424 3197 3525 3267 τῆς
3543 3195 3746 3265 ὲκκληο

498 3285 603 3341 pro
635 3271 731 3330 Dei
758 3273 1004 3333 Ecclesia
1031 3285 1245 3349 gestum
1278 3293 1601 3347 narrantes,
1656 3284 1712 3338 in
1760 3285 1851 3339 illa
1887 3293 2068 3341 autem

2183 3271 2329 3357 riae,
2361 3271 2489 3348 ὅταν
2534 3293 2609 3366 δῷ
2657 3296 2686 3348 ὁ
2711 3271 2923 3365 *Κύριος
2952 3271 3137 3347 αὑτὸν
3170 3292 3264 3344 ἐπὶ
3307 3288 3413 3342 τῶν
3447 3288 3596 3342 ἰδίων
3625 3286 3742 3356 (27)

502 3377 698 3436 magna
737 3365 951 3424 Domini
999 3369 1107 3433 die,
1151 3374 1531 3444 unusquisque
1563 3390 1659 3444 pro
1688 3376 1933 3432 laborum
1978 3393 2068 3433 ra-

2183 3384 2401 3454 ρανῆναι
2435 3365 2637 3454 θρόνων
2661 3424 2677 3448 ,
2702 3384 2860 3448 ἄλλος
2892 3382 3019 3439 ἀλλο
3051 3401 3104 3436 τι
3146 3381 3255 3435 τῶν
3297 3380 3439 3451 ὑπὲρ
3466 3378 3566 3449 τῆς
3619 3378 3749 3430 Ἐκ-

501 3456 653 3513 tione
675 3472 707 3511 a
733 3456 846 3514 Deo
872 3461 1413 3531 magniﬁcentissimo
1437 3465 1741 3522 mercedem
1772 3470 2065 3539 recepturi.

2183 3474 2398 3547 πλησίας
2426 3474 2519 3529 τοῦ
2549 3475 2683 3529 Θεοῦ
2709 3475 3176 3546 πεπολιτευμένων
3212 3475 3344 3545 ἡμῖν
3372 3470 3743 3543 διηγούμενοι,

503 3549 659 3617 Quod
688 3551 736 3607 si
764 3555 1123 3610 memineritis
1150 3559 1358 3622 nostri,
1391 3570 1445 3613 et
1473 3559 1540 3613 ad
1568 3574 1671 3615 nos
1692 3602 1708 3628 ,
1734 3562 1950 3630 quoties
1982 3562 2066 3616 in-

2183 3583 2225 3620 ;v
2272 3566 2330 3619 δὲ
2361 3569 2429 3638 τῇ
2468 3567 2677 3639 μεγάλῃ
2722 3565 2815 3620 τοῦ
2857 3567 3063 3637 Κυρίου
3111 3566 3297 3637 ἡμέρᾳ
3335 3564 3564 3627 ἕκαστος
3599 3563 3750 3617 κατά

502 3653 717 3714 tegrum
743 3646 868 3714 erit,
897 3648 1038 3703 detis
1060 3650 1309 3718 litteras;
1344 3667 1500 3722 aequa
1533 3669 1665 3709 sane
1698 3653 1935 3718 facietis,
1967 3670 2068 3724 par

2183 3660 2265 3729 τὴν
2293 3659 2585 3728 ἀναλογίαν
2611 3660 2721 3713 τῶν
2756 3658 3149 3729 πεπονημένων
3190 3656 3340 3727 παρά
3379 3654 3471 3708 τοῦ
3510 3651 3748 3724 μεγαλο-

500 3735 625 3806 pari
666 3736 1001 3807 referentes,
1042 3748 1097 3797 et
1146 3744 1310 3799 simul
1355 3760 1456 3800 nos
1501 3746 1780 3817 voluptate
1823 3748 2067 3805 allicietis

2183 3749 2340 3822 Βώρου
2372 3751 2506 3805 Θεοῦ
2554 3752 2829 3823 δεχόμενοι
2866 3750 2966 3823 τὴν
3015 3749 3302 3804 ἀντίδοσιν.
3349 3745 3536 3817 Ἦμῶν
3563 3744 3622 3797 δὲ
3652 3760 3750 3814 με-

500 3841 613 3883 non
638 3829 763 3895 levi,
789 3831 939 3886 vocis
962 3839 1154 3887 vestrae
1174 3835 1328 3889 nobis
1346 3835 1760 3904 jucundissimaz
1779 3837 2067 3894 manifesta

501 3933 601 3989 per
630 3920 841 3978 litteras
877 3922 1032 3994 signa
1066 3924 1364 3981 mittentes.

2172 3860 2275 3915 μνη
2286 3843 2468 3914 μένοι,
2503 3845 2599 3897 καὶ
2648 3844 3052 3907 ἐπιστέλλοντες
3100 3841 3290 3904 ὁσάκις
3319 3834 3448 3914 ἂνῇ
3495 3835 3747 3894 δυνατὸν.

2168 3933 2353 3988 δίκαιά
2384 3952 2443 3987 τε
2473 3936 2726 4006 ποιήσετε
2753 3937 2866 3999 τοῖς
2898 3933 3033 3998 ῐσοις
3060 3935 3209 4005 ἡμᾶς
3236 3929 3610 4002 ἀμειϐόμενοι,
3648 3925 3748 3978 καὶ

503 4007 622 4079 ἅμα
655 4011 714 4065 οὐ
752 4014 966 4085 μικρῶς
992 4016 1142 4087 ἡμᾶς
1188 4008 1538 4088 εὐφρανεῖτε,
1574 4018 1673 4090 τῆς
1698 4018 1916 4091 ἡδίστης
1961 4023 2095 4092 ἡμῖν
2148 4024 2334 4096 φωνῆς
2385 4025 2538 4097 ὑμῶν
2590 4027 2792 4097 ἐναργῆ
2826 4024 3069 4097 σύμϐολα
3126 4023 3217 4078 διὰ
3263 4020 3379 4075 τῶν
3398 4017 3747 4091 γραμμάτων

500 4105 955 4180 διαπεμπόμενοι.

573 4271 594 4292 ⁶
620 4269 772 4341 Alias
800 4269 1074 4341 CCLXVI.
1106 4270 1320 4341 Scripta
1352 4287 1497 4325 anno
1527 4271 1653 4325 574.

575 4341 626 4410 ’ζ
645 4340 795 4410 Alias
814 4340 1085 4395 CCXCIV.
1114 4340 1326 4410 Scripta
1364 4356 1506 4395 anno
1534 4342 1659 4396 574.

579 4408 692 4480 (2i)
732 4410 858 4476 Τοῖς
887 4408 1311 4480 πρεσϐυτέροις
1338 4410 1721 4479 Σαμοσάτων.
1756 4408 1848 4480 Sic
1878 4409 2075 4480 legitur

505 4478 598 4536 hic
632 4479 829 4535 titulus
878 4478 937 4534 in
972 4481 1150 4536 tribus
1180 4478 1570 4536 vetustissimis
1603 4478 1886 4535 codicibus
1918 4487 1971 4534 et
2001 4479 2073 4533 ad

505 4550 806 4620 marginem
847 4550 905 4605 in
944 4551 1386 4620 Claromontano.
1436 4549 1692 4604 Occurrit
1729 4552 1923 4620 iterum
1959 4550 2072 4604 haec

504 4619 738 4702 epistola
765 4619 822 4673 in
844 4620 1036 4675 codice
1066 4619 1341 4685 Medicam,
1365 4635 1427 4674 ac
1447 4621 1695 4702 secundo
1720 4620 1841 4674 loco
1872 4619 2073 4673 inscri-

507 4690 655 4745 bitur
674 4689 940 4758 Ἡαυλίνῳ
983 4689 1355 4758 πρεσϐυτέρῳ.
1404 4689 1496 4744 Stc
1517 4699 1680 4745 etiam
1704 4690 1907 4745 habent
1935 4688 2072 4758 Reg.

547 4706 655 4745 Itur
676 4706 940 4761 uanam?
983 4706 1496 4761 ﬂpscou‘teptp._blc
1517 4706 1680 4761 etiam
1706 4706 1907 4761 na_ne_nt
1936 4706 2072 4758 neg.

2175 4269 2305 4322 ῐσων
2332 4270 2363 4322 ἦ
2375 4271 2483 4322 ιιῖν.

2246 4270 2364 4404 ῗέὅῗ
2373 4286 2609 4409 μέἶέχειν
2654 4336 2779 4409 τοῖς
2821 4334 3319 4409 οἰκονομηθεῒσιν.
3370 4335 3575 4390 Nititur
3629 4335 3750 4392 haec

2176 4409 2451 4480 scriptura
2477 4406 2594 4464 solo
2619 4407 2808 4463 codice
2832 4407 3130 4480 Medicaeo;
3175 4406 3280 4480 s_ed_
3301 4422 3529 4476 prorsus
3543 4421 3751 4480 peccs-

2176 4475 2320 4533 saria
2363 4480 2570 4534 videtur
2619 4493 2761 4541 esse,
2820 4485 2881 4530 ut
2928 4477 3144 4547 dignam
3194 4475 3750 4547 habeamusmBasilio

2177 4548 2521 4604 sententiam.
2549 4547 2683 4618 Nam
2709 4550 2754 4602 si
2778 4545 3018 4618 legamus
3048 4547 3354 4618 cumeditis
3374 4554 3427 4601 et
3455 4545 3579 4600 aliis
3609 4562 3745 4618 mss.

2214 4620 2338 4691 ἀριν
2384 4617 2662 4691 ἔχεινμὲπὶ
2691 4620 2813 4691 Δτοῖς
2835 4615 3312 4691 ὀἰκονομηθεῖσινε
3357 4631 3553 4691 sensus
3586 4617 3692 4670 erit
3730 4636 3746 4669 :

2225 4684 2380 4744 arum
2413 4684 2586 4743 abfuit
2613 4687 2743 4756 quin
2786 4688 2990 4754 gratias
3029 4684 3244 4756 agerem
3274 4684 3383 4756 Deo
3416 4687 3488 4741 ob
3524 4701 3588 4739 ea
3622 4701 3751 4755 quae

507 4744 759 4830 uterque,
787 4744 961 4848 Cois'l;
985 4744 1720 4848 secundusetfacisiensis:
1739 4758 1930 4848 rCodex
1940 4744 2077 4848 5:15-
2107 4794 2152 4848 D
2180 4760 2333 4848 vpbis
2353 4760 2570 4848 evenire
2591 4744 2859 4848 permisit.
2891 4759 2961 4810 At
2988 4744 3263 4848 quomodo
3287 4754 3519 4848 Basilius
3550 4744 3749 4848 parum

506 4829 865 4886 romohtanus
915 4829 1164 4898 Παυλίνῳ
1203 4829 1559 4899 πρεσϐυτέρῳ
1611 4832 1668 4882 ὲν
1705 4829 1891 4899 ὲξορίᾳ
1938 4829 2073 4892 ὄντι,

507 4883 1111 4981 Ρρμίὸηοέρτξρίψιενο·
1135 4883 1423 4981 epulanti.
1471 4883 1612 4981 Editi
1652 4883 1902 4981 Παῦλξίνὶρ
1944 4883 2077 4981 πρελ

511 4970 704 5043 σϐύτῃ,
727 4969 980 5043 Paulino;
1000 4970 1132 5026 seni.
1164 4969 1480 5043 Appositam
1508 4972 1565 5025 in
1593 4979 1849 5026 contextu
1877 4969 2075 5043 lectiq-

509 5056 632 5094 nem
654 5039 943 5096 conﬁrmat
968 5041 1083 5110 ipsa
1105 5039 1337 5109 epistola
1369 5056 1477 5094 non
1508 5056 1674 5095 unum
1699 5040 2077 5095 tantummodo

508 5110 815 5176 alloquens,
850 5110 945 5166 sed
975 5125 1163 5164 omnes
1196 5110 1491 5179 generatim
1521 5110 1932 5165 Samosatenses
1955 5125 2078 5179 pre-

510 5180 784 5250 sbyteros,
817 5196 1050 5250 quorum
1092 5181 1147 5235 in
1186 5180 1565 5250 persecutione
1599 5181 1814 5247 enituit,
1851 5179 2076 5235 absente

506 5246 775 5315 Eusebio,
797 5246 1128 5305 constantia.

504 5320 692 5444 l
730 5320 909 5407 11min
946 5320 1115 5377 Coisl.
1151 5336 1363 5392 primus
1405 5331 1461 5377 et
1510 5319 1798 5377 Medicaeus
1840 5327 2075 5391 utroque

696 5407 805 5444 μιν.

526 5402 627 5444 oco
654 5392 805 5444 ἡμῖν.

580 5392 1214 5533 ἓέξῖἷολιτευομένοις
1245 5460 1626 5533 Σαμοσάτων.
1668 5459 1810 5533 Editi
1847 5465 1902 5516 et
1936 5458 2071 5533 Reg.

507 5530 786 5602 secundus
840 5545 904 5587 ac
943 5530 1115 5587 Cdisl.
1173 5530 1448 5588 secundus
1503 5530 1710 5586 addunt
1757 5530 2075 5602 ἀγαπητικὴ

506 5599 918 5724 πιρρσφώνησις,
969 5605 1141 5657 amica
1171 5602 1458 5667 salutatio;
1501 5604 1597 5659 sed
1637 5602 1751 5657 haec
1782 5599 1980 5657 desunt
2023 5599 2080 5655 in

509 5683 541 5722 a
568 5683 635 5723 ns
677 5685 807 5724 mss.

509 5683 635 5724 ams
677 5685 807 5725 mss.

585 5738 702 5811 (Ἡ)
737 5738 862 5796 Τῶν
890 5741 1042 5799 ῖσων
1070 5742 1229 5814 ὑμῖν.
1264 5742 1407 5800 Editi
1438 5750 1492 5799 et
1524 5741 1772 5800 nonnulli
1805 5757 1939 5799 mss.
1969 5738 2080 5795 τῶν

2181 4829 2425 4885 abfuisse
2453 4825 2608 4889 dicit,
2641 4827 2773 4895 quin
2812 4825 3017 4881 faceret
3042 4825 3186 4896 quod
3225 4828 3606 4896 praescriptum
3636 4834 3745 4888 est,

2181 4907 2240 4952 ut
2267 4899 2374 4955 Deo
2413 4901 2466 4954 in
2495 4898 2746 4952 omnibus
2771 4902 2980 4966 gratiae,
3008 4895 3280 4966 agantur?
3306 4895 3471 4949 Multo
3497 4910 3633 4964 ergo
3662 4896 3751 4949 di-

2216 4970 2335 5023 nior
2366 4970 2567 5023 Basilio
2601 4967 2870 5023 sententia
2905 4986 2916 5020 :
2954 4965 3155 5019 Parum
3187 4966 3356 5033 abfuit
3381 4967 3508 5034 quin
3537 4967 3748 5033 gratias

2216 4986 2335 5023 mor
2366 4986 2567 5023 DaSIIIO
2601 4986 2870 5023 sententia
2905 4986 2916 5020 :
2954 4986 3155 5019 rarum
3187 4986 3356 5033 avluu
3381 4986 3508 5034 quin
3537 4986 3748 5033 gratias

2177 4986 2417 5093 guberem
2448 5040 2515 5093 iis
2537 5037 2816 5108 quwiuobis
2841 5046 3134 5108 evenerunt.
3157 5035 3235 5108 ln_
3246 5036 3488 5108 eamdem
3521 5044 3751 5090 senten-

2180 5110 2313 5163 tiam
2348 5105 2607 5180 loquitur
2652 5106 2889 5180 Basilius
2932 5109 3001 5180 in
3032 5105 3274 5180 libro_De
3318 5106 3519 5180 Spiritu
3556 5122 3749 5160 sancta

2180 5194 2300 5249 cap.
2333 5178 2388 5242 6,
2424 5176 2479 5249 p.
2516 5177 2603 5240 10,
2635 5192 2769 5249 cum
2799 5177 2873 5249 ait
2892 5191 2963 5249 se
2989 5176 3223 5249 inimicis
3253 5177 3458 5249 gratias
3491 5184 3750 5249 acturum

2180 5245 2459 5303 ob'eorum
2491 5247 2757 5309 convicia,
2797 5246 2903 5300 nisi
2933 5246 3000 5301 de
3032 5245 3274 5314 ipsorum
3312 5245 3479 5300 exitio
3507 5245 3747 5301 doleret.

2184 5316 2275 5374 Sic
2315 5320 2477 5374 etiam
2517 5317 2945 5371 Machabaeorum
2996 5324 3170 5370 mater
3217 5316 3358 5386 apud
3418 5314 3746 5383 Gregorium

2181 5389 2579 5444 Nazianzenum
2612 5394 2753 5442 orat.
2789 5386 2881 5451 22,
2912 5403 2966 5455 p.
2998 5386 3124 5451 405,
3155 5387 3228 5440 ait
3252 5403 3313 5443 se
3343 5395 3578 5457 tyranno
3604 5400 3748 5454 pene

2179 5460 2382 5530 gratias
2411 5474 2589 5527 agere.

2252 5528 2364 5598 (26)
2395 5523 2695 5596 κορυφήν.
2729 5526 2860 5598 Reg.
2888 5524 3161 5598 secundus
3188 5532 3242 5598 et
3268 5523 3436 5598 Cois].
3462 5525 3750 5598 secundus

2183 5612 2248 5653 ac
2262 5594 2450 5670 iPa’ris.
2474 5594 2785 5670 κορωνίδες.
2806 5594 2986 5670 Paulo
3015 5604 3137 5670 post
3155 5595 3315 5670 iidem
3341 5596 3439 5670 εὰν
3466 5594 3563 5664 δῷ.

2255 5663 2696 5739 (ΞἹλἘπϊτῶν
2735 5667 2916 5739 ἰδίων,
2959 5663 3066 5739 etc.
3107 5668 3200 5739 lla‘
3230 5663 3375 5739 Harl.
3410 5663 3536 5720 cum
3568 5664 3751 5722 tribus

2183 5735 2322 5796 aliis.
2346 5735 2493 5794 Editi
2522 5738 2615 5792 ἐπὶ
2635 5738 2726 5793 τὸν
2757 5737 2887 5792 ἴδιον
2911 5736 3140 5808 φανῆναι
3179 5735 3384 5806 θρόνον.
