3852 6220
176 194 277 251 σοι

676 339 1017 393 ΕΠΙΣΤΟΛΗ
1050 341 1217 393 ΡΠΔ’.

1005 186 1502 259 Eptsromnuit'
1530 201 1815 260 cussrs
1852 203 1916 261 ιι.
1958 202 2177 262 EPIST.
2216 204 2546 262 CLXXXVI.

3314 203 3417 259 662

2282 338 2618 398 EPISTULA
2652 337 2998 394 CLXXXIV”.

178 450 488 506 Eustathium
506 458 644 514 rogat
664 450 878 504 Basilius
902 459 953 502 ut
975 450 1194 517 quamvis
1217 449 1268 502 in
1289 451 1596 564 defendfgg’:
1615 450 1839 578 [nggﬁa
1863 462 2120 567 occupalltu‘s
2141 454 2204 507 sit
2259 458 2325 506 ad
2348 470 2400 508 se
2422 461 2579 507 tamen
2601 450 2781 504 scribat
2800 489 2814 515 ,
2838 449 3022 518 quoties
3064 450 3252 514 poterit,
3273 453 3436 515 seque'

1635 529 1665 563 a
1773 529 1854 565 um
1875 530 2032 578 prem:
2073 531 2088 567 ι
2113 556 2125 567 .

1635 529 1854 565 (taurum
1875 529 2125 580 promunt.

374 619 719 684 Εὐσταθιφ,
751 620 1064 686 ἐπισκόπῳ
1102 621 1391 691 Ἰμμεριας
1421 621 1554 692 (2’5).

246 723 417 793 οἶδα,
466 728 549 781 ὅτι
601 729 951 796 στυγνοποιὸν
995 732 1228 801 πρᾶγμα
1274 732 1309 801 ἡ
1348 731 1617 803 ὀρφανία,
1657 732 1752 785 καὶ

180 818 550 889 πολυοισχολον
569 858 586 882 ,
629 818 717 872 διὰ
744 820 805 872 τὸ
831 820 1066 892 ἐρημίαν
1092 822 1318 890 ἐπάγειν
1344 823 1452 875 τῶν
1484 822 1754 894 προεστώ-

174 927 307 964 των.
353 910 518 964 Ὅθεν
571 910 861 980 λογίζομαι
902 912 999 965 καὶ
1035 914 1133 984 τὴν
1175 913 1274 984 σὴν
1323 914 1603 968 εὐλάϐειαν
1633 917 1752 972 ἐπι-

174 1000 584 1070 στυγνάξουσαν
608 1003 722 1064 τοῖς
746 1001 1117 1073 συμϐεϐηκόσι
1143 1003 1218 1075 μὴ
1242 1004 1576 1057 ἐπιστέλλειν
1598 1006 1747 1076 ἡμῖν,

173 1092 273 1144 καὶ
308 1089 445 1161 ὁμοῦ
496 1091 556 1143 ἐν
606 1091 811 1144 πλείονι
848 1088 988 1146 εἶναι
1045 1092 1140 1147 νῦν
1191 1093 1458 1166 ἀσχολίᾳ,
1500 1095 1751 1166 περιτρέ-

171 1195 294 1250 χειν
327 1178 441 1250 (29)
472 1179 542 1233 τά
587 1180 682 1233 τοῦ
712 1181 947 1252 Χριστοῦ
991 1182 1250 1254 ποίμνια,
1279 1184 1366 1237 διὰ
1397 1185 1497 1256 τὴν
1542 1203 1749 1240 παντα-

172 1270 334 1342 χόθεν
361 1271 471 1324 τῶν
505 1271 717 1342 ἐχθρῶν
746 1271 1132 1328 ἐπανάστασιν.
1178 1274 1317 1328 Ἀλλ’
1357 1276 1541 1348 ἐπειδὴ
1570 1278 1749 1350 πάσης

173 1360 355 1432 λύπης
378 1362 693 1433 παρηγορία
724 1365 757 1432 ἡ
789 1363 925 1433 πρὸς
950 1365 1419 1449 τοὺςοὸμοψύχους
1451 1369 1598 1422 ἐστὶν
1630 1372 1750 1440 ὁμι-

173 1448 300 1514 λία,
337 1451 594 1515 καταξίου
614 1492 630 1517 ,
667 1451 857 1516 ὁσάκις
885 1451 951 1506 ἂν
995 1448 1219 1509 δυνατόν
1251 1474 1366 1525 σοι,
1414 1459 1748 1516 ἐπιστέλλειν

175 1541 342 1611 ἡμῖν,
375 1542 469 1594 καὶ
508 1542 669 1606 αὑτός
703 1560 761 1596 τε
794 1544 1166 1600 ἀναπαύεσθαι
1200 1549 1258 1600 ὲν
1292 1546 1372 1623 τῷ
1419 1552 1748 1622 φθέγγεσθαι

174 1633 315 1708 πρὸς·
365 1635 550 1708 ἡμᾶς,
600 1635 694 1688 καὶ
741 1636 888 1705 ἡμᾶς
941 1640 1275 1714 παρηγορεῖν
1326 1646 1383 1697 ἐν
1414 1644 1492 1716 τῷ
1532 1647 1747 1715 μεταδι-

172 1728 325 1782 δόναι
381 1728 514 1800 ἡμῖν
563 1725 672 1784 τῶν
712 1727 940 1786 σεαυτοῦ
993 1735 1274 1805 ῥημάτων.
1331 1736 1503 1791 Τοῦτο
1549 1739 1606 1792 δὲ
1653 1741 1749 1794 καὶ

172 1821 339 1889 ἡμεῖς
369 1821 741 1893 σπουδάσομεν
779 1825 1037 1894 ποιῆσαι,
1086 1826 1275 1890 ὁσάκις
1306 1826 1371 1881 ἂν
1400 1830 1529 1900 ἡμῖν
1562 1830 1749 1901 ἐνδιδῷ

172 1911 242 1963 τὰ
278 1912 601 1984 πράγματα.
636 1912 812 1985 Εὕχου
859 1915 916 1968 δὲ
969 1916 1064 1969 καὶ
1105 1918 1268 1983 αὐτὸς
1300 1925 1394 1975 καὶ
1427 1924 1606 1976 πᾶσαν
1649 1923 1748 1994 τὴν

1782 626 1829 681 Α
1892 684 1893 687 η

2170 624 2473 691 Eustalato,
2510 625 2815 679 ﬂimmeriaz
2842 624 3101 693 episcopo.

1927 737 2054 791 Scio
2096 753 2209 795 rem
2249 740 2630 810 permolestam
2659 753 2782 794 esse
2811 737 3097 791 orbitatem
3147 749 3212 788 ac
3251 748 3417 804 nego-

1856 828 2074 896 tiosam,
2103 845 2171 884 eo
2205 832 2351 901 quod
2380 829 2733 888 solitudinem
2761 844 2792 883 a
2821 827 3133 899 praepositis
3166 825 3415 879 inducat.

1858 919 2012 976 Unde
2056 922 2292 977 arbitror
2334 929 2485 977 tuam
2532 936 2749 993 quoque
2800 921 3053 992 pietatem
3097 917 3164 972 de
3193 917 3259 972 iis
3296 929 3418 986 quae

1856 1012 2174 1070 acciderunt
2204 1015 2653 1086 ingemiscentem
2687 1013 2755 1069 ad
2791 1029 2878 1068 me
2910 1006 3290 1068 non‘scribere
3310 1048 3324 1072 ,
3363 1015 3418 1063 et

1855 1103 2021 1158 simul
2047 1119 2195 1159 nunc
2229 1104 2475 1173 pluribus
2503 1103 2737 1174 negotiis
2770 1100 3026 1170 occupari
3053 1137 3067 1160 ,
3096 1111 3161 1152 ac
3186 1096 3419 1150 circum-

1854 1210 2079 1250 cursare
2105 1193 2312 1250 Christi
2338 1196 2520 1256 ovilia,
2562 1195 2632 1250 ob
2663 1194 2902 1250 hostium
2927 1189 3209 1246 undelibet
3233 1187 3420 1243 insur-

1854 1287 2094 1356 gentium
2125 1289 2410 1359 impetum.
2462 1287 2567 1344 Sed
2603 1289 2729 1359 quia
2765 1285 2944 1341 omnis
2978 1282 3231 1338 mmroris
3274 1280 3418 1335 sola-

1852 1377 1991 1433 tium
2019 1387 2104 1435 est
2145 1394 2272 1434 cum
2306 1380 2580 1435 unanimis
2626 1378 2956 1448 colloquium
2983 1414 2998 1440 ,
3034 1374 3123 1428 fac
3147 1413 3163 1439 ,
3203 1370 3417 1442 quoties

1854 1471 2060 1541 poteris
2079 1513 2095 1537 ,
2125 1470 2194 1527 ad
2224 1486 2311 1527 me
2347 1470 2594 1535 scribas,
2628 1485 2694 1525 ac
2725 1469 3012 1526 nobiscum
3053 1463 3418 1535 colloquendo

1853 1570 1908 1617 ct
1940 1563 2059 1634 ipse
2087 1564 2409 1634 acquiescas
2434 1603 2449 1625 ,
2484 1574 2539 1619 et
2567 1577 2669 1619 nos
2697 1561 2879 1617 verbis
2907 1560 3015 1614 tuis
3057 1554 3418 1629 impertienda

1854 1654 2174 1710 consoleris.
2209 1655 2369 1726 267
2396 1652 2541 1709 Idem
2571 1659 2625 1708 et
2657 1667 2756 1723 ego
2782 1650 2963 1705 facere
2994 1648 3247 1711 studebo,
3280 1661 3419 1716 quo-

1854 1749 1956 1804 ties
1989 1747 2125 1802 mibi
2166 1763 2264 1818 per
2294 1748 2510 1817 negotia
2540 1747 2781 1802 licuerit.
2815 1743 2955 1799 Tute
2986 1751 3166 1797 autem
3204 1750 3259 1795 et
3299 1740 3417 1811 ipse

1853 1856 2076 1911 precare
2126 1855 2192 1896 ac
2243 1839 2442 1895 fratres
2487 1854 2676 1895 omnes
2699 1839 2921 1893 hortare
2946 1876 2961 1901 ,
3018 1833 3307 1889 Dominum
3358 1840 3418 1886 ut

1854 1934 2043 1988 sedulo
2067 1943 2314 1997 exorent.
2347 1941 2406 1987 ut
2446 1931 2665 1987 tandem
2691 1946 2722 1986 a
2751 1929 3148 1986 circumstante
3176 1940 3275 1981 nos
3317 1926 3418 1979 tri-

173 1981 511 2074 ἀδελφότητα
559 1981 940 2075 παρακάλεσον
993 1981 1293 2073 σπουδαίως
1346 2011 1614 2065 δυσωπεῖν
1657 1981 1747 2066 τὸν

1853 2027 2003 2082 stitia
2042 2025 2248 2080 liberet.

174 2086 413 2160 Κύριον,
441 2090 528 2144 ἵνα
554 2090 703 2164 δείξῃ
742 2092 875 2147 ποτέ
903 2094 1035 2165 ἡμῖν
1076 2094 1228 2150 λύσιν
1254 2099 1353 2169 τῆς
1388 2102 1747 2174 περιεχούσης

171 2179 324 2249 ἡμᾶς
359 2182 681 2254 κατηφείας.

664 2339 1013 2397 ΕΠΙΣΤΟΛΗ
1049 2344 1198 2399 PHE’

2302 2346 2636 2403 EPISTOLA
2663 2344 3011 2403 CLXXXV“.

359 2455 507 2514 Roqat
532 2452 829 2505 Theodotum
864 2456 1077 2509 Basilius
1104 2472 1163 2509 ne
1185 2458 1370 2512 oblatas
1392 2460 1636 2515 scribendi
1658 2462 1931 2516 occasiones
1952 2463 2138 2516 omittat
2158 2476 2177 2515 :
2203 2469 2430 2529 precatur
2453 2468 2506 2512 ut
2526 2459 2621 2514 sibi
2643 2474 2754 2512 eum
2783 2458 2949 2511 videte
2975 2455 3232 2524 contingat.

486 2567 747 2634 Θεοδότῳ
774 2609 789 2633 ,
831 2569 1143 2637 ὲπισκόπῳ
1174 2574 1437 2644 Βεροίας.

244 2676 407 2742 Οἶδα,
459 2680 573 2745 ὅτι,
603 2682 652 2734 εί
696 2682 792 2735 καὶ
832 2682 906 2754 μὴ
942 2685 1283 2750 ἐπιστέλλεις
1329 2689 1464 2757 ἡμῖν
1487 2727 1502 2751 ,
1535 2687 1651 2742 ἀλλ’
1690 2689 1748 2742 ἐν

172 2773 239 2841 τῇ
271 2771 470 2842 καρδίᾳ
516 2789 610 2826 σου
646 2773 880 2844 ὑπάρχει
913 2776 946 2845 ἡ
989 2776 1180 2848 μνήμη
1215 2777 1396 2848 ἡμῶν.
1433 2778 1544 2833 Καὶ
1594 2779 1751 2833 τοῦτο

172 2863 580 2934 τεκμαίρομαι,
630 2865 728 2935 οὐχ
757 2866 839 2920 ὃτι
882 2867 1044 2931 αὐτὸς
1088 2866 1238 2934 ἄξιός
1278 2870 1392 2940 είμι
1430 2871 1648 2942 μνήμης
1673 2887 1753 2923 τι·

172 2955 263 3018 νὸς
291 2954 475 3019 δεξιᾶς
501 2996 515 3019 ,
550 2956 665 3010 ἀλλ’
710 2959 794 3011 ὅτι
823 2960 857 3027 ἡ
906 2959 976 3029 σὴ
1022 2958 1169 3030 ψυχὴ
1203 2959 1422 3013 πλουτεῖ
1461 2963 1517 3013 ἐν
1553 2964 1618 3033 τῇ
1653 2962 1752 3032 τῆς

170 3045 394 3116 ἀγάπης
430 3047 734 3118 περιουσίᾳ.
764 3047 910 3119 [ιλὴν
941 3049 1057 3102 ἀλλ’
1082 3051 1207 3105 ὅσον
1234 3051 1461 3104 δυνατόν
1496 3069 1601 3116 σοι,
1633 3054 1750 3115 ταῖς

170 3135 690 3206 παρεμπιπτούσαις
715 3136 1021 3207 προφάσεσι
1047 3136 1288 3210 κέχρησο
1311 3140 1391 3202 είς
1416 3139 1477 3191 τὸ
1504 3138 1750 3192 ἐπιστέλ-

168 3225 284 3279 λειν
318 3228 449 3296 ἡμῖν
474 3267 488 3291 ,
523 3228 610 3280 ἵνα
654 3228 747 3280 καὶ
794 3230 956 3298 ἡμεῖς
992 3227 1193 3298 μᾶλλον
1237 3228 1562 3299 εὐψυχῶμεν
1615 3246 1747 3299 μανι

2232 2570 2518 2633 Theodoto,
2542 2570 2780 2638 episcopo
2808 2566 3026 2622 Beroeaa.

1914 2684 2238 2756 Quanquam
2273 2684 2340 2740 ad
2372 2699 2475 2739 nos
2502 2699 2611 2737 non
2645 2681 2863 2742 scribis,
2898 2680 3013 2736 scio
3037 2685 3218 2733 tamen
3240 2677 3415 2732 nostri

1846 2779 2166 2833 memoriam
2196 2787 2292 2831 tuo
2313 2776 2518 2847 pectori
2540 2775 2797 2830 insidere.
2823 2770 2939 2827 Hoc
2956 2780 3135 2826 autem
3156 2784 3256 2824 con
3260 2769 3413 2853 jicio,

1846 2885 1957 2926 non
1989 2869 2136 2942 quod
2187 2871 2307 2940 ipse
2342 2867 2588 2924 ofﬁciosa
2636 2865 2749 2920 ulla
2795 2862 3179 2919 recordatione
3216 2861 3415 2932 dignus

1846 2963 1974 3026 sim,
2010 2962 2108 3018 sed
2137 2960 2284 3033 quod
2315 2960 2498 3016 anima
2533 2968 2627 3013 tua
2653 2956 2942 3013 charitatis
2967 2955 3125 3025 copia
3154 2954 3412 3010 ditescat.

1847 3051 1954 3109 Sed
1986 3061 2168 3108 tamen
2194 3091 2208 3117 ,
2240 3059 2505 3121 quantum
2550 3049 2606 3102 in
2654 3057 2707 3102 te
2735 3046 2839 3102 erit
2859 3083 2877 3109 ,
2909 3042 3295 3100 occasionibus
3322 3058 3418 3098 oc-

1844 3144 2195 3200 currentibus
2240 3150 2395 3198 utere
2442 3142 2509 3197 ad
2542 3139 2838 3195 mittendas
2870 3137 3031 3193 nobis
3077 3137 3322 3202 litteras;
3355 3142 3417 3190 ut

1843 3243 1899 3291 et
1925 3250 2029 3290 nos
2058 3234 2284 3289 meliore
2307 3233 2495 3288 animo
2523 3233 2695 3287 simus
2721 3239 3030 3286 vestrarum
3060 3243 3241 3283 rerum
3284 3226 3415 3282 facti

170 3317 427 3381 θάνοντες
452 3317 520 3372 τὰ
574 3320 705 3390 περὶ
744 3319 928 3389 ὑμῶν,
979 3319 1073 3372 καὶ
1101 3320 1355 3392 ἀφορμὴν
1379 3320 1744 3391 λαμϐάνωμεν

1853 3326 2133 3389 certiores,
2157 3332 2213 3380 et
2235 3325 2337 3396 ipsi
2361 3324 2525 3378 etiam
2551 3323 2899 3378 occasionem
2923 3327 3237 3375 nostrarum
3258 3318 3416 3374 vobis

170 3412 252 3473 είς
280 3410 342 3463 τὸ
380 3410 472 3464 καὶ
501 3411 654 3464 αὐτοὶ
692 3411 976 3481 σημαίνειν
1007 3411 1135 3482 ὑμῖν
1172 3412 1241 3465 τὰ
1269 3411 1531 3483 ἡμέτερα.
1575 3405 1741 3477 Οὗτος

170 3502 282 3573 γάρ
344 3503 492 3555 ἐστιν
549 3504 578 3555 ὁ
639 3503 838 3574 τρόπος
898 3503 997 3573 τῆς
1055 3502 1271 3573 ὁμιλίας
1323 3505 1436 3567 τοῖς
1491 3503 1741 3557 τοσοῦτον

170 3596 575 3667 διεζευγμένοις
597 3596 710 3663 (30)
738 3596 816 3667 τῷ
849 3595 1081 3666 σώματι,
1098 3596 1209 3650 ὁδί
1232 3596 1546 3660 ἐπιστολῶν,
1579 3591 1639 3651 οὗ
1665 3597 1739 3670 μὴ

168 3689 562 3760 ἀποστερῶμεν
596 3688 859 3760 ἀλλήλους
878 3729 892 3752 ,
933 3687 1164 3741 καθόσον
1192 3688 1258 3742 ἂν
1286 3687 1471 3759 ἐνδιδῷ
1505 3688 1572 3742 τά
1601 3690 1743 3761 πρά-

171 3797 380 3850 γματα.
414 3779 690 3852 Παράσχοι
734 3779 792 3833 δὲ
836 3781 867 3832 ὁ
905 3778 1109 3850 Κύριος
1136 3778 1233 3832 καὶ
1255 3778 1354 3849 τὴν
1397 3779 1517 3832 κατ’
1544 3778 1740 3846 ὀφθαλ-

174 3872 311 3942 μοὺς
338 3874 473 3941 ἡμῖν
500 3871 788 3941 συντυχίαν
812 3910 827 3931 ,
867 3869 956 3924 ἵνα
990 3871 1087 3923 καὶ
1111 3870 1211 3942 τὴν
1249 3870 1468 3940 ἀγάπην
1497 3870 1744 3937 αὐξήσω-

174 3978 307 4033 μεν,
347 3964 442 4015 καὶ
481 3962 581 4034 τὴν
613 3965 692 4026 εις
735 3961 827 4017 τὸν
863 3960 1141 4031 Δεσπότην
1187 3960 1345 4033 ἡμῶν
1393 3962 1741 4033 εὐχαριστίαν

171 4050 588 4124 πλεονάσωμεν.
629 4052 724 4105 ἐπὶ
757 4052 965 4123 μείζοσι
990 4053 1110 4116 ταῖς
1137 4054 1268 4124 παρ’
1301 4051 1465 4106 αὐτοῦ
1488 4052 1736 4124 δωρεαῖς.

669 4205 1014 4259 ΕΠΙΣΤΟΛΗ
1044 4207 1234 4273 ΡΠςι.

1845 3415 2330 3488 signiﬁcandarum
2363 3414 2719 3484 accipiamus.
2749 3411 2883 3466 Nam
2932 3411 3023 3465 hic
3067 3409 3412 3479 colloquendi

1846 3508 2040 3566 modus
2066 3516 2150 3565 est
2176 3508 2264 3563 bis
2296 3507 2389 3578 qui
2422 3521 2652 3577 corpore
2681 3506 2818 3560 adeo
2838 3503 3101 3573 disiuncti
3139 3510 3293 3566 sunt,
3318 3517 3414 3572 per

1844 3599 2054 3656 litteras
2082 3600 2363 3665 videlicet;
2399 3613 2508 3671 quo
2531 3598 2750 3669 quidem
2776 3611 2876 3653 nos
2912 3596 3144 3651 invicem
3175 3607 3288 3649 non
3318 3593 3414 3648 de-

1845 3683 2184 3750 fraudemus,
2209 3694 2472 3756 quantum
2500 3700 2598 3755 per
2618 3684 2836 3757 negotia
2859 3684 3094 3739 licuerit.
3123 3682 3414 3754 Largiatur

1848 3766 2047 3833 autem
2069 3777 2353 3842 Dominus,
2391 3787 2450 3834 ut
2480 3793 2665 3835 coram
2695 3780 2858 3834 etiam
2890 3778 3033 3833 inter
3063 3792 3168 3832 nos
3186 3791 3415 3847 congre-

1847 3870 2094 3938 diamur;
2125 3886 2236 3941 quo
2266 3881 2322 3927 et
2352 3887 2650 3943 augeamus
2674 3871 2997 3927 cbaritatem
3032 3911 3046 3935 ,
3084 3878 3139 3925 et
3181 3868 3414 3923 Domino

1846 3970 2036 4017 nostro
2064 3962 2362 4032 gratiarum
2384 3963 2654 4019 actionem
2675 3961 2746 4018 ob
2762 3961 2971 4027 majora
2998 3959 3069 4015 ab
3097 3974 3162 4016 eo
3189 3969 3413 4025 accepta

1844 4052 1987 4108 dona
2018 4052 2469 4123 multiplicemus.

2265 4206 2602 4263 EPISTOLA
2635 4172 3035 4295 (ςωωωίνιτη.Δ

533 4319 718 4373 Festive
736 4318 1006 4386 gratulatur
1027 4320 1233 4386 praesidi
1257 4318 1487 4381 Basilius,
1513 4323 1642 4387 quod
1661 4337 1773 4375 eum
1803 4323 1995 4377 crambe
2011 4332 2142 4377 aceto
2161 4322 2356 4375 condita
2377 4322 2584 4387 pristino
2606 4322 2764 4388 uigori
2787 4292 3064 4393 restituerit.

636 4424 995 4494 Ἀντιπάτρῳ
1024 4425 1292 4496 ἡγεμόνι.

248 4519 341 4583 Ὦς
371 4517 511 4588 καλὴ
540 4519 575 4588 ὴ
621 4517 907 4587 φιλοσοφία
928 4558 941 4578 ,
972 4516 1043 4570 τά
1081 4534 1142 4570 τε
1179 4518 1347 4585 ἄλλα,
1382 4521 1475 4572 κα)⁸
1511 4522 1593 4573 ὅτι
1621 4519 1739 4573 οὐδὲ

2352 4429 2635 4500 Antipatro
2664 4427 2900 4497 prwaidi.
2936 4412 2943 4420 ’

1886 4519 2089 4587 τρυαω
2122 4522 2350 4592 pulchra
2377 4529 2463 4578 est
2488 4520 2859 4592 philosophia,
2881 4532 3009 4574 cum
3034 4518 3106 4574 ob
3138 4517 3266 4584 alia,
3297 4526 3411 4573 tum

172 4609 518 4683 ἰατρεύεσθαι
554 4607 861 4673 πολυτελῶς
898 4612 1010 4674 τοῖς
1064 4613 1349 4683 τροφίμοις
1405 4611 1578 4681 αὐτῆς
1626 4613 1741 4664 ἐπι-

1853 4612 1975 4683 quia
2004 4611 2121 4667 suis
2169 4611 2408 4668 alumnis
2442 4628 2510 4669 ne
2551 4610 2987 4683 curariquidem
3021 4610 3236 4680 magnis
3263 4626 3413 4665 sum-

169 4707 362 4779 τρέπει
384 4722 401 4735 ο
429 4703 564 4759 ἀλλὰ
592 4704 655 4758 τὸ
681 4704 814 4757 αὐτὸ
840 4703 934 4757 καὶ
961 4704 1089 4773 ὄψον
1115 4706 1235 4758 ἐστὶ
1273 4707 1403 4776 παρ’
1441 4706 1577 4776 αὑτῇ
1599 4745 1615 4769 ,
1645 4707 1739 4759 καὶ¹

170 4799 308 4872 πρὸς
339 4797 550 4868 ὑγίειαν
575 4794 685 4866 (Si)
719 4796 898 4867 ἀρκεῖ.
921 4795 1031 4858 Τάς
1057 4797 1164 4867 γάρ
1188 4813 1270 4848 τοι
1296 4794 1502 4867 ὀρέξεις
1530 4798 1740 4850 ἀποκα-

174 4886 405 4958 μούσας,
426 4886 502 4948 ὡς
529 4884 830 4956 ἐπυθόμην,
864 4883 1140 4956 κράμϐαις
1164 4886 1223 4938 ἐν
1255 4884 1364 4951 ὄξει
1411 4885 1742 4957 ταριχευθεί-

173 4995 295 5041 σαις
320 4975 656 5030 ἀνεκαλέσωο
691 4975 759 5039 ἃς
801 4973 913 5044 ἐγὼ
945 4976 1206 5047 πρότερον
1243 4976 1342 5047 μὲν
1366 4975 1740 5048 ἐδυσχέραινον

172 5068 266 5121 καὶ
302 5068 394 5121 διὰ
419 5064 516 5139 τὴν
556 5066 874 5137 παροιμίαν,
902 5066 998 5120 καὶ
1021 5067 1104 5119 ὅτι
1138 5066 1437 5137 ὑπόμνημα
1468 5062 1608 5138 ἦσαν
1638 5067 1740 5138 τῆς

174 5157 475 5230 συντρόφου
523 5157 713 5221 πενίας
735 5171 749 5184 ·
799 5154 894 5209 νῦν
931 5157 989 5209 δέ
1039 5172 1130 5227 μοι
1178 5157 1320 5209 δοκῶ
1369 5159 1462 5211 καὶ
1506 5158 1741 5229 ἐμαυτὸν

155 5278 166 5346 l
239 5284 355 5350 (28)
397 5284 702 5355 Ἱμμερίας.
738 5275 901 5340 Cois].
925 5286 1201 5340 secundus
1224 5294 1278 5340 et
1304 5285 1439 5355 Reg.
1463 5289 1738 5346 secundus

162 5354 483 5426 _'Ey.épstug.
506 5354 667 5410 Deest
690 5369 754 5410 ea
787 5371 888 5426 vox
917 5356 972 5426 in
994 5356 1181 5410 codice
1209 5354 1508 5426 Harlaaano.

244 5372 476 5479 pagpswq.
506 5372 667 5410 uacat
690 5372 754 5410 ea
787 5372 888 5410 vox
917 5372 972 5409 tn
994 5372 1181 5410 conice
1209 5372 1508 5412 uartaaano.

242 5426 301 5495 (2
341 5425 795 5500 λΠεριτρέχειν,
833 5425 1002 5500 Goisl.
1047 5426 1258 5495 primus
1287 5434 1342 5481 et
1378 5425 1518 5482 Med.
1558 5428 1739 5500 περιέ-

170 5511 235 5549 πε
245 5493 314 5547 ιν.
341 5493 1025 5566 ἰρεεῃᾶυιιιζπεριτρέχειν
1049 5493 1142 5547 τε.

239 5565 355 5636 (ευ)
376 5563 831 5636 Διὲζευτμένοὶςξ
850 5563 1092 5636 :Sictres
1125 5564 1483 5636 vetustissimi
1518 5567 1737 5624 codices

170 5632 295 5691 cum
338 5632 591 5706 pluribus
607 5632 756 5692 aliis.
793 5632 935 5691 Editi
959 5632 1452 5707 διαζευγνυμένοις.

1843 4702 2030 4773 ptibus
2045 4702 2199 4766 sinit,
2224 4702 2319 4759 sed
2336 4703 2524 4758 eadem
2552 4718 2640 4759 res
2669 4702 2810 4772 apud
2838 4702 3010 4773 ipsam
3039 4708 3094 4756 et
3122 4702 3414 4771 epsonlum

1845 4803 1951 4861 est,
1984 4803 2040 4851 et
2073 4795 2141 4851 ad
2169 4795 2459 4851 sanitatem
2484 4795 2683 4853 sullicit
2711 4797 2724 4849 l
2761 4794 2917 4864 Nam,
2947 4794 3310 4864 appetentiam
3334 4794 3415 4849 ci-

1846 4886 2043 4941 borum
2062 4886 2174 4955 jam
2203 4887 2427 4954 lassam,
2452 4895 2511 4942 ut
2536 4886 2740 4952 audivi,
2765 4886 2985 4942 crambe
3014 4893 3171 4941 aceto
3192 4885 3414 4941 condita

1846 4976 2118 5033 revocasti
2155 4996 2168 5031 :
2199 4992 2362 5047 quam
2401 4991 2500 5049 ego
2527 4978 2680 5049 prius
2711 4977 2932 5048 quidem
2972 4991 3116 5047 azgre
3143 4974 3410 5038 ferebam,

1846 5078 1963 5124 tum
1991 5069 2064 5125 ob
2092 5068 2442 5139 proverbium
2467 5109 2483 5135 ,
2511 5076 2628 5125 tum
2659 5070 2788 5140 quia
2820 5071 3074 5126 comitem
3108 5078 3411 5143 pauperta-

1842 5168 1955 5215 tem
1988 5159 2120 5215 mibi
2146 5159 2202 5215 in
2230 5159 2546 5215 memoriam
2575 5161 2889 5216 revocabat.
2921 5159 3082 5216 Nunc
3120 5176 3251 5218 vero
3276 5159 3408 5215 mihi

1838 5293 2219 5435 673:3.”de
2251 5295 2501 5365 ὑγίειαν.
2557 5294 2697 5351 Med.
2728 5304 2783 5351 et
2825 5296 2919 5351 alii
2963 5296 3216 5354 nonnulli
3276 5297 3411 5363 ποὺς

1912 5438 1930 5457 ⁴
1961 5433 2113 5489 Alias
2131 5431 2352 5503 CCCVI.
2385 5431 2601 5503 Scripta
2632 5448 2776 5488 anno
2804 5434 2928 5489 5⁵14.

1914 5507 1955 5529 “
1979 5505 2131 5560 Alias
2157 5500 2608 5574 CCCXWScri'pta
2635 5504 2783 5558 circa
2808 5520 2898 5560 an.
2931 5505 3035 5561 574

1910 5578 1974 5600 ·“·
2010 5575 2163 5633 Alias
2192 5572 2418 5631 CCXIII.
2457 5570 2676 5645 Scripta
2704 5578 2853 5633 circa
2873 5591 2964 5632 an.
2998 5576 3124 5632 574.
