3852 6220
377 223 492 281 6ΰῦ

1735 223 1795 278 S.
1833 220 2080 278 BASILII
2118 221 2335 278 MAGM

3547 216 3680 274 665

381 338 570 393 videor
600 345 656 394 et
688 339 1017 395 sententiam
1040 347 1275 404 mutare,
1306 350 1359 397 et
1381 343 1732 414 proverbium
1755 344 1956 409 ridere,

2071 345 2410 417 μεταπείσειν
2435 343 2568 415 (32),
2599 343 2691 398 καὶ
2713 344 2814 414 τῆς
2839 342 3136 417 παροιμίας
3159 341 3672 411 καταγελάσεσθαι,

381 431 574 486 videns
621 439 733 486 tam
775 434 1030 488 eximiam
1056 432 1361 503 juventutis
1389 435 1683 502 nutricem,
1712 453 1834 506 qua:
1864 453 1958 492 no-

381 533 557 578 strum
589 523 878 596 prmsidem
913 526 1147 595 pristino
1180 527 1354 597 vigori
1378 529 1636 583 restituit.
1669 528 1779 585 Nec
1797 530 1957 600 quid-

380 630 547 685 quam
576 615 688 686 jam
721 632 832 686 prae
860 618 951 671 illa
997 619 1314 674 aestimabo:
1365 636 1476 674 non
1523 619 1686 675 modo
1733 619 1956 676 Homeri

384 707 591 772 lotum,
619 709 712 764 sed
743 725 811 763 ne
843 709 993 764 illam
1021 710 1242 781 quidem
1275 711 1640 777 ambrosiam,
1687 727 1950 783 quascun-

383 814 490 870 que
519 799 740 856 tandem
770 800 958 869 fuerit,
982 818 1107 874 qua:
1132 804 1386 861 cmlestes
1417 805 1745 862 exsatiabat.

795 934 1133 994 EPISTOLA
1170 937 1545 996 CLXXXVII‘.

2061 435 2206 508 ὀρῶν
2249 435 2422 506 αὐτὴν
2461 434 2636 498 οὕτως
2669 433 2881 506 ἀγαθὴν
2925 433 3319 506 κουροτρόφον,
3352 434 3386 503 ἢ
3415 432 3506 484 τὸν
3545 432 3667 501 ἄρ-

2068 546 2233 600 χοντα
2261 529 2420 600 ἡμῶν
2463 531 2544 591 είς
2572 526 2759 599 ἀκμὴν
2803 528 3139 598 ἐπανήγαγε.
3177 527 3286 579 Καὶ
3316 526 3467 578 οὐδὲν
3503 520 3672 579 εἶναι

2065 623 2161 677 τοῦ
2218 621 2406 676 λοιποῦ
2458 623 2578 675 κατ’
2632 621 2805 690 αὐτὴν
2855 620 3168 690 ἡγήσομαι,
3223 617 3319 687 οὐχ
3354 618 3502 680 ὅπως
3558 617 3671 671 τὸν

2078 715 2377 788 Ὁμηρικὸν
2397 714 2566 768 λωτὸν
2585 755 2601 780 ,
2631 713 2748 768 ἀλλ’
2785 713 2907 766 οὐδὲ
2936 713 3034 783 τὴν
3065 710 3368 783 ἀμϐροσίαν
3404 709 3661 780 ἐκείνην,

2068 807 2192 877 ἥτις
2225 808 2344 860 ποτ’
2373 791 2480 878 άρα
2505 802 2593 878 ἦν,
2628 807 2661 876 ὴ
2695 805 2824 869 τοὺς
2864 803 3187 876 Ὀλυμπίους
3214 801 3580 874 χορτάζουσα.

2563 942 2906 996 ΕΠΙΣΤΟΛΗ
2937 942 3107 995 PIIZ’.

1418 1059 1690 1124 Respondet
1707 1073 1891 1126 prorsus
1915 1064 2158 1126 peracuta!
2186 1057 2362 1111 Basilii
2383 1057 2613 1124 epistola.

907 1167 1188 1236 Antipater
1205 1167 1432 1225 Basilio.

447 1279 542 1338 Bis
569 1282 792 1339 crambe
833 1297 1006 1350 mors,
1039 1283 1118 1337 ait
1149 1284 1394 1339 invidum
1436 1285 1807 1354 proverbium.
1842 1285 1956 1357 Ego

379 1391 511 1429 vero
537 1376 631 1445 qui
667 1392 810 1445 saape
840 1377 993 1446 petii,
1032 1378 1201 1432 semel
1246 1377 1486 1432 moriar:
1532 1377 1760 1433 omnino
1804 1393 1956 1442 vero,

381 1470 599 1525 etiamsi
636 1485 746 1525 non
783 1471 1088 1540 petiissem.
1122 1470 1279 1538 Quod
1322 1472 1367 1526 si
1403 1473 1660 1526 omnino:
1696 1487 1766 1526 ne
1796 1479 1848 1526 te
1874 1471 1961 1540 pi-

381 1567 506 1631 geat
536 1561 825 1617 comedere
853 1577 1020 1618 suave
1042 1562 1353 1625 obsonium,
1387 1561 1591 1617 frustra
1617 1575 1647 1613 a
1670 1558 1960 1630 proverbio

378 1653 770 1723 vituperatum.

660 1788 826 1859 233
861 1786 1195 1842 EPISTOLA
1234 1785 1628 1844 ctxxxvnr-

869 1879 1187 1932 CANONICA
1232 1881 1450 1931 PRIMA.

2483 1171 2863 1240 Ἀντίπατρος
2905 1172 3219 1234 Βασιλειῳ.

2126 1283 2219 1347 Δὶς
2247 1281 2472 1354 κράμϐη
2508 1282 2736 1346 Θάνατος
2760 1325 2774 1348 ,
2813 1285 2846 1354 ἡ
2885 1283 3153 1353 βάσκανός
3182 1300 3313 1352 φησι
3349 1281 3654 1354 παροιμία.

2070 1375 2212 1445 Ἐγὼ
2260 1376 2315 1428 δὲ
2343 1418 2357 1442 ,
2411 1375 2670 1440 πολλάκις
2724 1378 2954 1446 αἰτήσας
2981 1415 2994 1440 ,
3031 1375 3176 1440 ἅπαξ
3221 1375 3604 1447 ἀποθανοῦμαι
3633 1393 3652 1407 ·

2060 1469 2278 1530 πάντως
2307 1467 2365 1521 δέ
2395 1467 2488 1520 καὶ
2544 1467 2618 1539 μὴ
2641 1469 2889 1538 αίτήσας.
2929 1469 2991 1521 Ei
3025 1467 3081 1521 δὲ
3113 1468 3328 1531 πάντως
3347 1509 3360 1532 ,
3410 1467 3483 1538 μὴ
3508 1485 3657 1521 κατ-

2065 1561 2211 1614 όκνει
2239 1560 2438 1614 ἐσθίειν
2481 1560 2611 1630 ὄψον
2642 1540 2777 1630 ἦδὺ,
2817 1561 2995 1632 μάτην
3059 1559 3164 1613 ὑπὸ
3201 1560 3298 1630 τῆς
3342 1558 3656 1632 παροιμίας

1989 1645 2033 1706 Β
2061 1651 2393 1724 λοιδορηθέν.

2566 1787 2906 1840 ΕΠΙΣΤΟΛΗ
2946 1787 3119 1841 ΡΙΙΗ’.

2684 1895 2940 1933 uxoremn
2959 1878 3022 1932 A’.

381 1996 648 2059 Respondet
667 1998 879 2050 Basilius
903 2000 1124 2063 pluribus
1144 2002 1468 2066 Amphitachii
1489 2004 1831 2068 questionibus
1849 2006 1914 2076 ad
1935 2019 2140 2134 (gaianas
2163 2002 2524 2117 gignentibus,
2543 2017 2601 2054 ac
2633 2002 2865 2054 nonnulla
2887 2001 3157 2067 Scriptum
3175 2003 3278 2052 loca
3297 2001 3515 2066 ejusdem
3533 2001 3652 2067 epi-

1725 2081 1857 2131 scopi
1885 2082 1942 2119 ro
1979 2083 2010 2117 a
2031 2082 2063 2117 ιι
2083 2081 2178 2132 exp
2200 2081 2218 2116 ι
2302 2103 2313 2115 .

1725 2081 1857 2131 scopi
1885 2081 2063 2132 rogatu
2083 2081 2313 2132 captiaut.

764 2168 1132 2238 Amphilochia
1162 2169 1226 2224 de
1254 2172 1568 2228 cauonibus.

454 2284 633 2340 Stulto
672 2287 1057 2356 interreganti,
1109 2288 1328 2358 inquit,
1381 2291 1644 2356 sapientia
1683 2289 1953 2360 reputabi-

383 2384 470 2428 tur
495 2376 561 2428 “.
605 2375 879 2446 Sapientis
916 2388 1098 2432 autem
1125 2419 1142 2442 ,
1190 2391 1252 2434 ut
1294 2381 1548 2446 videtur,
1598 2382 1956 2451 interrogatio

382 2468 546 2521 etiam
588 2469 818 2524 stultum
854 2471 1158 2540 sapientem
1201 2472 1395 2527 eﬂicit:
1439 2473 1586 2541 quod
1635 2473 1728 2528 Dei
1780 2474 1967 2544 gratia-

383 2561 584 2615 accidit
615 2562 778 2617 nobis
799 2602 814 2626 ,
855 2563 1073 2632 quoties
1108 2563 1399 2621 laboriosae
1433 2574 1542 2620 tua:
1589 2568 1782 2620 animae
1815 2567 1959 2620 litte-

381 2667 475 2707 ras
504 2653 827 2722 accipimus.
862 2653 1074 2708 Etenim
1105 2655 1384 2711 doctiores
1419 2672 1587 2727 quam
1618 2673 1858 2721 eramus,
1893 2674 1957 2713 ac

383 2743 771 2813 prudentiores
814 2744 988 2802 fimus
1035 2765 1101 2801 ex
1148 2747 1267 2817 ipsa
1300 2749 1751 2818 interrogatione,
1785 2751 1956 2806 multa

382 2851 505 2904 qua:
559 2835 952 2900 ignorabamus
1003 2839 1346 2905 ediscentes;
1400 2854 1464 2894 ac
1503 2840 1662 2894 nobis
1712 2841 1957 2910 magistri

383 2926 507 2982 loco
541 2935 628 2982 est
665 2928 1034 2998 respondendi
1074 2945 1227 2985 cura.
1262 2931 1422 2987 Certe
1455 2940 1510 2986 et
1543 2945 1691 2985 nunc
1733 2945 1858 2984 cum
1891 2932 1958 2985 de

384 3019 736 3090 interrogatis
767 3022 877 3076 tuis
914 3038 1194 3092 nunquam
1225 3023 1492 3080 hactenus
1520 3023 1757 3078 sollicite
1803 3025 1958 3092 cogi-

386 3119 608 3177 tassem,
637 3121 862 3168 coactus
888 3130 1006 3170 sum
1033 3116 1321 3187 diligenter
1345 3117 1644 3179 attendere.
1674 3127 1730 3171 et
1754 3117 1800 3172 si
1827 3117 1958 3187 quid

385 3217 417 3255 a
463 3204 773 3259 senioribus
814 3207 1117 3272 audieram,
1162 3209 1470 3272 recordari,
1517 3217 1572 3264 et
1617 3221 1847 3278 cognata
1892 3209 1960 3264 iis

385 3307 507 3363 qua:
530 3293 861 3360 didiceram,
897 3313 995 3368 per
1025 3313 1110 3353 me
1145 3298 1262 3368 ipse
1289 3299 1632 3354 ratiocinari.

2437 2174 2791 2243 Ἇμςριλοχίῳ
2823 2174 2954 2242 περὶ
2989 2177 3280 2230 κανόνων.

2138 2287 2406 2352 Ἇνοήτῳ,
2442 2287 2631 2355 φησὶν.
2664 2285 3231 2356 ἐπερωτιξσαντιίὸὖ)
3263 2287 3450 2354 σοφία
3472 2289 3647 2356 λογι-

2054 2377 2362 2444 σθήσεται.
2398 2375 2570 2443 Σοφοῦ
2602 2376 2679 2440 δὲ,
2704 2377 2778 2439 ὡς
2808 2376 3002 2440 ἔοικεν,
3043 2375 3371 2448 ἐπερώτημα
3415 2378 3509 2430 καὶ
3548 2379 3645 2431 τὸν

2056 2471 2282 2541 ἀνόητον
2318 2468 2566 2538 σοφίζει·
2616 2469 2752 2539 ὅπερ
2788 2472 2853 2538 τῇ
2882 2468 2976 2521 τοῦ
3022 2469 3157 2522 Θεοῦ
3192 2470 3370 2540 χάριτι
3403 2469 3644 2540 συμϐαί-

2056 2579 2135 2615 νει
2188 2563 2322 2632 ὴμῖν
2349 2602 2362 2618 .
2399 2561 2591 2625 ὁσάκις
2647 2561 2712 2614 ἂν
2757 2560 3034 2632 δεξώμεθά
3070 2578 3163 2613 σου
3213 2561 3310 2629 τῆς
3351 2559 3644 2630 φιλοπόνου

2055 2653 2234 2724 ψυχῆς
2289 2654 2358 2707 τὰ
2397 2653 2724 2724 γράμματα.
2788 2651 3304 2722 Ἐπιστατικὼτεροι
3351 2653 3461 2722 γὰρ
3511 2654 3644 2705 ἐαυ-

2055 2745 2165 2797 τῶν
2217 2746 2312 2798 καὶ
2369 2745 2798 2816 ἐμφρονέστεροι
2849 2745 3114 2815 γινόμεθα
3167 2746 3262 2799 ἀπ’
3321 2746 3493 2814 αὐτῆς
3545 2745 3642 2814 τῆς

2058 2839 2379 2906 ἐρωτήσεως
2401 2875 2414 2897 ,
2463 2836 2672 2902 πολλὰ,
2708 2831 2783 2890 ὧν
2817 2837 2916 2889 οὐκ
2966 2837 3304 2907 ἐπιστάμεθα
3329 2877 3343 2899 ,
3387 2837 3642 2894 διδασκό-

2061 2943 2244 2998 μενοι*
2285 2928 2378 2979 καὶ
2403 2926 2614 2994 γίνεται
2645 2927 2802 2998 ἡμῶν
2832 2926 3150 2990 διδάσκαλος
3185 2929 3216 2998 ἡ
3253 2929 3379 2999 περὶ
3403 2929 3464 2982 τὸ
3501 2931 3641 2983 ἀπο-

2059 3017 2339 3089 κρίνεσθαι
2373 3019 2484 3090 (54)
2521 3019 2781 3090 μέριμνα.
2823 3019 3043 3089 Ἀμέλει
3089 3020 3180 3072 καὶ
3217 3019 3345 3084 νῦν,
3384 3021 3642 3075 οὐδέποτε

2058 3109 2310 3170 λαϐόντες
2355 3110 2414 3160 ἐν
2467 3109 2706 3179 φροντίδι
2754 3108 2822 3162 τὰ
2875 3111 3277 3180 ἐπερωτήματά
3307 3128 3398 3163 σου
3423 3150 3438 3174 ,
3469 3114 3641 3181 ἡναγ-

2061 3199 2343 3270 κάσθημεν
2371 3198 2772 3269 ἐπισκέψασθαι
2801 3200 3045 3270 ἀκριϐῶς
3063 3242 3077 3266 ,
3113 3201 3203 3253 καὶ
3237 3203 3289 3254 εἴ
3309 3202 3368 3252 τὲ
3396 3219 3449 3253 τι
3478 3202 3643 3270 ἡκού-

2062 3309 2234 3362 σαμεν
2265 3290 2418 3362 παρὰ
2454 3290 2563 3344 τῶν
2611 3292 2998 3362 πρεσϐυτέρων
3021 3333 3036 3356 ,
3069 3294 3482 3363 ἀναμνησθῆναι
3505 3334 3520 3353 .
3548 3295 3641 3347 καὶ

2059 3382 2128 3435 τὰ
2179 3382 2415 3452 συγγενῆ
2469 3373 2544 3436 ὧν
2583 3380 2974 3453 ἐδιδάχθημεν,
3012 3383 3144 3451 παρ’
3202 3381 3410 3433 ἑαυτῶν
3455 3380 3638 3434 ἐπιλοο

2059 3475 2339 3544 γίσασθαι.

457 3557 642 3614 Canon
675 3557 719 3616 1.
761 3557 917 3627 Quod
952 3559 1121 3630 igitur
1171 3560 1239 3615 ad
1283 3560 1554 3617 Catharos
1592 3563 1852 3631 pertinet,
1899 3570 1955 3616 et

2072 3529 2083 3544 .
2128 3567 2206 3618 A'.
2233 3566 2306 3619 Τὸ
2347 3566 2446 3636 μὲν
2491 3529 2594 3620 οὖν
2634 3564 2762 3635 περὶ
2807 3565 2930 3625 τοὺς
2960 3561 3249 3632 Καθαροὺς
3289 3559 3509 3632 ζήτημα
3534 3560 3628 3613 καὶ

386 3651 540 3721 prius
560 3651 761 3706 dictum
790 3661 894 3716 cst,
925 3659 978 3707 et
1001 3661 1146 3708 recte
1167 3653 1498 3710 admonuisti
1523 3654 1960 3723 uniuscujusque

385 3744 630 3813 regionis
665 3760 870 3799 morem
909 3744 1067 3815 sequi
1100 3753 1352 3815 oportere
1380 3764 1392 3800 :
1427 3745 1570 3814 quod
1605 3745 1666 3806 ii,
1700 3745 1794 3814 qui
1827 3753 1959 3799 tunc

388 3836 456 3892 de
475 3838 586 3893 illis
608 3845 943 3901 statuerunt,
980 3839 1035 3892 in
1067 3840 1246 3894 varias
1271 3839 1338 3894 de
1361 3840 1602 3908 ipsorum
1627 3839 1957 3909 baptismate

389 3930 691 3986 sententias
731 3931 983 3986 abierint.
1015 3929 1427 4001 Pepuzenorum
1465 3941 1646 3987 autem
1686 3930 1957 4001 baptisma

387 4023 594 4078 nullam
627 4023 762 4077 mihi
795 4024 1000 4079 habere
1045 4025 1317 4078 rationem
1347 4023 1586 4089 videtur,
1637 4030 1691 4078 et
1727 4023 1958 4078 miratus

388 4130 510 4170 sum
543 4116 819 4186 quomodo
851 4117 953 4171 hoc
992 4115 1333 4188 Dionysium.
1369 4115 1648 4171 hominem
1677 4130 1952 4169 canonum

459 4228 504 4262 "
540 4227 702 4284 Prov.
727 4244 865 4293 xvu,
891 4228 982 4283 28.

456 4348 476 4371 ⁵
502 4346 653 4401 Alias
687 4345 915 4400 CCXIV.
943 4345 1161 4415 Scripta
1191 4345 1340 4400 circa
1375 4361 1464 4400 an.
1500 4346 1626 4400 274.

458 4419 498 4486 *ξ’
540 4416 750 4471 Alias].
786 4416 1006 4486 Scripta
1041 4432 1187 4471 anno
1212 4417 1335 4471 574.

618 4484 1038 4569 Μεταπείᾱειν.
1078 4487 1172 4542 Sic
1213 4502 1346 4542 mss.
1409 4502 1624 4543 summo
1669 4501 1966 4543 consensu.

390 4557 532 4612 Editi
572 4561 916 4629 μεταπεσεῖν.

462 4625 585 4695 (ὅὸῐ
631 4630 1129 4698 Ἐπερωτήσαντι.
1184 4626 1324 4682 Editi
1364 4625 1574 4681 addunt
1622 4625 1968 4698 caelamin-

2064 3655 2280 3726 εἴρηται
2325 3656 2613 3727 πρότερον,
2649 3655 2744 3707 καὶ
2773 3652 2952 3716 καλῶς
2985 3651 3500 3722 ἀπεμνημόνευσας,
3555 3649 3638 3703 ὅτι

2062 3749 2142 3802 δεῖ
2192 3749 2269 3820 τῷ
2319 3749 2430 3802 ἔθει
2459 3750 2568 3804 τῶν
2616 3749 2739 3802 καθ’
2782 3749 3018 3817 ἑκάστην
3055 3747 3237 3817 χώραν
3270 3744 3516 3806 ἕπεσθαι,
3550 3744 3638 3796 διὰ

2063 3841 2124 3893 τὸ
2166 3841 2434 3914 διαφόρως
2483 3841 2768 3912 ἐνεχθῆναι
2817 3839 2930 3910 (55)
2969 3839 3097 3909 περὶ
3142 3837 3236 3891 τοῦ
3271 3837 3639 3907 βαπτίσματος

2063 3933 2238 3986 αὐτῶν
2289 3935 2416 3997 τοὺς
2445 3934 2568 3987 τότε
2617 3935 2749 4002 περὶ
2791 3935 2997 3986 τούτων
3040 3931 3428 3993 διαλαϐόντας⁸
3476 3929 3536 3982 τὸ
3577 3929 3640 3982 δέ

2061 4024 2170 4077 τῶν
2210 4024 2570 4095 Πεπουζηνῶν
2603 4013 2794 4079 οὐδένα
2825 4042 2915 4096 μοι
2954 4023 3110 4091 λόγον
3156 4022 3300 4093 ἐχειν
3325 4022 3474 4074 δοκεῖ
3496 4038 3509 4051 °
3547 4021 3638 4074 καὶ

2063 4115 2348 4186 ἐθαύμασα
2365 4116 2480 4181 πῶς
2503 4117 2783 4171 κανονικὸν
2815 4115 2944 4171 ὄντα
2970 4116 3063 4168 τὸν
3082 4114 3354 4168 Διονύσιον
3376 4113 3489 4184 (56)
3502 4128 3640 4182 παρ-

2072 4357 2310 4413 εονιυῐη.
2343 4338 2656 4413 Scripserat
2683 4337 2854 4413 etiam
2894 4336 2962 4390 ad
3003 4335 3232 4390 clericos
3263 4335 3636 4413 Antiocheam

2071 4404 2140 4466 de
2170 4404 2552 4480 jurejurando,
2594 4419 2654 4462 ut
2681 4409 2800 4477 ipse
2835 4415 3070 4480 testatur
3094 4420 3217 4459 can.
3256 4404 3341 4480 18.
3377 4404 3480 4461 Sed
3503 4424 3634 4480 _cum

2069 4476 2336 4537 latissime
2387 4488 2570 4550 pateat
2620 4476 2735 4532 haec
2772 4476 3020 4550 materia,
3043 4491 3165 4550 _non
3214 4477 3412 4550 mirum
3438 4477 3514 4550 _si
3557 4479 3636 4532 vel

2069 4544 2407 4608 doctissimis
2438 4564 2653 4618 semper
2677 4548 2801 4601 novi
2854 4546 3058 4616 aliquid
3100 4547 3362 4618 occur_rit.
3395 4544 3539 4618 Idem
3571 4551 3636 4603 de

2071 4640 2130 4678 se
2159 4624 2358 4677 fatetur
2388 4614 2738 4674 Innocentius
2757 4632 2893 4686 papa
2919 4614 2973 4670 in
2990 4618 3148 4685 epist.
3170 4615 3235 4666 ad
3249 4614 3634 4686 Exsuperium.

395 4685 686 4770 τετδνοραηιὶ
746 4685 1060 4767 sapientiam
1111 4699 1373 4770 sapientia
1438 4685 1782 4770 reputabitur.
1821 4685 1967 4770 Quae
2001 4754 2037 4770 Η
2072 4693 2207 4770 Mihi
2223 4709 2428 4770 _quaque
2453 4685 2802 4770 ipsi,in_quit,
2828 4685 2894 4770 ile
2917 4688 3200 4770 collatione
3221 4685 3470 4770 docilitas
3496 4704 3636 4740 acce-

393 4754 612 4838 quidem
646 4785 752 4824 vox
786 4754 818 4822 ἐ
852 4754 1248 4825 recentioribus
1281 4754 1520 4838 librariis
1539 4769 1752 4823 videtur
1776 4754 1960 4838 addita
1997 4754 2040 4809 Ι)
2069 4765 2169 4826 dit,
2199 4754 2705 4838 dum'perscrutatis
2752 4758 3046 4838 ratiopibus
3081 4759 3151 4838 ad
3194 4758 3516 4838 prepositum
3558 4773 3635 4838 re-

393 4837 587 4895 fuisse.
619 4838 782 4895 Deest
804 4841 948 4894 enim
983 4841 1036 4893 in
1069 4840 1244 4894 tribus
1275 4837 1627 4892 Coislinianis
1656 4837 1962 4902 codicibus,

393 4920 447 4963 et
469 4910 523 4964 in
555 4919 793 4980 quatuor
819 4909 1023 4979 Regiis.
1057 4909 1218 4963 Deest
1240 4907 1403 4980 etiam
1433 4910 1488 4980 in
1517 4909 1704 4964 codice
1727 4909 1964 4980 Alexan-

393 4976 926 5070 drilnq\'etnplii‘rilius
951 4981 1087 5070 ,aliis
1123 4995 1303 5070 slacrai
1333 4976 1961 5070 Scripturaa‘godicibus.

469 5051 581 5120 (δι)
628 5051 769 5116 Περὶ
821 5052 889 5105 τὸ
939 5051 1384 5120 ἀποκρίνεσθαι.
1431 5049 1687 5103 Nonnulli
1747 5050 1968 5120 codices

394 5118 823 5192 ἀποκρίνασθαι.
842 5122 996 5176 Unus
1028 5119 1298 5192 περὶτοῦ.
1324 5118 1544 5192 Legitur
1574 5119 1789 5192 rspice
1819 5121 1971 5192 ᾁκριτ-

397 5194 489 5255 ϐἐς
523 5189 578 5246 in
603 5190 939 5246 Coisliniano
985 5189 1284 5245 vetustiore
1312 5199 1366 5244 et
1393 5191 1606 5244 duobus
1636 5189 1778 5243 aliis.
1826 5189 1968 5244 Illud

397 5271 582 5316 autem
609 5278 677 5315 ex
709 5262 889 5316 verbis
920 5260 1110 5316 Basilii
1135 5260 1317 5326 colligi
1341 5276 1449 5314 non
1474 5260 1654 5326 debet,
1691 5275 1814 5314 eum
1838 5259 1968 5312 hac-

398 5330 650 5401 tenusgin
687 5332 991 5387 canonibus
1033 5346 1228 5401 parum
1267 5329 1440 5401 fuisse
1477 5339 1776 5384 versatum.
1803 5329 1968 5401 _Nam

401 5401 469 5454 ab
503 5399 662 5454 initio
707 5399 1057 5470 episcopatus
1088 5402 1255 5454 multa
1289 5400 1356 5454 de
1387 5401 1756 5460 matrimonio,
1785 5399 1852 5454 de
1880 5415 1972 5452 or-

400 5470 776 5526 dinationibus
804 5471 1129 5525 clericorum
1153 5478 1418 5539 eteorum
1442 5471 1835 5539 singularitate'
1853 5478 1969 5524 sta-

399 5547 601 5602 tuerat,
635 5548 695 5594 ut
719 5548 866 5611 patet
891 5557 959 5596 ex
989 5541 1236 5610 epistolis
1255 5540 1322 5593 ad
1355 5538 1674 5604 Diodorum,
1709 5539 1774 5611 ad
1812 5540 1973 5611 chor-

402 5609 734 5683 episcopos?
752 5611 822 5666 ad
852 5609 1140 5682 episcopos
1173 5611 1277 5666 sibi
1317 5611 1590 5680 subditos,
1625 5620 1679 5665 et
1708 5609 1773 5664 ad
1809 5610 1972 5666 Pare-

2062 4837 2314 4902 spoudere
2335 4827 2933 4902 compellaneaqueﬁt
2973 4840 3025 4881 ut
3069 4827 3270 4899 aliquid
3299 4841 3501 4894 semper
3539 4829 3630 4880 ad-

2063 4900 2257 4967 discat,
2285 4906 2375 4972 qui
2405 4905 2710 4972 postulatur
2740 4911 2798 4952 ut
2835 4900 3039 4953 doceat.

2129 4975 2242 5045 (55)
2277 4967 2654 5043 Ἑνέχθῆναι.
2683 4970 2762 5025 Ita
2783 4985 2917 5025 mss.
2942 4985 3157 5025 summo
3173 4983 3469 5022 consensu.
3495 4967 3636 5022 Editi

2061 5045 2475 5113 ἐνδιενεχθῆναι.

2136 5085 2774 5183 ξξθῑλῗόναλιονύσιον.
2823 5110 2976 5183 Editi
3012 5109 3105 5162 τὸν
3137 5108 3307 5183 μέγαν
3342 5108 3627 5183 Διονυσιον.

2069 5177 2176 5242 Sed
2211 5177 2364 5240 deest
2403 5187 2504 5238 hoc
2554 5185 2674 5236 loco
2709 5183 2764 5235 in
2807 5180 3012 5235 nostris
3047 5177 3321 5234 sexdecim
3356 5180 3630 5233 codicibus

2067 5259 2180 5310 hare
2212 5255 2514 5309 honoriﬁca
2540 5252 2853 5322 appellatio,
2886 5257 3218 5322 quartamen
3247 5258 3436 5317 postea
3459 5250 3625 5322 eidem

2071 5327 2327 5397 Dionysio
2360 5328 2413 5397 in
2438 5325 2540 5376 hoc
2571 5320 2688 5397 ipso
2726 5320 3243 5397 canone__tribu_itur,
3288 5321 3624 5397 consentien-

2071 5389 2227 5451 tibus
2270 5396 2424 5449 libris
2463 5389 2741 5448 veteribus
2776 5399 2830 5445 et
2879 5391 3063 5446 editis.
3093 5389 3209 5443 Duo
3241 5389 3500 5443 anteurin
3534 5390 3626 5443 hoc

2072 5467 2258 5522 Basilii
2306 5464 2620 5520 testimonio
2676 5463 3038 5516 observanda.
3100 5461 3154 5513 1ο
3200 5459 3407 5528 Pugnat
3455 5469 3628 5526 aperte

2074 5537 2308 5592 Basilius
2338 5551 2460 5589 cum
2497 5533 2848 5602 Hieronymo,
2886 5533 2981 5602 qui
3015 5531 3072 5584 in
3093 5531 3234 5584 libro
3263 5529 3344 5602 De
3364 5531 3627 5602 scriptori-

2074 5608 2166 5662 bus
2199 5605 2568 5662 ecclesiasticis
2601 5599 2833 5660 testatur
2878 5601 3196 5673 Dionysium
3225 5599 3366 5656 idem
3416 5616 3480 5655 ac
3533 5600 3627 5671 Cy-
