3852 6220
132 303 244 359 665

1006 309 1498 370 EPISTOLABUM
1535 313 1825 371 CLASSIS
1862 314 1926 370 Il.
1964 315 2181 373 EPIST.
2225 317 2604 374 CLXXXVIII.

3302 318 3408 379 666

129 419 322 490 ἦλθεν.
382 419 590 474 Ἐκεῖνο
662 419 772 494 γὰρ
834 422 1047 495 ἔκρινον
1102 428 1152 479 οἱ
1200 428 1420 483 παλαιοὶ
1468 430 1715 501 δέχεσθαι

1838 434 2072 495 iet-itum,
2117 432 2336 502 fugerit.
2375 432 2597 501 Antiqui
2647 431 2792 484 enim
2834 430 2965 484 illud
2999 431 3267 502 baptisma
3307 451 3407 491 su-

133 510 444 582 βάπτισμα,
478 512 542 565 τὸ
563 511 730 583 μηδὲν
770 513 873 584 τῆς
904 514 1144 580 πίστεως
1171 521 1539 590 παρεκεαῖνον
1570 521 1682 591 (57)
1705 538 1718 550 ·

131 601 258 656 ὅθεν
279 603 381 666 τὰς
395 604 492 673 μὲν
517 603 759 675 αἱρέσεις
776 604 1089 676 ὠνόμασαν,
1114 608 1183 662 τὰ
1210 609 1268 661 δὲ
1293 609 1567 681 σχίσματα
1588 611 1721 680 (58),

132 693 239 756 τὰς
266 694 325 747 δὲ
356 696 853 766 παρασυναγωγὰς.
894 699 1142 769 Αίρὲσεις
1175 700 1274 772 μὲν
1302 703 1427 765 τοὺς
1450 703 1725 766 παντελῶς

134 786 617 857 ἀπεῤῥηγμένους,
663 789 756 841 καὶ
787 789 909 842 κατ’
950 790 1120 861 αὐτὴν
1152 793 1251 862 τὴν
1283 792 1462 869 πίστιν
1492 793 1727 863 ἀπηλλο-

132 879 482 949 τριωμένους
504 896 517 910 ’
551 880 827 951 σχίσματα
864 880 922 935 δὲ
970 884 1099 947 τοὺς
1136 883 1204 937 δι’
1243 884 1425 947 αἰτίας
1446 884 1600 948 τινὰς
1630 886 1725 938 ὲκ-

136 969 537 1040 κλησιαστικὰς
573 972 670 1025 καὶ
722 971 1012 1044 ζητήματα
1058 974 1253 1045 ἰάσιμα
1294 975 1428 1043 πρὸς
1462 975 1724 1047 ἀλλήλους

135 1061 512 1131 διενεχθέντας
532 1078 546 1092 ·
609 1064 1087 1134 παρασυναγωγὰς
1130 1066 1184 1118 δὲ
1212 1067 1312 1130 τὰς
1347 1066 1593 1134 συνάξεις
1626 1066 1727 1130 τὰς

137 1151 295 1222 παρὰ
317 1151 430 1205 τῶν
466 1153 857 1207 ἀνυποτάκτων
897 1156 1286 1228 πρεσϐυτέρων
1329 1159 1363 1227 ἢ
1407 1159 1725 1212 ἐπισκόπων

138 1243 234 1296 καὶ
279 1242 432 1314 παρὰ
462 1242 572 1295 τῶν
606 1244 947 1298 ἀπαιδεύτων
983 1245 1130 1301 λαῶν
1171 1248 1480 1319 γινομένας.
1512 1244 1638 1303 Οἷον
1674 1248 1730 1303 εἴ

135 1350 246 1398 τις,
303 1335 364 1387 ὲν
404 1335 707 1407 πταίσματι
768 1337 1111 1406 ἐξετασθείς,
1162 1341 1428 1412 ἐπεσχέθη
1477 1342 1576 1411 τῆς
1612 1342 1725 1395 λει-

139 1427 426 1497 τουργίας,
455 1427 552 1480 καὶ
576 1427 653 1498 μὴ
682 1427 931 1498 ὑπέκυψε
980 1433 1095 1493 τοῖς
1135 1431 1374 1495 κανόσιν,
1400 1432 1512 1485 ἀλλ’
1549 1432 1726 1504 ἑαυτῷ

140 1517 423 1587 ἐξεδίκησε
468 1517 567 1589 τὴν
614 1518 908 1588 προεδρίαν
957 1520 1065 1572 καί
1095 1521 1193 1592 τὴν
1235 1522 1595 1593 λειτουργίαν,
1632 1523 1726 1577 καὶ

143 1604 495 1676 συναπῆλοον
518 1607 695 1676 τούτῳ
714 1607 857 1670 τινὲς
896 1608 1290 1672 καταλιπόντες
1318 1611 1417 1682 τὴν
1437 1611 1725 1684 καθολικὴν

155 1697 511 1769 Ἐκκλησίαν,
558 1701 1003 1772 παρασυναγωγὴ
1056 1702 1118 1754 τὸ
1160 1702 1389 1756 τοιοῦτο.
1422 1703 1635 1775 Σχίσμα
1665 1705 1724 1758 δὲ

1832 520 2173 590 spiciendum
2225 532 2519 591 putavere,
2567 519 2716 590 quod
2768 519 2905 573 nihil
2949 535 2980 573 a
3015 521 3116 577 title
3161 524 3408 597 recedit;

1833 613 1974 666 unde
1999 612 2137 667 alias
2173 612 2391 681 quidem
2430 611 2688 675 haereses,
2739 609 2847 663 alia
2896 610 3221 680 schismata,
3270 615 3429 670 alias;

1832 717 2284 772 parasynagogas
2330 702 2701 771 appellarunt.
2736 699 2985 756 Haereses
3023 703 3242 772 quidem
3289 720 3409 772 eos,

1830 793 1923 861 qui
1957 792 2177 862 penitus
2209 793 2410 847 resecti
2438 799 2589 853 sunt,
2620 799 2673 846 et
2701 791 2757 845 in
2787 792 2907 861 ipsa
2936 793 3044 848 [ide
3075 795 3405 865 abalienati;

1832 884 2126 938 schismata
2184 898 2339 947 vero,
2400 899 2520 947 eos,
2568 884 2663 954 qui
2715 892 2939 954 propter
3001 888 3409 946 ecclesiasticas

1831 975 2099 1045 quasdam
2125 990 2324 1031 causas
2354 983 2410 1029 et
2437 975 2772 1045 quaestiones
2800 976 2944 1031 inter
2974 985 3261 1048 utramque
3286 994 3389 1049 par

1830 1077 1939 1123 tem
1968 1082 2077 1122 non
2118 1068 2457 1122 insanabiles
2490 1066 2794 1134 dissident;
2826 1082 3271 1140 parasynagogas
3312 1087 3383 1126 au

1832 1168 1962 1224 tem,
2001 1168 2312 1214 conventus
2341 1160 2468 1214 illos
2498 1160 2592 1230 qui
2630 1158 2698 1213 ah
2734 1159 3104 1231 immorigeris
3132 1164 3401 1232 presbyter

1831 1252 1910 1305 ris
1963 1260 2059 1306 aut
2116 1252 2393 1322 episcopis
2448 1258 2503 1305 et
2553 1265 2585 1305 a
2642 1252 2860 1321 populis
2902 1253 3068 1324 269
3107 1254 3406 1325 disciplina

1830 1344 2150 1413 expertibus
2197 1344 2357 1396 liunt.
2400 1340 2564 1396 Velut
2602 1344 2650 1396 si
2700 1342 2827 1412 quis
2884 1343 2938 1397 in
2974 1343 3173 1399 delicto
3213 1345 3402 1415 depre-

1833 1434 2058 1494 hensus.
2091 1447 2122 1485 a
2165 1431 2475 1487 ministerio
2530 1442 2806 1495 arceatur,
2854 1446 2959 1487 nec
3001 1447 3063 1489 se
3107 1435 3409 1489 canonibus

1831 1523 2157 1587 summittat,
2209 1521 2306 1578 sed
2359 1522 2465 1577 sibi
2522 1522 2893 1593 principatum
2946 1529 3004 1577 et
3047 1523 3410 1579 ministerium

1831 1615 2092 1678 vindicet,
2122 1630 2187 1670 ac
2217 1614 2470 1670 nonnulli
2494 1629 2604 1669 una
2625 1628 2752 1668 cum
2795 1628 2880 1680 eo,
2916 1614 3109 1669 relicta
3139 1615 3410 1671 catholica

1832 1705 2100 1771 Ecclesia,
2166 1706 2503 1774 discedant;
2563 1705 2669 1761 hoc
2720 1705 2926 1761 dicitur
2976 1721 3408 1780 parasynagoga.

142 1791 205 1844 τὸ
223 1792 353 1860 περὶ
380 1791 481 1861 τῆς
514 1789 801 1861 μετανοίας
824 1791 1096 1865 διαφόρως
1129 1793 1274 1865 ἔχειν
1304 1797 1441 1867 πρὸς
1468 1800 1596 1862 τοὺς
1616 1799 1725 1852 ἀπὸ

1838 1797 2078 1852 Schisma
2124 1807 2309 1853 autem
2350 1807 2457 1862 est,
2504 1797 2574 1853 de
2623 1797 2951 1868 poenitentia
2994 1798 3064 1853 ab
3095 1798 3165 1853 iis
3192 1801 3288 1869 qui
3334 1814 3404 1855 ex

141 1880 243 1949 τῆς
282 1879 633 1949 Ἐκκλησίας.
669 1880 916 1951 Αίρέσεις
935 1882 1013 1947 δὲ,
1045 1876 1156 1936 οἷον
1184 1884 1218 1954 ἡ
1248 1883 1354 1936 τῶν
1388 1886 1724 1956 Μανιχαίων,

145 1971 240 2025 καὶ
269 1969 665 2033 Οὐαλεντίνων,
689 1972 784 2024 καὶ
820 1973 1257 2043 Μαρκιονιστῶν,
1285 1975 1379 2028 καὶ
1398 1975 1576 2028 αὐτῶν
1601 1976 1726 2030 τού-

145 2078 254 2114 των
273 2060 385 2114 τῶν
414 2060 780 2132 Πεπουζηνῶν
801 2078 815 2092 ·
843 2062 1006 2127 εὐθὺς
1031 2064 1139 2137 γὰρ
1172 2065 1302 2136 περὶ
1329 2066 1496 2136 αὐτῆς
1519 2068 1617 2137 τῆς
1646 2069 1727 2131 εἰς

145 2152 277 2204 Θεὸν
330 2150 570 2214 πίστεώς
613 2152 763 2205 ἐστιν
807 2154 841 2223 ἡ
874 2155 1129 2226 διαφορά.
1175 2156 1360 2222 Ἔδοξε
1408 2158 1588 2212 τοίνυν
1616 2163 1729 2223 τοῖς

145 2242 204 2310 δε
259 2244 438 2314 ἀρχῆς
490 2242 639 2315 (59),
682 2243 744 2297 τὸ
803 2243 904 2316 μὲν
946 2244 1056 2300 τῶν
1110 2247 1406 2318 αἱρετικῶν
1453 2250 1731 2315 παντελῶς

146 2404 402 2474 prianum
435 2400 503 2456 de
530 2400 810 2474 baptismo
823 2402 1110 2474 sensisse.
1159 2399 1392 2474 Videtur
1424 2402 1633 2474 hacuin
1665 2419 1726 2459 re

147 2470 327 2542 inajor
350 2471 649 2542 austeritas
692 2470 894 2527 Basilio
932 2473 1276 2526 attribuenda
1319 2488 1483 2542 quam
1538 2472 1730 2529 Hiero-

148 2541 340 2612 nymo.
395 2541 526 2595 Plus
568 2556 753 2612 operae
799 2543 1172 2611 insumpserat
1220 2541 1459 2597 Basilius
1492 2543 1549 2598 in
1579 2559 1641 2597 ea
1669 2558 1729 2599 re

148 2610 530 2668 eiaminanda.
566 2610 835 2666 Praeterea
878 2610 1002 2666 cum
1052 2613 1200 2667 illius
1255 2615 1570 2668 testimonio
1604 2629 1728 2668 con-

150 2684 299 2751 gruit
328 2691 441 2763 tota
478 2682 722 2763 Dionysii
754 2683 956 2763 agendi
989 2684 1151 2763 ratio,
1185 2684 1279 2751 qui
1310 2690 1721 2763 deprecatorem

152 2769 214 2808 se
272 2768 376 2821 pro
412 2752 671 2806 Asiaticis
720 2758 774 2804 et
815 2752 966 2807 Afris
1022 2753 1351 2822 interposuit
1384 2752 1400 2807 Ξ
1436 2754 1634 2809 nedum
1672 2755 1726 2807 in

150 2822 340 2877 eadem
361 2836 427 2876 ac
447 2821 525 2876 illi
556 2836 720 2877 causa
754 2834 1088 2877 versaretur.
1116 2821 1262 2889 Quin
1283 2824 1446 2877 etiam
1479 2839 1631 2878 suam
1664 2840 1730 2880 ac

153 2893 512 2946 decessorum
570 2907 796 2947 suorum
849 2894 1179 2947 sententiam
1215 2895 1350 2948 satis
1397 2893 1727 2958 declaravit,

153 2978 278 3017 cum
302 2962 577 3017 hominem
606 2962 783 3033 impio
804 2971 858 3015 et
881 2962 1232 3033 blasphemiae
1266 2964 1428 3033 pleno
1456 2964 1730 3033 baptismo

1835 1888 2080 1944 Ecclesia
2137 1897 2290 1954 sunt,
2341 1889 2662 1944 dissentire.
2717 1885 2968 1944 Haereses
3015 1896 3221 1951 autem,
3263 1890 3411 1944 velut

1832 1979 2273 2046 Manichaeorum,
2294 1988 2350 2036 et
2385 1979 2891 2035 Valentinianorum
2908 2020 2921 2043 ,
2946 1988 3001 2034 et
3030 1978 3411 2034 Marcionista-

1830 2088 1950 2126 rum
1966 2110 1983 2137 ,
2007 2081 2063 2127 et
2086 2073 2281 2128 horum
2316 2073 2560 2143 ipsorum
2583 2071 3029 2143 Pepuzenorum;
3061 2073 3241 2127 statim
3265 2071 3412 2124 enim

1831 2160 1902 2215 de
1934 2162 2053 2230 ipsa
2084 2162 2140 2216 in
2175 2161 2346 2216 Deum
2373 2162 2477 2217 lide
2505 2162 2784 2217 dissensio
2815 2170 2920 2216 est.
2951 2161 3138 2217 Visum
3168 2169 3254 2217 est
3281 2175 3413 2231 ergo

1834 2253 2077 2320 antiquis
2104 2253 2488 2309 haereticorum
2522 2253 2745 2324 quidem
2775 2254 3048 2324 baptisma
3081 2256 3299 2324 penitus
3325 2269 3413 2310 re-

1827 2405 1896 2479 At
1916 2404 2169 2479 profecto
2193 2421 2472 2479 nunquam
2512 2413 2664 2479 tanta
2699 2423 2835 2463 usus
2868 2416 3015 2463 esset
3048 2408 3409 2479 indulgentia,

1832 2476 1878 2529 si
1915 2477 2184 2544 baptisma
2216 2491 2247 2528 a
2284 2475 2388 2530 fide
2414 2478 2668 2531 recedere
2695 2487 2789 2530 aut
2820 2493 2928 2531 non
2953 2475 3413 2534 recedere'existi-

1833 2556 2053 2607 masset,
2088 2554 2248 2615 prout
2284 2547 2606 2668 Brmscripta
2647 2561 2677 2599 a
2718 2547 2937 2602 Christo
2971 2548 3139 2601 forma
3175 2549 3414 2603 violatur

1833 2626 1924 2668 aut
1958 2624 2228 2668 servatur.
2330 2615 2528 2668 eniaue
2554 2617 2736 2668 sancit
2793 2633 2918 2668 can.
2949 2617 3017 2668 47
3055 2618 3412 2668 baptizandus

1833 2626 1924 2687 aut
1958 2624 2228 2671 servatur.
2284 2615 2531 2687 Denique
2554 2617 2742 2687 sancit
2793 2633 2918 2687 can.
2949 2617 3017 2671 47
3055 2618 3412 2687 baptizandus

1833 2683 2157 2754 Encratitas,
2183 2683 2670 2754 quamvis'dicant,
2711 2686 2778 2741 In
2812 2686 3030 2741 Patrem
3061 2698 3110 2743 et
3127 2683 3335 2743 Filium
3361 2702 3414 2744 et

1834 2753 2092 2830 Spiritum
2130 2753 2381 2830 sanetum
2414 2755 2694 2830 baptizati
2720 2774 2924 2830 sumus.
2955 2756 3256 2830 Rejiciebat
3282 2774 3417 2830 ergo

1833 2825 1967 2898 illud
1995 2826 2264 2898 baptisma
2320 2841 2432 2898 non
2478 2827 2824 2898 obrviolatos
2884 2828 3193 2898 baptizandi
3248 2825 3411 2896 ritus,

1833 2896 1930 2949 sed
1959 2897 2086 2965 quia
2122 2895 2434 2960 Encratitte,
2473 2906 2534 2950 ut
2561 2897 2761 2951 ibidem
2794 2895 3047 2962 testatur,
3094 2898 3261 2953 Deum
3308 2916 3412 2954 au-

1834 2975 2039 3019 ctorem
2064 2966 2332 3020 malorum
2356 2967 2767 3035 existimabant,
2788 2968 2977 3023 itidem
3005 2977 3063 3022 ut
3094 2969 3337 3027 Marcion
3357 2979 3414 3025 et

154 3033 301 3108 apud
351 3034 638 3108 haereticos
670 3031 964 3108 initiatum,
990 3032 1084 3108 sed
1113 3031 1433 3102 jamdudum
1466 3031 1587 3087 sine
1636 3034 1729 3088 ba-
1759 3051 1802 3108 α
1835 3035 1962 3108 alia:
1974 3036 2226 3108 haereses.

153 3104 359 3172 ptismo
389 3104 459 3157 ab
489 3101 930 3158 antecessoribus
963 3103 1081 3173 suis
1116 3101 1415 3173 receptum,
1465 3110 1593 3157 ante
1617 3119 1727 3173 non

154 3171 328 3228 ausus
355 3186 440 3228 est
468 3172 768 3243 baptizare,
791 3187 955 3243 quam
989 3171 1220 3243 Xystum
1247 3171 1576 3243 episcopum
1616 3172 1729 3226 Bo-

154 3258 381 3297 manutn
431 3241 823 3306 conSuluissct,
881 3241 1079 3296 Euseb.
1142 3241 1357 3298 Histil.
1419 3241 1517 3305 vit,
1578 3257 1630 3297 c.
1673 3243 1727 3297 9.

153 3310 213 3384 2'
238 3312 356 3368 Etsi
397 3320 631 3367 testatur
660 3311 900 3384 Basilius
932 3328 1044 3367 non
1072 3313 1333 3382 rejectum
1389 3327 1420 3365 a
1470 3313 1731 3384 Dionysio

156 3383 337 3438 fuisse
372 3384 645 3452 baptisma
674 3380 1087 3451 Pcpuzenorum
1108 3380 1143 3449 ;‘
1168 3398 1279 3437 non
1314 3390 1496 3437 tamen
1518 3380 1734 3437 videtur

158 3455 511 3508 existimasse
534 3467 789 3520 magnum
820 3454 971 3507 illum
1010 3455 1187 3523 virum
1216 3452 1406 3523 eadem
1448 3454 1734 3523 indulgen-

161 3524 239 3577 tia
267 3526 323 3576 in
355 3524 494 3577 alios
546 3523 830 3577 haereticos
880 3539 1038 3577 usum
1076 3521 1267 3578 fuisse.
1309 3522 1539 3577 Miratur
1587 3521 1734 3577 enim

160 3607 263 3674 cur
310 3601 423 3674 tam
461 3590 756 3674 liberaliter
802 3596 976 3674 egerit
1022 3608 1146 3674 cuiu
1184 3591 1487 3674 Pepuzenis
1547 3600 1735 3663 utpote

161 3663 473 3728 haereticis;
526 3663 670 3729 quod
731 3662 981 3732 profecto
1034 3664 1231 3716 mirum
1288 3662 1368 3732 ei_
1396 3663 1571 3717 visum
1615 3662 1731 3716 non

160 3733 386 3794 fuisset,
417 3734 462 3788 si
494 3734 646 3803 ipsos
664 3729 827 3803 etiam
856 3733 1205 3787 Marcionitas
1237 3740 1291 3786 et
1325 3729 1736 3803 Valentiniani-os

161 3804 233 3858 ab
261 3818 330 3858 eo
372 3803 491 3858 sine
518 3801 809 3871 baptismo
852 3811 1101 3872 receptos
1152 3803 1493 3858 credidisset.
1529 3801 1736 3869 Quam-

162 3876 356 3929 obrem
381 3871 566 3927 Basilii
586 3874 854 3927 sententia
882 3871 1042 3943 paulo
1064 3874 1371 3927 restrictius
1393 3873 1733 3943 accipienda,

164 3958 333 4013 quam
379 3944 543 4013 vulgo
577 3943 861 4012 accipitur.
884 3942 1125 3998 Constat
1156 3943 1300 3998 illius
1334 3943 1400 3998 de
1434 3942 1737 4013 Pepuzenis

164 4017 286 4070 sine
322 4015 595 4083 baptismo
633 4015 870 4082 receptis
907 4014 1303 4075 testimonium,
1337 4025 1498 4083 atque
1528 4029 1595 4068 ex
1628 4014 1734 4067 hoc

165 4085 484 4140 testimonio
542 4083 674 4136 illud
721 4085 885 4137 etiam
948 4084 1128 4153 colligi
1179 4092 1392 4152 potest,
1455 4084 1736 4152 quodlibet

163 4156 459 4222 baptisma.
495 4154 657 4206 modo
684 4153 821 4208 ritus
859 4153 1129 4223 legitimus
1160 4170 1267 4206 non
1298 4153 1531 4215 deesset,
1560 4165 1734 4207 ratum

163 4240 197 4278 a
238 4224 500 4294 Dionysio
540 4223 783 4294 habitum
823 4223 1014 4279 fuisse.
1071 4224 1178 4278 Sed
1218 4223 1448 4277 Basilius
1508 4224 1626 4293 ipse
1670 4224 1738 4277 de

164 4296 304 4350 solis
338 4293 642 4362 Pepuzenis
672 4293 935 4363 loquitur,
993 4302 1047 4348 et
1099 4295 1175 4363 in,
1214 4294 1317 4347 hoc
1361 4295 1481 4363 ipso
1528 4309 1738 4363 canone

1908 3106 2020 3178 (38)
2060 3106 2136 3178 [ὰ
2186 3104 2625 3178 δὲᾼσχίσματα.
2674 3106 2768 3162 Sic
2816 3109 3064 3178 plerique
3096 3124 3230 3164 mss.
3264 3108 3412 3164 Editi

1827 3177 1925 3239 τὰς
1957 3176 2035 3252 δέ.
2066 3173 2601 3233 Νοιιιιιιίῑΐεοᾶἰεεε
2657 3173 2860 3233 habent
2909 3173 3008 3242 τάξ
3044 3179 3101 3233 δὲ
3144 3197 3417 3252 παρασυν-

1830 3247 2071 3315 αγωγάς.

1904 3316 2017 3388 (59)
2056 3314 2186 3388 Τοῖς
2210 3386 2217 3388 ἓ
2243 3315 2325 3388 ἐξ,
2363 3316 2577 3388 ἀρχῇς.
2610 3318 2889 3382 Quosnam
2925 3318 3013 3372 hic
3045 3318 3299 3388 antiquos
3331 3320 3416 3374 in-

1832 3387 2026 3456 telligit
2056 3385 2333 3441 Basrlius?
2361 3388 2444 3440 An
2474 3385 2877 3457 Firmilianuni,
2913 3401 2981 3441 an
3014 3388 3134 3457 ejus
3165 3385 3416 3444 anteces-

1834 3471 2009 3528 seres,
2047 3472 2116 3510 an
2148 3456 2539 3528 successores?
2560 3456 2679 3512 Non
2703 3458 2946 3527 loquitur
2968 3459 3035 3512 de
3048 3456 3373 3515 Firmiliano
3395 3478 3412 3528 ;

1833 3525 1953 3595 ejus
1979 3528 2128 3598 enim
2150 3526 2495 3598 sententiam_
2507 3542 2614 3598 non
2642 3525 2835 3597 parum
2866 3528 2936 3581 ab
2960 3529 3064 3582 ista
3085 3525 3408 3598 discrepané

1834 3604 1945 3668 tem
1960 3596 2118 3668 inl'ra
2169 3597 2410 3668 exponit.
2463 3595 2525 3668 Si
2566 3595 2657 3652 dei
2687 3599 3101 3653 successoribus
3138 3595 3405 3668 loquitur,

1835 3665 1971 3719 nihil
2000 3665 2386 3735 eritanibigui,
2417 3667 2554 3721 nihil
2586 3682 2695 3721 non
2726 3676 2982 3722 accurate
3020 3665 3245 3723 dictum.
3278 3668 3412 3723 Nam

1835 3750 1959 3790 cum
1995 3735 2345 3810 Firmilianus
2382 3737 2536 3810 nullo
2574 3737 2887 3810 discrimine
2923 3738 3413 3810 habuissetbapti-

1836 3821 1954 3862 sma
1979 3808 2093 3861 sive
2123 3807 2178 3879 in
2204 3806 2418 3879 haeresi,
2452 3809 2567 3862 sive
2600 3808 2654 3860 in
2682 3806 3001 3879 schismate,
3054 3810 3171 3863 sive
3212 3809 3269 3862 in
3303 3806 3412 3879 pa-

1836 3876 2189 3949 rasynagogis
2233 3876 2440 3949 datum,
2478 3887 2538 3932 ut
2580 3885 2727 3946 patet
2767 3892 2833 3930 ex
2883 3878 3281 3949 ejusepistola
3316 3876 3413 3932 ἐει

1835 3943 2166 4016 Cyprianum
2189 3954 2244 4016 et
2276 3961 2341 3999 ex
2371 3946 2476 3999 hoc
2500 3943 2618 4015 ipso
2650 3962 2893 4012 canone;
2915 3943 2994 4003 'de
3022 3943 3170 4003 illius
3207 3951 3415 4003 severi-

1835 4015 1950 4069 tate
2001 4015 2206 4085 aliquid
2243 4023 2428 4085 postea
2459 4016 2728 4078 limatum,
2769 4024 2823 4070 et
2857 4032 2921 4070 ea
2949 4019 3172 4073 inducta
3220 4018 3416 4073 distin-

1836 4086 1947 4139 ctio
1975 4101 2140 4155 quam
2192 4085 2426 4140 Basilius
2446 4096 2855 4141 commemorat.
2883 4086 2989 4143 Sed
3020 4090 3232 4143 videtur
3261 4088 3418 4143 Basi.

1839 4155 1946 4228 lius
1996 4154 2289 4228 episcopos
2337 4155 2660 4228 Firmiliano
2709 4157 3046 4228 antiquiores
3100 4158 3418 4228 designare.

1841 4224 1965 4279 Haec
1989 4229 2133 4298 enim
2163 4224 2331 4298 verba
2360 4229 2474 4298 τοῖς
2510 4225 2570 4290 ἐξ
2610 4227 2783 4298 ἀρχῆς
2821 4224 2955 4284 satis
2986 4239 3112 4298 apte
3139 4224 3245 4284 eos
3267 4230 3414 4283 indi-

1840 4303 1987 4360 cant,
2011 4296 2114 4366 qui
2144 4295 2210 4351 de
2228 4296 2509 4366 baptismo
2538 4295 2712 4366 primi
2740 4295 3161 4365 ‘pertractarunt.
3188 4298 3419 4354 Praeter-

165 4366 354 4457 ωηεηέ
377 4363 627 4457 Persii
658 4362 1736 4457 f_"f‘:“£'£“..(5.‘c.9!EE“L“PP*?E“LQ-§“£P
1774 4398 1821 4457 υ
1845 4362 2482 4457 εει..ι·ιὲέειιξξε,θξιεί1ί.υετ
2520 4362 2664 4457 (ius!
2683 4362 3042 4457 ..”i9!'>'sius;.
3067 4372 3160 4439 (ιυί
3187 4371 3417 4457 suetis

164 4434 520 4489 manifesmm
550 4441 606 4486 et
656 4444 782 4488 ante
815 4434 1007 4488 oculos
1047 4434 1285 4503 positum
1331 4449 1455 4487 esse
1480 4434 1742 4496 declarat,

167 4507 316 4574 quod
340 4503 659 4558 discesserit
694 4518 723 4555 a
748 4504 958 4556 sancita
989 4504 1186 4573 priscis
1214 4504 1520 4557 canonihns
1538 4505 1744 4573 regula,

169 4573 229 4629 ut
259 4575 422 4628 aliter
468 4573 740 4636 haeretici,
792 4574 950 4628 aliter
1001 4574 1337 4629 schismatici
1383 4574 1743 4642 recipiantur.

166 4646 441 4700 Credebat
467 4658 601 4713 ergo
633 4645 908 4712 Opinatam
955 4643 1099 4698 illam
1133 4645 1372 4713 regulam
1408 4644 1464 4697 in
1486 4645 1609 4699 aliis
1637 4646 1749 4698 haec

170 4717 394 4771 resihus
422 4728 451 4767 a
477 4712 1095 4771 Dionvstoobservatam
1136 4712 1322 4767 fuisse.

240 4785 357 4856 ('57)
388 4782 482 4856 ΔΤὸ
500 4781 707 4856 μηδὲν
741 4782 1161 4856 τῆς-πίστεως
1194 4781 1616 4856 παρεκόαῖνον,
1649 4781 1747 4840 His

167 4853 356 4910 verbis
387 4853 648 4915 Basilius,
691 4854 780 4922 qui
824 4853 956 4908 nihil
989 4870 1021 4905 a
1056 4854 1161 4922 ﬁde
1205 4853 1423 4914 recedit.
1473 4853 1745 4922 baptisma

167 4926 449 4994 intelligit,
483 4924 629 4994 quod
654 4925 722 4977 ab
741 4924 1051 4978 hominibus
1078 4923 1213 4994 nihil
1236 4923 1293 4994 in
1325 4922 1483 4977 Iidem
1513 4940 1746 4993 peccan-

170 4998 322 5050 tibus
351 4992 515 5049 extra
554 4992 854 5049 Ecclesiam
905 4994 1086 5048 datur.
1112 4992 1246 5046 Nam
1279 4992 1337 5048 in
1366 5002 1480 5047 toto
1510 4992 1613 5049 hoc
1652 5010 1745 5049 ca-

167 5081 317 5122 none
369 5080 481 5118 non
525 5064 743 5134 quaerit,
798 5071 980 5134 utrum
1032 5064 1321 5134 observata
1367 5078 1545 5119 necne
1578 5063 1743 5119 fuerit

169 5135 494 5208 praescripta
532 5132 563 5187 a
601 5135 821 5188 Christo
841 5132 1015 5189 forma
1050 5133 1195 5208 :_sed
1226 5147 1344 5208 eam
1381 5148 1518 5208 rem,
1555 5142 1616 5208 ut
1640 5135 1745 5208 mi-

170 5203 321 5261 iiinie
371 5203 783 5274 centroversam
824 5203 1274 5274 praetermittens,
1302 5203 1587 5274 baptismi
1625 5205 1746 5273 reji-

169 5276 353 5332 ciendi
389 5282 491 5345 aut
542 5272 841 5345 probandij
862 5275 1105 5345 regulam
1146 5273 1341 5343 repetit
1382 5272 1447 5327 ex
1482 5289 1616 5345 sana
1649 5272 1744 5328 aut

172 5346 435 5401 haeretica
462 5342 732 5398 doctrina.
768 5342 906 5397 Ilinc
938 5342 1032 5397 illa
1062 5342 1353 5405 haeresum,
1384 5344 1740 5399 schismatunt

170 5427 224 5472 et
252 5428 793 5487 parasynagogarum
822 5413 1132 5487 distinctio,
1158 5429 1223 5468 ex
1252 5428 1357 5481 qua
1385 5415 1630 5487 profecto
1659 5414 1742 5487 di-

170 5484 365 5556 gnosci
421 5484 530 5556 non
561 5485 753 5556 possit,
787 5492 969 5556 utrum
1011 5485 1285 5556 observan
1323 5498 1490 5556 necne
1538 5484 1741 5539 fuerint

171 5552 403 5627 Iegiiimi
447 5552 607 5627 ritus.
667 5552 806 5627 Hinc
854 5555 1027 5627 etiam
1061 5553 1301 5627 Basilius
1362 5553 1741 5610 haereticorum

171 5623 471 5698 baptisma,
506 5625 611 5698 etsi
656 5639 691 5677 a
727 5625 832 5698 ﬁde
858 5623 1070 5698 recedit,
1116 5623 1394 5698 interdum
1429 5631 1624 5698 tamen
1654 5639 1743 5679 ra-

172 5693 292 5753 tum
325 5709 453 5754 esse
493 5695 719 5767 patitur,
757 5696 806 5752 si
855 5695 930 5751 ita
959 5694 1196 5766 postulet
1248 5693 1466 5765 publica
1509 5695 1736 5753 utilitas.

1850 4435 1950 4489 fuit
1980 4433 2303 4497 Firmiliani,
2350 4439 2418 4490 ab
2462 4433 2565 4491 hac
2593 4433 2947 4494 distinctione
2992 4433 3311 4497 discesserit
3358 4441 3413 4493 in

1848 4506 2161 4579 recipiendo
2192 4505 2614 4579 Pcpuzenorum‘
2636 4508 2926 4577 baptismo.
2961 4507 3081 4563 Jam
3120 4519 3232 4564 tum
3278 4525 3410 4579 ergo

1847 4575 1993 4629 illam
2020 4576 2256 4646 viguisse
2271 4575 2545 4632 credebat.
2575 4575 2911 4633 Haec‘autem
2954 4580 3131 4634 sancti
3163 4575 3412 4634 doctoris

1847 4645 2033 4714 opinio
2056 4645 2180 4700 cum
2212 4662 2311 4701 sua
2342 4657 2535 4716 sponte
2569 4663 2681 4701 non
2711 4649 3027 4704 verisimilis
3062 4658 3166 4713 est,
3194 4658 3309 4705 tum
3344 4650 3414 4703 ab

1847 4717 1969 4787 ipso
2006 4716 2324 4770 Firmiliano
2359 4717 2646 4780 refellitur,
2694 4718 2788 4787 qui
2834 4721 3157 4774 sententiam
3187 4735 3340 4775 suam
3383 4734 3416 4773 a

1849 4786 2147 4853 majoribus
2177 4786 2452 4855 accepisse
2499 4802 2558 4842 se
2602 4786 2856 4843 testatur.
2914 4788 3025 4843 Nec
3061 4790 3412 4855 meminimus,

1847 4856 2107 4929 inquitin
2136 4857 2364 4929 epistola
2388 4858 2543 4929 inter
2573 4858 2932 4929 Cyprianicas
2955 4860 3041 4924 75,
3088 4875 3140 4929 p.
3185 4860 3287 4914 M9
3311 4876 3415 4913 no-

1846 4941 1926 4981 vae
1957 4927 2112 4998 edit.,
2143 4926 2238 4998 lioc
2259 4926 2397 4993 apud
2436 4944 2529 4980 nos
2555 4926 2843 4998 aliquando
2867 4926 3104 4997 coepisse,
3131 4945 3249 4983 cum
3286 4946 3416 4983 sem-

1845 5012 1935 5060 per
1953 4996 2074 5050 istic
2110 4996 2439 5051 observatum
2468 4998 2556 5061 sit,
2589 4996 2768 5051 utnon
2795 5000 2900 5053 nisi
2928 4996 3086 5053 unam
3104 4998 3203 5054 Dei
3229 4998 3414 5054 Eccle-

1844 5067 1976 5137 siam
1998 5082 2286 5131 nossemus,
2317 5077 2365 5121 et
2394 5079 2635 5121 sanctum
2666 5068 2930 5137 baptisma
2953 5087 3056 5124 non
3083 5071 3187 5124 nisi
3213 5080 3413 5124 sanctae

1845 5136 2098 5210 Ifeclesia:
2122 5147 2562 5210 compararentur.
2599 5136 2867 5210 Cred’ebat
2904 5155 3033 5210 ergo
3063 5139 3409 5195 Firmilianus

1845 5206 2088 5276 ignotam
2124 5208 2426 5277 majoribus
2455 5207 2572 5262 suis
2609 5208 2780 5263 fuisse
2808 5206 3215 5264 distinctionem
3239 5211 3410 5265 haere-

1845 5278 2079 5351 ticorum
2118 5285 2173 5330 et
2223 5278 2698 5351 s_chisntat_i_corum
2739 5279 2795 5332 in
2829 5280 3157 5349 baptismate
3196 5298 3210 5334 :
3252 5280 3412 5351 longe

1845 5347 2004 5417 aliter
2030 5347 2206 5401 visum
2235 5348 2455 5402 Basilio.
2474 5345 2630 5403 Unde
2648 5355 2795 5417 patet
2823 5345 3070 5405 summos
3100 5351 3223 5406 illos
3247 5345 3414 5415 viro's,

1844 5414 2222 5471 Firmilianum
2255 5428 2310 5473 et
2336 5417 2620 5485 Basilium,
2646 5414 2886 5480 errasse,
2909 5419 3037 5474 dum
3071 5434 3228 5474 suam
3264 5414 3406 5475 uter?

1842 5500 1950 5556 que
1977 5486 2288 5561 opinionem
2313 5487 2466 5557 justo
2499 5489 2719 5561 longius
2748 5489 2966 5559 repetit,
3000 5491 3138 5561 al_ter
3170 5491 3241 5546 ab
3280 5491 3413 5561 ipsis

1841 5559 2127 5699 :lptga'olis,
2191 5558 2329 5614 alter
2370 5572 2403 5613 a
2470 5558 2823 5630 temporibus
2857 5567 2985 5617 ante
3034 5558 3415 5618 Firmiliatium

1893 5642 1923 5682 a
1964 5643 2063 5683 sis.

1893 5642 2063 5683 aDSIS.
