3852 6220
193 248 314 308 669

1066 259 1556 322 EPISTOLARUM
1595 267 1881 327 CLASSIS
1919 269 1981 326 ll.
2023 269 2242 327 EPIST.
2284 268 2661 327 CLXXXVIII.

3370 263 3477 322 670

194 369 378 439 ἔσχον
410 368 511 441 τὴν
562 385 722 442 χαριν
760 369 856 424 τοῦ
898 372 1057 443 ἁγίου
1101 375 1419 449 Πνεύματος
1442 380 1528 449 ἐφ’
1559 380 1798 446 ἑαυτοῖς·

1908 382 2151 454 Spiritus
2181 383 2391 439 sancti:
2416 382 2693 438 defecerat
2727 381 2874 435 enim
2905 376 3357 441 communicatio,
3385 377 3476 432 in-

198 459 451 514 ἑπὲλιπε
484 461 593 532 γὰρ
615 464 649 534 ἡ
681 464 967 533 μετάδοσις
991 465 1069 538 τῷ
1102 466 1427 540 διακοπῆναι
1455 471 1554 544 τὴν
1583 473 1802 527 ἀκολου-

202 549 360 603 θίαν.
412 552 478 603 Ol
517 553 617 622 μὲν
659 554 768 624 γὰρ
806 554 1010 626 πρῶτοι
1030 559 1488 630 ἀναχωρήσαντες
1520 562 1669 630 παρὰ
1697 562 1804 615 τῶν

203 642 478 714 πατέρων
514 642 672 714 ἔσχον
710 643 809 709 τὰς
850 648 1207 718 χειροτονίας,
1231 651 1326 704 καὶ
1352 650 1443 704 διὰ
1481 652 1579 724 τῆς
1618 653 1803 707 ἐπιθέ-

207 750 360 797 σεως
388 734 499 788 τῶν
525 735 723 807 χειρῶν
759 738 939 792 αὐτῶν
983 736 1126 812 εἶχον
1164 742 1227 796 τὸ
1264 743 1509 815 χάρισμα
1551 744 1613 799 τὸ
1645 763 1804 798 πνευ-

209 825 453 895 ματικόν
474 842 488 856 ·
522 827 572 879 οί
592 827 649 881 δὲ
684 830 1114 902 ἀπορραγέντες,
1141 833 1320 887 λαῖκοὶ
1347 836 1646 907 γενόμενοι,
1677 834 1804 889 οὔτε

206 914 309 968 τοῦ
353 914 658 986 βαπτίζειν,
691 918 815 975 οὔτε
851 923 944 976 τοῦ
970 929 1295 996 χειροτονεῖν
1322 923 1468 998 εἶχον
1508 927 1607 999 τὴν
1657 926 1806 993 ἐξου-

209 1006 366 1077 σίαν,
416 1009 600 1063 οὐκέτι
625 1012 913 1083 δυνάμενοι
953 1015 1113 1087 χάριν
1150 1017 1469 1089 Πνεύματος
1510 1020 1666 1089 ἁγίου
1688 1020 1806 1073 ὲτὲο

214 1117 341 1172 ροις
399 1103 701 1174 παρέχειν,
749 1100 818 1178 ἧς
869 1108 1025 1161 αὐτοὶ
1084 1108 1493 1166 ἐκπεπτώκασι.
1547 1112 1674 1178 Διὸ,
1729 1111 1804 1175 ὡς

211 1196 376 1267 παρὰ
403 1195 610 1252 λαῖκῶν
648 1199 1075 1272 βαπτιζομένους
1103 1203 1229 1266 τοὺς
1258 1206 1387 1275 παρ’
1422 1204 1624 1269 αὐτῶν,
1681 1204 1805 1259 ἐκέ-

210 1286 421 1343 λευσαν
485 1290 815 1363 ἐρχομένους
872 1292 967 1346 ἐπὶ
1025 1294 1126 1365 τὴν
1177 1296 1503 1368 Ἐκκλησίαν
1545 1296 1623 1368 τῷ
1668 1295 1804 1367 ἁλη-

214 1378 355 1450 θινῷ
402 1378 740 1454 βαπτίσματι
794 1382 873 1455 τῷ
910 1384 1011 1455 τῆς
1077 1386 1403 1458 Ἐκκλησίας
1445 1387 1807 1460 ἀνακαθαίρε-

214 1469 367 1527 σθαι.
394 1473 614 1544 Ἐπειδὴ
635 1474 692 1528 δὲ
711 1474 847 1539 ὅλως
871 1474 1017 1542 ἔδοξέ
1046 1494 1156 1530 τισι
1191 1477 1299 1532 τῶν
1323 1478 1465 1533 κατὰ
1491 1479 1590 1551 τὴν
1623 1480 1806 1535 Ἀσίαν

214 1563 539 1636 οἰκονομίας
586 1566 748 1621 ἕνεκα
793 1568 902 1622 τῶν
952 1553 1163 1624 πολλῶν
1193 1571 1447 1643 δεχθῆναι
1510 1573 1690 1627 αὐτῶν
1745 1573 1806 1626 τὸ

219 1654 534 1729 βάπτισμα,
574 1657 714 1712 ἔστω
742 1659 949 1715 δεκτόν.
967 1662 1039 1714 Τὸ
1061 1661 1118 1716 δὲ
1146 1662 1253 1716 τῶν
1295 1663 1663 1735 Ἐγκρατιτῶν
1693 1664 1803 1737 (45)

216 1727 592 1821 κακούρλίημα
615 1750 805 1821 νοῆσαι
831 1753 979 1823 ἡμᾶς
1010 1752 1111 1818 δεῖ,
1146 1755 1251 1820 ὅτι,
1272 1754 1340 1807 ἵν’
1367 1727 1565 1820 αὐτοὺς
1595 1727 1802 1827 ἀπροσλ
1838 1727 1879 1783 Β

216 1837 442 1902 δέκτους
473 1840 744 1911 ποιήσωσι
785 1843 853 1912 τῇ
882 1840 1199 1915 Ἐκκλησία,
1228 1844 1594 1917 ἐπεχείρησαν
1616 1845 1801 1900 λοιπὸν

222 1928 342 1999 ἰδίῳ
383 1930 938 2003 προκαταλαμϐάνειν
991 1932 1361 2005 βαπτίσματι·
1404 1934 1529 1989 ὅθεν
1566 1937 1662 1991 καὶ
1703 1937 1801 2008 τὴν

219 2019 513 2092 συνήθειαν
538 2020 637 2089 τὴν
674 2022 881 2077 ἑαυτῶν
908 2023 1312 2095 παρεχάραξαν.
1349 2025 1572 2098 Νομίζω
1600 2025 1799 2092 τοίνυν,

216 2112 323 2178 ὃτι,
356 2114 544 2187 ἐπειδὴ
573 2114 725 2169 οὐδέν
768 2117 886 2169 ἐστι
941 2116 1069 2189 περὶ
1107 2115 1288 2171 αὐτῶν
1327 2119 1578 2191 φανερῶς
1622 2119 1805 2191 διηγο-

222 2221 317 2276 ρευ
325 2206 506 2276 μένον,
528 2209 677 2279 ἡμᾶς
691 2209 968 2280 προσῆκεν
984 2209 1195 2264 ἀθετεῖν
1222 2209 1401 2264 αὐτῶν
1421 2211 1480 2264 τὸ
1497 2211 1798 2284 βάπτισμα·

218 2297 323 2352 κᾶν
354 2316 439 2362 τις
560 2300 690 2371 παρ’
739 2300 919 2355 αὐτῶν
960 2300 1216 2372 εἰληφὼς,
1244 2302 1542 2373 προσιόντα
1570 2306 1636 2375 τῇ
1674 2304 1795 2357 Ἐκ-

219 2388 421 2460 κλησίᾳ
446 2385 748 2460 βαπτίζειν.
777 2390 794 2459 (
823 2390 949 2444 Ἐὰν
982 2391 1165 2462 μέντοι
1194 2392 1376 2463 μέλλοι
1400 2392 1522 2463 ’(46)
1563 2394 1630 2463 τῇ
1668 2390 1803 2446 καθ-

219 2477 342 2531 ὀλου
368 2478 653 2551 οἰκονομίᾳ
682 2480 936 2550 ἐμπόδιον
966 2480 1185 2535 ἔσεσθαι
1208 2480 1386 2546 τοῦτο,
1411 2481 1570 2535 πάλιν
1595 2480 1672 2552 τῷ
1691 2480 1800 2535 ἔθει

220 2571 508 2641 χρηστέον,
565 2572 662 2625 καὶ
711 2575 825 2636 τοῖς
853 2573 1241 2644 οἰκονομήσασι
1267 2571 1336 2625 τὰ
1369 2573 1490 2626 καθ’
1511 2575 1661 2644 ἡμᾶς
1688 2574 1800 2627 Πα-

219 2662 414 2731 τράσιν
469 2661 883 2735 ἀκολουθητέον.
942 2663 1265 2736 Ὑφορῶμαι
1311 2662 1421 2735 γὰρ
1470 2666 1697 2735 μήποτε,
1726 2665 1801 2729 ὡς

222 2750 524 2823 βουλόμεθα
549 2752 818 2827 ὀκνηροὺς
852 2756 1048 2820 αὐτοὺς
1074 2757 1203 2829 περὶ
1237 2756 1300 2809 τὸ
1336 2756 1618 2827 βαπτίζειν
1641 2759 1801 2830 ποιῆ-

225 2858 336 2909 σαι,
369 2844 750 2917 ὲμποδίσωμεν
797 2850 910 2910 τοῖς
950 2847 1279 2919 σωζομένοις
1313 2847 1404 2902 διὰ
1442 2848 1501 2902 τὸ
1535 2849 1637 2919 τῆς
1668 2866 1801 2922 προσ

220 2932 428 2995 τάσεως
465 2934 778 3007 αὐστηρόν.)
816 2937 880 2989 Εἰ
911 2936 969 2989 δὲ
1004 2937 1203 2989 ἐκεῖνοι
1230 2937 1562 3006 φυλάσσουσι
1582 2936 1641 2990 τὸ
1665 2937 1802 3010 ἡμέ-

226 3039 376 3094 τερον
400 3022 704 3095 βάπτισμα,
734 3025 893 3079 τοῦτο
925 3027 1073 3097 ἡμᾶς
1108 3027 1182 3097 μὴ
1214 3027 1548 3082 δυσωπείτω.
1585 3028 1659 3081 Οὐ
1693 3028 1801 3100 γὰρ

221 3114 538 3169 ἀντιδιδόναι
594 3119 779 3181 αὐτοῖς
843 3118 1135 3173 ὑπεύθυνοι
1191 3118 1352 3190 χάριν
1401 3120 1602 3190 ἐσμὲν,
1658 3119 1795 3174 ἀλλὰ

221 3205 491 3261 δουλεύειν
539 3208 797 3281 ἀκριϐείᾳ
834 3210 1097 3266 κανόνων.
1135 3211 1307 3265 Παντὶ
1356 3212 1414 3264 δὲ
1454 3211 1598 3282 λόγῳ
1621 3229 1803 3265 τυπω-

222 3299 389 3369 θήτω,
418 3300 547 3364 τοὺς
585 3301 694 3354 ἀπὸ
726 3301 822 3355 τοῦ
859 3303 1167 3375 βαπτισμοῦ
1220 3304 1442 3358 ἐκείνων
1483 3303 1594 3375 (47)
1634 3321 1803 3375 προσ-

222 3389 546 3462 ερχομένους
602 3391 849 3463 χρίεσθαι
911 3394 1003 3447 ἐπὶ
1073 3394 1182 3448 τῶν
1256 3394 1463 3449 πιστῶν
1525 3395 1799 3467 δηλονότι,

222 3483 315 3535 καὶ
360 3480 505 3535 οὕτω
550 3483 831 3554 προσιέναι
879 3488 992 3550 τοῖς
1042 3486 1383 3557 μυστηρίοις.
1434 3483 1563 3541 Οἶδα
1611 3489 1689 3551 δὲ,
1720 3489 1801 3542 ὅτι

222 3577 347 3640 τοὺς
400 3576 661 3645 ἀδελφοὺς
694 3578 820 3641 τοὺς
864 3578 992 3650 περὶ
1035 3578 1189 3643 Ἰζοῒν
1226 3579 1360 3651 (48),
1396 3582 1491 3634 καὶ
1539 3581 1798 3652 Σατορνῖ-

224 3684 332 3733 νον,
371 3669 466 3722 ἀπ’
520 3669 737 3739 ἐκείνης
781 3670 938 3734 ὄντας
964 3671 1064 3741 τῆς
1089 3671 1320 3739 τάξεως,
1355 3672 1800 3745 προσεδεξάμεθα

224 3764 302 3825 εἰς
355 3760 454 3832 τὴν
506 3761 780 3833 καθέδραν
824 3762 935 3825 τῶν
961 3765 1305 3820 ἐπισκόπων.
1355 3766 1518 3818 ’Ὥστε
1560 3766 1687 3830 τοὺς
1722 3764 1800 3837 τῷ

294 3958 412 4027 (45)
452 3956 575 4012 Τῶν
617 3958 1030 4028 Ἐγκρατιτῶν.
1068 3957 1183 4015 Hoc
1225 3959 1627 4016 Encratitarum
1669 3960 1803 4016 faci-

223 4044 355 4083 nore
383 4043 494 4083 non
539 4042 798 4100 corrupta
833 4030 1142 4086 essentialis
1175 4031 1431 4100 baptismi
1457 4034 1659 4098 forma,
1703 4033 1797 4087 sed

225 4114 377 4153 novae
403 4099 649 4168 quaedam
671 4100 895 4168 adjecta:
923 4101 1278 4155 caeremoniae.
1309 4100 1443 4155 Nam
1482 4103 1537 4156 in
1586 4116 1799 4156 canone

225 4169 292 4222 47
323 4171 403 4224 sic
426 4184 522 4223 eos
552 4170 835 4238 loquentes
870 4170 1102 4234 inducit,
1140 4168 1207 4223 In
1240 4170 1459 4225 Patrem
1499 4181 1547 4226 et
1592 4169 1796 4225 Filium

224 4250 273 4293 et
301 4239 559 4308 Spiritum
598 4239 855 4309 baptizati
893 4256 1095 4293 sumus.
1140 4238 1280 4295 Hinc
1306 4257 1496 4296 eorum
1526 4242 1793 4310 baptisma

225 4320 406 4363 ratum
435 4310 618 4381 habet,
648 4311 693 4363 si
742 4326 847 4379 qua
887 4310 1141 4381 inciderit
1166 4313 1346 4381 magni
1382 4313 1641 4366 momenti
1670 4328 1795 4366 cau-

228 4395 306 4434 sa.
337 4379 490 4445 Quod
539 4389 719 4433 autem
752 4382 829 4449 ait
880 4385 984 4435 hoc
1045 4378 1279 4434 facinus'
1302 4397 1398 4435 eos
1441 4382 1703 4449 incipere,
1736 4394 1790 4435 ut

229 4450 457 4503 reditum
496 4451 597 4503 sibi
654 4450 710 4508 in
749 4448 1044 4504 Ecclesium
1092 4448 1705 4516 intercludant,videtur
1746 4452 1799 4506 id

228 4522 403 4589 prima
461 4520 644 4588 specie
703 4520 757 4572 in
809 4534 928 4574 eam
996 4522 1320 4575 sententiam
1377 4521 1796 4590 accipiendum,

228 4591 386 4659 quasi
421 4590 709 4643 Encratitze
739 4590 1006 4658 baptisma
1055 4604 1212 4643 suum
1241 4606 1305 4644 ea
1364 4601 1546 4646 mente
1598 4593 1796 4645 immu-

230 4669 460 4725 tassent,
499 4666 556 4712 ut
583 4659 898 4714 Catholicos
925 4659 993 4713 ad
1025 4660 1158 4715 illud
1197 4661 1555 4729 rejiciendum
1603 4662 1791 4715 incita-

230 4738 372 4792 rent,
402 4731 591 4798 sicque
624 4731 808 4799 plures
864 4731 922 4783 in
971 4737 1120 4784 secta
1166 4733 1471 4785 contineret
1503 4732 1687 4785 odium
1741 4741 1797 4786 et

233 4799 358 4868 fuga
388 4801 517 4853 novi
571 4799 935 4869 baptismatis.
984 4800 1327 4855 Abhorrebat
1376 4802 1521 4855 enim
1571 4803 1642 4856 ab
1688 4817 1798 4856 om-

234 4872 378 4923 nium
403 4868 603 4924 animis
627 4868 865 4940 iteratus
903 4869 1230 4940 baptismus,
1254 4880 1313 4925 ut
1336 4870 1586 4939 pluribus
1612 4887 1798 4927 exem-

270 4943 333 4994 lis
362 4941 556 5009 probat
607 4939 968 5007 Augustinus,
1004 4939 1098 5010 lib.
1148 4958 1181 4993 v
1208 4940 1285 4995 De
1318 4940 1597 5010 baptismo,
1648 4958 1704 4996 n.
1741 4942 1794 4999 6.

279 5010 460 5083 idetur
516 5024 645 5083 ergo
685 5010 862 5079 prima
926 5009 1109 5083 specie
1150 5009 1469 5083 Encratitls,
1506 5027 1592 5077 ea,
1632 5029 1796 5083 quam

230 5082 365 5143 dixi,
399 5081 679 5135 exstitisse
712 5094 902 5143 causa,
928 5094 1027 5133 cur
1056 5080 1403 5150 baptismum
1422 5080 1794 5138 immutarem.

229 5152 521 5220 Atqueita
567 5149 711 5220 hunc
738 5150 929 5220 locum,
953 5149 1344 5219 interpretatur
1391 5149 1795 5219 Tillemontius,

228 5218 361 5276 tom.
381 5219 474 5284 IV,
503 5235 567 5294 p._
594 5219 720 5294 62}.
752 5218 843 5294 Sic
863 5218 1209 5294 etiam‘illius
1243 5223 1491 5294 exemplo
1532 5218 1799 5294 interpreé

232 5301 379 5346 tatus
410 5287 532 5346 sum
555 5290 609 5343 in
640 5287 803 5361 Praef.
836 5303 987 5361 novae
1014 5289 1271 5361 Qypriani
1313 5287 1537 5361 operum
1570 5287 1797 5348 editioni

232 5360 517 5431 praemissa
566 5374 689 5431 cap.
716 5359 772 5424 4,
809 5359 991 5431 p.12.
1035 5359 1139 5416 Sed
1180 5362 1306 5431 huic
1349 5359 1798 5431 interpretationi

234 5428 342 5487 non
374 5430 798 5500 convenit‘cum
844 5428 931 5484 bis
977 5446 1099 5500 quas
1139 5430 1289 5485 addit
1327 5428 1579 5486 Basilius.
1609 5432 1799 5489 Vereri

233 5504 377 5556 enim
401 5515 461 5555 se
493 5496 765 5570 signiﬁcat
782 5513 853 5552 ne
889 5496 1176 5562 Catholici,
1204 5504 1332 5556 dum
1376 5500 1689 5560 Encratitas
1728 5505 1798 5559 ab

236 5571 335 5625 hac
355 5569 612 5640 baptismi
640 5569 1017 5640 immutatione
1043 5571 1319 5627 deterrere
1338 5573 1547 5636 volunt,
1564 5573 1795 5628 nimium

235 5638 472 5698 restricti
501 5639 613 5696 sint
641 5645 694 5695 et
724 5638 900 5695 severi
928 5640 986 5696 in
1020 5656 1208 5698 eorum
1236 5641 1510 5714 baptismo
1541 5644 1796 5713 rejicien-

1909 482 2152 545 terrupta
2193 473 2630 528 continuatione.
2681 469 2786 538 Qui
2836 470 2983 526 enim
3026 470 3189 540 primi
3226 483 3479 525 recesse-

1905 571 2052 627 rant,
2104 562 2509 619 ordinationem
2557 577 2588 616 a
2641 561 2892 632 patribus
2934 560 3228 624 habebant,
3282 567 3339 615 et
3381 576 3477 629 per

1906 669 2168 709 manuum
2224 668 2411 709 eorum
2484 652 2887 723 impositionem
2938 651 3213 706 habebant
3270 651 3474 706 donum

1905 746 2226 817 spirituale;
2264 747 2362 817 qui
2420 752 2601 800 autem
2648 745 2846 800 resecti
2899 751 3050 809 sunt,
3101 743 3228 797 laici
3275 737 3474 807 enecti,

1905 853 2007 894 nec
2047 838 2386 908 baptizandi,
2435 852 2541 893 nec
2581 835 2872 891 ordinandi
2919 835 3192 890 habebant
3233 842 3474 905 potesta-

1906 939 2040 995 tem,
2079 939 2142 985 ut
2180 930 2275 1000 qui
2314 944 2425 984 non
2473 937 2701 999 possent
2730 928 2967 998 amplius
3010 925 3250 996 Spiritus
3299 926 3476 981 sancti

1905 1022 2136 1094 gratiam
2160 1021 2284 1076 aliis
2311 1021 2577 1092 praebere,
2603 1034 2632 1073 a
2659 1034 2766 1090 qua
2793 1018 2900 1089 ipsi
2931 1017 3273 1074 exciderant.
3292 1017 3474 1083 Quare

1906 1130 2024 1181 eos,
2056 1114 2149 1184 qui
2189 1113 2255 1168 ab
2284 1114 2527 1184 ipsorum
2562 1112 2813 1182 partibus
2863 1110 3103 1176 stabant,
3146 1117 3410 1179 tanquam
3446 1124 3475 1163 a

1905 1207 2063 1262 laicis
2112 1206 2441 1274 baptizatos,
2484 1204 2773 1274 jusserunt
2816 1217 2947 1258 vero
2996 1201 3254 1256 Ecclesiae
3296 1201 3477 1270 bapti-

1907 1304 2081 1353 smate
2115 1296 2182 1351 ad
2214 1295 2519 1350 Ecclesiam
2546 1295 2828 1349 venientes
2856 1291 3172 1363 expurgari.
3203 1289 3309 1345 Sed
3342 1305 3476 1360 quo-

1906 1388 2051 1442 niam
2081 1385 2361 1440 nonnullis
2403 1384 2663 1441 Asiaticis
2699 1383 2925 1437 omnino
2953 1383 3132 1437 visum
3165 1393 3252 1437 est
3286 1394 3476 1436 eorum

1909 1477 2201 1548 baptisma,
2247 1474 2500 1546 pluribus
2549 1472 2875 1528 consulendi
2923 1485 3113 1534 causa,
3172 1468 3475 1539 suscipien-

1907 1569 2037 1623 dum
2085 1583 2230 1632 esse,
2282 1567 2644 1637 suscipiatur.
2677 1564 3086 1620 Encratitarum
3124 1568 3306 1615 autem
3345 1558 3480 1614 faci-

1909 1673 2013 1715 nus
2048 1662 2263 1728 oportet
2304 1670 2407 1711 nos
2437 1655 2765 1725 intelligere.
2800 1651 3098 1715 Nimirum,
3131 1657 3192 1704 ut
3238 1649 3477 1704 reditum

1909 1752 2014 1807 sibi
2038 1752 2094 1806 in
2125 1750 2428 1807 Ecclesiam
2468 1748 2861 1811 intercludant,
2889 1746 3129 1818 aggressi
3162 1753 3293 1801 sunt
3317 1743 3476 1800 dein-

1907 1858 2037 1914 ceps
2082 1842 2304 1912 proprio
2358 1840 2689 1912 baptismate
2738 1852 3128 1909 praeoccupare
3173 1855 3188 1892 :
3236 1835 3382 1892 unde
3425 1845 3479 1892 et

1908 1948 2064 1990 suam
2096 1935 2342 2003 ipsorum
2383 1930 2841 1987 consuetudinem
2866 1929 3169 1985 violarunt.
3206 1927 3477 1983 Existimo

1908 2025 2112 2095 itaque,
2158 2023 2418 2094 quoniam
2462 2022 2602 2076 nihil
2649 2022 2722 2077 de
2753 2020 2864 2077 illis
2892 2029 3085 2089 aperte
3129 2019 3334 2075 dictum
3370 2027 3477 2084 est.

1908 2130 2101 2170 eorum
2138 2115 2409 2184 baptisma
2453 2128 2484 2168 a
2529 2112 2689 2168 nobis
2738 2110 3097 2178 rejiciendum
3135 2126 3295 2178 esse;
3328 2126 3392 2167 ac
3430 2113 3480 2167 si

1907 2207 2033 2277 quis
2067 2206 2137 2261 ab
2179 2207 2260 2262 eis
2307 2206 2615 2275 acceperit,
2665 2205 3015 2260 accedentem
3061 2205 3128 2258 ad
3176 2203 3478 2261 Ecclesiam

1907 2297 2315 2369 baptizandum.
2374 2296 2555 2368 (Quod
2606 2298 2654 2353 si
2712 2297 2818 2351 hoc
2868 2296 3109 2367 generali
3159 2296 3481 2351 mconomiae

1908 2390 2295 2460 impedimento
2338 2390 2467 2454 erit,
2520 2405 2718 2444 rursus
2769 2387 3478 2443 consuetudine-utendum

1907 2490 2012 2547 est,
2046 2491 2099 2538 et
2127 2482 2282 2552 sequi
2323 2489 2542 2552 oportet
2574 2480 2789 2545 Patres,
2824 2480 2917 2551 qui
2957 2496 3080 2550 quae
3114 2480 3180 2535 ad
3212 2494 3316 2535 nos
3350 2493 3480 2550 per-

1907 2573 2107 2638 tinent,
2148 2574 2625 2644 dispensaverunt.
2655 2571 2858 2627 Vereor
2884 2572 3051 2635 enim,
3083 2586 3172 2637 ne,
3207 2570 3338 2626 dum
3376 2585 3475 2625 eos

1907 2665 2159 2720 volumus
2206 2665 2272 2719 ad
2320 2663 2705 2734 baptizandum
2743 2662 2932 2718 tardos
2979 2662 3200 2727 facere,
3244 2660 3477 2732 impedi-

1906 2764 2092 2811 mento
2122 2763 2346 2826 propter
2379 2756 2664 2810 sententiae
2692 2755 3042 2810 severitatem
3079 2755 3254 2808 simus
3287 2754 3356 2809 iis
3379 2754 3476 2823 qui

1908 2847 2238 2917 salvantur.)
2276 2846 2433 2913 Quod
2482 2846 2528 2901 si
2566 2846 2651 2905 illi
2698 2853 2951 2901 nostrum
2990 2845 3323 2915 baptismum
3366 2861 3479 2900 ser-

1905 2946 2056 3002 vant,
2099 2939 2202 2992 hoc
2249 2952 2350 2993 nos
2376 2952 2489 2991 non
2533 2944 2770 2991 moveat.
2803 2936 2991 3007 Neque
3027 2939 3176 2992 enim
3214 2937 3478 2994 debemus

1907 3043 2008 3099 par
2046 3030 2164 3099 pari
2214 3027 2440 3091 referre,
2490 3029 2588 3083 sed
2637 3037 2912 3084 accuratze
2965 3045 3242 3083 canonum
3291 3030 3477 3084 obser-

1905 3121 2111 3175 vationi
2146 3122 2378 3177 servire.
2408 3120 2569 3177 Omni
2610 3132 2795 3177 autem
2843 3123 3058 3176 ratione
3092 3131 3388 3186 statuatur,
3421 3130 3476 3176 ut

1906 3213 1943 3266 ii
1974 3213 2068 3283 qui
2102 3213 2172 3268 ab
2202 3213 2423 3267 illorum
2462 3212 2739 3283 baptismo
2782 3213 3033 3277 veniunt,
3077 3220 3355 3282 ungantur
3390 3227 3476 3266 co-

1906 3319 2023 3358 ram
2055 3303 2307 3360 ﬁdelibus
2334 3304 2608 3370 videlicet,
2641 3313 2695 3358 ct
2740 3305 2813 3357 ita
2851 3304 3071 3358 demum
3119 3303 3187 3357 ad
3218 3302 3475 3373 mysteria

1906 3395 2189 3452 accedant.
2230 3394 2355 3450 Scio
2398 3405 2603 3461 autem,
2641 3393 2864 3459 fratres,
2894 3394 3161 3459 Izoinum,
3200 3405 3254 3449 et
3281 3396 3476 3448 Satur-

1907 3490 2124 3554 ninum,
2168 3490 2262 3558 qui
2294 3495 2452 3544 erant
2481 3503 2548 3543 ex
2587 3487 2806 3541 illorum
2836 3486 3051 3552 ordine,
3084 3486 3140 3540 in
3188 3480 3474 3556 episcopo-

1905 3597 2027 3636 rum
2072 3580 2386 3636 cathedram
2419 3594 2448 3632 a
2479 3579 2640 3633 nobis
2674 3593 2801 3633 esse
2827 3585 3138 3647 susceptos.
3174 3576 3356 3642 Quare
3382 3590 3476 3631 eos

1906 3675 1999 3744 qui
2038 3674 2256 3728 illorum
2294 3672 2476 3727 ordini
2526 3670 2810 3739 conjuncti
2853 3679 3004 3733 sunt,
3038 3684 3149 3723 non
3182 3684 3474 3738 possumus

1906 3764 2144 3835 amplius
2190 3765 2261 3820 ab
2305 3763 2550 3819 Ecclesia
2592 3760 3027 3833 scparare;'qui
3075 3759 3288 3815 scilicet
3327 3773 3472 3815 com-

1904 3960 1993 4016 do.
2019 3960 2324 4031 Sperabant
2351 3975 2481 4029 ergo
2515 3957 2781 4031 Catholici
2811 3956 3081 4031 tardiores
3096 3954 3476 4031 adejusmodi

1904 4025 2174 4101 baptisma
2220 4025 2531 4085 Encratitas
2577 4029 2812 4101 futuros,
2833 4028 2891 4101 Asi
2922 4027 3055 4101 illud
3087 4025 3353 4101 Catholici
3389 4041 3477 4101 ra-

1903 4096 2015 4155 tum
2052 4101 2255 4157 habere
2304 4102 2545 4167 nollent;
2580 4100 2779 4155 nedum
2831 4098 2932 4167 ipsi
2976 4097 3267 4150 Encratita:
3304 4096 3476 4165 bapti-

1901 4175 2095 4227 smatis
2140 4172 2572 4226 immutationem
2624 4185 2689 4225 eo
2749 4169 2980 4223 consilio
3024 4167 3360 4227 induxerint.
3419 4176 3477 4219 ut

1898 4241 2169 4309 ejusmodi
2202 4242 2471 4311 baptisma
2515 4257 2545 4295 a
2574 4237 3243 4311 Catholicisrejiceretur.
3270 4236 3474 4311 Quam-

1897 4306 2083 4368 obrem
2137 4311 2253 4366 haec
2273 4306 2468 4373 -verba,
2500 4321 2558 4365 ut
2586 4312 2811 4365 reditum
2845 4306 3039 4363 sibi'in
3080 4306 3365 4361 Ecclesium
3392 4307 3473 4359 in-

1830 4385 1869 4427 υ
1900 4382 2220 4444 tercludant,
2252 4397 2362 4435 non
2395 4382 2689 4436 consilium
2722 4388 2777 4435 ct
2809 4380 3149 4450 propositum
3173 4377 3474 4431 Encratita-

1903 4468 2022 4522 rum
2050 4451 2375 4522 designant,
2413 4452 2508 4506 secl
2559 4450 2964 4522 incommodum
2991 4450 3135 4517 quod
3172 4465 3238 4502 ex
3275 4463 3471 4522 eorum

1905 4520 2149 4576 facinore
2174 4519 2673 4592 'consequebatur;
2713 4521 2860 4574 velut
2900 4520 3219 4592 sidicamus
3240 4519 3471 4592 aliquem

1902 4592 2082 4646 scelus
2140 4588 2462 4647 admittere.
2507 4601 2568 4647 ut
2594 4599 2854 4647 aeternam
2901 4588 3007 4643 sibi
3060 4588 3473 4643 damnationem

1899 4669 2165 4715 accersat.
2430 4674 2433 4677 '

1972 4730 2085 4802 (46)
2122 4730 2491 4802 Μέλλοιεδίο
2516 4731 2770 4802 ρῖθιίίιιιιο
2798 4745 2936 4786 mss.
2969 4726 3334 4802 Editipénn.

1976 4795 2085 4872 (47)
2132 4802 2263 4855 Ἆπὸ
2296 4801 2403 4855 τοῦ
2422 4795 3065 4872 βαέττισῂοῦᾲὲκείνων.
3097 4795 3187 4853 Sic
3215 4795 3456 4872 emenda:

1898 4865 2079 4927 vimus
2104 4887 2205 4941 ope
2225 4865 2456 4927 duorum
2490 4865 2741 4927 codicum
2774 4870 3091 4940 Regiorum,
3119 4883 3311 4941 nempe
3329 4865 3458 4941 250‘}

1899 4955 1951 4999 et
1975 4937 2318 5012 2508,-quod
2358 4943 2638 5012 legebatur
2670 4943 2724 4996 in
2766 4937 3052 5012 ediiiséni
3081 4939 3158 5009 τῷ
3184 4937 3459 5012 βαπτισμᾷ

1899 5014 2112 5083 ἐκείνῳ.
2162 5008 2395 5078 Quidam
2416 5008 2656 5067 'codices
2687 5012 2781 5064 ἐπὶ
2812 5012 2890 5082 τῷ
2933 5008 3223 5083 βαπτισμῷ
3255 5009 3451 5083 ἐκείνῳ

1899 5084 2007 5138 Alii
2033 5077 2155 5138 cum
2186 5077 2350 5138 editis
2386 5082 2760 5147 consentiunt,
2790 5077 2899 5136 nisi
2921 5077 3068 5151 quod
3099 5077 3301 5133 habent
3331 5077 3461 5130 €er-

1898 5172 2025 5209 νων.
2059 5153 2260 5209 Ibidem
2294 5151 2428 5208 editi
2458 5152 2564 5206 ὑπὸ
2600 5152 2708 5206 τῶν
2745 5150 2972 5206 πιστῶν.
3012 5150 3215 5205 Omnes
3242 5162 3377 5203 mss.
3413 5157 3464 5202 ul

1901 5225 1955 5279 in
1983 5231 2154 5278 textu.

1971 5294 2084 5364 (48)
2135 5292 2312 5368 ira».
2347 5292 2709 5368 Cum_mag_na_
2734 5293 2805 5348 sit
2841 5291 2944 5346 hac
2972 5290 3026 5344 in
3054 5302 3187 5368 voce
3220 5285 3468 5368 codicum

1898 5359 2032 5419 mss.
2065 5359 2326 5425 "varietas,
2358 5365 2509 5433 sequi
2544 5359 2837 5418 maluimus
2867 5370 2977 5433 tres
2992 5359 3223 5433 codices
3256 5359 3469 5433 optimae

1897 5443 2062 5503 notae,
2088 5449 2283 5503 nempe
2311 5429 2451 5489 duos
2481 5432 2682 5502 Regios
2704 5442 2757 5495 et
2778 5432 3182 5503 Coislinianum
3196 5429 3470 5503 primum.

1888 5504 1994 5569 iIis
2029 5497 2432 5573 favent-plures
2459 5497 2636 5573 aliiin
2668 5504 2865 5573 quibus
2891 5501 3104 5573 legitur,
3144 5498 3357 5573 derqv,
3382 5497 3468 5550 vel

1896 5565 2266 5699 ἐῦῗιίἶξονίοτῖοί
2315 5573 2504 5646 Ἰζόην.
2554 5571 2658 5630 Δίίὶ
2685 5565 2899 5630 habent
2930 5565 3118 5627 Ζωῖον.
3144 5565 3314 5626 Pauci
3347 5582 3472 5623 cum
