3852 6220
382 241 480 298 671

1739 245 1798 304 S.
1840 243 2086 299 BASILII
2125 240 2340 298 MAGNI

3544 227 3648 284 ὅτε

382 353 665 409 muniouis
690 368 815 407 cum
847 353 984 424 ipsis
1012 371 1172 425 quasi
1204 371 1471 414 canonem
1498 360 1811 433 quemdam,
1844 358 1959 432 epi-

2069 356 2305 427 τάγματι
2333 353 2555 409 ἐκείνων
2580 349 2694 425 (49)
2728 347 3123 421 συνημμένους,
3152 346 3334 400 οὐκέτι
3368 346 3650 417 δυνάμεθα

384 460 585 516 scopos
615 446 996 514 suscipiendo,
1024 447 1384 504 ediderimus.

458 710 617 780 271
649 708 713 765 Il.
755 709 888 777 Quae
910 711 976 766 de
1004 711 1278 767 industria
1313 711 1480 768 fetum
1505 714 1773 784 corrupit.
1799 714 1966 770 caedis

383 816 579 873 pinnas
627 803 747 858 luit.
791 802 864 858 De
893 803 1130 858 formato
1162 812 1345 859 autem
1392 813 1487 859 aut
1524 805 1744 860 informi
1786 806 1965 861 subti-

385 894 494 949 lius
524 909 634 949 non
659 894 1017 966 inquirimus.
1057 894 1159 949 llic
1188 897 1337 953 enim
1374 912 1484 952 non
1516 898 1568 952 id
1617 899 1779 951 modo
1820 898 1965 967 quod

383 987 728 1041 nasciturum
780 996 918 1054 erat,
953 987 1286 1052 vindicatur,
1341 988 1437 1044 sed
1483 990 1647 1045 etiam
1688 992 1781 1047 illa
1824 994 1964 1063 ipsa,

383 1094 506 1148 qua;
528 1078 633 1133 sibi
667 1078 899 1134 insidias
924 1082 1156 1148 paravit,
1185 1082 1446 1150 quoniam
1481 1090 1539 1135 ut
1566 1083 1858 1151 plurimum
1890 1086 1967 1140 in-

382 1174 604 1221 tereunt
642 1167 695 1220 in
724 1167 1002 1236 ejusmodi
1035 1170 1269 1240 inceptis
1298 1172 1580 1227 mulieres.
1630 1172 1746 1228 lluc
1782 1183 1964 1231 autem

384 1258 599 1312 accedit
640 1266 695 1312 et
724 1257 871 1315 fetus
923 1261 1201 1325 interitus,
1245 1260 1424 1317 caedes
1453 1263 1645 1330 altera,
1693 1266 1883 1322 saltem
1916 1268 1963 1323 si

383 1349 605 1403 consilii
650 1365 843 1404 eorum
888 1352 984 1422 qui
1039 1353 1156 1409 haac
1209 1354 1436 1419 audent,
1480 1357 1623 1410 ratio
1673 1357 1960 1414 habeatur.

385 1439 615 1508 Oportet
641 1449 825 1496 autem
867 1459 979 1498 non
1010 1444 1079 1499 ad
1129 1445 1338 1500 obitum
1367 1463 1545 1516 usque
1583 1450 1962 1518 paenitentiam

381 1546 574 1588 earum
627 1537 957 1600 extendere,
1010 1538 1106 1591 sed
1159 1537 1347 1593 decem
1409 1541 1627 1610 quidem
1691 1558 1960 1598 annorum

383 1641 700 1680 mensuram
734 1627 1042 1697 accipiant;
1074 1629 1369 1686 deﬁniatur
1397 1644 1580 1689 autem
1611 1636 1826 1691 curatio
1850 1652 1962 1693 non

382 1727 653 1787 tempore,
688 1720 783 1774 sed
818 1721 1157 1790 pamitentia:
1182 1726 1365 1781 modo.

455 1807 543 1864 lll.
591 1808 870 1866 Diaconus
895 1820 1019 1882 post
1047 1814 1399 1871 diaconatum
1430 1815 1758 1883 fornicatus,
1783 1820 1964 1876 diaco-

382 1912 515 1958 natu
556 1905 812 1975 ejicietur
855 1905 1099 1977 quidem,
1148 1906 1246 1963 sed
1287 1909 1343 1963 in
1392 1909 1660 1965 laicorum
1704 1910 1962 1967 detrusus

382 1994 588 2059 locum,
622 2009 653 2049 a
684 1997 1072 2053 communione
1100 2013 1209 2053 non
1238 2000 1537 2054 arcebitur.
1565 1999 1833 2067 Quoniam
1860 2017 1960 2057 an-

385 2085 576 2154 tiquus
621 2092 705 2140 est
736 2100 938 2151 canon,
975 2096 1033 2142 ut
1056 2086 1095 2141 ii
1125 2087 1218 2157 qui
1250 2087 1426 2158 gradu
1451 2091 1795 2157 exciderunt,
1833 2091 1962 2146 huic

383 2177 488 2232 soli
539 2190 715 2246 paena:
762 2177 949 2248 generi
995 2177 1384 2248 subjiciantur,
1438 2180 1699 2251 antiquis,
1742 2181 1961 2252 opinor,

382 2269 593 2324 secutis
639 2269 812 2339 legem
853 2270 1043 2336 illam,
1104 2268 1226 2326 Non
1278 2271 1572 2327 vindicabia
1629 2273 1709 2329 bis
1763 2275 1818 2329 in
1874 2276 1961 2329 id-

381 2362 558 2430 t'psum
578 2359 623 2392 ι’
647 2376 666 2415 :
695 2369 862 2431 atque
886 2362 1051 2416 etiam
1081 2371 1304 2434 propter
1331 2364 1499 2419 aliam
1529 2380 1788 2433 causam;
1815 2368 1962 2437 quod

382 2455 477 2523 qui
510 2453 566 2506 in
597 2451 795 2508 ordine
826 2463 957 2509 sunt
979 2454 1142 2518 laico,
1169 2456 1216 2509 si
1251 2470 1281 2508 a
1309 2455 1431 2510 loco
1456 2456 1694 2511 ﬁdelium
1733 2457 1962 2527 ejician-

383 2555 493 2605 tur,
526 2559 721 2600 rursus
751 2546 806 2598 in
839 2559 987 2608 eum,
1017 2561 1080 2599 ex
1115 2560 1227 2616 quo
1263 2546 1603 2614 ceciderunt,
1647 2549 1827 2604 locum
1863 2566 1954 2606 re-

288 2636 292 2640 ’
382 2637 702 2706 cipiuntur;
729 2637 997 2693 diaconus
1024 2654 1152 2693 vero
1178 2640 1345 2694 semel
1377 2639 1539 2696 habet
1566 2657 1785 2713 semper
1806 2659 1963 2698 man-

385 2742 576 2783 suram
630 2743 849 2797 paruam
895 2728 1277 2798 depositionis.
1330 2729 1600 2796 Quoniam
1639 2734 1805 2804 igitur
1843 2735 1963 2790 dia-

383 2827 616 2874 conatus
647 2819 696 2874 ei
722 2835 831 2873 non
857 2821 1183 2882 restituitur,
1221 2821 1278 2875 in
1310 2836 1374 2875 ea
1399 2822 1515 2877 sola
1557 2824 1762 2878 mulcta
1794 2832 1963 2881 stete-

382 2919 533 2967 runt.
551 2910 729 2981 Atque
743 2911 856 2965 haec
875 2910 1096 2981 quidem
1115 2896 1376 2982 suntquae
1392 2927 1458 2966 ex
1476 2914 1961 2972 constitutionibus

384 3002 675 3056 habentur.
710 3000 768 3055 ln
810 3003 1067 3056 omnibus
1114 3010 1293 3057 autem
1341 3003 1525 3057 verior
1565 3004 1835 3060 medicina
1876 3015 1961 3061 est

2066 447 2364 520 διακρίνειν
2414 445 2524 500 ἀπὸ
2586 444 2685 514 τῆς
2742 440 3088 512 Ἐκκλησίας.
3120 435 3231 491 οἷον
3281 438 3484 492 κανόνα
3526 442 3652 493 τινὰ

2066 539 2167 610 τῆς
2219 539 2357 611 πρὸς
2399 537 2595 601 αὐτοὺς
2633 533 2918 598 κοινωνίας
2965 532 3245 603 ὲκθέμενοι
3273 529 3360 584 διὰ
3402 530 3503 594 τῆς
3541 531 3651 585 τῶν

2069 632 2387 686 ἐπισκόπων
2415 628 2747 701 παραδοχῆς.

2138 724 2212 778 Β’.
2234 723 2504 795 Φθείρασα
2535 720 2654 775 κατ’
2682 717 3043 790 ἐπιτήδευσιν,
3061 716 3220 786 φόνου
3253 716 3407 786 δίκην
3426 716 3649 788 ὑπέχει.

2079 813 2457 887 ’Δκριὸολογία
2483 813 2540 867 δὲ
2561 809 3066 884 ὲκμεμορφωμένου
3099 808 3191 865 καὶ
3216 808 3651 872 ἀνεξεικονίστου

2069 908 2198 979 παρ’
2228 908 2359 978 ἡμῖν
2389 906 2489 959 οὐκ
2521 904 2690 958 ἔστιν.
2754 901 3022 955 Ἐνταῦθα
3075 900 3185 972 γὰρ
3242 901 3537 953 ὲκδικεῖται
3584 900 3651 953 οὐ

2071 999 2230 1071 μόνον
2285 998 2347 1051 τὸ
2395 996 2859 1068 γεννηθησόμενον
2907 992 3043 1063 (50),
3104 991 3242 1047 ἀλλὰ
3293 993 3387 1046 καὶ
3423 992 3568 1063 αὐτὴ
3610 994 3651 1064 ἡ

2068 1091 2234 1161 ἑαυτῇ
2276 1087 2738 1141 ἐπιϐουλεύσασα·
2785 1086 2918 1139 διότι
2952 1085 3026 1148 ὼς
3063 1083 3156 1137 ἐπὶ
3183 1082 3244 1136 τὸ
3274 1083 3407 1137 πολὺ
3447 1085 3656 1138 ἐναπο-

2068 1180 2358 1251 θνήσκουσι
2411 1182 2531 1244 ταῖς
2577 1177 2853 1240 τοιαύταις
2902 1175 3302 1247 ὲπιχειρήσεσιν
3355 1176 3411 1227 αἱ
3452 1179 3651 1243 γυναίο

2066 1287 2179 1336 κες.
2222 1270 2490 1342 Πρόσεστι
2530 1269 2587 1323 δὲ
2605 1267 2778 1340 τούτῳ
2809 1268 2965 1338 καίή
3000 1265 3174 1336 φθορὰ
3234 1265 3329 1318 τοῦ
3376 1266 3650 1337 ὲμὸρύου,

2065 1361 2253 1432 ἕτερος
2296 1362 2473 1431 φόνος.
2510 1360 2653 1414 κατά
2694 1376 2759 1428 γε
2792 1359 2891 1429 τὴν
2922 1357 3164 1409 ἐπίνοιαν
3196 1355 3304 1409 τῶν
3329 1356 3500 1409 ταῦτα
3525 1356 3654 1410 τολ-

2069 1452 2316 1525 μώντων.
2350 1455 2443 1505 Δεῖ
2471 1452 2654 1521 μέντοι
2677 1452 2749 1522 μὴ
2787 1451 2947 1521 μέχρι
2975 1450 3071 1519 τῆς
3089 1446 3268 1513 ἐξόδου
3295 1448 3652 1519 παρατείνειν

2065 1543 2245 1598 αὐτῶν
2277 1541 2375 1613 τὴν
2411 1540 2819 1611 ἐξομολόγησιν,
2870 1537 3006 1592 ἀλλὰ
3052 1536 3302 1607 δέχεσθαι
3333 1537 3431 1608 μὲν
3454 1539 3516 1591 τὸ
3546 1540 3651 1609 μὲ-

2066 1652 2193 1706 τρον
2247 1633 2359 1705 (51)
2414 1633 2523 1686 τῶν
2565 1631 2697 1685 δέκα
2750 1630 2923 1684 ἐτῶν·
2978 1629 3178 1701 ὁρίζειν
3216 1628 3272 1680 δὲ
3317 1629 3392 1700 μὴ
3442 1630 3649 1701 χρόνῳ,

1992 1725 2033 1781 Il
2057 1726 2192 1780 ἀλλὰ
2217 1725 2404 1796 τρόπῳ
2430 1722 2533 1794 τῆς
2564 1722 2853 1795 μετανοίας
2879 1720 2977 1793 τὴν
3007 1721 3324 1792 θεραπείαν.

2131 1815 2203 1869 I".
2241 1815 2515 1879 Διάκονος,
2545 1812 2683 1884 μετὰ
2701 1810 2801 1883 τὴν
2837 1811 3110 1865 διακονίαν
3151 1809 3473 1883 πορνεύσας,
3511 1812 3654 1865 ἀπό-

2061 1903 2256 1976 ϐλητος
2304 1906 2405 1976 μὲν
2467 1905 2567 1976 τῆς
2615 1902 2894 1965 διακονίας
2939 1901 3132 1955 ἔσται’
3180 1904 3260 1966 είς
3307 1902 3364 1955 δὲ
3400 1902 3494 1956 τὸν
3536 1903 3652 1956 τῶν

2059 1995 2263 2049 λαῖκῶν
2322 1994 2599 2058 ἀπωσθεὶς
2635 1994 2821 2056 τόπον,
2845 1992 2948 2063 τῆς
2981 1992 3265 2055 κοινωνίας
3288 1994 3389 2046 οὐκ
3422 1992 3648 2065 εἱρχθή-

2063 2105 2235 2142 σεται.
2268 2088 2412 2142 Διότι
2442 2088 2667 2159 ἀρχαῖός
2695 2089 2814 2139 ἐστι
2846 2083 3024 2138 κανὼν
3051 2084 3164 2155 (52)
3195 2086 3324 2147 τοὺς
3372 2086 3484 2138 ἀπὸ
3545 2086 3650 2156 βα·-

2062 2176 2201 2250 θμοῦ
2241 2177 2596 2241 πεπτωκότας
2623 2175 2794 2246 τούτῳ
2827 2176 2974 2247 μόνῳ
3012 2174 3091 2244 τῷ
3138 2175 3324 2248 τρόπῳ
3355 2176 3456 2248 τῆς
3486 2177 3652 2231 κολά-

2062 2287 2201 2335 σεως
2249 2266 2650 2324 ὑποϐάλλεσθαι
2672 2282 2687 2298 ο
2744 2265 3228 2336 ἀκολουθησάντων
3261 2304 3278 2330 ,
3329 2265 3407 2328 ὡς
3466 2262 3646 2338 οἶμαι,

2060 2362 2168 2417 τῶν
2198 2362 2258 2427 ἐξ
2293 2360 2469 2434 ἀρχῆς
2500 2358 2578 2431 τῷ
2602 2359 2751 2430 νόμῳ
2775 2359 2970 2430 ἐκείνῳ
2994 2356 3090 2429 τῷ,
3141 2359 3265 2412 Οὐκ
3302 2354 3651 2426 ἐκδικήσεις

2061 2452 2156 2519 δὶς
2182 2452 2281 2506 ἐπὶ
2328 2451 2394 2505 τὸ
2449 2453 2599 2505 αὑτό
2619 2468 2632 2481 ·
2668 2451 2763 2503 καὶ
2807 2450 2876 2502 δι’
2907 2451 3100 2522 ἑτέραν
3129 2449 3185 2503 δὲ
3235 2449 3413 2502 αἰτίαν
3437 2465 3452 2479 ³
3480 2450 3565 2503 ὅτι
3597 2452 3648 2504 οἱ

2064 2544 2164 2615 μὲν
2209 2544 2266 2596 ὲν
2320 2541 2398 2614 τῷ
2426 2540 2599 2612 λαϊκῷ
2630 2540 2784 2604 ὄντες
2836 2540 3097 2611 τάγματι,
3134 2539 3520 2610 ἐκϐεϐλημένοι
3548 2543 3647 2594 τοῦ

2062 2635 2226 2689 τόπου
2273 2634 2383 2688 τῶν
2432 2632 2662 2696 πιστῶν,
2713 2631 2874 2686 πάλιν
2920 2633 3001 2695 είς
3042 2630 3132 2684 τὸν
3172 2632 3266 2699 ἀφ’
3296 2625 3357 2684 οὒ
3389 2631 3648 2696 ἐξέπεσον

2060 2729 2225 2782 τόπον
2285 2725 2791 2798 ἀναλαμϐάνονται’
2844 2726 2873 2776 ό
2929 2723 2987 2777 δὲ
3047 2723 3293 2787 διάκονος
3346 2723 3493 2790 ἅπαξ
3532 2723 3647 2795 ἔχει

2060 2822 2256 2892 διαρκῆ
2286 2820 2385 2891 τὴν
2410 2819 2567 2889 δίκην
2581 2817 2680 2887 τῆς
2703 2814 3095 2887 καθαιρέσεως.
3134 2815 3220 2879 Ὠς
3252 2810 3344 2869 οὖν
3373 2816 3475 2869 οὐκ
3507 2816 3647 2869 ἀπο-

2061 2905 2344 2981 διδομένης
2400 2905 2550 2978 αὐτῷ
2585 2907 2682 2977 τῆς
2722 2904 3016 2969 διακονίας,
3046 2907 3139 2958 ἐπὶ
3174 2905 3375 2978 ταύτης
3404 2905 3643 2977 ἔστησαν

2067 3000 2233 3071 μόνης
2284 2999 2384 3070 τῆς
2432 2997 2783 3068 ἐκδικήσεως.
2831 2994 3020 3048 Ταῦτα
3078 2997 3175 3067 μὲν
3195 2992 3289 3050 οὖν
3333 2995 3402 3051 τὰ
3433 2997 3499 3049 ἐκ
3529 2997 3641 3051 τῶν

384 3106 637 3146 recessus
667 3103 697 3142 a
729 3101 974 3160 peccato.
1006 3088 1187 3156 Quare
1222 3091 1316 3161 qui
1348 3100 1572 3163 propter
1594 3096 1777 3150 carnis
1806 3096 1962 3151 volu-

2069 3069 2271 3143 τύπων.
2307 3069 2551 3143 Καθόλου
2596 3086 2653 3139 δὲ
2698 3085 3059 3158 ἀληθέστερόν
3114 3089 3262 3140 ἐστιν
3306 3088 3446 3158 ῖαμα
3475 3090 3509 3160 ή
3541 3090 3644 3159 τῆς
3730 3084 3737 3089 ’

386 3187 587 3251 ptatem
620 3181 859 3249 gratiam
895 3179 1115 3249 abiecit,
1143 3180 1189 3236 is
1222 3182 1269 3236 si
1296 3198 1517 3238 carnem
1550 3187 1887 3241 conterendo
1907 3196 1963 3242 et

384 3272 441 3326 in
472 3286 715 3338 onmem,
745 3272 1050 3328 secundum
1082 3273 1437 3330 continentiae
1466 3278 1810 3348 praescripta,
1844 3296 1962 3335 ser-

387 3363 614 3418 vitutem
642 3362 939 3435 redigenda
963 3368 1183 3420 secedat
1209 3382 1238 3420 a
1279 3368 1671 3439 voluptatibus,
1703 3386 1734 3424 a
1757 3372 1958 3442 quibus

384 3455 565 3511 victus
601 3464 654 3510 et
684 3464 997 3526 prostratus
1026 3468 1130 3522 est,
1182 3459 1403 3528 plenum
1448 3462 1610 3517 nobis
1646 3478 1759 3518 suae
1789 3479 1955 3519 cura-

385 3549 554 3607 tionis
604 3552 882 3621 specimen
927 3551 1100 3608 dabit.
1150 3551 1337 3622 Itaque
1383 3553 1528 3608 scire
1582 3568 1683 3609 nos
1732 3563 1964 3624 utraque

383 3650 623 3713 oportet,
671 3652 727 3700 et
773 3660 896 3715 qua:
944 3652 1075 3702 sunt
1123 3647 1322 3701 summi
1348 3646 1514 3716 juris,
1569 3655 1624 3702 el
1671 3663 1793 3716 qua:
1836 3656 1966 3703 sunt

385 3735 841 3793 consuetudinis:
873 3738 1031 3808 sequi
1061 3746 1244 3795 autem
1295 3737 1353 3793 in
1406 3739 1475 3796 iis
1523 3754 1646 3811 qua:
1687 3754 1961 3795 summum

378 3826 476 3898 jus
506 3842 616 3883 non
647 3827 968 3896 admittunt,
995 3829 1231 3886 formam
1266 3831 1544 3889 traditam.

456 4000 501 4033 ⁸⁷
540 3999 754 4056 Nahum
787 4019 826 4068 ι,
853 4001 907 4058 9.

616 4118 915 4199 Ἐπειοί-ων.
955 4117 1040 4199 ⁸Ιιει
1077 4117 1510 4199 [ηδε.“ριθιζί(]ιιθ.
1555 4114 1693 4199 Ὲξάίιξ
1738 4116 1955 4199 ἐκείνῳ.

460 4187 573 4258 (50)
609 4191 1168 4258 Γεννηθησόμενον.
1210 4188 1309 4242 llic
1358 4188 1511 4241 locus
1551 4187 1633 4240 sic
1674 4187 1873 4258 legitur
1902 4187 1959 4258 in

389 4256 665 4334 p‘ruribus‘
693 4275 827 4334 mss.
861 4256 1162 4334 _Vcodici‘bus
1193 4277 1207 4312 :
1240 4259 1625 4329 γενησόμενον,
1674 4256 1810 4311 ἀλλὰ
1868 4257 1962 4311 καὶ

388 4328 552 4392 αὐτὸς
583 4332 612 4383 ὁ
648 4328 825 4399 ἑαυτῷ
857 4328 1265 4399 ἐπιϐουλεύσας.

466 4400 577 4471 (51)
615 4396 902 4467 Δέχεοέθαι
935 4400 1161 4471 geret)
1190 4398 1429 4467 μέτρον.
1473 4396 1836 4471 ρονηεςιηιὶυηῑ
1860 4397 1966 4471 hoc.

395 4472 519 4527 loco
545 4467 765 4525 Codices
800 4467 948 4524 ωδε.
970 4469 1121 4523 Unde
1146 4471 1315 4521 miror
1344 4472 1396 4520 in
1430 4468 1591 4523 editis
1620 4468 1719 4533 legi
1751 4467 1889 4537 μετὰ
1908 4467 1970 4520 τὸ

397 4542 621 4612 μέτρον,
659 4549 777 4601 post
820 4555 1119 4595 mensuram
1144 4537 1320 4593 decem
1351 4554 1616 4593 annorum
1644 4552 1734 4591 ea:
1768 4547 1969 4607 oportet

394 4627 639 4667 recinere.

466 4628 892 4753 ἰέξὲἷείὶρχαιός
910 4679 1042 4753 ἐστι
1072 4679 1290 4734 κανών.
1314 4679 1674 4753 ltespictt,_ni_
1696 4676 1875 4742 fallor,
1900 4678 1968 4732 ad

391 4748 658 4807 canonem
687 4750 759 4806 25
810 4751 1206 4819 apostolorum,
1262 4750 1328 4804 ad
1375 4748 1538 4819 quem
1585 4748 1873 4805 Balsamon
1915 4759 1971 4803 et

394 4821 640 4876 Zonaras
685 4818 982 4876 observant
1027 4819 1290 4874 nonnulla
1323 4818 1447 4875 esée
1478 4829 1720 4890 peccata,
1767 4818 1969 4889 quibus

392 4891 909 4956 excommunicatio,
974 4905 1085 4945 non
1143 4890 1317 4944 solum
1345 4891 1614 4960 depositio
1671 4890 1966 4959 inﬂigitur;

394 4961 545 5016 velut
579 4962 624 5015 si
654 4962 779 5032 quis
810 4962 1062 5030 pecunia,
1097 4961 1182 5014 vel
1212 4961 1568 5030 magistratus
1600 4963 1849 5032 potentia
1869 4974 1968 5032 Asa-

397 5030 702 5087 cerdotiuin
732 5039 1079 5100 assequatur,
1116 5039 1174 5083 ut
1203 5032 1608 5100 sancitur-ﬁcari.
1642 5031 1711 5085 29
1740 5038 1794 5085 et
1821 5030 1909 5084 50.

469 5103 582 5170 {53)
613 5098 988 5170 Συντριμλιοῦ
1014 5100 1121 5166 τῆς
1159 5103 1409 5167 σαρκός.
1460 5099 1577 5154 Duo
1605 5110 1814 5155 veteres
1844 5098 1968 5154 libri

469 5119 582 5170 ίῦο)
613 5119 827 5169 Δυντρι
866 5119 988 5170 μου
1014 5119 1121 5166 της
1159 5119 1409 5167 σαρκος.
1460 5119 1577 5154 υυο
1605 5119 1814 5155 veteres
1845 5119 1967 5154 non

398 5170 738 5243 συντριμμοῦ
788 5119 1179 5243 τῆιςᾼκαρδίας,
1226 5186 1320 5243 per
1354 5171 1733 5243 _contritiouem
1770 5170 1967 5243 egi-dis.

396 5239 647 5296 Constat
672 5239 854 5296 autem
901 5239 1214 5295 hic'canon
1242 5241 1457 5295 duabus
1485 5241 1753 5311 partibus.
1787 5239 1969 5311 Prima

398 5310 649 5381 diaconis
681 5311 1269 5366 excommunicationis
1296 5320 1350 5364 et
1385 5310 1650 5381 graduum
1700 5310 1969 5381 paeniten-

400 5380 489 5435 εἰει·
515 5381 818 5436 molestiam
849 5383 1058 5434 eximit.
1106 5382 1291 5435 Altera
1337 5380 1518 5436 veram
1560 5388 1615 5435 et
1646 5384 1702 5434 in
1730 5380 1969 5434 omnibus

399 5452 724 5506 servandam
758 5452 1063 5520 praescribit
1093 5451 1445 5512 medicinam,
1471 5466 1592 5521 quae
1612 5462 1696 5507 est
1718 5465 1970 5521 recessus

402 5536 434 5574 a
476 5530 719 5589 peccato,
765 5536 867 5576 nec
902 5521 1164 5576 diaconos
1207 5521 1277 5574 ab
1319 5520 1624 5576 exhibendo
1669 5520 1972 5575 curationis

402 5604 517 5660 suae
543 5591 842 5659 specimine
879 5591 1149 5646 immunes
1182 5590 1462 5659 relinquit.
1509 5589 1662 5645 Unde
1698 5592 1973 5660 colligitur

400 5659 621 5717 clericis
651 5660 820 5733 lapsis
846 5676 957 5717 non
991 5662 1175 5718 statim
1202 5676 1529 5718 concessum
1566 5661 1739 5719 fuisse
1771 5659 1970 5731 corpus

2069 3180 2343 3252 ἁμαρτίας
2385 3176 2751 3249 ἀναχώρησις.
2791 3176 2953 3228 Ὥστε
2995 3177 3023 3229 ὁ
3067 3176 3155 3230 διὰ
3192 3177 3400 3249 ,σαρκὸς
3446 3179 3642 3249 ἡδονὴν

2067 3271 2337 3341 ἀθετήσας
2387 3269 2484 3339 τὴν
2518 3268 2697 3339 χάριν,
2736 3266 2823 3322 διὰ
2871 3267 2963 3322 τοῦ
3018 3268 3355 3342 συντριμμοῦ
3388 3268 3502 3340 (55)
3541 3269 3644 3339 τῆς

2065 3363 2264 3434 σαρκὸς
2287 3362 2380 3416 καὶ
2415 3361 2593 3431 πάσης
2613 3360 2987 3429 δουλαγωγίας
3024 3361 3126 3430 τῆς
3164 3362 3283 3413 κατ’
3313 3362 3644 3431 ἐγκράτειαν

2058 3453 2302 3517 ἀποστὰς
2352 3452 2461 3507 τῶν
2511 3451 2733 3522 ἡδονῶν,
2782 3453 2869 3521 ὑφ’
2899 3445 2975 3506 ὧν
3023 3452 3396 3524 κατεστράφη,
3429 3453 3644 3509 τελείαν

2065 3549 2197 3619 ἡμῖν
2250 3545 2476 3617 παρέξει
2503 3543 2604 3613 τῆς
2657 3542 2988 3615 ίατρεύσεως
3019 3543 3185 3597 αὑτοῦ
3216 3544 3314 3614 τὴν
3343 3543 3641 3611 ἀπόδειξιν.

2078 3637 2386 3708 Ἀμφότερα
2410 3635 2590 3688 τοίνυν
2611 3634 2812 3687 εἰδέναι
2848 3637 2994 3706 ἡμᾶς
3025 3634 3123 3701 δεῖ,
3148 3637 3242 3689 καὶ
3269 3636 3337 3689 τὰ
3365 3636 3461 3708 τῆς
3483 3638 3647 3708 ἀκρι-

2065 3727 2218 3792 ϐείας
2260 3725 2355 3780 καὶ
2407 3725 2475 3778 τὰ
2520 3725 2622 3794 τῆς
2665 3723 2986 3795 συνηθείας·
3031 3725 3259 3781 ἕπεσθαι
3299 3727 3355 3780 δὲ
3399 3729 3492 3781 ἐπὶ
3530 3729 3645 3783 τῶν

2068 3820 2145 3892 μὴ
2191 3816 2636 3888 καταδεξαμένων
2680 3816 2780 3886 τὴν
2817 3804 3096 3889 ἀκρότητα
3150 3818 3229 3889 τῷ
3283 3818 3647 3891 παραδοθέντε,

2065 3930 2129 3968 τυ
2136 3930 2240 3984 πιρ.

2067 4117 2301 4176 Domini.
2352 4120 2448 4175 sed
2501 4136 2691 4177 eorum
2736 4135 3153 4177 conversuonem
3204 4126 3486 4190 prooatam
3542 4123 3644 4177 ali-

2066 4191 2307 4259 quandiu
2336 4191 2527 4254 fuisse,
2561 4194 2811 4262 quamvis
2838 4190 3199 4262 depositionis
3230 4205 3401 4259 paenae
3423 4207 3645 4247 excom-

2066 4262 2367 4314 municatio
2395 4278 2502 4315 non
2532 4259 2841 4318 adderetur.
2865 4259 3129 4317 Sicetiam
3144 4259 3401 4322 Basilius,
3426 4276 3555 4316 can.
3581 4266 3636 4330 Ι,

2068 4336 2302 4403 testatur
2329 4331 2579 4397 clericos,
2626 4334 2719 4403 qui
2751 4331 3213 4403 cum_rebellibu_s
3245 4331 3511 4403 abierant,
3551 4340 3645 4389 re-

2067 4398 2297 4456 deuntes
2330 4417 2471 4472 saepe
2502 4403 2558 4457 in
2589 4398 2777 4457 eodem
2805 4401 2998 4457 ordine
3026 4401 3213 4472 recipi,
3244 4400 3339 4455 sed
3358 4410 3642 4472 postquam

2069 4469 2424 4542 paenitentiam
2479 4475 2698 4541 egerint,
2746 4488 2854 4527 non
2890 4473 3036 4526 illam
3080 4469 3296 4541 quidem
3340 4469 3640 4542 publicam,

2068 4541 2165 4594 sed
2199 4555 2318 4612 eam
2354 4558 2475 4612 quae
2509 4547 2561 4597 in
2599 4544 2852 4597 vitiorum
2884 4542 3263 4596 emendatione
3290 4541 3354 4595 et
3379 4543 3637 4612 legitimis

2069 4611 2319 4665 conversi
2354 4611 2537 4667 cordis
2573 4612 3066 4682 signiﬁcationibus
3127 4613 3329 4682 posita,
3359 4621 3463 4667 est.
3507 4611 3641 4669 Late

2070 4689 2218 4749 patet
2257 4682 2371 4736 haec
2410 4680 2721 4739 observatio
2751 4685 2802 4736 in
2846 4682 3145 4736 canonihus
3174 4680 3387 4748 Basilii;
3418 4683 3641 4737 eadem-

2069 4766 2175 4821 que
2209 4752 2446 4806 adhibita
2481 4755 2622 4807 ratio
2651 4754 2705 4807 in
2741 4754 2809 4807 iis
2838 4751 3099 4807 curandis
3133 4759 3188 4806 et
3228 4752 3511 4814 sanandis,
3540 4755 3638 4822 qui

2068 4822 2319 4894 quamvis
2345 4823 2505 4894 inter
2550 4825 2872 4894 pwnitentes
2913 4836 3020 4874 non
3062 4822 3499 4894 amandarentur.
3539 4825 3635 4878 sed

2069 4906 2194 4944 cum
2237 4891 2484 4948 ﬁdelibus
2520 4891 2903 4951 consisterent.
2954 4905 3063 4945 non
3108 4902 3286 4945 tamen
3332 4892 3535 4945 idciri-o
3568 4894 3639 4948 ad

2071 4960 2469 5015 Eucharistiam
2509 4964 2856 5018 accedebant.
2886 4960 3024 5014 Hinc
3059 4961 3126 5016 iis
3150 4960 3244 5031 qui
3279 4964 3332 5015 in
3366 4962 3508 5016 bello
3536 4980 3637 5015 oe-

2071 5032 2321 5086 ciderunt
2352 5041 2543 5087 auctor
2566 5044 2652 5088 est
2681 5033 2937 5095 Basilius,
2967 5038 3028 5102 ut
3060 5047 3090 5084 a
3114 5032 3510 5102 communione
3542 5049 3638 5102 per

2070 5109 2186 5156 tres
2227 5117 2400 5158 annos
2433 5104 2764 5168 abstineant,
2817 5117 2942 5156 can.
2979 5100 3066 5155 1⁸5.
3114 5100 3370 5156 Eamdem
3417 5100 3635 5172 poenam

2071 5171 2305 5241 imponit
2337 5173 2404 5228 iis
2445 5174 2540 5239 qui
2588 5174 2850 5228 adversus
2896 5172 3136 5227 latrones
3186 5185 3334 5225 arma
3385 5171 3638 5241 stunpse-

2072 5251 2222 5306 runt,
2272 5257 2393 5296 can.
2444 5242 2535 5297 55.
2588 5241 2717 5296 Furi
2768 5250 2961 5310 sponte
2999 5241 3252 5297 confesso
3283 5243 3463 5295 locum
3495 5243 3639 5296 inter

2071 5312 2210 5366 alios
2246 5310 2431 5367 ﬁdeles
2468 5312 2792 5382 relinquitL
2810 5313 2882 5366 ita
2931 5320 3112 5366 tamen
3142 5322 3201 5366 ut
3231 5327 3432 5366 annum
3466 5329 3636 5368 unum

2070 5383 2458 5453 communione
2484 5381 2718 5453 _careat.
2755 5381 2891 5453 Eum
2931 5388 3111 5436 autem
3147 5387 3238 5453 qui
3268 5396 3467 5437 usuras
3492 5381 3639 5436 acci-

2070 5452 2171 5522 pit,
2204 5452 2270 5506 ad
2311 5451 2676 5507 sacerdotium
2705 5452 2916 5506 admitti
2955 5451 3179 5522 patitur.
3213 5454 3304 5508 sed
3335 5454 3381 5506 si
3414 5453 3639 5522 voluerit

2071 5521 2328 5590 injustum
2363 5522 2567 5575 lucrum
2594 5523 2645 5575 in
2669 5537 2919 5591 pauperes
2942 5521 3219 5588 insumere,
3236 5534 3284 5578 et
3311 5521 3551 5588 deinceps
3570 5521 3634 5576 ab

2072 5593 2311 5647 avaritia:
2345 5593 2525 5647 morbo
2552 5594 2789 5648 liberari.
