3852 6220
210 243 328 299 675

1051 238 1533 296 EPISTOLARUM
1570 237 1843 294 CLASSIS
1881 238 1945 292 II.
1991 239 2205 294 EPIST.
2245 239 2618 295 CLXXXVIII.

3350 242 3455 299 674

290 361 365 411 Δ’.
417 357 552 426 Περὶ
614 356 897 428 τριγάμων
952 355 1046 408 καὶ
1102 355 1432 428 πολνγάμων
1482 354 1574 408 τδν
1628 352 1790 407 αὐτὸν

1959 352 2048 410 IV.
2097 354 2174 408 De
2219 353 2459 424 trigamis
2486 363 2540 408 et
2578 352 2869 423 polvgamis
2911 351 3166 409 deﬁniere
3204 355 3457 410 eumdem

212 445 428 518 ὥρισαν
480 446 615 518 (54)
670 447 897 505 κανόνα,
954 445 1015 497 ὃν
1064 447 1156 499 καὶ
1206 447 1297 498 ἐπὶ
1353 446 1460 499 τῶν
1511 445 1786 516 διγάμων,

212 539 514 607 ἀναλόγως
550 538 791 592 ἐνιαυτὸν
821 539 917 608 μὲν
946 539 1055 609 γὰρ
1083 538 1174 591 ἐπὶ
1198 538 1304 590 τῶν
1331 538 1455 606 διγά
1464 555 1577 608 μων
1594 576 1609 601 ,
1639 536 1787 590 ἄλλοι

212 630 271 685 δὲ
302 629 398 682 δύο
421 629 539 700 ἐτη.
565 631 702 693 Τοὺς
731 627 787 681 δὲ
825 628 1125 700 τριγάμους
1164 629 1222 681 ὲν
1263 629 1409 702 τρισὶ
1448 628 1541 681 καὶ
1569 628 1790 700 τέταρσι

216 721 487 785 πολλάκις
535 721 709 775 ἐτεσιν
764 721 1136 792 ἀφορίζουσιν.
1200 721 1551 792 Ὀνομάζουσι
1610 720 1669 773 δὲ
1727 719 1791 774 τὸ

212 812 458 865 τοιοῦτον
504 812 604 865 οὐκ
651 811 729 867 ἔτι
764 814 974 883 γάμον,
1007 810 1143 866 ἀλλὰ
1183 811 1558 883 πολυγαμίαν,
1594 811 1788 882 μᾶλλον

214 903 273 956 δὲ
307 902 563 975 πορνείαν
605 903 1025 975 κεκολασμένην.
1056 903 1147 955 Διὸ
1173 903 1265 956 καὶ
1299 905 1327 956 ὁ
1363 904 1562 974 Κύριος
1591 906 1655 975 τῇ
1689 905 1792 957 Σα-

220 992 489 1064 μαρείτιδι
525 992 684 1047 πέντε
712 992 908 1064 ἄνδρας
929 993 1280 1064 διαμειψάσῃ,
1311 994 1412 1045 Ὃν
1440 992 1575 1055 νῦν,
1603 992 1787 1064 φησὶν,

214 1085 396 1151 ἔρξεις,
428 1087 538 1137 οὐκ
566 1084 697 1137 ἔστι
739 1099 855 1138 σου
898 1082 1052 1152 ἁνήρ
1071 1100 1084 1113 ο
1111 1084 1186 1147 ὡς
1217 1083 1398 1138 οὐκέτι
1429 1081 1594 1147 ἀξίων
1622 1084 1790 1137 ὄντων

215 1175 326 1228 τῶν
368 1175 848 1244 ὑπερεκπεσόντων
884 1174 978 1227 τοῦ
1026 1175 1225 1247 μέτρου
1273 1175 1371 1246 τῆς
1415 1174 1671 1245 διγαμίας
1712 1173 1790 1244 τῷ

214 1267 309 1320 τοῦ
356 1267 549 1339 ἀνδρὸς
592 1268 625 1338 ἢ
673 1268 772 1337 τῆς
805 1267 1058 1336 γυναικὸς
1103 1266 1381 1321 καλεῖσθαι
1419 1268 1786 1338 προσρήματι.

215 1355 512 1426 Συνήθειαν
554 1355 613 1409 δὲ
653 1356 1018 1427 κατελάϐομεν
1062 1358 1153 1409 ἐπὶ
1187 1356 1293 1409 τῶν
1335 1357 1618 1427 τριγάμων
1658 1372 1787 1408 πεν-

217 1446 436 1510 ταετίας
468 1448 796 1519 ἁφορισμόψ
830 1448 930 1501 οὐκ
958 1446 1068 1500 ἀπὸ
1095 1447 1334 1500 κανόνων
1369 1448 1504 1517 (55),
1538 1447 1652 1500 ἀλλ’
1682 1447 1788 1500 ἀπὸ

215 1540 319 1609 τῆς
341 1539 449 1591 τῶν
478 1540 880 1612 προειληφότων
920 1538 1260 1602 ἀκολουθίας.
1304 1542 1393 1591 Δεῖ
1422 1540 1478 1593 δὲ
1512 1538 1586 1611 μὴ
1611 1539 1786 1611 πάντη

216 1630 414 1693 αὐτοὺς
454 1630 735 1701 ἀπείργειν
779 1630 880 1700 τῆς
920 1629 1240 1700 Ἐκκλησίας
1264 1669 1279 1694 ,
1321 1628 1433 1683 ἀλλ’
1477 1628 1788 1698 ἀκροάσεως

1893 460 2175 509 canonem,
2206 459 2367 514 quem
2395 453 2449 498 et
2473 443 2539 497 de
2561 443 2804 513 digamis,
2833 453 3043 498 servata
3068 445 3414 514 proportione
3440 462 3455 498 :

1893 551 2094 589 annum
2140 535 2387 589 videlicet
2430 533 2485 587 in
2514 532 2756 604 digamis,
2787 532 2876 587 alii
2918 549 3048 588 vero
3078 535 3214 588 duos
3262 551 3457 590 annos.

1895 626 2176 696 Trigamos
2207 638 2386 681 autem
2417 625 2590 680 tribus
2610 667 2624 690 ,
2656 634 2711 680 et
2744 640 2886 695 saepe
2928 637 3156 695 quatuor
3181 628 3338 683 annis
3370 643 3461 684 se-

1894 726 2134 787 gregant.
2167 717 2224 772 Id
2256 725 2436 771 autem
2477 733 2585 772 non
2613 716 2845 786 amplius
2870 717 3194 786 coniugium,
3228 719 3321 773 sed
3357 735 3461 789 po-

1894 807 2176 878 lygamiam
2224 809 2528 878 appellant,
2570 808 2657 863 vel
2700 808 2879 878 potius
2924 808 3254 864 moderatam
3288 809 3462 864 forni-

1895 898 2182 954 cationem.
2239 899 2577 969 Quapropter
2641 907 2696 952 et
2752 898 3013 953 Dominus
3073 897 3457 964 Samaritanze,

1895 1009 2015 1064 qua:
2061 996 2283 1051 maritos
2328 995 2566 1064 quinque
2618 1008 2716 1062 per
2769 993 2913 1047 vices
2956 991 3249 1058 habuerat,
3298 991 3462 1058 Quem

1896 1101 2063 1149 nunc,
2116 1085 2321 1154 inquit,
2362 1087 2546 1149 habes,
2598 1086 2819 1139 maritus
2863 1101 2966 1138 non
3006 1093 3081 1137 est
3118 1083 3163 1117 ⁸⁸
3204 1101 3218 1137 :
3260 1084 3459 1153 quippe

1893 1175 2036 1243 quod
2074 1175 2107 1228 ii
2159 1175 2249 1244 qui
2303 1176 2544 1246 digamiae
2601 1192 2853 1229 mensura
2906 1175 3258 1240 exciderunt,
3316 1174 3461 1246 digni

1895 1280 2005 1317 non
2048 1263 2156 1318 sint
2200 1264 2292 1334 qui
2334 1265 2419 1319 vel
2462 1265 2639 1319 mariti
2675 1264 2758 1318 vel
2802 1264 2984 1318 uxoris
3023 1263 3243 1317 nomine
3271 1262 3461 1333 appel-

1894 1356 2095 1410 lentur.
2125 1356 2242 1413 Jam
2274 1372 2404 1411 vero
2432 1355 2827 1411 consuetudine
2866 1354 3170 1424 accepimus
3209 1353 3264 1407 in
3297 1353 3461 1425 triga-

1893 1454 1996 1507 mis
2033 1453 2383 1523 quinquennii
2421 1453 2843 1524 segregationem
2865 1493 2878 1516 ,
2908 1466 3016 1505 non
3055 1466 3085 1504 a
3118 1448 3451 1512 canonibus,

1893 1543 1987 1598 sed
2016 1559 2108 1599 eos
2135 1543 2226 1613 qui
2259 1551 2654 1614 praecesserunt
2699 1542 2991 1612 sequendo.
3033 1538 3254 1610 Oportet
3296 1539 3459 1608 272

1894 1645 2073 1690 autent
2110 1652 2202 1691 eos
2232 1652 2340 1691 non
2370 1635 2592 1690 omnino
2621 1650 2805 1689 arcere
2841 1634 2909 1688 ab
2941 1632 3200 1695 Ecclesia,
3234 1632 3327 1686 sed
3358 1646 3457 1684 au-

216 1722 414 1786 αῡτοὺς
447 1721 628 1788 ἀξιοῦν
662 1723 719 1774 ὲν
753 1720 847 1775 δύο
891 1740 992 1775 που
1041 1721 1216 1777 ἔτεσιν
1246 1723 1278 1793 ἦ
1313 1723 1490 1792 τρισί·
1519 1723 1611 1776 καὶ
1653 1722 1789 1793 μετὰ

1892 1728 2095 1784 ditione
2124 1727 2332 1799 dignari
2369 1728 2580 1782 duobus
2622 1727 2707 1782 vel
2753 1727 2924 1781 tribus
2959 1724 3115 1779 annis
3151 1741 3162 1776 :
3197 1739 3260 1777 ac
3305 1731 3458 1794 post-

213 1813 389 1866 ταῦτα
438 1814 751 1885 ἐπιτρέπειν
802 1815 1088 1886 συστήκειν
1117 1814 1216 1885 μὲν
1236 1856 1250 1879 ,
1284 1815 1383 1884 τῆς
1423 1815 1478 1867 δὲ
1507 1814 1790 1878 κοινωνίας

214 1907 309 1959 τοῦ
364 1904 569 1973 ἀγαθοῦ
618 1904 945 1975 ἀπέχεσθαι,
997 1906 1091 1958 καὶ
1138 1904 1311 1968 οὕτως
1352 1905 1791 1975 ἐπιδειξαμένους

216 1997 429 2068 καρπόν
481 2013 601 2049 τινα
647 1996 938 2068 μετανοίας
977 1996 1347 2068 ἀποκαθιστᾷν
1388 1996 1466 2066 τῷ
1508 1997 1656 2068 τόπῳ
1693 1999 1792 2069 τῇς

222 2103 529 2148 κοινωνίας.

287 2177 363 2230 E'.
403 2177 543 2239 Τοὺς
573 2176 629 2229 δὲ
669 2176 762 2229 ἐπὶ
801 2176 966 2247 ἐξόδῳ
1011 2174 1401 2248 μετανοοῦντας
1442 2175 1550 2229 τῶν
1588 2178 1793 2248 αίρετιυ

214 2267 328 2320 κῶν
348 2266 602 2339 δέχεσθαι
630 2269 757 2339 χρή*
783 2267 1030 2338 δέχεσθαι
1061 2267 1115 2321 δὲ
1141 2267 1379 2340 δηλονότι
1408 2268 1508 2321 οὐκ
1532 2268 1789 2338 ἀκρίτως,

214 2358 352 2412 ἀλλὰ
396 2356 788 2429 δοκιμάζοντας
830 2361 876 2411 εί
909 2357 1162 2428 ἀληθινὴν
1202 2357 1595 2412 ἐπιδείκνυνται
1629 2358 1792 2427 μετάο

213 2468 391 2514 νοιαν,
419 2451 518 2503 καὶ
544 2451 591 2503 εἰ
620 2452 744 2513 τοὺς
767 2450 1012 2521 καρποὺς
1039 2449 1148 2521 (56)
1176 2448 1355 2521 ἔχουσι
1385 2449 1792 2520 μαρτυροῦντας

215 2544 287 2613 τῇ
322 2541 460 2613 πρὸς
489 2541 550 2595 τὺ
585 2539 824 2611 σωθῆναι
849 2540 1071 2611 σπουδῇ.

228 2686 236 2692 ,
285 2635 379 2703 Cf'.
411 2632 532 2684 Τῶν
556 2632 852 2686 κανονικῶν
877 2632 987 2702 (5'7)
1015 2632 1111 2695 τὰς
1137 2630 1392 2703 πορνείας
1416 2632 1494 2695 εἰς
1516 2629 1692 2702 γάμον
1718 2630 1792 2703 μὴ

222 2723 710 2792 καταλογίζεσθαι,
756 2721 890 2777 ἀλλὰ
927 2722 1090 2775 παντὶ
1138 2721 1321 2794 τρόπῳ
1351 2722 1580 2790 διασπᾷν
1615 2721 1792 2773 αὐτῶν

222 2815 320 2885 τὴν
361 2813 677 2883 συνάφειαν.
722 2813 891 2868 Τοῦτο
934 2813 1041 2886 γὰρ
1086 2813 1176 2866 καὶ
1219 2815 1286 2883 τῇ
1329 2811 1624 2884 Ἐκκλησία
1658 2812 1793 2882 πρὸς

214 2904 519 2973 ἀσφάλειαν
563 2904 858 2968 λυσιτελὲς,
906 2905 1001 2956 κα).
1043 2905 1154 2967 τοῖς
1197 2903 1491 2973 αἱρετικοῖς
1531 2903 1591 2954 οὐ
1632 2901 1790 2954 δώσει

1893 1820 1995 1873 hac
2024 1818 2153 1888 ipsis
2200 1817 2541 1888 permittere,
2589 1825 2649 1872 ut
2681 1816 2980 1872 consistant
3012 1814 3256 1884 quidem,
3294 1811 3461 1867 absti-

1891 1919 2059 1964 neant
2109 1925 2235 1964 vero
2265 1924 2295 1963 a
2328 1909 2459 1964 boni
2504 1907 2902 1971 communione,
2957 1914 3013 1960 et
3059 1904 3167 1966 sic,
3217 1903 3458 1957 exhibito

1892 2001 2225 2069 paenitentiae
2270 2000 2449 2070 aliquo
2491 1998 2700 2064 fructu,
2751 1994 3147 2052 communionis
3201 1992 3321 2048 loco
3366 2007 3457 2046 re-

1891 2092 2135 2146 stituere.

1962 2181 2026 2236 ν.
2063 2180 2358 2236 Haereticos
2399 2178 2452 2233 in
2482 2179 2629 2233 exitu
2657 2176 3030 2248 paenitentiam
3062 2183 3282 2247 agentes
3314 2172 3458 2228 reci-

1891 2287 2022 2343 pere
2070 2279 2302 2340 oportet.
2358 2255 2623 2340 Recipere
2665 2277 2867 2330 autem,
2917 2282 3027 2321 non
3074 2266 3192 2321 sine
3233 2263 3456 2336 iudicio,

1893 2364 1987 2417 sed
2014 2362 2382 2416 examinantes
2423 2376 2491 2415 an
2533 2375 2715 2415 veram
2746 2357 3115 2428 pcenitentiam
3144 2356 3454 2416 ostendant,

1894 2453 2208 2523 fructusque
2256 2454 2525 2520 habeant,
2578 2451 2671 2522 qui
2716 2451 2904 2506 salutis
2966 2450 3200 2506 studium
3264 2448 3457 2503 testifi-

1892 2554 2102 2601 centur.
2707 2611 2711 2617 η

1964 2636 2050 2689 γι.
2085 2634 2474 2690 Canonicarum
2506 2643 2690 2704 stupra
2721 2649 2817 2704 pro
2845 2630 3189 2687 matrimonio
3227 2645 3338 2685 non
3364 2644 3457 2684 re-

1933 2736 2171 2791 utentur,
2206 2726 2300 2780 sed
2339 2741 2522 2779 earum
2552 2724 2863 2793 conjunctio
2899 2726 3121 2778 omnino
3149 2722 3453 2777 divellatur.

1933 2742 2171 2791 utentur,
2206 2742 2300 2780 seu
2339 2742 2522 2779 earum
2552 2742 2863 2793 οοιηυῐιοιιο
2899 2742 3121 2778 omnino
3149 2742 3453 2777 (llVCIlaIlII'.

1892 2742 2007 2870 Floc
2044 2815 2189 2870 enim
2217 2823 2273 2870 et
2306 2814 2561 2869 Ecclesia:
2600 2814 2667 2867 ad
2708 2814 3050 2869 securitatem
3101 2822 3186 2868 est
3213 2814 3364 2879 utile,
3401 2820 3457 2867 et

1891 2905 2160 2961 hmreticis
2187 2921 2298 2959 non
2324 2905 2472 2959 dabit
2499 2905 2758 2958 adversus
2794 2918 2894 2958 nos
2938 2918 3147 2968 ansam,
3174 2901 3327 2974 quasi
3358 2915 3458 2972 per

218 3000 338 3053 καθ’
371 2999 531 3070 ἡμῶν
562 2999 750 3071 λαϐὴν,
775 2999 850 3062 ὡς
876 2997 965 3052 διὰ
994 2997 1093 3068 τὴν
1115 2995 1210 3050 τοῦ
1241 2997 1575 3068 ἁμαρτάνειν
1606 2996 1788 3050 ἄδειαν

1892 3000 2148 3071 peccandi
2177 3000 2477 3055 libertatem
2506 2999 2572 3055 ad
2597 3014 2697 3054 nos
2726 2999 3081 3053 attrahamus.

216 3092 618 3162 ἐπισπωμένων
642 3091 778 3162 πρὸς
807 3088 1049 3154 ἑαυτούς.
1590 3152 1602 3176 .

281 3185 358 3235 Z'.
404 3180 817 3254 ’Δρρενοφθόροι
851 3183 944 3235 καὶ
983 3181 1301 3254 ζωοφθόροι,
1335 3179 1428 3234 καὶ
1461 3181 1659 3249 φονεῖς,
1693 3179 1785 3232 καὶ

214 3273 536 3343 φαρμακοὶ,
577 3274 671 3326 καὶ
711 3273 921 3344 μοιχοὶ,
954 3274 1049 3326 καὶ
1080 3272 1457 3344 εἰδωλολάτραι
1482 3271 1580 3341 τῆς
1617 3271 1786 3341 αὐτῆς

213 3362 513 3431 καταδίκης
549 3362 685 3416 είσὶν
727 3362 1039 3433 ἠξιωμένοι.
1079 3363 1237 3417 Ὥστε
1279 3362 1338 3416 ὃν
1379 3362 1521 3433 ἔχεις
1550 3362 1641 3415 ἐπὶ
1676 3361 1786 3413 τῶν

211 3450 387 3505 ἄλλων
419 3450 609 3516 τύπον,
641 3452 737 3506 καὶ
780 3453 873 3506 ἐπὶ
922 3452 1125 3506 τούτων
1167 3449 1420 3521 φύλαξον.
1467 3452 1604 3514 Τοὺς
1636 3451 1693 3503 δὲ
1727 3452 1785 3504 ἐν

214 3541 508 3612 τριάκοντα
526 3541 670 3596 ἔτεσι
686 3540 794 3615 (58)
818 3543 1252 3615 μετανοήσαντας
1265 3543 1358 3595 ἐπὶ
1376 3544 1441 3614 τῇ
1454 3539 1784 3613 ἀκαθαρσίᾳ,

279 3721 327 3753 ⁸³
352 3721 512 3779 Joan.
546 3737 622 3787 tv,
654 3719 745 3778 I8.

270 3805 385 3873 (54)
419 3809 684 3871 "upwar.
731 3805 821 3857 Sic
872 3819 1004 3857 mss.
1039 3818 1257 3858 summo
1299 3816 1595 3863 consensu.
1625 3802 1769 3863 Editi

198 3875 502 3948 ὠρίσειμξνο

270 3940 395 4015 (55)
433 3943 568 3998 Ἀπὸ
594 3943 915 4015 ,πανόν-ων.
963 3940 1154 4015 Plures
1204 3940 1426 4015 codices
1482 3955 1633 4015 ωδε..
1668 3940 1777 4015 em

195 4010 443 4078 κανόνος.
496 4013 697 4068 Ibidem
734 4019 857 4081 post
900 4025 1090 4081 vocem
1115 4010 1451 4081 κάκολουθίας
1491 4011 1688 4081 legitur
1720 4013 1776 4065 in

198 4100 310 4141 uno
332 4085 522 4139 codice
550 4079 798 4152 Regio—et
820 4082 873 4152 in
897 4095 1012 4152 uno
1029 4079 1310 4133 Coisliano‘
1331 4079 1635 4152 recentiore
1654 4081 1775 4151 ἤτοι

193 4158 309 4219 τοῖς
335 4149 700 4226 προλαϐοῦσιν
722 4149 1139 4211 ἀκολουθοῦντες
1169 4149 1430 4226 πατράσι,
1451 4149 1774 4226 sciliceter

1960 3184 2075 3239 VII.
2114 3182 2471 3239 Masculorum
2517 3192 2573 3238 et
2615 3182 2926 3240 animalium
2973 3189 3356 3252 corruptores,
3400 3187 3457 3234 et

1890 3274 2197 3339 homicidae,
2228 3282 2282 3328 et
2307 3272 2551 3339 venefici,
2580 3283 2635 3328 et
2655 3272 2905 3337 adulteri,
2942 3282 2996 3327 et
3020 3272 3330 3335 idololatne,
3359 3287 3453 3325 ea-

1892 3365 2013 3419 dem
2062 3363 2508 3418 condemnatione
2550 3363 2695 3434 digni
2735 3363 3021 3418 habentur.
3068 3361 3246 3427 Quare
3290 3376 3450 3432 quam

1889 3454 1945 3508 in
1973 3453 2090 3508 aliis
2121 3453 2288 3507 habes
2320 3451 2543 3506 formam
2564 3493 2581 3517 ,
2615 3451 2668 3509 in
2712 3451 2777 3506 iis
2803 3446 3017 3522 quoque
3062 3467 3236 3507 serva.
3279 3451 3320 3505 li
3353 3467 3454 3506 au-

1891 3551 2003 3597 tem
2034 3541 2126 3612 qui
2173 3540 2388 3612 triginta
2444 3554 2615 3595 annos
2652 3539 3025 3612 paenitentiam
3068 3548 3295 3612 egerunt
3323 3554 3453 3610 pro-

1881 3799 2125 3870 virgines
2163 3801 2510 3870 interpreter,
2558 3800 2825 3862 plurimus
2864 3807 3134 3856 rationum
3168 3810 3459 3868 momentis
3513 3832 3516 3836 ’

1881 3869 2129 3947 adducor
2156 3887 2170 3924 :
2205 3870 2260 3923 I'
2285 3869 2519 3947 B_asilius
2548 3871 2651 3947 hoc
2684 3871 2904 3947 nomine
2925 3874 3154 3929 clem-os
3183 3881 3460 3947 appellare

1881 3956 1992 3997 non
2019 3942 2199 4016 'solet,
2237 3941 2333 4016 sed
2377 3956 2564 4016 sacras
2596 3942 2858 4016 virgines.
2910 3951 2969 4016 ut
3003 3941 3458 4016 perspic’i'potest

1880 4027 1946 4068 ex
1980 4012 2228 4082 epistolis
2261 4011 2332 4067 52
2362 4021 2415 4066 et
2452 4011 2588 4078 I73;
2628 4013 2686 4067 2ο
2724 4011 3099 4082 praescriptum
3132 4011 3313 4072 Basilii
3342 4036 3457 4078 non

1879 4083 2139 4160 convenit
2185 4083 2262 4160 in,
2289 4082 2541 4160 clericos,
2606 4098 2840 4160 quorum
2884 4086 3195 4160 nonnullis,
3229 4103 3456 4160 _nempo

1881 4151 2177 4205 lectoribus
2215 4158 2271 4205 et
2311 4152 2434 4205 aliis
2476 4151 2745 4221 ejusmodi
2775 4153 2934 4207 venia
2962 4153 3198 4209 dabatur
3227 4151 3453 4216 ineun'di

194 4227 287 4296 qui
316 4219 695 4299 prboesserunt
736 4232 915 4299 patres
970 4220 1249 4299 sequendo.
1286 4219 1408 4299 Sed
1450 4221 1573 4299 haec
1601 4222 1774 4299 expli-
1803 4243 1848 4298 Β
1876 4221 2238 4299 matrimonii,
2276 4219 2550 4299 “quamvis
2577 4225 2665 4299 _in
2727 4237 2939 4299 canone
2996 4238 3453 4299 recenserentur;

194 4290 360 4351 candi
400 4308 566 4349 causa
597 4293 665 4346 ad
695 4290 991 4361 marginem
1039 4292 1308 4360 apposita,
1356 4290 1413 4344 in
1453 4298 1768 4345 contextum

194 4374 389 4438 postea
420 4365 710 4438 irrepsisse
748 4361 1242 4438 perspicuumhest.

266 4433 383 4505 (56)
435 4428 582 4505 Τριξς
613 4428 899 4505 acamion
944 4428 1146 4505 Statuit
1187 4430 1434 4505 synodus
1479 4429 1770 4505 Eliberita-

193 4500 288 4569 na;
320 4500 445 4561 can.
480 4502 571 4564 59,
601 4511 661 4557 ut
692 4501 1010 4571 gentilibus,
1054 4500 1101 4554 si
1150 4500 1260 4553 vita
1305 4515 1496 4571 eorum
1540 4501 1771 4555 honesta

193 4573 385 4655 fuerit,
416 4570 805 4655 baptismus‘iu
840 4570 1323 4655 ﬁne_concedatur.
1499 4586 1607 4655 non
1639 4578 1770 4651 ριιιρ

193 4639 458 4701 Basilium
490 4639 554 4697 in
584 4642 831 4697 eamdem
857 4641 1182 4697 sententiam
1207 4640 1276 4694 de
1299 4640 1569 4696 haereticis
1596 4639 1766 4709 loqui.

193 4712 431 4770 Fructus
461 4715 608 4773 enim
637 4714 694 4767 in
730 4711 1004 4766 haereticis
1038 4710 1397 4766 redeuntibus
1429 4709 1769 4779 intelligendi

193 4796 344 4847 sunt,
385 4798 498 4838 non
531 4790 778 4837 anteacta
814 4783 942 4846 vita,
991 4781 1086 4836 sed
1133 4796 1375 4850 praesens
1414 4780 1636 4835 haeresis
1664 4780 1768 4850 de-

192 4855 437 4916 testatio,
471 4854 719 4909 veritatis
755 4867 928 4917 amor,
986 4865 1051 4905 ac
1084 4849 1335 4906 sincerus
1374 4851 1631 4905 omnibus
1661 4849 1767 4904 Ec-

189 4926 375 4981 clesiae
412 4922 758 4979 documentis
788 4937 1068 4978 assensus.
1108 4919 1280 4975 Porro
1315 4937 1425 4975 non
1475 4921 1671 4974 mirum
1718 4920 1767 4975 si

187 4991 429 5051 Basilius
472 4993 764 5049 redeuntes
808 4991 1094 5047 haereticos
1138 5007 1247 5045 non
1290 4991 1408 5045 sine
1433 4991 1687 5045 examine
1710 4991 1765 5045 in

187 5067 339 5120 exitu
375 5065 542 5132 recipi
566 5063 795 5132 jubeat;
828 5078 953 5117 cum
979 5063 1048 5116 de
1072 5061 1373 5115 Catholicis
1395 5061 1531 5131 ipsis
1554 5062 1767 5132 sanciat

188 5137 436 5206 synodus
463 5130 705 5206 Nicaeus,
724 5147 848 5187 can.
865 5134 955 5206 ιδ,
983 5139 1042 5185 ut
1056 5132 1308 5206 quisquis
1324 5130 1763 5206 communionem

185 5201 336 5274 petat
361 5211 419 5259 in
443 5205 615 5265 exitu,
645 5218 770 5258 eum
792 5201 1086 5274 episc0pus
1112 5202 1252 5272 μετὰ
1276 5201 1621 5271 δοκιμασίας,
1644 5217 1764 5254 cum

183 5273 434 5328 examine
467 5275 741 5343 impertiat
771 5273 1069 5343 oblatione.

279 5344 376 5414 57)
412 5339 917 5401 Τῶίκανονικιῖηρ.
965 5339 1209 5414 Clericos
1263 5340 1380 5414 sive
1431 5354 1528 5414 eos
1571 5342 1665 5408 qui
1707 5340 1763 5396 in

184 5409 402 5471 canone
445 5421 804 5468 recensentur
850 5414 949 5467 hac
989 5427 1121 5466 voce
1170 5409 1448 5481 designari
1493 5412 1763 5481 hactenus

182 5487 574 5543 existimarunt
601 5482 791 5538 Basilii
818 5483 1171 5551 interpretes,
1217 5479 1420 5550 ac‘ipsi
1451 5481 1613 5535 etiam
1653 5479 1760 5536 Zo-

184 5569 352 5611 naras
384 5563 441 5611 et
474 5554 787 5610 Balsamon.
820 5552 930 5609 Sed
975 5560 1035 5607 ut
1080 5553 1385 5608 canonicas
1418 5552 1533 5606 sive
1571 5565 1764 5609 sacras

1875 4291 1932 4345 5°
1976 4292 2228 4367 prohibet
2274 4290 2511 4367 Basilius
2541 4294 2811 4367 ejusmodi
2848 4303 3037 4367 stupra
3066 4312 3189 4367 quae
3216 4290 3454 4357 honesto

1871 4362 2204 4433 matrimonii
2239 4364 2461 4433 nomine
2510 4365 2733 4433 praetexi
2785 4363 3051 4433 solebant.
3082 4362 3178 4420 'At
3234 4371 3287 4423 id
3334 4385 3447 4426 non

1870 4431 2104 4512 quadrat
2131 4433 2185 4485 in
2217 4432 2475 4495 clericos,
2508 4431 2739 4512 (tuorum
2763 4431 2908 4512 aliis,
2940 4444 2999 4512 ut
3035 4436 3148 4506 jam
3174 4437 3310 4505 dixi,
3335 4456 3450 4497 non

1870 4503 2251 4556 inconcessum
2304 4513 2424 4557 erat
2471 4503 2897 4569 matrimonium,
2929 4503 3066 4562 alios
3094 4522 3224 4563 vero
3256 4503 3452 4566 matri-

1870 4573 2112 4647 monium
2148 4579 2269 4647 post
2302 4573 2703 4629 ordinationem
2740 4576 2879 4630 inire
2912 4577 3060 4631 nulla
3092 4593 3319 4647 prorsus
3343 4580 3450 4634 Ec-

1868 4643 2387 4717 clesiapatiebatur,
2418 4653 2511 4717 aut
2537 4653 2687 4700 certe
2711 4647 3043 4700 matrimonii
3066 4643 3299 4717 pretium
3324 4658 3447 4705 erat

1867 4712 2159 4779 depositio.
2206 4715 2411 4768 Contra
2457 4715 2764 4784 virginibus
2811 4712 3148 4772 nubentibus
3174 4728 3290 4773 non
3322 4720 3447 4775 lon-

1866 4784 2175 4856 giorpmna
2201 4785 2454 4856 pluribus
2485 4786 2540 4838 in
2572 4786 2707 4841 locis
2736 4786 3139 4854 imponebatur,
3168 4804 3330 4856 quam
3354 4791 3445 4845 di-

1867 4852 2064 4920 gamis,
2117 4861 2178 4907 ut
2204 4852 2555 4922 perspicitur
2582 4871 2649 4909 ex
2697 4852 2911 4910 canone
2954 4856 3042 4920 18,
3080 4852 3447 4919 ιιὺῖΒιιείΙίιιο

1866 4921 2011 5002 hanc
2053 4921 2526 5002 consuetudinem
2557 4926 2806 5002 abrogat,
2846 4941 2912 4981 ac
2943 4927 3217 4999 virginum
3247 4933 3447 4988 matri-

1866 4992 2052 5045 monia
2078 4995 2251 5047 instar
2279 4992 2530 5049 adulterii
2554 4992 2856 5051 existimat.

1938 5062 2046 5131 (58)
2081 5063 2184 5116 Ἐν
2209 5063 2528 5130 τριάκοντα
2552 5067 2736 5120 ἔτεσι.
2761 5064 3107 5121 Manifestum
3141 5075 3226 5123 est
3248 5067 3302 5123 in
3333 5069 3442 5127 hoc

1867 5133 2088 5206 triginta
2125 5147 2395 5187 annorum
2427 5151 2656 5206 numero
2682 5143 2949 5199 erratum,
2968 5140 3219 5206 quamvis
3246 5154 3441 5196 omnes

1866 5203 1989 5254 libri
2013 5212 2226 5257 veteres
2246 5218 2373 5257 cum
2394 5204 2558 5259 editis
2585 5207 2953 5260 consentiant.
2984 5203 3270 5272 Quomodo
3291 5216 3439 5265 enim

1864 5273 2087 5347 triginta
2120 5288 2399 5347 annorum
2427 5276 2755 5347 poenitentia
2781 5277 3050 5347 ejusmodi
3081 5290 3307 5347 peccato
3339 5283 3443 5335 im-

1861 5340 2171 5422 prudenter
2204 5340 2501 5422 commisso
2534 5340 2827 5422 _imposita
2873 5340 3097 5407 fuisset;
3142 5351 3287 5419 quod
3344 5351 3440 5422 qui

1864 5414 2115 5487 scientes
2127 5421 2182 5468 et
2209 5413 2455 5469 volentes
2484 5413 2840 5487 admiserant,
2879 5430 2977 5487 per
3010 5413 3191 5475 annos
3220 5413 3436 5477 tantum

1863 5482 2177 5559 quindecim
2202 5498 2263 5559 Α
2293 5482 3056 5559 communionearcebantur,
3088 5499 3147 5544 ut
3186 5499 3334 5559 patet
3367 5505 3436 5547 es

1862 5554 2169 5611 canonibus
2199 5553 2292 5622 58,
2324 5552 2415 5623 62,
2438 5553 2556 5613 652
2602 5554 2810 5613 Deinde
2853 5570 2986 5615 vero
3015 5552 3252 5617 testatur
3282 5562 3436 5619 Basi-
