3852 6220
391 247 501 303 875

1739 252 1792 307 s.
1836 215 2079 308 BASILII
2121 252 2332 308 MAGNl

3562 251 3680 303 6⁸⁷6

399 379 517 439 pter
556 369 983 437 immunditiam,
1032 384 1199 440 quam
1232 369 1288 424 in
1337 369 1650 440 ignorantia
1702 369 1972 435 fecerunt,

2088 388 2142 442 ην
2164 373 2222 426 ὲν
2249 371 2443 442 ἀγνοίᾳ
2465 369 2729 441 ἔπραξαν,
2759 370 2868 426 οὐδ’
2905 370 3268 442 ἀμφιϐάλλειν
3305 370 3453 441 ἡμᾶς
3503 384 3683 439 προσ-

398 463 531 532 quin
556 462 856 533 recipiendi
887 463 1019 528 sint,
1046 479 1117 519 ne
1143 463 1397 520 dubitare
1429 465 1647 535 quidem
1686 481 1789 520 nos
1815 480 1978 536 opor-

399 562 496 608 tet.
528 552 663 607 Nam
704 568 802 609 eos
841 554 1002 609 venia
1045 553 1243 625 dignos
1291 554 1453 610 ellicit
1486 564 1543 608 et
1586 555 1879 625 ignoratio,
1922 563 1977 611 et

401 656 702 714 spontanea
735 645 1039 712 conl'essio,
1070 655 1126 701 et
1154 648 1420 717 temporis
1444 654 1594 700 tanta
1617 646 1973 702 diuturnitas.

402 732 540 791 Fere
579 736 725 791 enim
774 744 946 790 totam
993 736 1236 792 hominis
1276 745 1490 792 atatem
1530 736 1745 792 Satanae
1790 736 1976 791 traditi

403 834 555 891 sunt,
578 836 637 880 ut
657 828 875 883 discant
897 843 1006 883 non
1029 843 1221 898 gerere
1241 843 1302 883 se
1323 831 1577 899 turpiter.
1609 828 1974 894 Quamobrem

398 919 532 988 jube
555 935 652 975 eos
683 921 892 990 absque
913 920 1177 975 dilatione
1199 921 1428 990 suscipi,
1459 922 1696 974 maxime
1722 920 1769 974 si
1798 920 1976 990 lacry-

402 1028 522 1067 mas
552 1012 778 1079 habent,
815 1029 938 1083 quae
961 1021 1114 1068 tuam
1155 1013 1503 1069 clementiam
1532 1011 1778 1078 ﬂectant,
1808 1021 1864 1068 et
1895 1012 1978 1066 vi-

399 1112 510 1157 tam
533 1103 832 1159 ostendunt
858 1103 1340 1159 commiseratione
1368 1101 1613 1172 dignam.

472 1281 612 1336 Vill.
656 1281 761 1348 Qui
807 1281 878 1337 ob
917 1280 1262 1336 iracundiam
1298 1278 1482 1335 securi
1530 1278 1799 1332 adversus
1843 1290 1980 1330 uxo-

399 1391 515 1431 rem
549 1391 705 1432 suam
731 1390 864 1429 usus
897 1381 1002 1440 est,
1038 1382 1123 1428 est
1156 1371 1455 1426 homicida.
1482 1369 1652 1423 Recte
1682 1378 1861 1423 autem
1894 1383 1979 1423 me

398 1465 756 1528 admonuisti,
789 1472 842 1520 et
875 1464 954 1519 uti
1005 1471 1158 1517 tuam
1194 1463 1525 1531 sapientiam
1557 1461 1768 1527 decuit,
1806 1466 1866 1513 ut
1901 1458 1958 1512 [ιι

397 1560 516 1614 sius
560 1558 628 1612 de
660 1557 747 1613 his
778 1556 1038 1620 dicerem,
1077 1562 1363 1624 propterea
1404 1552 1549 1622 quod
1581 1552 1751 1605 multa
1784 1551 1841 1604 in
1882 1564 1981 1603 vo-

398 1651 657 1705 luntariis
683 1657 739 1704 et.
767 1647 1156 1702 involuntariis
1202 1645 1551 1700 discrimina.
1583 1642 1679 1697 Est
1711 1642 1855 1698 enim
1889 1642 1976 1696 in-

2079 464 2213 535 ῆκεν
2241 467 2320 528 είς
2338 464 2400 516 τὸ
2431 461 2856 535 παραδέξασθαι.
2889 464 2965 517 ’Ἦ
2990 479 3048 515 τε
3069 463 3178 534 γὰρ
3199 462 3390 531 ἄγνοια
3425 461 3678 529 συγγνώ-

2079 572 2186 626 μης
2233 554 2415 621 ἀξίους
2446 555 2642 619 αὐτοὺς
2686 556 2851 619 ποιεῖ,
2897 555 2992 608 καὶ
3030 554 3092 607 τὸ
3134 552 3379 607 ἑκούσιον
3429 551 3530 622 τῆς
3589 548 3683 616 ἐξ·

2076 644 2440 715 αγορεύσεως,
2482 644 2575 698 καὶ
2602 646 2636 714 ἡ
2662 645 2966 716 παράτασις
3000 646 3059 698 ὲν
3094 645 3333 714 τοσούτῳ
3363 643 3543 715 χρόνῳ
3575 658 3681 709 γε-

2077 735 2298 806 νομένη.
2343 733 2536 805 Σχεδὸν
2571 734 2678 807 γὰρ
2712 735 2841 806 ὃλην
2881 735 3074 804 γενεὰν
3106 735 3392 807 ἀνθρώπου
3438 733 3678 806 παρεδό-

2078 826 2250 898 θησαν
2290 824 2369 896 τῷ
2403 826 2648 895 Σατανᾷ,
2694 825 2782 879 ῖνα
2824 825 3154 879 παιδευθῶσι
3192 826 3268 897 μὴ
3308 826 3668 896 ἀσχημονεῖν.

2078 919 2243 971 Ὥστε
2280 917 2536 970 κέλευσον
2575 916 2773 981 αὐτοὺς
2813 916 2917 987 ἤδη
2955 915 3335 988 ἀνυπερθέτως
3377 915 3671 986 δεχθῆναι,

2081 1008 2312 1079 μάλιστα
2342 1009 2391 1061 εί
2420 1007 2515 1061 καὶ
2546 1007 2758 1079 δάκρυα
2806 1006 2992 1078 έχουσι
3033 1007 3387 1061 δυσωποῦντά
3429 1025 3524 1061 σου
3564 1008 3675 1079 τὴν

2076 1098 2501 1170 εὐσπλαγχνίαν,
2551 1099 2648 1152 καὶ⁹
2702 1098 2817 1169 βίον
2869 1100 3267 1154 ἐπιδείκνυνται
3318 1100 3467 1167 ἀξιον
3523 1117 3671 1172 συμ-

2082 1190 2334 1253 παθείας.

2153 1279 2234 1334 H'.
2288 1280 2347 1334 '0
2393 1280 2550 1354 ἀξίνῃ
2598 1281 2750 1353 παρά
2793 1283 2885 1335 τὸν
2925 1279 3093 1353 θυμὸν
3139 1280 3280 1336 κατά
3325 1281 3424 1352 τῆς
3466 1280 3669 1335 ἑαυτοῦ

2078 1374 2323 1444 γαμετῆς
2375 1376 2721 1446 χρησάμενος
2774 1374 2969 1445 φονεύς
3027 1377 3165 1428 ἐστι.
3225 1374 3423 1438 Καλῶς
3471 1375 3531 1429 δέ
3594 1392 3668 1444 με

2080 1467 2397 1539 ὑπέμνησας
2435 1469 2529 1521 καὶ
2570 1467 2738 1533 ἀξίως
2781 1469 2880 1537 τῆς
2923 1465 3150 1520 σεαυτοῦ
3187 1467 3454 1530 συνέσεως
3489 1467 3668 1521 είπεῖν

2079 1560 2207 1629 περὶ
2239 1559 2445 1614 τούτων
2478 1560 2828 1632 πλατύτερον·
2869 1560 3002 1612 διότι
3047 1559 3240 1612 πολλαὶ
3278 1560 3336 1612 ἐν
3366 1560 3478 1620 τοῖς
3507 1559 3668 1610 ἐκου-

2081 1653 2217 1716 σίοις
2268 1653 2363 1705 καὶ
2417 1653 2691 1716 ἀκουσίοις
2748 1651 3022 1724 διαφοραί.
3073 1650 3356 1705 Ἀκούσιον
3408 1650 3506 1721 μὲν
3552 1648 3668 1720 γάρ

395 1740 769 1795 voluntarium
814 1737 1061 1801 omnino,
1103 1744 1159 1791 et
1190 1736 1349 1805 longe
1392 1751 1421 1788 a
1457 1734 1693 1789 consilio
1721 1731 1841 1801 ejus
1882 1731 1976 1802 qui

2088 1747 2196 1797 ἐστι
2223 1743 2499 1808 παντελῶς
2525 1744 2621 1798 καὶ
2640 1743 2844 1816 γπόρῤω
2871 1744 2965 1797 τοῦ
2998 1741 3365 1814 κατάρξαντος
3387 1743 3469 1805 τὸ,
3499 1742 3665 1794 ἀκον-

395 1832 624 1902 incepit,
653 1838 948 1894 remotum,
987 1828 1117 1883 dum
1158 1827 1525 1897 lapisjacitur
1554 1826 1608 1879 in
1651 1839 1843 1879 canem
1887 1832 1982 1877 aut

397 1924 674 1986 arborem,
701 1922 973 1977 hominem
1021 1920 1309 1990 attingere.
1339 1918 1686 1989 Propositum
1710 1917 1855 1972 enim
1880 1915 1983 1970 fuit

396 2016 630 2071 bestiam
701 2015 1023 2084 propulsare
1065 2020 1161 2066 aut
1217 2012 1456 2065 fructum
1516 2019 1780 2065 excutere
1822 2027 1835 2064 :
1885 2010 1978 2064 sed

396 2111 567 2165 ictum
596 2108 821 2163 fortuito
860 2109 1028 2164 subiit
1059 2109 1151 2178 qui
1199 2107 1479 2161 transiens
1513 2104 1781 2169 occurrit,
1810 2116 1983 2172 quare

399 2202 504 2256 hoc
544 2200 973 2255 involuntarium
1011 2209 1117 2253 est.
1157 2195 1224 2250 Et
1255 2194 1390 2250 illud
1425 2209 1642 2265 quoque
1672 2192 1984 2247 involunta—

400 2293 541 2346 rium
594 2297 699 2356 est,
749 2289 796 2345 si
845 2293 970 2360 quis
1006 2290 1196 2342 volens
1239 2287 1480 2355 aliquem
1515 2284 1811 2352 castigare,
1863 2282 1982 2335 loro

397 2383 485 2436 vel
512 2382 667 2452 virga
695 2397 804 2435 non
831 2380 970 2435 dura
1006 2394 1132 2433 eum
1170 2378 1456 2447 percutiat,
1499 2375 1769 2430 moriatur
1800 2383 1980 2427 autem

397 2475 494 2546 qui
519 2489 821 2544 percussus
849 2482 955 2529 est.
987 2470 1339 2542 Propositum
1372 2468 1518 2524 enim
1554 2468 1643 2522 hic
1665 2466 1982 2522 considera-

396 2571 510 2631 tur,
548 2564 712 2634 273
746 2563 875 2632 quia
924 2569 1241 2632 peccantem
1289 2558 1567 2626 corrigere
1611 2556 1819 2623 voluit,
1869 2570 1979 2609 non

397 2656 737 2710 interimere.
762 2653 1115 2721 ,Recensetur
1144 2661 1198 2707 et
1229 2651 1359 2705 illud
1406 2650 1551 2705 inter
1584 2649 1978 2713 involuntaria,

397 2761 524 2799 cum
559 2747 685 2815 quis
726 2747 780 2799 in
812 2759 992 2815 pugna
1023 2745 1261 2813 aliquem
1292 2743 1442 2814 ligno
1475 2742 1561 2798 vel
1595 2757 1760 2797 manu
1804 2743 1982 2814 repel-

398 2838 541 2902 lens,
572 2852 681 2891 non
710 2851 875 2907 parce
903 2837 956 2889 in
980 2836 1284 2905 praecipuas
1312 2840 1500 2903 partes
1537 2838 1707 2887 ictum
1739 2840 1978 2903 torquet,

398 2937 462 2984 ut
486 2944 612 2984 eum
649 2929 829 2993 laedat,
871 2942 981 2982 non
1009 2938 1071 2981 ut
1111 2925 1337 2980 omnino
1379 2924 1693 2979 interﬁciat.
1734 2922 1842 2979 Sed
1879 2925 1981 2979 hoc

399 3020 623 3091 quidem
649 3018 863 3073 accedit
890 3018 956 3071 ad
980 3017 1375 3072 voluntarium.
1409 3014 1512 3081 Qui
1535 3015 1683 3069 enim
1706 3014 1977 3083 ejusmodi

403 3113 774 3166 instrumento
805 3109 871 3162 ad
923 3124 983 3164 se
1013 3106 1417 3163 defendendum
1464 3123 1601 3163 usus
1630 3113 1737 3172 est,
1768 3107 1853 3161 vel
1886 3106 1980 3175 qui

403 3217 514 3256 non
547 3216 710 3270 parce
757 3198 923 3252 ictum
968 3197 1185 3264 inﬂixit,
1234 3198 1405 3267 liquet
1444 3212 1568 3251 eum
1615 3194 1739 3250 ideo
1770 3195 1980 3250 homini

402 3310 514 3349 non
542 3291 880 3362 pepercisse,
911 3291 1058 3360 quod
1099 3290 1180 3344 ira
1220 3281 1399 3343 victus
1433 3289 1620 3343 fuerit.
1666 3286 1758 3341 Sic
1801 3294 1855 3341 et
1887 3285 1981 3357 qui

403 3385 554 3455 gravi
592 3384 758 3454 ligno,
804 3389 859 3437 et
888 3380 981 3451 qui
1015 3380 1193 3450 lapide
1235 3379 1478 3448 majore,
1509 3392 1672 3446 quam
1708 3390 1807 3445 pro
1845 3374 1981 3429 viri-

403 3478 508 3533 bus
530 3476 807 3539 humanis,
833 3490 968 3530 usus
1000 3481 1106 3537 est,
1133 3473 1186 3526 in
1217 3472 1602 3525 involuntariis
1632 3475 1979 3533 numeratur,

405 3579 468 3626 ut
513 3570 606 3639 qui
649 3567 799 3622 aliud
835 3565 1093 3631 voluerit,
1144 3562 1292 3617 aliud
1319 3562 1532 3619 fecerit.
1565 3560 1701 3615 Nam
1745 3576 1857 3631 pra:
1900 3559 1983 3613 ira

406 3662 576 3716 ictum
616 3660 778 3713 talem
812 3658 1018 3723 intulit,
1053 3664 1111 3711 ut
1139 3656 1306 3710 etiam
1341 3668 1670 3724 percussum
1705 3651 1984 3707 interﬁce-

405 3762 521 3821 ret;
563 3765 892 3822 quamquam
927 3748 1068 3804 forte
1096 3748 1151 3803 in
1183 3748 1366 3801 animo
1410 3744 1646 3800 habebat
1683 3760 1808 3800 eum
1852 3758 1985 3798 con-

407 3854 606 3908 terere,
652 3860 762 3898 non
798 3851 980 3897 autem
1010 3839 1235 3895 omnino
1282 3837 1620 3893 interimere.
1654 3835 1758 3902 Qui
1800 3842 1982 3890 autem

406 3951 537 3992 ense
571 3936 658 3999 vel
694 3934 889 4008 quavis
935 3947 996 3987 re
1035 3931 1203 3987 simili
1252 3945 1390 3986 usus
1422 3936 1529 3994 est,
1573 3929 1778 3982 nullam
1821 3926 1985 3981 habet

406 4028 859 4085 excusationem:
889 4030 945 4079 et
990 4023 1249 4083 maxime,
1294 4021 1388 4091 qui
1429 4020 1669 4075 securim
1706 4018 1984 4089 jaeulatus

408 4128 515 4177 est.
549 4117 898 4172 Manifestum
939 4121 1025 4171 est
1057 4114 1202 4169 enim
1233 4112 1386 4166 illum
1417 4126 1585 4166 manu
1621 4124 1731 4165 non
1760 4124 1987 4180 percus-

410 4212 574 4273 sisse,
611 4212 686 4264 ita
716 4216 776 4263 ut
810 4209 981 4262 ictum
1021 4205 1087 4260 ad
1132 4204 1419 4259 arbitrium
1453 4202 1726 4257 moderari
1757 4211 1980 4270 posset:

410 4302 508 4360 sed
535 4302 814 4371 jaeulatus
847 4305 951 4360 est,
998 4297 1074 4350 ita
1125 4304 1184 4348 ut
1221 4302 1275 4348 et
1310 4292 1575 4363 gravitate
1605 4290 1733 4346 ferri
1768 4297 1823 4345 et
1868 4290 1985 4344 acie

408 4402 466 4450 et
494 4401 643 4448 motu
667 4406 696 4445 e
722 4389 1038 4458 longinquo,
1057 4388 1200 4442 ictus
1224 4385 1538 4440 necessario
1568 4381 1785 4439 lethalis
1809 4381 1979 4435 ﬁeret.

412 4486 626 4540 Rursus
666 4489 846 4536 autem
882 4478 1109 4534 omnino
1132 4484 1217 4533 est
1249 4473 1642 4537 voluntarium,
1676 4487 1741 4526 ac
1774 4471 1981 4524 nullam

412 4576 624 4630 habens
662 4571 1081 4635 dubitationem,
1110 4566 1258 4639 quod
1294 4566 1352 4620 lit
1398 4581 1428 4619 a
1462 4565 1790 4628 latronibus,
1840 4570 1895 4617 et
1926 4562 1982 4615 in

413 4666 626 4722 bellicis
674 4661 1106 4719 incursionibus.
1157 4659 1225 4714 Hi
1268 4658 1414 4714 enim
1457 4666 1681 4728 propter
1718 4656 1982 4727 pecunias

414 4842 521 4897 lius
546 4856 641 4897 eos
675 4841 781 4908 fere
809 4839 1036 4892 hominis
1060 4846 1268 4891 wtatem
1296 4835 1512 4889 Satana:
1539 4833 1771 4889 traditos
1792 4832 1983 4908 fuisse.

414 4913 484 4966 At
530 4905 686 4967 aitas’
744 4910 983 4963 hominis
1029 4908 1234 4979 (γενεά)
1285 4921 1428 4976 saepe
1476 4919 1751 4979 annorum
1791 4905 1985 4979 viginti

416 4983 594 5052 spatio
669 4973 1095 5052 existimatur
1145 4973 1293 5052 velut
1365 4973 1493 5052 cum
1556 4976 1634 5028 ait
1690 4973 1985 5052 Dionysius

416 5043 819 5107 Alexandrinus
864 5050 1006 5119 apud
1054 5046 1505 5119 Eusebiu_m,ilib.
1563 5043 1982 5119 vu,__cap._2l,

417 5122 692 5176 lsraelitas
719 5123 772 5174 in
805 5111 1022 5174 deserto
1066 5118 1233 5172 fuisse
1274 5117 1489 5170 duabus
1533 5111 1810 5169 aetatibus;
1865 5111 1987 5179 lpse

422 5191 656 5246 Basilius
688 5194 742 5244 in
773 5190 1002 5259 epistola
1024 5188 1150 5250 201,
1187 5203 1308 5256 quae
1337 5187 1540 5259 scripta
1561 5196 1645 5240 est
1679 5199 1824 5238 anno
1857 5184 1983 5259 575,

418 5254 889 5315 Neocaesarienses
941 5260 1157 5312 incusat
1189 5254 1336 5328 quod
1371 5257 1477 5312 sibi
1499 5256 1613 5325 jam
1647 5263 1817 5308 totam
1873 5254 1987 5328 fere

418 5331 660 5385 hominis
686 5338 900 5384 aetatem
935 5324 1335 5393 succenseant;
1373 5342 1511 5397 quos
1555 5333 1879 5397 tamen_non
1911 5324 1985 5397 it_a_

418 5401 629 5471 pridem
674 5399 1223 5471 amicosdliabuerat,
1270 5394 1525 5471 faepanno
1567 5395 1696 5471 568,
1748 5394 1986 5471 Muspnii

420 5464 598 5524 inorte
630 5470 861 5525 aﬂlictos
891 5469 1089 5523 litteris
1120 5469 1472 5524 amicissimis
1504 5467 1825 5521 consolatus
1860 5464 1984 5518 fue—

420 5546 527 5593 rat.
579 5538 847 5609 Saeeulum
870 5539 1013 5609 apud
1047 5536 1272 5609 Latinos
1301 5554 1409 5593 non
1442 5551 1658 5607 semper
1684 5535 1989 5609 strictesuf

420 5607 621 5678 mitur';
673 5609 820 5662 velut
853 5604 978 5662 cum
1029 5609 1106 5661 ait
1139 5608 1504 5678 Hieronymus
1533 5604 1588 5660 in
1615 5608 1786 5678 epist.
1818 5605 1884 5658 27
1916 5604 1986 5657 ad

424 5677 760 5743 Marcellam,
809 5679 865 5733 in
893 5679 1096 5734 Christi
1128 5678 1309 5735 verbis
1341 5676 1683 5748 explicandis
1718 5691 1808 5729 uer
1836 5683 1987 5729 tanta

2081 1834 2305 1889 τίσαντα
2339 1834 2452 1902 (59)
2495 1834 2641 1888 λίθον
2691 1835 2782 1887 ἐπὶ
2823 1833 2959 1888 κύνα
3009 1834 3042 1905 ἢ
3091 1834 3327 1906 δένδρον,
3370 1832 3664 1904 ἀνθρώπου

2080 1926 2281 1995 τυχεῖν.
2313 1924 2377 1976 Ἡ
2419 1923 2517 1994 μὲν
2561 1923 2670 1994 γὰρ
2711 1924 2856 1994 ὁρμὴ
2896 1918 2963 1994 ἦν
3006 1924 3068 1976 τὸ
3106 1923 3290 1995 θηρίον
3333 1922 3665 1993 ἀμύνασθαι,

2081 2014 2114 2085 ἦ
2153 2015 2245 2067 τὸν
2283 2013 2492 2086 καρπὸν
2527 2015 2866 2067 κατασεῖσαι·
2912 2012 3088 2084 ὑπέϐη
3127 2012 3183 2065 δὲ
3228 2012 3550 2083 αὐτομάτως
3594 2013 3665 2083 τῇ

2082 2106 2262 2178 πληγῇ
2293 2107 2434 2160 κατά
2464 2107 2696 2177 πάροδον
2726 2108 2755 2160 6
2779 2106 3133 2179 παραπεσὼν·
3162 2106 3301 2161 ὥστε
3330 2107 3390 2159 τὸ
3423 2105 3668 2161 τοιοῦτον

2081 2199 2355 2254 ἀκούσιον.
2413 2199 2690 2254 Ἀκούσιον
2740 2200 2923 2271 μέντοι
2977 2201 3071 2254 καὶ
3116 2202 3169 2254 εί
3210 2218 3294 2264 τις
3343 2199 3670 2271 βουλόμενος

2081 2292 2405 2364 ἐπιστρέψαι
2425 2293 2570 2359 τινὰ,
2607 2294 2790 2365 ἱμάντι
2818 2295 2852 2365 ἦ
2887 2294 3067 2365 ῥάϐδῳ
3099 2292 3173 2365 μὴ
3201 2293 3411 2365 σκληρᾷ
3438 2293 3667 2351 τύπτοι,

2082 2383 2330 2455 ἀποθάνῃ
2362 2384 2418 2437 δὲ
2445 2385 2473 2437 6
2505 2386 2859 2456 τυπτόμενος.
2895 2387 2960 2439 Ἦ
2996 2386 3107 2459 γὰρ
3145 2385 3401 2457 πρόθεσις
3430 2384 3673 2439 ἐνταῦθα

2084 2478 2384 2537 σκοπεῖται,
2417 2477 2499 2530 ὅτι
2529 2476 2815 2548 βελτιῶσαι
2848 2477 3108 2549 ἠϐούλετο
3132 2478 3223 2532 τὸν
3259 2476 3671 2550 ἁμαρτάνοντα,

2081 2569 2182 2621 οὐκ
2214 2568 2443 2623 ἀνελεῖν.
2476 2570 2563 2623 Ἐν
2590 2573 2702 2635 τοῖς
2727 2571 3002 2634 ἀκουσίοις
3025 2571 3145 2623 ἐστὶ
3174 2570 3392 2624 κάκεῖνο
3424 2568 3560 2640 (60),
3584 2568 3668 2631 τὸ,

2080 2660 2418 2730 ἀμυνόμενόν
2440 2679 2561 2714 τινα
2595 2663 2654 2715 ἐν
2691 2662 2837 2734 μάχῃ
2874 2661 3071 2734 ξύλῳῆ
3106 2662 3279 2735 χειρὶ,
3310 2661 3547 2731 ἀφειδῶς
3575 2661 3673 2716 ἐπὶ

2081 2749 2147 2803 τὰ
2174 2750 2363 2820 καίρια
2382 2751 2482 2820 τὴν
2510 2750 2722 2823 πληγὴν
2749 2753 3015 2818 ἐνεγκεῖν,
3046 2750 3188 2804 ὥστε
3209 2750 3457 2805 κακῶσαι
3481 2749 3670 2815 αὑτὸν,

2080 2842 2180 2913 οὐχ
2200 2842 2340 2896 ὥστε
2364 2843 2642 2908 παντελῶς
2674 2843 2903 2899 ἀνελεῖν.
2929 2841 3089 2895 Ἀλλά
3118 2842 3275 2896 τοῦτο
3300 2842 3400 2913 ἤδη
3436 2858 3674 2913 προσεγ-

2080 2933 2224 3001 γίζει
2262 2934 2342 3006 τῷ
2380 2935 2630 3006 ἑκουσίῳ.
2680 2936 2737 2988 Ὁ
2776 2935 2884 3007 γὰρ
2923 2934 3161 3006 τοσούτῳ
3196 2934 3543 3006 χρησάμενος
3576 2933 3672 3004 ὀρ-

2080 3022 2230 3093 γάνῳ
2259 3022 2395 3094 πρὸς
2420 3024 2652 3094 ἄμυναν,
2680 3023 2713 3095 ἢ
2747 3024 2775 3077 6
2802 3024 2876 3095 μὴ
2910 3023 3288 3093 πεφεισμένως
3318 3021 3416 3093 τὴν
3450 3020 3669 3091 πληγὴν

2082 3114 2400 3184 ἐπαγαγὼν,
2439 3114 2598 3184 δῆλός
2635 3116 2772 3181 ἐστι,
2813 3114 2900 3168 διὰ
2929 3115 2991 3168 τὸ
3033 3112 3407 3185 κεκρατῆσθαι
3438 3113 3547 3167 ὑπὸ
3573 3112 3666 3166 τοῦ

2082 3205 2306 3269 πάθους,
2336 3204 2569 3275 ἀφειδῶν
2590 3205 2684 3259 τοῦ
2712 3204 3021 3277 ἀνθρώπου.
3065 3202 3299 3276 Ὁμοίως
3332 3204 3428 3257 καὶ
3461 3205 3489 3257 6
3523 3202 3669 3275 ξύλῳ

2084 3296 2256 3367 βαρεῖ,
2287 3296 2382 3349 καὶ
2409 3298 2437 3349 6
2470 3295 2604 3366 λίθῳ
2646 3295 2851 3367 μείζονι
2881 3295 2979 3366 τῆς
3006 3295 3285 3366 δυνάμεως
3316 3295 3415 3365 τῆς
3454 3294 3669 3367 ἀνθρωο

2081 3386 2242 3457 πίνης
2271 3387 2635 3459 χρησάμενος,
2666 3390 2780 3450 τοῖς
2811 3387 3085 3450 ἀκουσίοις
3110 3387 3483 3459 ὲναριθμεῖται
3502 3428 3518 3452 ,
3539 3386 3670 3440 ἀλλο

2084 3478 2182 3551 μέν
2215 3496 2267 3532 τι
2301 3478 2413 3549 (61)
2459 3478 2841 3550 προελόμενος,
2886 3477 3012 3532 ἄλλο
3049 3476 3106 3532 δέ
3137 3496 3189 3532 τι
3235 3479 3486 3549 ποιήσας.
3531 3475 3670 3532 Ὑπὸ

2080 3569 2190 3642 γὰρ
2220 3568 2315 3623 τοῦ
2357 3569 2529 3641 θυμοῦ
2571 3569 2823 3641 τοιαύτην
2868 3570 3067 3641 ἤνεγκε
3112 3569 3213 3641 τὴν
3252 3569 3488 3641 πληγὴν,
3523 3566 3667 3622 ὥστε

2081 3661 2289 3715 ἀνελεῖν
2334 3662 2426 3715 τὸν
2480 3661 2776 3733 πληγέντα’
2818 3661 2996 3714 καίτοι
3054 3662 3089 3732 ἡ
3142 3661 3345 3732 σπουδὴ
3391 3656 3460 3732 ἦν
3514 3659 3666 3731 αὐτῷ

2083 3751 2370 3825 συντρίψαι
2388 3751 2569 3823 τυχὸν,
2591 3752 2712 3821 οὐχὶ
2732 3751 2788 3804 δὲ
2816 3751 2911 3805 καὶ
2937 3750 3217 3816 παντελῶς
3243 3750 3576 3805 θανατῶσαι.
3607 3749 3666 3803 '0

2085 3843 2269 3913 μέντοι
2303 3843 2445 3911 ξίφει
2484 3841 2847 3913 χρησάμενος,
2879 3841 2912 3912 ἢ
2950 3839 3196 3911 ᾡτινιοῦν
3232 3840 3480 3909 τοιούτῳ,
3521 3840 3667 3894 οὐδε-

2086 3935 2214 4006 μίαν
2255 3934 2369 4005 ἐχει
2422 3935 2773 4007 παραίτησιψ
2828 3935 2923 3988 καὶ
2979 3935 3211 4005 μάλιστα
3253 3935 3282 3987 6
3326 3932 3426 4005 τὴν
3468 3932 3665 4005 ἀξίνην

2082 4024 2390 4089 ἀκοντίσας.
2411 4025 2520 4078 Καὶ
2539 4025 2648 4096 γὰρ
2670 4025 2791 4079 οὐδὲ
2815 4024 2923 4078 ἀπὸ
2947 4024 3132 4096 χειρὸς
3154 4023 3402 4094 φαίνεται
3426 4022 3661 4096 πλήξας,

2083 4114 2225 4168 ὥστε
2265 4115 2326 4168 τὸ
2368 4115 2563 4187 μέτρον
2603 4115 2705 4184 τῆς
2743 4114 2960 4186 πληγῆς
3004 4114 3091 4167 ἐπ’
3137 4112 3284 4184 αὐτῷ
3326 4107 3498 4179 εἶναι,
3544 4112 3663 4166 ἀλλ’

2083 4206 2383 4277 ἠκόντισεν,
2422 4205 2561 4260 ὥστε
2602 4208 2698 4261 καὶ
2741 4207 2821 4278 τῷ
2863 4207 3016 4279 βάρει
3052 4205 3145 4260 τοῦ
3184 4206 3433 4277 σιδήρου,
3469 4206 3567 4259 καὶ
3594 4207 3660 4276 τῇ

2082 4298 2257 4368 ἀκμῇ,
2309 4298 2404 4351 καὶ
2448 4300 2516 4369 τῇ
2559 4297 2649 4351 διὰ
2693 4297 2947 4351 πλείστου
2990 4297 3152 4367 φορᾷ,
3198 4295 3445 4367 ὀλεθρίαν
3490 4296 3663 4364 ἀναγ-

2014 4415 2058 4469 D
2086 4388 2255 4453 καίως
2310 4388 2409 4460 τὴν
2472 4387 2684 4460 πληγὴν
2737 4388 3009 4457 γενέσθαι.
3051 4387 3327 4442 Ἐκούσιον
3384 4387 3445 4440 δὲ
3498 4388 3664 4442 πάλιν

2087 4479 2386 4545 παντελῶς,
2418 4481 2512 4534 καὶ
2542 4480 2798 4548 οὐδεμίαν
2836 4480 3161 4550 ἀμφιϐολίαν
3204 4479 3347 4550 ἔχον,
3388 4474 3501 4533 οἷόν
3546 4481 3664 4532 ἐστι

2082 4570 2145 4623 τὺ
2167 4570 2275 4623 τῶν
2303 4569 2513 4643 λῃστῶν
2542 4569 2636 4623 καὶ
2660 4569 2722 4622 τὸ
2758 4568 2866 4623 τῶν
2894 4569 3203 4641 πολεμικῶν
3232 4569 3461 4638 ἐφόδων.
3497 4564 3662 4623 Οὗτοι

2088 4660 2185 4731 μὲν
2223 4659 2331 4731 γὰρ
2362 4658 2451 4712 διὰ
2491 4660 2747 4731 χρήματα
2791 4657 3103 4731 ἀναιροῦσι,
3137 4659 3230 4713 τὸν
3265 4659 3487 4730 ἔλεγχον
3526 4662 3665 4715 ἀπο-

2079 4840 2196 4907 jam
2229 4839 2429 4892 alecula
2458 4845 2727 4891 tantorum
2758 4837 2972 4906 ingenia
2997 4837 3220 4892 sudasse
3243 4854 3262 4892 :
3285 4839 3370 4894 vel
3399 4854 3525 4892 eum
3559 4854 3663 4893 au-

2085 4916 2206 4961 ctor
2241 4907 2364 4960 libri
2398 4907 2469 4978 De
2499 4907 2878 4978 rebaptismate
2913 4909 2969 4961 in
2992 4908 3326 4978 Cyprianum
3360 4910 3531 4963 tacito
3563 4925 3664 4964 no-

2087 4978 2236 5032 mine
2262 4977 2561 5042 invehitur,
2590 4976 2737 5045 quod
2780 4976 3238 5045 adversus’prisca
3268 4979 3512 5032 consulta
3546 4988 3665 5047 post

2088 5055 2163 5099 tot
2196 5051 2512 5101 saeculorum
2541 5056 2745 5100 tantam
2786 5048 2972 5117 seriem
3016 5064 3154 5117 nunc
3186 5049 3416 5116 primum
3456 5060 3665 5117 repente

2086 5117 2200 5169 sine
2227 5118 2430 5171 ratione
2465 5119 2735 5186 insurgat,
2775 5131 2830 5185 p.
2866 5114 2992 5171 557.
3030 5116 3116 5189 De
3144 5114 3249 5172 hoc
3279 5133 3411 5189 ergo
3436 5114 3663 5189 triginta

2086 5200 2355 5310 andnorum
2385 5200 2615 5241 numero
2647 5202 2756 5240 non
2787 5201 2995 5255 paucos
3017 5186 3369 5244 deducendos
3392 5186 3665 5245 esse'cre-

2126 5273 2139 5308 ι
2182 5272 2337 5310 enm.

2126 5272 2337 5310 luerim.

2158 5326 2291 5398 (59),,
2340 5327 2795 5383 Ἀκοντίσαντα.
2856 5323 2950 5381 Sic
3011 5326 3258 5398 plerique
3321 5343 3459 5385 mss.
3514 5327 3661 5383 Editi

2087 5396 2458 5461 ἀκοντίζοντα.
3168 5396 3181 5398 ⁷
3656 5436 3661 5443 -

2161 5465 2271 5537 (60)
2302 5467 2579 5540 Κάκεῖνο.
2634 5466 2781 5524 Editi
2833 5466 3044 5523 addunt
3083 5467 3306 5538 ὁμοίως,
3333 5467 3482 5540 quod
3507 5467 3661 5525 deest

2086 5536 2142 5590 in
2172 5538 2430 5591 omnibus
2461 5553 2601 5593 mss.
2660 5564 2670 5569 -

2158 5604 2239 5686 φ]
2254 5607 2612 5686 λςᾉλλρμέν
2624 5624 2701 5671 τι,
2727 5616 2835 5663 etc.
2858 5605 2950 5686 Sic
2977 5607 3226 5686 plerique
3253 5625 3387 5686 mss.
3413 5608 3656 5686 codices.

2087 5674 2230 5731 Editi
2255 5676 2383 5731 ἀλλο
2413 5674 2511 5748 μέν
2544 5696 2646 5746 τοι,
2678 5690 2732 5733 et
2760 5679 2921 5748 paulo
2952 5674 3073 5748 post
3104 5674 3231 5736 ἄλλο
3260 5679 3318 5736 δὲ
3346 5682 3603 5752 ποιήσας.
