3852 6220
212 273 324 327 6Ὶῖ

1082 275 1573 335 EPISTOLARUM
1611 278 1985 336 CLASSlSII.
2031 280 2253 336 EPIST.
2288 280 2668 341 CLXXXVIII.

3380 291 3486 348 678

214 388 539 458 φεύγοντες
569 388 623 441 οἵ
652 406 710 442 τε
738 389 797 441 ὲν
830 392 942 454 τοῖς
980 391 1238 463 πολέμοις
1270 395 1362 447 ἐπὶ
1397 394 1589 465 φόνους
1622 396 1802 468 ἔρχον-

1910 395 2253 462 interimunt,
2301 406 2560 453 caventes
2608 413 2679 453 ne
2717 398 3117 454 convincantur
3146 418 3160 455 :
3193 410 3248 458 et
3291 407 3385 475 qui
3430 409 3483 462 in

212 496 335 543 ται,
378 477 501 531 οὔτε
549 478 814 550 φοϐῆσαι,
864 479 989 534 οὔτε
1038 482 1391 555 σωφρονίσαι,
1440 483 1555 536 ἀλλ’
1601 483 1809 537 ἀνελεῖν

212 572 350 634 τοὺς
380 572 824 641 ἐναντιουμένους
863 571 972 643 (62)
1009 575 1074 627 ὲκ
1113 573 1206 627 τοῦ
1239 575 1472 647 φανεροῦ
1513 576 1806 647 προαιρού-

216 677 399 730 μενοι.
435 662 546 715 Καὶ
578 662 782 733 μέντοι,
813 664 918 717 κᾶν
945 664 1013 717 δι’
1044 666 1211 738 ἄλλην
1232 667 1354 721 τινὰ
1381 670 1558 723 αἰτίαν
1583 669 1805 742 περίερ-

210 767 316 820 γον
373 753 666 824 φάρμακόν
720 771 804 819 τις
849 757 1147 832 ἐγκεράσῃ,
1212 760 1375 834 ἀνέλῃ
1423 763 1500 827 δὲ,
1561 764 1806 818 ἑκούσιον

209 843 483 915 τιθέμεθα
512 845 576 898 τὸ
605 847 863 902 τοιοῦτον·
894 845 1006 903 οἷον
1036 851 1282 905 ποιοῦσιν
1309 855 1364 906 αἱ
1389 857 1643 922 γυναῖκες
1673 856 1805 909 πολ-

211 936 396 1003 λάκις,
423 938 702 1003 ἐπαοιδαῖς
733 957 845 993 τισι
877 943 971 995 καὶ
1009 943 1373 1015 καταδέσμοις
1413 946 1552 1017 πρὸς
1572 940 1650 1000 ’τὸ
1683 949 1805 1000 ἐαυ-

208 1028 324 1081 τῶν
359 1028 583 1100 φίλτρον
612 1032 914 1101 ὲπάγεσθαί
941 1049 1094 1097 τινας
1122 1034 1479 1106 πειρώμεναι,
1504 1037 1599 1090 καὶ
1631 1054 1802 1109 προσ·
1828 1048 1832 1050 ’

208 1120 453 1174 διδοῦσαι
478 1123 660 1185 αὐτοῖς
708 1124 993 1195 φάρμακα,
1031 1125 1295 1181 σκότωσιν
1323 1127 1652 1199 ἐμποιοῦντα
1684 1132 1804 1192 ταῖς

208 1214 499 1279 διανοίαις.
539 1217 606 1267 Δί
640 1216 888 1271 τοιαῦται
925 1218 1105 1273 τοίνυν
1137 1218 1451 1283 άνελοῦσαι,
1481 1221 1530 1272 εἰ
1559 1222 1653 1274 καὶ
1677 1222 1804 1276 ἄλλο

208 1305 610 1377 προελόμεναι,
644 1306 772 1362 ἄλλο
801 1309 1081 1379 ἐποίησαν,
1123 1311 1273 1381 ὅμως
1308 1310 1397 1365 διὰ
1426 1311 1487 1364 τὸ
1515 1313 1803 1385 περίεργον

206 1397 305 1449 καὶ
328 1398 782 1468 ἀπηγορευμένον
804 1400 905 1470 τῆς
925 1400 1321 1472 ἐπιτηδεύσεως
1342 1404 1398 1455 ὲν
1416 1404 1525 1466 τοῖς
1542 1404 1801 1469 ἑκουσίως

206 1488 500 1556 φονεύουσι
538 1489 1008 1559 καταλογίζονται.
1050 1493 1162 1546 Καὶ
1193 1494 1249 1545 αί
1286 1493 1463 1546 τοίνυν
1487 1494 1555 1547 τά
1584 1494 1802 1566 ἀμϐλω-

206 1580 396 1653 θρίδια
427 1582 667 1636 διδοῦσαι
700 1585 967 1655 φάρμακα
998 1584 1311 1657 φονεύτριαί
1351 1588 1457 1639 είσι
1493 1587 1587 1640 καὶ
1616 1586 1797 1653 αὐταὶ,

112 1722 123 1729 .
204 1675 304 1727 καὶ
336 1676 395 1728 αἱ
426 1674 713 1745 δεχόμεναι
744 1677 812 1728 τὰ
846 1675 1219 1748 ἐμϐρυοκτὸνα
1255 1676 1575 1751 δηλητήρια.
1615 1678 1798 1732 Ταῦτα

208 1766 311 1836 μὲν
337 1767 423 1829 είς
456 1766 730 1821 τοσοῦτον.

276 1877 359 1933 9’.
409 1879 474 1931 Ἡ
505 1879 561 1932 δὲ
590 1874 684 1932 τοῦ
714 1878 918 1952 Κυρίου
947 1878 1251 1948 ἀπόφασις,
1282 1879 1425 1934 κατὰ
1454 1879 1550 1951 μὲν
1581 1879 1676 1951 τὴν
1698 1880 1797 1949 τῆς

204 1967 420 2031 ἐννοίας
453 1967 797 2033 ἀκολουθίαν,
821 1968 881 2034 ἐξ
907 1969 1022 2022 ίσου
1058 1969 1151 2022 καὶ
1182 1969 1407 2040 ἀνδράσι
1428 1969 1521 2023 καὶ
1552 1970 1796 2038 γυναιξὶν

204 2057 460 2130 ἁρμόζει,
486 2060 614 2130 περὶ
636 2057 728 2112 τοῦ
758 2058 832 2131 μὴ
858 2059 1056 2124 ἐξεῖναι
1079 2059 1258 2131 γάμου
1286 2060 1615 2125 ἐξίστασθαι,
1651 2079 1795 2133 παρ-

202 2150 367 2214 εκτδς
412 2149 573 2219 λόγου
643 2153 921 2223 πορνείας.
968 2154 1035 2206 Ἥ
1076 2153 1134 2207 δὲ
1168 2153 1424 2226 συνήθεια
1479 2154 1578 2225 οὐχ
1621 2153 1796 2218 οὕτως

202 2243 349 2316 ἔχει·
379 2246 496 2300 ἀλλ’
524 2247 617 2300 ἐπὶ
652 2248 750 2319 μὲν
779 2248 887 2302 τῶν
920 2249 1198 2318 γυναικῶν
1237 2250 1435 2322 πολλὴν
1467 2252 1793 2322 εὑρίσκομεν

200 2336 622 2408 ἀκριϐολογίαν,
664 2338 757 2392 τοῦ
790 2339 889 2410 μὲν
927 2341 1248 2396 Ἀποστόλου
1281 2341 1558 2412 λέγοντοςο
1599 2344 1719 2396 Ὅτι
1759 2345 1793 2397 ὀ

201 2427 594 2498 κολλώμενος
618 2427 693 2498 τῇ
720 2432 936 2500 πόρνῃ,
967 2431 1038 2486 ἓν
1062 2431 1237 2502 σῶμά
1259 2434 1408 2487 ἐστι·
1435 2434 1529 2487 τοῦ
1553 2434 1609 2487 δὲ
1637 2434 1794 2505 Ἰερε-

205 2519 356 2589 μίου·
394 2520 546 2584 Ὅτι,
594 2520 703 2574 ἐὰν
747 2520 988 2592 γένηται
1026 2523 1183 2592 γυνὴ
1226 2523 1397 2593 ἀνδρὶ
1428 2524 1635 2591 ἑτέρῳ,
1679 2528 1791 2580 οὐκ

199 2607 551 2678 ἐπιστρέψει
579 2608 729 2678 πρὸς
758 2609 866 2663 τὸν
890 2611 1080 2681 ἄνδρα
1114 2612 1332 2681 αὐτῆς,
1373 2615 1531 2669 ἀλλὰ
1563 2632 1791 2685 μιαινο-

195 2699 356 2767 μένη
377 2700 797 2769 μιανθήσεταιο
837 2703 932 2755 καὶ
960 2703 1140 2757 πάλιν·
1184 2706 1248 2758 '0
1285 2705 1442 2774 ἔχων
1467 2705 1790 2776 μοιχαλίδα

200 2792 411 2861 ἄφρων
433 2792 532 2845 καί
558 2793 806 2862 ἀσεϐής.
840 2795 904 2846 Ἦ
933 2794 990 2847 δὲ
1030 2795 1287 2866 συνήθεια
1320 2795 1412 2848 καὶ
1443 2796 1789 2867 μοιχεύοντας

198 2882 402 2955 ἄνδρας
428 2884 523 2937 καὶ
553 2886 610 2938 ἐν
637 2884 914 2956 πορνείαις
940 2885 1099 2947 ὄντας
1122 2886 1447 2956 κατέχεσθαι
1476 2887 1579 2939 ὑπὸ
1604 2904 1790 2955 γυναι-

198 2975 315 3030 κῶν
348 2977 702 3049 προστάσσει.
737 2978 900 3030 ’Ὥστε
928 2978 961 3049 ἡ
994 2976 1074 3048 τῷ
1105 2978 1385 3049 άφειμένῳ
1413 2978 1566 3050 ἀνδρὶ
1605 2996 1780 3033 συνοιο

198 3066 377 3122 κοῦσα
396 3068 499 3121 οὐκ
517 3064 634 3122 οἶδα
657 3069 706 3121 εί
730 3068 954 3122 δύναται
985 3069 1234 3140 μοιχαλὶς
1261 3068 1623 3141 χρηματίζειν
1651 3071 1782 3142 (63).

196 3158 272 3210 Τὸ
297 3158 411 3231 γάρ
449 3148 701 3230 ἔγκλημα
730 3158 966 3212 ἐνταῦθα
992 3159 1094 3229 τῆς
1124 3159 1473 3229 ἀπολυσάσης
1500 3160 1590 3213 τὸν
1621 3161 1788 3233 ἄνδρα

194 3250 457 3315 ἅπτεται,
492 3251 636 3305 κατὰ
667 3250 827 3303 ποίαν
857 3251 1038 3305 αἰτίαν
1071 3250 1183 3320 (64)
1216 3251 1425 3321 ἀπέστη
1463 3250 1556 3304 τοῦ
1587 3253 1788 3323 γάμου.

195 3345 324 3398 Εἴτε
363 3344 460 3397 καὶ
497 3343 843 3414 τυπτομένη,
885 3344 959 3415 μὴ
993 3344 1235 3416 φέρουσα
1273 3344 1382 3414 (65)
1418 3344 1516 3409 τὰς
1552 3345 1787 3415 πληγάς,

195 3434 495 3505 ὑπομένειν
536 3432 706 3506 ἐχρῆν
744 3434 946 3505 μᾶλλον
990 3433 1023 3497 ἦ
1059 3434 1439 3505 διαζευχθῆναι
1476 3439 1570 3489 τοῦ
1611 3454 1788 3490 συνοι-

195 3524 443 3588 κοῦντος·
480 3524 593 3577 εἴτε
635 3525 735 3595 τὴν
783 3526 864 3588 είς
914 3525 983 3577 τά
1027 3525 1285 3595 χρήματα
1323 3523 1527 3595 ζημίαν
1572 3526 1645 3596 μὴ
1691 3527 1789 3596 φέ-

199 3633 391 3688 ρουσα,
426 3617 548 3670 οὐδὲ
574 3615 715 3687 αὕτη
743 3618 777 3688 ὴ
805 3617 1078 3688 πρόφασις
1104 3617 1400 3686 ἀξιόλογος.
1439 3619 1504 3671 Εἰ
1525 3619 1581 3672 δὲ
1607 3618 1693 3674 διά
1720 3620 1782 3673 τὸ

194 3710 253 3761 ὲν
276 3708 508 3782 πορνεία
537 3709 699 3763 αὐτὸν
730 3709 829 3781 ζῇν
848 3752 861 3771 ,
890 3710 991 3763 ούκ
1026 3709 1222 3780 ἔχομεν
1250 3710 1408 3764 τοῦτο
1456 3712 1513 3764 ἐν
1547 3713 1613 3783 τῇ
1660 3729 1784 3766 συν-

195 3799 355 3873 ηθείᾳ
403 3804 470 3873 τῇ
521 3801 945 3873 ἐκκλησιαστικῇ
974 3800 1035 3854 τὸ
1075 3803 1478 3874 παρατήρημα·
1514 3800 1648 3855 ἀλλά
1690 3803 1785 3855 καὶ

194 3890 427 3944 ἀπίστου
455 3890 646 3962 ἀνδρὸς
666 3889 996 3963 χωρίζεσθαι
1019 3888 1079 3943 οὐ
1108 3889 1449 3961 προσετάχθη
1480 3888 1593 3960 (66)
1621 3890 1781 3961 γυνὴ,

192 3986 331 4040 ἀλλὰ
375 3985 748 4058 παραμένειν,
784 3983 871 4037 διὰ
912 3982 974 4037 τὺ
1018 3982 1212 4054 ἄδηλον
1251 3982 1350 4052 τῆς
1391 3980 1688 4044 ἐκϐάσεως.
1722 3982 1784 4035 Τί

193 4075 307 4147 γὰρ
337 4072 529 4142 οἶδας,
560 4076 768 4145 γύναι,
807 4076 860 4128 εὶ
898 4073 1006 4127 τὸν
1041 4072 1230 4141 ἄνδρα
1258 4071 1516 4139 σώσεις;
1548 4073 1709 4125 Ὥστε
1746 4073 1779 4144 ὴ

193 4167 591 4229 καταλιποῦσα,
626 4164 894 4236 μοιχαλὶς,
920 4166 969 4218 εί
1000 4165 1085 4218 ἐπ’
1112 4164 1270 4218 ἄλλον
1296 4159 1458 4236 ἦλθεν
1494 4162 1684 4235 ἄνδρα.
1721 4163 1779 4216 '0

191 4259 249 4313 δὲ
283 4257 672 4328 καταλειφθεὶς
711 4258 1058 4328 συγγνωστός
1094 4258 1230 4319 ἐστι,
1262 4258 1358 4311 καὶ
1387 4258 1420 4329 ἡ
1457 4256 1780 4311 συνοικοῦσα

190 4351 270 4423 τῷ
290 4352 517 4424 τοιούτῳ
544 4352 605 4405 οὐ
640 4350 1046 4422 κατακρίνεται.
1078 4351 1141 4404 Εἰ
1175 4350 1359 4421 μέντοι
1392 4352 1421 4405 ὁ
1452 4350 1618 4422 ἀνὴρ,
1647 4351 1780 4403 ἀπο-

1911 485 2068 541 bellis
2109 487 2177 540 ad
2205 487 2406 541 caedem
2434 486 2708 551 feruntur,
2750 486 2836 542 his
2878 502 2980 541 nec
3006 494 3234 554 terrere,
3265 505 3368 546 nec
3392 508 3481 547 ca-

1909 577 2137 645 stigare,
2173 577 2267 631 sed
2297 577 2651 632 adversarios
2681 576 2997 632 interficere
3031 587 3217 647 aperte
3241 583 3488 654 proposi-

1907 673 2023 721 tum
2062 674 2167 722 est.
2192 667 2370 734 Atque
2406 667 2623 722 etiamsi
2648 668 2774 738 quis
2801 679 3022 738 propter
3051 669 3289 739 aliquam
3319 673 3485 727 aliam

1907 770 2133 811 causam
2176 758 2458 812 curiosum
2495 757 2850 827 pharmacum
2888 759 3196 827 miscuerit,
3226 769 3283 816 et
3316 764 3489 819 inter-

1906 845 2116 912 fecerit,
2159 846 2213 901 id
2258 861 2360 917 pro
2408 848 2725 902 voluntario
2771 848 3063 917 ducimus;
3097 858 3158 904 ut
3209 866 3356 923 saepe
3404 854 3488 911 fa-

1904 938 2060 991 ciunt
2116 938 2410 1004 mulieres,
2468 955 2590 1009 qua:
2637 939 2968 1010 quibusdam
3017 943 3485 1006 incantationibus

1908 1039 1964 1081 et
2000 1028 2257 1084 amuletis
2296 1029 2365 1083 ad
2416 1029 2500 1084 sui
2535 1044 2778 1083 amorem
2823 1029 3038 1100 aliquos
3073 1033 3353 1088 attrahere
3391 1051 3487 1090 co-

1904 1127 2129 1184 nantur,
2169 1121 2413 1190 dantque
2438 1123 2541 1197 .eis
2583 1121 2876 1191 pharmaca
2916 1123 3192 1180 mentibus
3226 1127 3483 1183 tenebras

1903 1214 2258 1269 ofi‘undentia.
2292 1214 2384 1269 Ha:
2412 1230 2563 1285 ergo,
2596 1214 2642 1270 si
2671 1215 3066 1280 interfecerint,
3091 1218 3307 1274 etiamsi
3325 1205 3482 1275 aliud

1901 1306 2167 1368 volentes,
2216 1307 2365 1361 aliud
2411 1305 2665 1370 fecerint,
2715 1314 2898 1362 tamen
2927 1318 3150 1378 propter
3196 1314 3475 1366 curiosum

1899 1405 1955 1454 et
2003 1398 2338 1468 prohibitum
2387 1414 2527 1469 opus
2582 1386 2725 1454 inter
2774 1400 3118 1456 voluntarios
3170 1402 3475 1459 homicidas

1900 1497 2249 1559 reputantur.
2275 1490 2464 1560 Itaque
2490 1499 2543 1544 et
2570 1505 2690 1559 quae
2716 1490 2960 1560 praebent
2990 1492 3282 1561 pharmaca
3313 1497 3477 1549 abor-

1902 1588 2018 1635 tum
2052 1583 2276 1647 cientia,
2323 1592 2451 1639 sunt
2483 1590 2538 1638 et
2580 1583 2712 1653 ipsae
2742 1583 3051 1649 homicidae,
3095 1585 3239 1639 sicut
3279 1594 3477 1657 etquae

1902 1690 2111 1729 venena
2139 1674 2308 1731 fetum
2340 1675 2597 1731 necantia
2626 1675 2925 1746 accipiunt.
2953 1674 3080 1731 Ha’c
3107 1677 3326 1747 quidem
3355 1679 3476 1745 huc

1822 1775 1866 1830 Β
1893 1782 2089 1837 usque.

1969 1879 2059 1934 1X.
2102 1879 2282 1950 Eque
2322 1879 2459 1935 viris
2503 1886 2555 1935 et
2591 1879 2919 1935 mulieribus
2972 1882 3233 1936 convenit
3272 1896 3475 1937 secun-

1896 1975 2023 2031 dum
2056 1975 2343 2032 sententiae
2363 1975 2812 2030 consecutionem
2842 1973 2988 2044 quod
3025 1989 3054 2027 a
3082 1973 3317 2028 Domino
3344 1989 3473 2045 pro-

1895 2070 2204 2123 nuntiatum
2228 2074 2334 2131 est,
2371 2082 2482 2122 non
2510 2068 2679 2123 licere
2706 2082 2738 2121 a
2774 2066 3127 2121 matrimonio
3157 2065 3469 2128 discedere,

1895 2161 2002 2216 nisi
2041 2161 2112 2215 ob
2137 2160 2581 2215 fornicationem.
2630 2159 2983 2214 Consuetudo
3017 2165 3196 2212 autem
3242 2174 3352 2212 non
3397 2159 3471 2212 ita

1894 2266 1956 2307 se
2003 2251 2187 2316 habet,
2231 2250 2328 2306 sed
2363 2250 2686 2306 mulieribus
2727 2250 2948 2322 quidem
2997 2250 3169 2303 multa
3214 2259 3473 2306 accurate

1891 2340 2175 2396 observari
2222 2339 2705 2410 deprehendimus,
2750 2356 2875 2395 cum
2915 2340 3211 2411 Apostolus
3242 2342 3463 2412 quidem

1892 2431 2063 2496 dicat,
2096 2430 2249 2499 Quod
2285 2434 2379 2503 qui
2427 2431 2661 2487 adltwret
2710 2434 2999 2497 meretrici,
3043 2434 3105 2503 ﬁt
3145 2449 3311 2487 unum
3350 2450 3469 2488 eor-

1889 2534 1985 2589 pus
2011 2521 2091 2585 ";
2123 2518 2392 2577 Jeremias
2446 2536 2602 2587 vero,
2646 2520 2800 2587 Quod
2833 2523 2882 2577 si
2918 2522 3080 2592 furit
3123 2522 3315 2576 mulier
3347 2540 3468 2577 cum

1891 2608 1998 2663 alio
2026 2610 2156 2674 viro,
2184 2625 2287 2662 non
2319 2617 2605 2664 revertetur
2637 2608 2706 2662 ad
2730 2611 2899 2663 virum
2927 2627 3104 2677 suum,
3137 2610 3228 2665 sed
3259 2611 3470 2681 polluta

1886 2701 2155 2769 polluetur
2176 2702 2221 2734 ⁸ο
2251 2721 2265 2768 ;
2299 2709 2355 2758 et
2390 2702 2610 2766 iterum,
2648 2702 2755 2769 Qui
2797 2700 2952 2756 habet
2983 2702 3301 2772 adulteram,
3327 2704 3468 2758 stul-

1890 2778 2078 2847 tus'est
2106 2802 2157 2847 et
2185 2794 2380 2863 impius
2406 2794 2473 2848 δι.
2507 2793 2864 2849 Consuetudo
2893 2804 3076 2850 autem
3109 2795 3275 2849 etiam
3315 2794 3470 2850 adul-

1888 2891 2039 2939 teros
2064 2885 2214 2939 viros
2251 2891 2305 2939 et
2344 2884 2398 2937 in
2434 2883 2900 2940 fornicationibus
2932 2894 3218 2942 versantes
3244 2886 3402 2956 jubet
3436 2902 3468 2941 a

1889 2976 2212 3031 mulieribus
2270 2976 2520 3033 retineri.
2552 2975 2734 3043 Quare
2764 2992 2887 3046 quae
2933 2993 3042 3032 una
3073 2993 3199 3033 cum
3229 2979 3350 3034 viro
3381 2979 3469 3034 di-

1890 3067 2062 3121 misso
2094 3066 2329 3134 habitat,
2360 3068 2549 3123 nescio
2587 3083 2653 3122 an
2694 3070 2870 3138 possit
2898 3067 3145 3125 adultera
3172 3071 3465 3141 appellari.

1887 3156 2106 3212 Crimen
2137 3158 2283 3213 enim
2318 3158 2410 3212 hic
2453 3158 2671 3228 attingit
2707 3160 3013 3225 mulierem,
3045 3176 3168 3231 quae
3197 3161 3362 3234 274
3386 3165 3470 3218 vi-

1888 3263 2010 3302 rum
2044 3248 2295 3317 dimisit,
2331 3264 2567 3319 quanam
2601 3250 2668 3304 de
2691 3264 2858 3305 causa
2901 3266 2932 3304 a
2961 3252 3221 3322 conjugio
3248 3252 3465 3310 disces-

1887 3339 2045 3394 serit.
2082 3337 2214 3392 Sive
2257 3339 2402 3393 enim
2438 3354 2703 3409 percussa
2736 3341 2926 3411 plagas
2961 3355 3075 3394 non
3108 3340 3271 3407 ferat,
3322 3342 3466 3400 ferre

1884 3431 2059 3485 satius
2082 3437 2199 3484 erat
2225 3443 2388 3501 quam
2418 3444 2450 3483 a
2477 3430 2711 3502 conjuge
2736 3432 2985 3502 separari
3012 3450 3026 3486 :
3059 3433 3175 3490 sive
3199 3433 3463 3491 damnum

1885 3521 1939 3575 in
1988 3522 2237 3591 pecuniis
2266 3537 2377 3576 non
2412 3521 2571 3583 ferat,
2604 3539 2675 3578 ne
2701 3523 2817 3578 haec
2852 3525 3074 3593 quidem
3101 3524 3254 3594 justa
3287 3541 3462 3582 excu-

1882 3614 2023 3668 satio
2052 3633 2064 3667 :
2093 3614 2179 3668 sin
2232 3626 2436 3676 autem.
2487 3615 2746 3684 quoniam
2797 3615 2916 3686 ipse
2957 3616 3091 3670 vivit
3130 3618 3185 3671 in
3220 3616 3462 3673 fornica-

1854 3705 2053 3770 ,tione,
2085 3720 2194 3758 non
2223 3705 2485 3760 habemus
2509 3706 2651 3759 hanc
2682 3707 2738 3760 in
2761 3708 3138 3764 ecclesiastica
3162 3720 3462 3766 consuetu-

1887 3794 2016 3851 dine
2045 3796 2511 3861 observationem,
2547 3798 2660 3851 imo
2692 3814 2823 3854 vero
2850 3799 2918 3854 ab
2950 3800 3156 3856 infideli
3193 3801 3315 3857 viro
3346 3818 3459 3858 non

1880 3885 2042 3956 jussa
2078 3895 2163 3943 est
2197 3888 2396 3942 mulier
2429 3888 2698 3958 separari,
2727 3890 2821 3944 sed
2845 3900 3070 3961 propter
3098 3902 3351 3948 eventum
3380 3895 3462 3949 in-

1886 3986 2097 4034 certum
2122 3994 2425 4034 remanere.
2457 3978 2599 4045 Quid
2621 3981 2759 4033 enim
2789 3982 2916 4047 scis,
2942 3981 3154 4046 mulier,
3187 4000 3256 4037 an
3288 3984 3458 4038 virum

1881 4068 2088 4123 salvum
2139 4070 2213 4123 sis
2261 4069 2577 4138 factura“?
2639 4070 2842 4137 Quare,
2896 4087 3019 4141 quae
3072 4073 3320 4144 reliquit,
3371 4082 3459 4130 est

1880 4161 2150 4224 adultera,
2205 4161 2251 4215 si
2285 4160 2355 4215 ad
2399 4161 2567 4215 alium
2620 4165 2795 4215 virum
2845 4164 3102 4220 accessit.
3131 4165 3235 4231 Qui
3268 4172 3453 4220 autem

1878 4253 2106 4310 relictus
2143 4260 2250 4319 est,
2283 4252 2484 4325 dignus
2509 4262 2596 4309 est
2622 4255 2805 4319 venia,
2841 4262 2896 4310 et
2924 4272 3046 4326 quae
3086 4273 3195 4312 una
3225 4273 3349 4313 cum
3388 4273 3457 4313 eo

1879 4336 2111 4409 habitat,
2142 4361 2253 4399 non
2283 4343 2702 4401 condemnatur.
2731 4343 2841 4401 Sed
2861 4347 2909 4401 si
2934 4348 3034 4414 vir,
3068 4350 3161 4419 qui
3188 4349 3257 4404 ab
3282 4363 3457 4404 uxore

193 4444 327 4508 στάς
356 4444 459 4515 τῆς
482 4442 759 4513 γυναικὸς,
785 4441 871 4496 ἐπ’
894 4441 1060 4511 ἀλλην
1080 4437 1233 4513 ἦλθε,
1263 4441 1358 4494 καὶ
1382 4440 1543 4503 αὐτὸς
1569 4440 1776 4510 μοιχὸς,

1890 4439 2162 4504 discessit,
2204 4440 2441 4495 accessit
2478 4439 2546 4495 ad
2588 4440 2776 4507 aliam,
2822 4451 2909 4498 est
2949 4449 3005 4498 et
3051 4442 3170 4514 ipse
3216 4442 3454 4511 adulter,
3522 4470 3523 4473 η

260 4603 311 4635 ⁵⁸
349 4602 366 4656 l
395 4600 526 4657 Cor.
560 4598 731 4666 91,16.
806 4599 854 4632 '°
890 4596 1089 4654 Jerem.
1125 4613 1210 4664 ιιι,
1239 4597 1292 4651 1.
1366 4596 1410 4628 ἰ
1440 4594 1602 4649 Prov.
1635 4611 1788 4656 xvm,

1893 4633 1909 4647 .
1980 4594 2029 4626 "
2059 4593 2078 4646 l
2105 4593 2234 4649 Cor.
2265 4610 2366 4659 vn,
2397 4594 2486 4649 I6.

258 4784 376 4853 (62)
412 4781 560 4858 τοὺς
578 4780 1093 4858 ἐναντιουμένους.
1125 4777 1264 4832 Editi
1286 4778 1771 4858 GQTOQCEVGVﬂOU-

322 4871 408 4918 υς.
435 4852 626 4909 Melius
647 4855 701 4906 in
728 4853 1003 4922 plerisque
1032 4864 1166 4904 mss.
1190 4864 1330 4918 quos
1352 4852 1765 4922 secuti‘sumus.

258 4917 376 4996 (65)
406 4917 806 4993 Χρηματιζεὶν.
833 4917 1047 4975 Ιιοῖοιέ
1071 4934 1262 4974 omnes
1288 4933 1423 4973 mss.
1453 4917 1600 4972 Editi
1629 4934 1767 4988 χρη-

190 5010 570 5133 μῆῗῗῗὲατὰ
600 5061 1014 5133 ποίανναίτίαν.
1051 5058 1311 5131 Sequitur
1334 5056 1525 5133 in_boc
1551 5071 1765 5112 canone

187 5127 427 5191 Basilius
469 5133 743 5187 Remanas
788 5132 955 5199 leges,
984 5145 1122 5199 quas
1143 5127 1353 5183 'tamen
1388 5127 1589 5181 fatetur
1614 5142 1763 5199 cum

189 5205 489 5278 Evangelia
517 5205 698 5278 minus
729 5197 1062 5278 consentire.
1094 5198 1204 5278 Lex
1234 5199 1577 5278 Constantini
1605 5197 1764 5278 jubet

186 5268 239 5330 in
273 5268 493 5345 refudio
524 5272 775 5345 mittendo
813 5289 847 5325 a
885 5271 1223 5345 [entinauhwc
1263 5269 1636 5345 sola_crimina
1680 5268 1766 5321 in-

182 5338 347 5417 quiri,
388 5346 438 5400 si
472 5343 810 5417 homicidam,
852 5338 930 5395 vel
976 5340 1517 5417 medicamentarium,
1552 5338 1631 5392 vel
1674 5354 1760 5417 se-

182 5409 496 5484 pulcrorum
518 5414 890 5484 dissolutorent
931 5412 1401 5484 Amaritumﬂsuum
1428 5424 1549 5484 esse
1567 5409 1766 5484 proba-

185 5478 337 5541 rem.
371 5486 442 5539 At
469 5486 657 5540 eadem
688 5479 1356 5554 legeviris__con_ceditur,
1400 5486 1460 5554 ut
1484 5478 1765 5534 adulteras

186 5572 390 5613 uxores
424 5554 725 5609 dimittant.
743 5549 925 5621 'Aliud
960 5550 1259 5607 discrimen
1300 5550 1403 5621 hoc
1442 5549 1498 5602 in
1551 5563 1766 5621 canone

181 5641 388 5683 uxores
424 5626 569 5681 inter
592 5632 648 5678 et
677 5619 904 5677 maritos
940 5622 1179 5689 ponitur,
1211 5620 1359 5689 quod
1396 5634 1535 5673 uxor
1561 5619 1766 5688 injuste

181 5698 436 5764 (limina,
483 5695 532 5752 si
565 5695 634 5750 ab
670 5694 780 5749 alio
816 5692 1070 5759 ducatur,
1108 5690 1361 5747 adulterii
1408 5697 1593 5746 notam
1651 5705 1763 5744 non

1875 4774 2132 4855 effugiat;
2157 4775 2421 4855 dimissus
2449 4784 2630 4855 autem
2667 4776 2871 4848 injuste
2898 4777 3126 4855 maritus
3157 4789 3259 4855 nec
3291 4771 3452 4855 adul-

1872 4853 1957 4918 ter
1986 4847 2107 4918 psit,
2149 4847 2226 4918 si;
2253 4847 2415 4900 aliam
2467 4847 2653 4918 ducat,
2689 4847 2791 4904 nec
2837 4864 2957 4918 quae
2988 4849 3057 4903 ab
3096 4861 3164 4903 eo
3210 4847 3451 4909 ducitur,

1871 4916 2140 4989 adultera.
2189 4915 2459 4971 Caeterum
2513 4917 2747 4973 Basilius
2790 4915 2918 4974 ante
2951 4919 3455 4989 episcopatum__eo-

1870 4988 1992 5041 dem
2025 4986 2150 5054 jure
2181 5002 2405 5042 uxorem
2433 5002 2498 5041 ac
2538 4989 2794 5042 maritum
2828 5004 2953 5045 esse
2988 4983 3273 5043 censebat.
3313 4983 3453 5040 Nam

1871 5057 1928 5110 in
1976 5055 2299 5119 Moralibus,
2347 5071 2465 5126 reg.
2510 5056 2597 5118 75,
2636 5074 2691 5127 p.
2744 5059 2872 5121 508.
2921 5060 3115 5114 statuit
3164 5058 3335 5112 virum
3385 5055 3452 5127 ab

1869 5142 2053 5189 uxore,
2090 5136 2191 5197 aut
2234 5142 2457 5180 uxorem
2485 5144 2519 5181 a
2553 5126 2665 5183 uiro
2693 5144 2797 5182 non
2830 5128 3014 5182 debere
3047 5127 3312 5197 separari,
3348 5126 3455 5180 nisi

1867 5199 1985 5269 quis
2015 5196 2435 5269 deprehendatur
2464 5199 2519 5251 in
2543 5198 2828 5253 adulterio.
2867 5198 3094 5267 Utrique
3127 5198 3333 5269 pariter
3365 5199 3455 5251 in-

1871 5267 2091 5347 terdzeit
2121 5270 2279 5322 novis
2324 5269 2555 5338 nuptiis,
2595 5270 2712 5323 sive
2755 5270 3068 5339 repudient,
3115 5267 3231 5324 Sive
3281 5280 3454 5337 repu-

1962 5348 2106 5392 llllIl‘.

1866 5337 2178 5530 άζξὲὲὲΐιὴὴ
2198 5405 2489 5477 φέρουσα.
2515 5406 2608 5463 Sic
2636 5422 2774 5465 mss.
2796 5407 3046 5480 plerique
3069 5421 3286 5464 omnes.
3311 5406 3455 5464 Editi

1869 5495 1908 5530 υ.
1980 5495 2016 5530 ω
2053 5495 2155 5530 οει.

2117 5496 2155 5533 ι.

1868 5478 1943 5550 μὴ
1980 5478 2155 5550 φέρειο
2328 5547 2340 5565 ,
2551 5545 2564 5558 ,
2798 5478 2817 5480 ‘
2904 5549 2915 5561 ,
2955 5478 2974 5480 ⁷
3393 5549 3403 5560 .
3438 5548 3449 5559 ,

1868 5547 2483 5673 ποςξέξὲρτρρέταχθη.
2508 5546 2603 5602 Sic
2623 5560 2758 5605 mss.
2783 5548 3030 5621 plerique
3058 5562 3276 5605 omnes.
3306 5545 3454 5603 Edm

1866 5635 2216 5691 πωσεταγη.
