3852 6220
373 202 477 261 6η

1723 192 1782 249 S.
1820 187 2061 245 BASILll
2100 184 2315 241 MAGNI

3534 178 3643 235 680

376 320 507 389 quia
543 315 680 372 facit
730 322 793 370 ut
829 315 948 386 ipsa
1004 313 1335 369 adulterium
1377 311 1715 375 committat;
1756 316 1810 363 et
1839 323 1960 377 quzc

2065 302 2194 355 διότι
2249 302 2395 354 ποιεῖ
2440 298 2608 369 αὐτὴν
2662 294 3034 368 μοιχευθῆναι·
3086 292 3178 346 καὶ
3232 292 3265 363 ἠ
3314 291 3643 345 συνοικοῦσα

375 425 485 465 una
518 424 641 463 cum
683 409 807 479 ipso
852 407 1084 473 habitat,
1120 415 1207 461 cst
1229 404 1502 466 adultera,
1541 402 1669 472 quia
1714 401 1951 453 alienum

372 498 552 554 virum
577 495 645 551 ad
677 512 737 550 se
768 494 1039 549 traduxit.

450 579 516 636 X.
558 580 876 651 Quijurant
923 594 984 634 se
1011 576 1416 632 ordinationem
1450 589 1559 629 non
1607 581 1953 642 accepturos,

374 671 678 741 ejurantes,
712 685 781 724 ne
809 677 1082 740 cogantur
1115 666 1382 738 pejerare.
1423 664 1539 719 Etsi
1568 664 1713 718 enim
1738 662 1957 716 videtur

376 762 576 831 aliquis
606 774 729 815 esse
762 774 963 822 canon,
996 758 1088 828 qui
1118 755 1391 827 ejusmodi
1417 754 1731 809 hominibus
1758 767 1957 807 conce-

376 851 509 918 dat;
556 852 900 920 expericntia
935 858 1120 903 tamen
1153 849 1512 919 cognovimus
1545 862 1641 903 eos
1675 846 1768 917 qui
1812 845 1959 915 peje-

378 950 594 1009 rarun‘t,
641 942 829 998 felices
880 942 1061 998 exitus
1115 956 1225 995 non
1275 940 1497 994 habere.
1547 935 1956 994 Consideranda

377 1044 561 1089 autem
612 1041 764 1098 sunt,
806 1040 861 1088 et
903 1034 1116 1103 species
1144 1029 1533 1102 jurisjurandi,
1570 1040 1625 1084 et
1669 1028 1856 1090 verba,
1904 1034 1959 1081 et

378 1126 598 1178 animus
647 1139 758 1193 quo
786 1123 1139 1193 juraverunt,
1184 1129 1238 1176 et
1287 1121 1570 1191 sigillatim
1619 1134 1741 1190 quae
1774 1119 1958 1172 verbis

378 1218 563 1272 addita
591 1215 815 1270 fuerunt
841 1256 856 1280 ,
891 1215 1028 1271 adeo
1061 1224 1119 1268 ut
1152 1216 1197 1269 si
1230 1214 1378 1268 nulla
1407 1227 1637 1289 prorsus
1667 1211 1737 1268 sit
1767 1216 1843 1265 rei
1879 1211 1956 1264 le-

379 1309 593 1363 niendze
626 1308 789 1372 ratio,
825 1308 965 1363 tales
1015 1306 1240 1360 omnino
1285 1304 1595 1359 dimittendi
1632 1306 1764 1359 sint.
1801 1301 1956 1368 Quod

377 1409 558 1455 autem
582 1402 779 1454 attinet
810 1399 879 1453 ad
915 1397 1103 1454 Severi
1137 1399 1440 1468 negotium.
1467 1397 1717 1451 videlicet
1739 1396 1805 1450 ad
1839 1411 1959 1465 pre-

377 1492 659 1561 sbyterum
685 1488 755 1544 ab
781 1489 901 1558 ipso
929 1488 1271 1550 ordinatum,
1304 1484 1521 1541 videtur
1549 1485 1682 1539 mihi
1710 1501 1799 1541 res
1827 1493 1959 1541 tern-

379 1588 759 1653 peramentum
792 1578 1065 1649 ejusmodi
1116 1578 1341 1642 habere,
1374 1577 1419 1632 si
1453 1576 1595 1631 idem
1650 1583 1705 1631 et
1737 1576 1839 1631 tibi
1872 1576 1953 1630 vi-

379 1674 595 1727 deatur.
627 1672 831 1743 Agrum
863 1670 1017 1724 illum
1049 1667 1253 1724 Mestiae
1276 1667 1606 1737 subjectum,
1637 1666 1727 1721 cui
1751 1667 1842 1723 ille
1874 1668 1958 1721 vir

378 1763 632 1819 addictus
658 1762 785 1826 fuit,
812 1761 947 1832 jube
984 1759 1217 1815 Vasodis
1251 1760 1503 1815 subesse.
1539 1756 1632 1812 Sic
1676 1759 1824 1813 enim
1857 1774 1957 1813 nec

378 1857 643 1928 pejerabit
686 1857 777 1911 ille
809 1856 987 1909 aloco
1031 1869 1141 1908 non
1190 1854 1472 1917 recedens,
1527 1867 1629 1907 nec
1655 1850 1954 1923 Longinus,

381 1962 566 2001 secum
599 1946 806 2001 habens
833 1945 1143 2016 Cyriacum,
1183 1944 1239 1998 in
1276 1959 1443 2000 causa
1483 1944 1589 1998 erit
1617 1958 1720 1997 cur
1743 1944 1957 1999 deserta

381 2040 454 2094 sit
484 2039 738 2103 ecclesia,
777 2054 953 2108 neque
983 2038 1222 2091 animam
1271 2052 1427 2092 suam
1471 2052 1567 2107 per
1595 2036 1765 2090 otium
1803 2035 1958 2090 dam—

381 2129 556 2182 nahit.
597 2127 785 2199 Neque
832 2143 933 2183 nos
978 2127 1184 2197 aliquid
1243 2133 1441 2197 praeter
1477 2140 1722 2181 canones
1749 2126 1959 2182 ellicere

379 2218 712 2282 videbimur,
747 2217 1258 2273 accommodatione
1304 2226 1519 2272 utentes
1551 2217 1607 2270 in
1640 2217 1955 2289 Cyriacuin,

380 2312 475 2382 qui
519 2326 645 2365 cum
697 2326 756 2366 se
800 2310 1079 2365 Mindanis
1114 2325 1535 2379 permansurum
1564 2308 1831 2378 jurasset,
1869 2317 1957 2362 ιιι-ο

382 2420 507 2458 tuen
536 2402 957 2459 translationem
996 2404 1263 2471 suscepit.
1302 2401 1529 2455 Reditus
1556 2402 1702 2454 enim
1734 2403 1839 2455 erit
1868 2403 1927 2471 ju

382 2492 684 2564 risjurandi
720 2493 1055 2549 observatio.
1093 2492 1255 2562 275
1277 2491 1629 2547 (Economiaa
1668 2500 1850 2547 autem
1894 2507 1922 2545 a

456 2649 568 2719 (67)
603 2648 832 2703 Κανών.
863 2647 1092 2704 Videtur
1116 2653 1260 2704 hunc
1290 2664 1555 2703 canonem
1593 2658 1815 2703 secutus
1836 2665 1960 2707 esse

385 2715 835 2789 SQAthanasius,
877 2736 1001 2773 cum
1035 2720 1406 2783 Dracontium,
1448 2719 1543 2789 qui
1588 2721 1870 2787 juraverat
1900 2737 1960 2776 se

386 2788 684 2859 abiturum,
716 2791 779 2859 si
832 2790 1183 2843 ordinaretur
1222 2788 1537 2859 episcopus,
1567 2804 1631 2843 ac
1670 2790 1959 2846 ordinatus

386 2858 620 2924 fugerat,
660 2858 729 2911 ad
785 2860 1192 2927 suscipiendam
1244 2859 1499 2913 Ecclesiae
1546 2873 1758 2925 curam,
1806 2862 1959 2915 nulla

385 2928 569 2982 habita
595 2928 955 2996 jurisjurandi
992 2929 1227 2993 ratione,
1265 2930 1514 2983 hortatus
1537 2938 1643 2983 est.

461 2996 567 3069 (es)
590 3000 752 3052 Κατὰ
779 2996 1005 3066 Σευῆρο

387 3068 478 3120 tur
508 3070 594 3138 sic
613 3069 874 3137 explicari
915 3083 1090 3137 posse.
1109 3068 1404 3138 Longinus
1441 3069 1724 3137 presbyter
1745 3079 1866 3123 erat
1894 3072 1949 3123 iu

387 3151 519 3204 agro
548 3134 750 3192 Mestia:
795 3134 1063 3206 subjecto.
1097 3137 1205 3192 Sed
1246 3134 1368 3191 cum
1401 3134 1454 3191 is
1494 3134 1777 3206 depositus
1808 3148 1954 3193 esset

386 3209 460 3261 ob
484 3207 703 3276 aliquod
755 3206 1035 3269 delictum,
1090 3223 1154 3262 ac
1183 3208 1321 3261 forte
1351 3208 1612 3261 honorem
1664 3209 1955 3263 sacerdotii

389 3277 667 3343 retineret,
700 3288 758 3331 ut
788 3293 1178 3347 nonnunquam
1230 3280 1411 3341 ﬂebat,
1466 3277 1701 3333 Severus
1743 3280 1957 3347 epism-

435 3363 499 3402 us
528 3348 584 3418 in
621 3349 739 3417 ejus
767 3349 943 3400 locum
976 3349 1251 3402 transtulit
1273 3348 1579 3418 Cyriacuin,
1611 3357 1955 3418 quemantea

392 3362 499 3471 nus
531 3364 584 3401 tn
621 3363 739 3417 ejus
767 3362 943 3400 locum
976 3362 1251 3402 transtulit
1273 3362 1579 3418 byl‘lactlttt,
1611 3363 1769 3416 quem
1792 3362 1955 3403 antea

452 3417 664 3472 indanis
701 3419 1064 3487 ordinaverat.
1092 3433 1155 3471 ac
1175 3419 1362 3487 jurare
1395 3427 1643 3485 coegerat
1665 3434 1723 3472 se
1746 3417 1958 3472 Munda-

396 3489 483 3541 nis
511 3502 855 3543 mansurum.
885 3485 1028 3540 Nihil
1053 3485 1236 3542 hacin
1267 3503 1326 3541 re
1358 3496 1524 3541 statui
1557 3502 1715 3556 posse
1737 3488 1959 3542 videba-

395 3565 505 3620 tur.
557 3564 702 3628 quod
752 3573 861 3628 non
896 3558 1247 3628 iuitnagnam
1294 3558 1540 3628 aliquant
1587 3558 1958 3628 difﬁcultatem

394 3626 721 3682 incurreret.
746 3627 881 3697 Nam
897 3627 942 3681 si
972 3627 1024 3679 in
1048 3642 1177 3696 agro
1200 3627 1399 3682 Mesda:
1424 3626 1670 3694 subjecto
1699 3626 1959 3697 Cyriacus

392 3705 719 3767 remaneret,
771 3695 998 3767 perjurii
1027 3695 1242 3767 culpam
1281 3699 1606 3751 sustinebat.
1651 3697 1711 3750 Si
1745 3695 1962 3752 rediret

393 3766 670 3831 Mindana,
707 3765 835 3836 ager
884 3765 1085 3821 Mestia:
1122 3765 1409 3832 subjectus
1442 3767 1760 3837 presbytero
1808 3783 1963 3822 care-

393 3839 508 3901 bat,
538 3846 702 3906 atque
744 3837 906 3905 hujus
956 3837 1283 3891 incommodi
1333 3839 1492 3905 culpa
1537 3838 1875 3892 redundabat
1907 3837 1962 3892 in

394 3913 561 3976 caput
591 3908 839 3978 Longini,
871 3906 965 3977 qui
998 3911 1085 3978 _ol_)_
1121 3908 1379 3961 delictum
1433 3909 1715 3976 depositus
1764 3907 1961 3961 fuerat.

395 3975 536 4043 Quid
560 3975 1029 4047 igitur-Basilius}
1045 3975 1270 4047 Utrique
1295 3975 1538 4032 occurrit
1576 3978 1921 4047 incommodo
1945 3993 1962 4043 ;

394 4048 544 4116 jubet
593 4062 806 4115 agmini.
837 4048 929 4116 qui
982 4045 1195 4101 Mestin
1227 4049 1505 4115 subjectus
1544 4056 1683 4113 erat,
1733 4045 1966 4102 Vasodis

396 4116 617 4184 subjici.
649 4118 702 4172 id
750 4126 834 4170 est
888 4118 1029 4181 loco,
1064 4119 1155 4172 cui
1196 4117 1444 4185 subjecta
1488 4127 1643 4171 erant
1687 4116 1962 4169 Mindana.

396 4186 512 4240 lloc
541 4202 603 4239 ex
635 4187 876 4241 remedio
909 4188 1017 4241 duo
1059 4188 1511 4255 consequebatur,
1540 4186 1793 4248 Basilius,
1826 4192 1967 4241 utet

397 4271 525 4327 ager
547 4257 637 4310 ille
666 4261 980 4329 presbytero
1011 4271 1118 4311 non
1149 4254 1382 4329 careret,
1409 4266 1462 4311 et
1488 4254 1751 4326 Cyriacus
1777 4258 1849 4310 ibi
1877 4272 1965 4310 re-

2055 392 2223 462 αὐτῷ.
2275 391 2535 463 μοιχαλὶς,
2576 389 2708 442 διότι
2746 386 3021 457 ἀλλότριον
3057 385 3226 454 ἄνδρα
3267 383 3401 455 πρὸς
3438 383 3643 455 ἑαυτὴν

2058 483 2408 554 μετέστησεν.

2126 574 2180 625 l'.
2221 573 2285 625 Οἱ
2307 570 2597 642 ὀμνύοντες
2631 566 2705 638 μὴ
2739 564 3130 636 καταδέχεσθαι
3155 565 3254 637 τὴν
3283 563 3644 636 χειροτονίαν,

2055 662 2436 735 ὲξομνύμενοι,
2470 660 2546 732 μὴ
2579 657 3075 728 ἀναγκαςέσθωσαν
3105 657 3400 728 ἐπιορκεῖν.
3431 656 3494 708 El
3530 664 3647 726 γάρ

2055 757 2148 807 καὶ
2197 754 2347 807 δοκεῖ
2388 770 2472 815 τις
2516 748 2655 804 εἶναι
2706 749 2888 804 κανὼν
2946 748 3057 820 (67)
3103 749 3132 801 ὁ
3180 750 3477 820 συγχωρῶν
3528 752 3647 813 toi;-

2055 843 2335 907 τοιούτοις·
2363 842 2499 896 ἀλλὰ
2528 842 2694 913 πείρᾳ
2729 839 3068 911 ἐγνώκαμεν,
3095 840 3176 893 ὅτι
3204 840 3304 893 οὐκ
3332 839 3649 893 εύοδοῦνται

2055 938 2105 989 οἱ
2138 938 2604 1005 παρορκήσαντες.
2644 934 2874 986 Σκοπεῖν
2919 931 2976 984 δὲ
3015 932 3095 984 δεῖ
3139 931 3230 984 καὶ¹
3276 930 3335 983 τὸ
3372 925 3510 993 εἶδος
3541 931 3647 983 τοῦ

2055 1028 2242 1098 ὅρκου,
2266 1026 2360 1078 καὶ
2397 1025 2464 1076 τὰ
2498 1026 2737 1094 ῥήματα,
2769 1023 2863 1075 καὶ⁵
2896 1023 2995 1093 τὴν
3015 1020 3253 1074 διάθεσιν
3285 1022 3376 1090 ἀφ’
3400 1016 3468 1092 ἦς
3492 1021 3651 1089 ὀμω-

2060 1119 2258 1190 μόκασι
2275 1158 2289 1180 ,
2318 1118 2411 1169 καὶ
2433 1117 2528 1179 τὰς
2554 1116 2695 1169 κατὰ
2724 1114 2920 1167 λεπτὸν
2944 1116 3001 1167 ὲν
3021 1118 3134 1177 τοῖς
3164 1114 3370 1185 ῥήμασι
3402 1112 3652 1184 προσθή-

2058 1229 2179 1276 κας·
2210 1211 2316 1275 ὡς,
2345 1210 2440 1263 ἐὰν
2474 1208 2712 1279 μηδεμία
2807 1205 3121 1279 μηδαμόθεν
3148 1205 3496 1277 παραμυθία,
3532 1206 3649 1278 χρὴ

2058 1302 2336 1366 παντελῶς
2368 1303 2463 1372 ὲᾷν
2493 1303 2620 1363 τοὺς
2646 1299 2938 1361 τοιούτους.
2972 1298 3045 1351 Τὸ
3083 1297 3151 1369 μέ
3166 1315 3264 1350 ιτοι
3292 1298 3433 1351 κατὰ
3469 1299 3637 1368 Σευῆ-

2059 1413 2151 1466 ρον
2186 1394 2315 1466 (63)
2354 1394 2617 1465 πρᾶγμα,
2659 1393 2779 1462 ἦτοι
2817 1392 2908 1443 τὸν
2948 1390 3054 1443 ὑπὸ
3098 1389 3288 1443 τούτου
3330 1407 3651 1461 χειροτονη-

2058 1487 2218 1540 θέντα
2260 1485 2658 1557 πρεσϐύτερον,
2696 1484 2952 1553 τοιαύτην
2993 1485 3116 1536 τινὰ
3158 1499 3248 1553 μοι
3285 1482 3429 1534 δοκεῖ
3462 1499 3649 1553 παρα-

2063 1578 2257 1649 μυθίαν
2289 1577 2452 1647 ἔχειν,
2484 1577 2533 1628 ει
2565 1575 2657 1629 καί
2687 1592 2768 1628 σοι
2808 1575 3074 1628 συνδοκεῖ.
3103 1574 3206 1626 Τὸν
3235 1574 3403 1645 ἀγρὸν
3433 1577 3650 1627 ἐκεῖνον

2059 1671 2149 1724 τὸν
2188 1668 2548 1739 ὑποκείμενον
2580 1670 2644 1738 τῇ
2686 1666 2933 1739 Μηστεεᾳ
2966 1667 3104 1737 (69),
3148 1661 3192 1735 ᾧ
3228 1667 3575 1737 ἐπεκηρύχθη
3613 1667 3649 1719 ὁ

2057 1761 2364 1831 ἄνθρωπος,
2407 1760 2663 1812 κέλευσον
2695 1759 2986 1821 Οὐασόδοις
3018 1758 3316 1811 ὑποτελεῖν.
3349 1757 3503 1811 Οὕτω
3530 1758 3649 1829 γὰρ

2059 1855 2304 1915 κάκεῖνος
2323 1852 2383 1904 ού
2406 1852 2744 1922 παρορκήσει
2769 1850 2880 1919 (70)
2910 1851 2984 1921 μὴ
3011 1851 3307 1922 ἀναχωρῶν
3327 1853 3419 1905 τοῦ
3446 1853 3643 1905 τόπουο

2057 1944 2152 1997 καὶ
2192 1945 2220 1996 ὁ
2258 1944 2550 2011 Λογγῖνος,
2596 1942 2736 2011 ἔχων
2782 1942 2872 1995 τόν
2928 1944 3204 2014 Κυριακὸν
3246 1943 3367 2014 μεθ’
3410 1945 3641 2008 ἑαυτοῦ,

2055 2038 2156 2090 ούκ
2190 2034 2462 2108 ἐρημώσει
2500 2036 2597 2106 τὴν
2623 2035 2940 2104 ἐκκλησίαν,
2968 2035 3089 2089 οὐδὲ
3118 2037 3217 2107 τὴν
3246 2035 3440 2089 ἑαυτοῦ
3462 2036 3647 2106 ψυχὴν

2056 2127 2144 2181 διὰ
2173 2128 2270 2198 τῆς
2308 2127 2505 2199 ἀργίας
2538 2126 2890 2180 καταδικάσει
2925 2126 3058 2195 (71).
3091 2127 3202 2180 Καὶ
3233 2128 3393 2197 ἡμεῖς
3416 2125 3647 2197 δόξομεν

2061 2218 2136 2289 μὴ
2175 2218 2322 2288 παρὰ
2380 2218 2610 2281 κανόνας
2655 2219 2828 2270 ποιεῖν
2867 2234 2953 2277 τι,
2993 2217 3521 2290 συμπεριφερόμενοι
3563 2218 3647 2289 τῷ

2057 2309 2342 2380 Κυριακῷ,
2357 2310 2615 2378 ὀμόσαντι
2632 2311 2728 2379 μὲν
2742 2325 2805 2361 συ
2815 2325 3004 2379 μπαρα
3011 2309 3137 2379 μένε
3146 2327 3192 2361 ιν
3202 2308 3487 2372 Μινδανοίς
3502 2308 3643 2381 (72),

2056 2404 2473 2475 καταδεξαμένῳ
2511 2404 2568 2458 δὲ
2615 2405 2714 2475 τὴν
2764 2404 3070 2476 μετάθεσιν.
3113 2405 3178 2459 Ἦ
3226 2405 3334 2478 γὰρ
3382 2407 3644 2471 ἐπάνοδος

2058 2495 2273 2566 φυλακὴ
2301 2494 2452 2548 ἔσται
2481 2494 2573 2548 τοῦ
2602 2496 2788 2567 ὅρκου.
2827 2496 2900 2548 Τὸ
2935 2496 2992 2549 δὲ
3030 2491 3170 2560 εἶξαι
3197 2497 3359 2550 αὐτὸν
3392 2500 3458 2569 τῇ
3489 2498 3644 2552 οἰκό-

2059 2654 2198 2707 cium
2239 2651 2501 2715 habuerit,
2544 2650 2801 2724 Λὲνιαυτδν
2850 2652 3123 2724 ἀρτήσας,
3162 2662 3439 2724 postquam
3497 2672 3643 2711 anno

2059 2725 2254 2777 otiatus
2279 2723 2461 2792 fuerit,
2488 2722 2555 2776 ad
2588 2723 2861 2791 legendum
2893 2722 3223 2790 suscipiatur.
3260 2722 3557 2793 Paregorio
3584 2728 3639 2781 in

2060 2795 2222 2863 epist.
2260 2794 2328 2848 55
2375 2793 2455 2863 sic
2484 2794 2661 2847 minas
2694 2794 2948 2863 intentat,
2985 2795 3088 2848 nisi
3131 2796 3414 2847 mulierem
3440 2795 3638 2848 dimit-

2060 2861 2139 2917 tat
2167 2862 2636 2932 subintroductatn
2671 2879 2685 2915 :
2713 2861 3067 2932 Τελευτήσεις
3088 2863 3291 2932 ἀργῶν,
3321 2864 3416 2916 καὶ
3443 2865 3644 2930 δώσεις

2057 2932 2136 3002 τῷ
2169 2932 2359 3011 Κυρίῳ
2389 2931 2687 3011 λόγονῆτῆς.
2705 2931 2944 3011 σεαυτού
2970 2931 3197 3011 ἀργξιιις.⁸
3218 2931 3467 3011 Morieris
3501 2937 3643 3011 alio:

1008 3015 1063 3051 ν.
1089 2997 1462 3053 Perobscurus
1490 2998 1575 3050 hic
1600 3012 1777 3053 canon
1808 2998 1958 3055 vide-
1983 2994 2027 3051 C
2061 2994 2149 3056 siis
2173 3012 2222 3055 et
2252 2994 2508 3055 rationein
2531 2994 2758 3055 Domino
2791 3002 2973 3055 reddes
2996 2994 3091 3055 otii
3120 2994 3218 3056 tui.
3250 3003 3305 3056 In
3336 3020 3549 3059 canone
3573 3007 3645 3061 15

2055 3072 2297 3142 Apostol.
2338 3072 2505 3142 ἀργία
2530 3079 2615 3126 est
2643 3072 2999 3141 depositionis
3032 3087 3212 3141 paena.
3236 3071 3436 3127 Eodem
3470 3091 3641 3130 sensu

2059 3142 2199 3215 apud
2219 3142 2602 3215 Epiphanium,
2621 3142 2813 3195 lizeres.
2846 3142 2934 3215 ἴδ’.
2960 3158 3080 3210 cap.
3119 3144 3313 3215 ultimo
3336 3155 3643 3215 usurpatur

2058 3209 2284 3266 verbum
2307 3209 2516 3283 ἀργεῖν.
2544 3209 2672 3283 Erat
2689 3226 2820 3281 ergo
2837 3209 3083 3283 dejectus
3108 3214 3415 3268 sacerdotio
3436 3209 3643 3283 Longi-

2058 3298 2161 3337 nus
2186 3283 2255 3335 ob
2278 3281 2496 3350 aliquod
2525 3281 2807 3352 delictum,
2831 3282 2986 3352 quod
3014 3284 3184 3335 multo
3204 3284 3426 3352 gravius
3456 3281 3643 3340 visunt

2059 3352 2275 3424 fuisset,
2314 3353 2368 3424 si_
2395 3351 2682 3424 recedente
2719 3351 2970 3424 (Syriaco,
3002 3367 3164 3424 nemo
3196 3351 3341 3424 alius
3384 3357 3644 3424 regendae

2057 3420 2317 3474 Ecclesiae
2356 3422 2586 3474 idoneus
2616 3420 2971 3476 occurrisset.
3012 3420 3152 3476 Huic
3193 3420 3546 3488 incommodo
3584 3436 3641 3479 ut

2058 3492 2341 3561 medeatur
2373 3489 2625 3555 Basilius,
2676 3506 2787 3544 rem
2836 3498 3035 3544 tractat
3073 3493 3169 3561 ita,
3205 3492 3524 3561 prudenter,
3578 3506 3637 3549 ut

2060 3560 2710 3633 nec_CyriacusAperjuri_i
2742 3574 2869 3633 reus
2896 3562 2988 3633 sit,
3022 3576 3123 3614 nec
3152 3560 3385 3633 LOngini
3409 3577 3638 3632 peccato

2061 3630 2283 3700 quidam
2313 3630 2479 3700 veluti
2509 3631 2763 3684 cumulus
2793 3631 2866 3685 ob
2901 3630 3173 3687 desertam
3206 3630 3516 3688 et'vidu'am
3545 3651 3640 3691 ec-

2062 3699 2285 3755 CIesiam
2316 3699 2566 3753 addatur.

2158 3770 2247 3837 72)
2297 3768 2638 3834 Μινδανοῖς.
2694 3767 2863 3823 Erant
2913 3784 3047 3837 ergo
3099 3767 3357 3825 Mindana
3400 3771 3642 3829 Vasodis

2065 3840 2348 3910 subjecta,
2372 3841 2540 3910 idest
2565 3840 2960 3910 cborepiscopo
2989 3840 3223 3896 Vasodis
3269 3843 3517 3910 sedenti;
3558 3847 3630 3898 si-

2065 3908 2554 3980 quidemiBasilius
2602 3908 2792 3979 agrum
2823 3908 3027 3966 Mestias
3062 3910 3369 3979 subjectum
3406 3908 3643 3969 Vasiodss

2068 3979 2262 4051 subjici
2286 3979 2460 4047 jubet,
2491 3987 2550 4032 ut
2574 3980 2835 4051 (Syriacus
2860 3996 2927 4035 ex
2952 3996 3104 4051 agro,
3129 3982 3182 4033 in
3212 3996 3372 4051 quem
3402 3986 3644 4038 transla-

2066 4059 2157 4104 tus
2187 4048 2381 4111 fuerat,
2428 4065 2539 4102 non
2568 4048 2881 4112 discedens,
2934 4048 3112 4104 redire
3158 4048 3343 4106 tamen
3383 4051 3645 4107 Mindana

2068 4127 2381 4193 censeatur.
2407 4118 2484 4193 Eat
2515 4134 2626 4188 quo
2649 4120 2811 4193 etiam
2839 4120 3017 4193 colligi
3041 4126 3218 4190 potest
3239 4122 3325 4176 vel
3349 4118 3646 4193 Cyriacum

2068 4205 2181 4244 non
2225 4188 2418 4245 stricte
2465 4186 2684 4257 jurasse
2735 4186 3004 4244 Mindanis
3042 4186 3111 4246 se
3163 4186 3512 4257 mansurum,
3546 4197 3646 4248 sed

2071 4261 2233 4341 paulo
2267 4259 2428 4341 latius
2461 4260 2529 4341 de
2561 4265 2674 4338 tota
2703 4262 2946 4341 regione,
2972 4276 3112 4341 quae
3147 4261 3252 4341 sub
3291 4262 3646 4341 eodem_erat

396 4340 666 4402 manens,_
686 4326 939 4402 Minu'ana
991 4334 1176 4402 tamen
1189 4328 1404 4402 __ren_lire
1445 4335 1782 4402 censeretur,
1840 4340 1963 4380 cum
1993 4332 2041 4388 D
2070 4326 2402 4402 acehlindana
2432 4326 2850 4402 cborepiscopo,
2874 4326 3262 4399 jusjurandum
3282 4334 3644 4402 concepisse;

393 4397 506 4467 jam
543 4395 629 4451 hic
653 4397 807 4451 locus
845 4398 1022 4452 eidem
1054 4412 1120 4452 ac
1157 4395 1416 4452 Mindana
1444 4397 1840 4466 cborepiscopo
1871 4412 1969 4467 pa-

400 4473 566 4520 reret.

470 4535 582 4607 (69)
616 4536 905 4605 Μηστείᾳ.
959 4535 1325 4607 δὶοίιιιιιιιιιον
1373 4550 1508 4591 mss.
1555 4534 1700 4589 Editi
1738 4534 1966 4607 Μισθία.

397 4605 570 4661 Coisl.
632 4610 849 4677 primus
897 4605 1135 4677 Μηστία.
1187 4605 1448 4659 Nonnulli
1500 4621 1633 4660 mss.
1694 4605 1966 4676 Μησθείᾳ.

398 4678 569 4731 Paulo
585 4676 708 4747 pust
729 4676 1193 4747 editiOt’aaaciSotg,
1216 4677 1459 4747 plerique
1480 4691 1614 4731 mss.
1640 4684 1700 4729 ut
1724 4679 1778 4730 in
1797 4685 1966 4731 textu.

470 4745 999 4869 (Ξυγηαρορκήσει.
1042 4746 1134 4805 Sic
1181 4745 1312 4802 mss.
1345 4745 1608 4817 plerique.
1658 4748 1800 4801 Editi
1829 4763 1971 4817 παρ-

470 4834 502 4869 κ
527 4833 628 4869 σει.

398 4833 628 4870 ορκισει.

431 4832 711 4957 ρῗθῗῖιλιὰ
750 4886 862 4956 τῆς
907 4886 1119 4957 ἀργίας
1153 4883 1560 4940 καταδικὰσει.
1599 4884 1695 4941 His
1741 4885 1970 4941 vocibus

416 4956 508 5010 :ue
531 4958 840 5026 explicatis,
875 4966 1022 5012 totus
1052 4957 1353 5026 canonAqu't
1384 4960 1539 5010 valde
1561 4960 1831 5012 obscurus
1862 4967 1968 5020 est,

404 5024 780 5082 ‘illustrabitur.
813 5027 1097 5081 Balsamon
1133 5033 1189 5078 et
1225 5024 1466 5081 Zonaras
1516 5029 1771 5081 tenebras
1792 5026 1972 5080 ofl’un-

403 5097 560 5160 dunt,
610 5098 740 5152 dum
777 5099 1078 5167 Longinum
1125 5095 1275 5148 illum
1328 5098 1645 5167 existimant
1697 5099 1970 5151 hominem

403 5176 674 5236 potentem
703 5166 1019 5237 fuisse,’qui
1048 5180 1106 5220 se
1140 5171 1476 5220 vastaturum
1520 5166 1815 5222 b’cclesiam
1864 5167 1966 5218 mi-

404 5238 660 5309 nabatur,
688 5240 795 5294 nisi
825 5242 879 5309 in
922 5252 1052 5309 agro
1080 5250 1190 5309 suo_
1224 5237 1485 5309 retineret
1525 5238 1813 5309 Cyriacutn
1843 5252 1972 5305 pre-

403 5307 705 5376 sbyterum.
741 5310 807 5362 At
831 5308 983 5377 illud,
1015 5307 1103 5359 διὰ
1128 5306 1227 5377 τῆς
1258 5306 1477 5377 ἀργίας,
1504 5306 1666 5377 neque
1685 5323 1776 5376 per
1807 5310 1974 5360 otium

405 5379 640 5446 gitimam
665 5394 816 5432 suam
839 5376 1226 5441 condemnabit,
1250 5376 1557 5445 depositum
1581 5376 1753 5433 fuisse
1779 5380 1973 5446 probat

410 5444 709 5516 Longinum
764 5449 879 5514 agri
929 5447 1131 5518 Mestiae
1159 5444 1414 5518 subjeCti
1467 5444 1970 5518 presbyterumle

403 5515 552 5589 enini
598 5526 758 5589 sonat
813 5517 980 5589 ἀργία
1030 5516 1173 5586 apud
1224 5515 1508 5575 Basiliam.
1554 5515 1648 5572 Sic
1697 5533 1820 5572 can.
1856 5515 1969 5570 69:

407 5582 591 5641 Lector
612 5588 658 5641 si
688 5602 806 5641 cum
830 5582 928 5640 {ua
950 5582 1143 5656 sponsa
1167 5596 1286 5641 ante
1306 5588 1698 5642 matrimonium
1726 5603 1975 5642 commer-

2067 4400 2151 4471 _vel
2183 4398 2460 4471 Basilium,
2484 4407 2544 4451 ut
2570 4398 2625 4452 in
2656 4413 2715 4471 re
2738 4400 2946 4471 diﬂicili
2968 4398 3045 4471 ac
3076 4402 3326 4471 molesta,
3352 4398 3646 4471 benignam

2069 4468 2574 4538 interpretationem
2626 4468 2961 4539 adhibuisse.
3015 4469 3122 4525 Sed
3162 4472 3314 4539 prior
3368 4468 3649 4527 sentcntia

2068 4543 2243 4613 magis
2290 4538 2679 4613 arridet,_quia
2706 4554 2917 4613 summa
2930 4548 3067 4613 _erat
3107 4538 3294 4613 Basilii
3323 4541 3377 4596 in
3412 4543 3653 4613 jurisju-

2069 4610 2229 4663 randi
2268 4609 2649 4679 observatione
2681 4609 2890 4678 religio.
2930 4609 3249 4679 Exemplum
3290 4609 3427 4667 satis
3462 4609 3648 4668 simile

2069 4678 2319 4752 occurrit
2342 4679 2484 4747 apud
2524 4677 2584 4731 S.
2619 4677 3001 4752 Augustinum,
3026 4677 3123 4752 qu_i
3152 4695 3265 4751 rem
3298 4683 3461 4752 paulo
3487 4684 3650 4739 aliter

2070 4764 2134 4822 ac
2163 4749 2395 4803 Basilius
2416 4747 2753 4822 temperavit.
2778 4747 2912 4802 Nam
2937 4747 3062 4804 cum
3081 4747 3401 4822 Timotheus
3422 4755 3649 4822 quidam

2074 4819 2274 4873 Severo
2299 4822 2556 4887 episcopo
2597 4819 2842 4887 jurasset
2880 4835 3156 4889 nunquam
3186 4836 3246 4875 se
3267 4821 3337 4874 ab
3368 4819 3648 4878 eo'reces-

2072 4905 2283 4951 surum,
2320 4892 2472 4957 isque
2506 4897 2692 4957 postea
2722 4890 3012 4944 ordinatus
3055 4891 3186 4943 alibi
3216 4891 3506 4957 diaconus,
3543 4909 3646 4947 nec

2073 4959 2250 5033 redire
2296 4974 2460 5033 posse
2508 4960 2785 5033 videretur
2810 4962 2877 5013 ad
2896 4959 3174 5033 Severum
3216 4963 3287 5015 ob
3327 4972 3645 5033 susceptam

2072 5030 2495 5090 ordinationem,
2548 5044 2650 5082 nec
2685 5029 2775 5083 ubi
2810 5031 3097 5084 ordinatus
3138 5031 3316 5084 fuerat
3359 5029 3650 5087 remanere

2071 5101 2142 5152 ob
2167 5101 2475 5166 religionem
2499 5097 2860 5170 jurisjurandi
2884 5117 2898 5163 ;
2930 5104 3144 5155 censuit
3173 5102 3513 5170 Augustinus
3539 5120 3648 5157 una

2073 5184 2195 5241 eum
2228 5169 2418 5239 Alypio
2440 5178 2495 5223 et
2519 5168 2805 5241 Samsucio
2833 5186 2941 5241 non
2969 5171 3211 5225 futurum
3236 5168 3461 5241 perjurii
3493 5189 3647 5229 reum

2074 5238 2442 5301 Timotheum,
2495 5240 2543 5293 si
2571 5252 2683 5293 non
2712 5253 2809 5309 per
2853 5239 3054 5309 ipsum,
3086 5242 3180 5295 sed
3236 5238 3343 5309 perv
3384 5242 3646 5298 Severum

2074 5311 2250 5380 ﬁeret,
2286 5318 2346 5361 ut
2379 5310 2447 5362 ab
2477 5324 2541 5362 eo
2585 5309 2930 5375 discederet;
2961 5310 3401 5380 quandoquidem
3445 5316 3513 5368 de
3549 5328 3650 5369 sua

2073 5377 2414 5451 Timotheus,
2464 5393 2573 5433 non
2599 5380 2666 5433 de
2690 5381 2876 5451 Severi
2907 5377 3520 5451 voluntate‘juraverat,
3547 5400 3649 5439 nec

2074 5449 2318 5503 vicissim
2372 5446 2606 5521 Severus
2657 5464 2782 5521 sese
2833 5446 3646 5521 jurejurando'obstrinxerat.

2075 5521 2240 5591 Atlg.,
2274 5521 2435 5590 epist.
2466 5519 2537 5575 6‘3
2562 5525 2618 5574 cl
2645 5519 2736 5575 65.
