3852 6220
111 236 124 252 κ
175 286 269 340 681

1004 282 1484 340 EPISTULARUM
1517 282 1797 338 CLASSIS
1834 283 1894 338 II.
1941 282 2153 342 EPIST.
2190 279 2561 338 CLXXXVIII.

3307 281 3414 335 (18?.

175 400 337 471 νομίά
358 401 435 462 εἰς
459 397 738 472 ἐπιορκίαν
764 399 910 470 αὐτῷ
942 400 1002 452 ού
1037 397 1435 470 λογισθήσεται,
1469 399 1554 451 διὰ
1583 397 1642 450 τὸ
1675 397 1748 468 μὴ

1854 398 2245 466 diSpensationi
2284 398 2328 450 si
2367 396 2622 459 cesserit,
2678 392 2730 448 id
2761 394 2810 448 ei
2859 391 3084 463 perjurii
3138 393 3258 449 loco
3303 411 3410 450 non

174 492 530 564 προσκεῖσθαι
564 491 642 561 τῷ
676 493 851 562 ὅρκῳ,
897 490 1031 560 μηδὲ
1075 490 1211 562 πρὸς
1252 489 1420 561 βραχὺ
1461 490 1741 560 ἀναχωρή-

177 604 286 641 σειν
320 586 432 656 (73)
465 584 774 647 Μινδάνων,
805 582 939 637 ἀλλὰ
972 584 1305 654 παραμενεῖν
1333 584 1410 644 είς
1436 580 1494 634 τὸ
1524 580 1740 651 ἐφεξῆς.

172 679 399 750 Σευήρῳ
430 677 508 740 δὲ,
537 675 988 747 προφασιζομένῳ
1007 673 1104 746 τὴν
1123 673 1312 744 λήθην,
1351 675 1511 742 ἡμεῖς
1537 688 1745 741 συγχω-

173 772 437 841 ρήσομεν,
473 769 734 830 εἰπόντες,
756 768 836 820 ὅτι
863 766 972 819 τῶν
997 765 1252 838 κρυπτῶν
1276 765 1521 834 γνώστης
1549 763 1610 816 ού
1649 779 1746 815 πε-

174 860 420 928 ριόψεται
457 859 555 928 τὴν
587 856 778 910 ἑαυτοῦ
808 855 1128 926 Ἐκκλησίαν
1162 854 1266 908 ὑπὸ
1291 854 1529 908 τοιούτου
1559 855 1746 922 λυμαιο

170 953 433 1024 νομένηνο
481 949 759 1012 ποιοῦντος
807 949 904 1019 μὲν
945 945 1306 1008 ἁκανονίστως
1348 945 1409 998 τὸ
1439 944 1498 1010 ἐξ
1533 942 1743 1014 ἀρχῆς,

167 1045 320 1116 ὅρκῳ
344 1044 399 1096 δὲ
429 1041 892 1113 καταδεσμοῦντος
926 1040 1074 1112 παρά
1099 1039 1165 1092 τά
1186 1027 1510 1107 Εύαγγέλια⁶
1536 1051 1745 1106 παρορ-

167 1142 289 1193 κεῖν
323 1138 378 1190 δὲ
412 1137 752 1198 διδάσκοντος
789 1135 855 1187 δι’
887 1127 961 1188 ὧν
1002 1133 1295 1204 μετετέθη,
1332 1129 1661 1200 ψευδομένου
1689 1128 1747 1182 δὲ

166 1229 266 1280 νῦν
288 1229 355 1280 δι’
392 1220 465 1280 ὧν
502 1226 612 1296 (74)
652 1225 750 1296 τὴν
786 1224 955 1298 λήθην
994 1220 1404 1293 σχηματίξεται.
1437 1218 1656 1288 Ἐπειδὴ
1688 1215 1747 1270 δὲ

165 1321 272 1372 οὐκ
310 1317 476 1388 ἐσμὲν
502 1316 736 1387 καρδιῶν
759 1314 966 1386 κριταὶ,
997 1313 1110 1367 ἀλλ’
1149 1311 1207 1378 ἐξ
1235 1306 1310 1365 ὧν
1331 1309 1598 1380 ἀκούομεν
1630 1308 1748 1380 κρί-

167 1427 370 1481 νομενο
416 1409 596 1480 δῶμεν
640 1405 718 1478 τῷ
765 1406 956 1477 Κυρίῳ
993 1403 1091 1475 τὴν
1138 1402 1442 1473 ἐκδίκησιν,
1499 1399 1651 1454 αὐτοὶ
1690 1398 1748 1451 δὲ

166 1503 501 1574 ἀδιακρίτως
525 1499 687 1556 αὑτὸν
716 1497 1025 1567 δεξώμεθα,
1061 1492 1388 1563 συγγνώμην
1419 1491 1601 1553 δόντες
1651 1489 1748 1542 ἀν-

166 1593 431 1666 θρωπίνῳ
466 1591 652 1656 πάθει,
683 1592 748 1661 τῇ
775 1588 933 1661 λήθῃ.

1847 489 2220 559 imputabitur.
2255 489 2454 558 quippe
2475 487 2602 558 quia
2624 485 2974 556 jurijurando
3000 485 3276 556 adjectum
3303 501 3412 540 non

1844 589 1928 633 est
1962 593 2030 632 ne
2055 578 2586 648 paululum'quidem
2613 576 2885 632 Mindanis
2913 592 3283 642 recessurum,
3316 579 3412 632 sed

1845 669 2104 739 deinceps
2129 683 2571 738 permansurum.
2603 667 2715 724 Nos
2740 676 2922 724 autem
2948 668 3154 724 Severo
3182 669 3414 724 oblivio-

1845 775 1970 815 nem
1999 761 2250 816 causanti
2288 761 2369 817 sic
2407 761 2772 832 ignoscemus,
2804 770 2863 815 ut
2895 775 3021 815 eum
3064 775 3410 826 moneamus,

1846 851 2188 905 occultorum
2211 851 2546 921 cognitorem
2577 865 2730 904 suam
2761 851 2935 920 ipsius
2968 849 3270 905 Ecclesiam
3302 864 3414 904 non

1845 956 2137 1012 passurum
2191 941 2260 995 ab
2312 939 2581 1010 ejusmodi
2635 939 2858 994 homine
2907 938 3280 994 labefactari:
3319 941 3415 1010 qui

1846 1042 2042 1100 praeter
2063 1046 2305 1087 canones
2339 1031 2408 1085 ab
2432 1031 2589 1084 initio
2621 1030 2770 1093 fecit,
2805 1044 2870 1084 ac
2899 1029 3262 1099 jurejurando
3284 1044 3416 1084 con-

1846 1131 1931 1178 tra
1989 1124 2282 1194 Evangelia
2341 1124 2634 1194 astringit,
2696 1130 2753 1178 et
2805 1123 3104 1192 perjurium
3175 1121 3414 1179 transfe-

1846 1216 2018 1272 rendo
2043 1215 2254 1279 edocet,
2289 1230 2353 1270 ac
2383 1224 2682 1285 postremo,
2713 1214 2842 1269 dum
2877 1216 3204 1270 oblivionem
3237 1216 3416 1271 simu-

1844 1309 1942 1368 lat,
1977 1309 2260 1362 mentitur.
2305 1307 2411 1362 Sed
2461 1308 2720 1378 quoniam
2769 1307 3016 1362 cordium
3047 1307 3260 1377 judices
3305 1323 3418 1362 non

1846 1413 2058 1462 sumus,
2097 1395 2194 1452 sed
2231 1413 2296 1451 ex
2353 1397 2420 1450 iis
2466 1407 2588 1466 qua:
2642 1396 2916 1462 audimus,
2944 1396 3284 1466 judicamus,
3321 1398 3420 1452 de-

1845 1505 1970 1545 mus
1997 1489 2230 1543 Domino
2270 1489 2588 1552 vindictam,
2624 1505 2860 1559 eumque
2892 1490 3029 1544 citra
3058 1505 3287 1546 examen
3322 1508 3417 1547 su-

1847 1583 2167 1652 spiciamus,
2205 1582 2446 1636 humano
2476 1582 2632 1647 vitio,
2680 1581 2940 1637 oblivioni
2988 1583 3222 1648 scilicet,
3260 1583 3417 1655 igno-

1847 1680 2084 1728 εςθηιθε.

238 1772 346 1824 1Α’.
387 1771 446 1822 Ὀ
479 1768 534 1821 δὲ
565 1767 656 1820 τὸν
685 1764 935 1820 ἀκούσιον
975 1763 1204 1833 ποιήσας
1246 1758 1404 1829 φόνον
1432 1759 1742 1828 ἀρκουντως

1917 1761 2004 1816 XI.
2029 1760 2132 1827 Qui
2159 1770 2338 1816 autem
2361 1762 2782 1817 involuntariam
2819 1762 3022 1819 caedem
3060 1761 3208 1823 fecit.
3246 1765 3420 1819 unde-

167 1859 521 1930 ἐξεπλήρωσε
553 1858 650 1932 τὴν
699 1857 854 1926 δίκην
885 1856 941 1906 ἐν
974 1855 1087 1915 τοῖς
1129 1849 1322 1903 ἕνδεκα
1372 1847 1539 1900 ἔτεσι.
1580 1845 1746 1915 Δῆλον

165 1950 302 2022 γὰρ,
346 1951 430 2002 ὅτι
459 1948 550 2001 ἐπὶ
585 1947 692 2000 τῶν
727 1945 1044 2017 πληγέντων
1089 1943 1159 1996 τὰ
1183 1939 1462 2002 Μωῦσέως
1499 1954 1748 2009 παρατη-

170 2045 446 2113 ρήσομεν·
478 2040 574 2094 καὶ
607 2039 697 2094 τὸν
747 2036 1142 2092 κατακλιθέντα
1179 2033 1278 2104 μὲν
1327 2033 1420 2086 ἐπὶ
1462 2032 1570 2085 τῶν
1610 2031 1749 2103 πλη-

165 2135 283 2202 γῶν
322 2134 388 2195 ἃς
421 2133 600 2194 ἔλαϐε,
651 2130 943 2202 βαδίσαντα
983 2128 1041 2180 δὲ
1099 2126 1260 2180 πάλιν
1306 2126 1400 2178 ἐπὶ
1452 2128 1519 2196 τῇ
1567 2123 1748 2196 ῥάϐδῳ

165 2226 362 2288 αὐτοῦ,
397 2226 456 2278 ού
506 2222 832 2293 λογισόμεθα
876 2219 1262 2291 πεφονεῦσθαι.
1309 2218 1372 2271 Εἰ
1418 2217 1476 2270 δὲ
1521 2216 1616 2270 καὶ
1644 2216 1746 2294 οὐκ

164 2317 432 2388 ἐξανέστη
473 2316 609 2387 μετὰ
653 2315 754 2378 τάς
785 2313 1020 2385 πληγὰς,
1055 2312 1170 2366 ἀλλ’
1211 2307 1302 2365 οὗν
1363 2310 1440 2381 τῷ
1485 2310 1558 2380 μὴ
1608 2327 1746 2381 προ-

163 2410 388 2464 ελέσθαι
424 2408 581 2461 αὐτὸν
620 2407 828 2461 ἀνελεῖν
852 2408 880 2460 ὁ
905 2405 1188 2474 τυπτὴσας
1210 2403 1470 2473 φονευτὴς
1489 2402 1606 2472 μὲν,
1633 2400 1746 2454 ἀλλ’

163 2500 429 2563 ἀκούσιος
453 2499 541 2552 διὰ
563 2499 660 2570 τὴν
689 2497 967 2569 πρόθεσιν.

239 2611 343 2664 ῙΒ’.
392 2611 529 2672 Τοὺς
577 2609 841 2680 διγάμους
884 2607 1160 2672 παντελῶς
1195 2608 1224 2660 ὁ
1265 2606 1452 2662 κακῶν
1491 2606 1594 2676 τῆς
1646 2607 1748 2659 ὑπ·-

164 2701 401 2773 ηρεσὶας
439 2701 753 2756 ἀπέκλεισε.

240 2815 343 2866 II".
374 2814 514 2876 Τοὺς
538 2816 596 2866 ὲν
626 2811 885 2883 πολέμοις
918 2811 1109 2881 φόνους
1144 2813 1192 2865 οἱ
1221 2811 1457 2882 πατέρες
1489 2810 1646 2882 ήμῶν
1689 2811 1747 2863 ὲν

159 2910 284 2970 τοῖς
315 2907 496 2974 φόνοις
515 2906 615 2958 οὐκ
644 2904 984 2973 ὲλογίσαντο·
1017 2903 1140 2974 ἐμοὶ
1180 2903 1376 2967 δοκεῖν,
1420 2900 1749 2972 συγγνώμην

161 2999 354 3060 δόντες
377 3000 489 3060 τοῖς
527 2996 667 3068 ὑπὲρ
708 2994 1062 3066 σωφροσύνης
1100 2996 1196 3048 καὶ
1225 2993 1505 3057 εὐσεϐείας
1543 2994 1739 3064 ἀμυνο-

1811 1914 1820 1922 ,
1848 1851 1951 1906 cim
1983 1866 2249 1906 annorum
2279 1853 2456 1921 spatio
2482 1853 2696 1908 abunde
2723 1853 2931 1923 judicio
2958 1853 3246 1910 satisfecit.
3279 1854 3416 1909 Nam

1847 1942 2014 1997 dubio
2053 1943 2267 2012 procul,
2307 1957 2436 2014 erga
2482 1959 2577 2000 eos
2606 1945 2701 2016 qui
2735 1946 2982 2016 percussi
3017 1953 3184 2012 sunt,
3217 1945 3419 2018 Moysis

1848 2036 2167 2106 prmscripta
2189 2036 2620 2101 observabimus,
2648 2051 2713 2092 ac
2737 2053 2862 2094 eum
2892 2039 2985 2109 qui
3017 2040 3278 2095 decubuit
3298 2043 3421 2112 qui-

1848 2126 1970 2182 dem
2007 2135 2128 2197 post
2157 2136 2415 2198 acceptas
2460 2129 2683 2200 plagas,
2720 2131 2813 2186 sed
2845 2130 3042 2186 iterum
3077 2132 3273 2186 baculo
3317 2149 3419 2188 suo

1849 2219 2069 2274 innixus
2092 2220 2408 2286 ambulavit,
2436 2235 2548 2276 non
2579 2223 2924 2278 censebimus
2951 2224 3195 2279 occisum
3227 2225 3416 2282 fuisse.

1851 2309 1945 2364 Sin
1970 2316 2149 2365 autem
2172 2326 2280 2365 non
2305 2313 2545 2367 surrexit
2573 2322 2695 2384 post
2719 2315 2927 2386 plagas,
2952 2316 3078 2386 quia
3105 2322 3286 2374 tamen
3311 2335 3418 2372 nou

1847 2399 2021 2454 voluit
2049 2400 2305 2456 occidere
2335 2401 2384 2458 is
2425 2403 2519 2472 qui
2564 2405 2837 2473 perculit,
2873 2406 3145 2462 homicida
3195 2409 3417 2479 quidem

1847 2499 1954 2555 est,
1986 2492 2082 2547 sed
2115 2493 2520 2551 involuntarius
2554 2504 2779 2566 propter
2812 2500 3173 2569 propositum.

1916 2601 2030 2655 XII.
2065 2601 2252 2658 Canon
2283 2605 2508 2660 omnino
2535 2605 2784 2679 digamos
2821 2623 2849 2662 a
2889 2610 3195 2668 ministerio
3232 2614 3422 2670 exclu-

1850 2692 1940 2747 sit.

1921 2807 2056 2861 Xlll.
2091 2808 2278 2866 Caedes
2307 2812 2360 2866 in
2386 2812 2543 2868 bellis
2572 2812 2745 2869 factas
2773 2822 2956 2884 patres
2981 2816 3158 2870 nostri
3191 2832 3289 2887 pro
3315 2833 3423 2874 ca!-

1850 2896 2012 2952 dibus
2053 2913 2163 2953 non
2195 2900 2472 2970 habuere;
2509 2903 2576 2960 iis
2598 2944 2615 2971 ,
2653 2913 2714 2958 ut
2746 2905 2877 2959 mihi
2925 2906 3158 2973 videtur,
3193 2910 3287 2978 qui
3319 2925 3422 2980 pro

1851 2990 2116 3061 pudicitia
2147 3006 2210 3046 ac
2234 2994 2435 3062 pietate
2472 3003 2736 3065 pugnant,
2765 2996 3132 3066 ignoscentes.
3167 2998 3424 3056 Fortasse

167 3091 378 3161 μένοις.
410 3089 563 3159 Τάχα
603 3087 660 3140 δὲ
711 3086 888 3151 καλῶς
936 3085 1048 3157 ἔχει
1098 3084 1506 3156 συμϐουλεύειν,
1540 3085 1614 3148 ὡς
1650 3083 1750 3148 τὰς

1854 3090 2034 3138 tamen
2073 3093 2222 3138 recte
2265 3086 2614 3154 suadebitur,
2652 3096 2712 3142 ut
2747 3089 2893 3158 ipsi,
2925 3106 3051 3146 cum
3096 3109 3296 3150 manus
3324 3109 3421 3149 eo-

162 3183 361 3253 χεῖρας
400 3181 475 3250 μὴ
506 3179 797 3248 καθαροὺς,
823 3178 988 3250 τριῶν
1021 3177 1157 3232 ἐτῶν
1191 3176 1306 3248 (75)
1338 3176 1438 3248 τῆς
1462 3176 1746 3240 κοινωνίας

167 3273 346 3343 μόνης
376 3269 695 3342 ἀπέχεσθαι.

244 3387 349 3439 1Δ’.
393 3384 453 3436 ’0
482 3382 675 3446 τόκους
701 3381 994 3454 λαμϐάνων
1019 3381 1153 3453 (76),
1180 3382 1276 3436 ἐὰν
1308 3380 1666 3452 καταδέξηται
1685 3379 1748 3434 τὸ

167 3476 356 3531 ἄδικον
385 3475 576 3546 κέρδος
604 3477 684 3538 εἰς
709 3475 959 3546 πτωχοὺς
988 3474 1284 3540 ἀναλῶσαι,
1322 3476 1413 3528 καὶ
1443 3475 1537 3528 τοῦ
1559 3474 1746 3528 λοιποῦ

163 3568 267 3622 τοῦ
323 3569 632 3638 νοσήματος
677 3567 778 3638 τῆς
838 3567 1276 3639 φιλοχρηματίας
1326 3565 1745 3637 ἀπαλλαγῆναι,

165 3659 359 3724 δεκτός
383 3661 529 3712 ἐστιν
555 3661 634 3723 εἰς
672 3659 992 3730 ἱερωσύνην.

240 3771 346 3825 IE’.
376 3770 650 3842 Θαυμὰζω
674 3773 730 3825 δέ
758 3790 873 3836 σου,
907 3774 1007 3843 τὴν
1035 3773 1424 3845 γραμματικὴν
1461 3775 1747 3845 ἀκρίϐειαν

167 3865 264 3918 ἐπὶ
294 3866 392 3935 τῆς
428 3865 646 3935 Γραφῆς
686 3865 1062 3932 ἀπαιτοῦντος,
1118 3869 1211 3922 καὶ
1249 3869 1619 3942 λογιζομένου,
1663 3870 1746 3922 ὅτι

165 3957 559 4028 ἠναγκασμένη
599 3959 748 4012 ἐστὶν
776 3960 808 4028 ή
836 3959 980 4024 λέξις
1013 3960 1112 4031 τῆς
1154 3961 1449 4036 ἑρμηνείας
1482 3962 1542 4015 τὸ
1578 3963 1747 4033 αὐτῆς

167 4049 412 4120 εύσημον
455 4050 786 4122 ἐκδιδούσης,
822 4053 882 4105 ού
923 4053 982 4106 τὸ
1014 4054 1214 4126 κυρίως
1247 4055 1350 4107 ύπὸ
1392 4056 1489 4124 τῆς
1535 4055 1750 4126 Ἐϐραῖ-

167 4140 276 4210 ›.ῆς
307 4140 490 4208 φωνῆς
528 4141 923 4210 σημαινόμενον
959 4142 1358 4214 μετατιθείσης.
1415 4143 1565 4195 Ἐπεὶ
1588 4142 1645 4194 δὲ
1669 4143 1750 4198 δεῖ

169 4231 252 4302 μὴ
278 4231 463 4303 ἀργῶς
501 4233 788 4303 παρελθεῖν
812 4235 873 4288 τὸ
902 4236 994 4288 ὑπ’
1030 4235 1221 4306 ἀνδρὸς
1251 4234 1544 4306 ζητητικοῦ
1592 4252 1739 4304 κινηο

166 4324 264 4378 ἱέν
297 4323 609 4395 πρόϐλημα,
630 4326 698 4379 τὰ
729 4328 950 4382 πετεινά
970 4327 1063 4381 τοῦ
1096 4327 1326 4400 ούρανοῦ
1365 4328 1460 4382 καὶ
1491 4329 1539 4380 οἱ
1572 4326 1751 4398 ἰχθύες

244 4503 360 4584 (Ἰξι)
405 4504 867 4575 Ἀναχωρησειν.
889 4505 982 4562 Sic
1009 4507 1254 4577 plerique
1281 4522 1417 4564 mss.
1445 4503 1591 4560 Editi
1617 4504 1747 4558 ἀνα-

169 4591 524 4712 "’1971711‘6.»
552 4645 627 4698 δι’
657 4640 758 4700 ὧν.
803 4645 1040 4699 Primam
1089 4646 1367 4716 voculam,
1399 4660 1519 4716 quae
1560 4644 1748 4702 deerat

168 4730 234 4769 tn
263 4715 450 4776 editis,
481 4723 783 4784 agnoscunt
816 4716 1057 4784 plerique
1090 4731 1222 4770 mss.
1250 4715 1492 4771 codices.

249 4785 363 4853 (75)
396 4782 576 4851 Τριῶν
600 4783 769 4838 ἐτῶν.
817 4782 988 4839 Multa
1023 4786 1317 4840 observant
1363 4785 1416 4838 in
1461 4787 1565 4841 hoc
1621 4787 1745 4842 loco

171 4854 363 4926 Basilii
397 4868 668 4926 canonum
703 4855 1026 4926 interpretes
1066 4855 1372 4916 Balsamon,
1407 4855 1657 4926 Zonaras,
1692 4863 1747 4911 et

172 4924 400 4980 Alexius
418 4922 710 4980 Aristenus
739 4943 753 4977 :
785 4922 1170 4981 l’Consilium
1208 4929 1326 4980 dari
1355 4939 1386 4978 a
1419 4938 1611 4981 sancto
1646 4925 1748 4980 Pa-

169 5010 281 5054 tre,
308 5008 419 5046 non
461 4994 630 5061 legem
669 4995 893 5063 imponi,
929 5011 1027 5050 nec
1081 4996 1312 5052 militum
1354 4997 1741 5051 conscientiam

171 5065 222 5119 ei
257 5063 521 5134 pollutam
557 5064 748 5126 videri,
780 5067 874 5120 sed
907 5080 1101 5129 manus
1152 5081 1259 5119 non
1296 5081 1490 5134 puras;
1515 5066 1573 5120 2⁸
1595 5067 1745 5134 obje-

169 5135 321 5188 cisse
354 5133 499 5186 hunc
536 5150 807 5205 canonem
849 5137 1135 5205 episcopos
1169 5135 1484 5205 imperatori
1527 5133 1740 5199 Phocea,

169 5219 303 5275 sunt
328 5203 547 5275 eosqui
570 5205 628 5275 in
664 5204 807 5275 bello
838 5204 1150 5260 ceciderant
1182 5203 1326 5275 inter
1350 5213 1618 5275 martyres
1657 5221 1745 5260 re-

167 5271 304 5327 εει·τί
347 5271 532 5336 vellet;
569 5273 623 5327 5ο
664 5273 809 5328 hunc
839 5289 1103 5329 canonem
1137 5290 1244 5329 non
1281 5273 1451 5330 fuisse
1484 5271 1746 5330 observa-

171 5357 313 5404 .um,
347 5348 534 5410 utpote
568 5343 748 5397 minus
775 5345 1085 5414 appositum
1128 5346 1192 5398 ad
1224 5345 1496 5413 publicam
1535 5347 1746 5399 utilita-

169 5426 302 5470 .em,
335 5424 400 5463 ac
446 5420 706 5479 praetcrea
753 5415 937 5469 minus
983 5423 1411 5470 consentaneum
1465 5415 1749 5469 Athanasii

167 5481 486 5550 sententiae,
514 5482 606 5549 qui
645 5482 700 5534 in
730 5485 954 5550 epistula
983 5485 1050 5539 ad
1078 5484 1296 5548 Amum,
1337 5486 1666 5540 adversarios
1694 5486 1749 5537 in

169 5549 308 5603 Sella
341 5549 598 5632 occidere,
619 5559 680 5632 et
714 5549 910 5623 legibus
930 5555 1242 5610 uermissum
1265 5564 1313 5611 et
1345 5556 1501 5611 laude
1531 5555 1750 5627 dignum

168 5636 284 5675 sue
313 5628 656 5688 pronuntiat.

236 5689 356 5758 (76)
395 5690 618 5756 Τόκους
661 5693 998 5761 λαμϐάνων.
1036 5693 1112 5749 Ex
1162 5695 1248 5750 his
1293 5705 1438 5766 patet
1479 5696 1746 5768 ejusmodi

493 5785 762 5847 Ρηιιοι..
823 5787 941 5848 Gn.
994 5786 1262 5850 XXXII.

1847 3189 1966 3228 rum
1999 3191 2149 3244 pura:
2178 3192 2286 3230 non
2316 3177 2447 3244 sint,
2486 3194 2582 3248 per
2606 3187 2720 3236 tres
2753 3197 2929 3239 annos
2955 3200 2986 3238 a
3021 3185 3138 3239 sola
3170 3201 3423 3240 commu-

1845 3267 2007 3322 nione
2030 3268 2362 3324 abstineant.

1919 3379 2058 3435 XIV.
2098 3382 2202 3449 Qui
2252 3399 2451 3440 usuras
2500 3387 2735 3458 accipit,
2779 3390 2825 3443 si
2873 3391 3108 3446 voluerit
3155 3394 3421 3465 injustum

1849 3473 2060 3529 lucrum
2084 3475 2139 3529 in
2157 3490 2426 3546 pauperes
2453 3476 2750 3543 insumere,
2779 3490 2834 3536 et
2863 3482 3122 3554 deinceps
3149 3485 3218 3539 ab
3240 3487 3420 3542 avari-

1847 3566 1939 3622 tia:
1967 3567 2160 3623 morbo
2189 3567 2436 3636 liberari,
2472 3569 2541 3624 ad
2571 3571 2937 3628 sacerdotium
2967 3575 3182 3630 admitti
3217 3585 3417 3647 potest.

1917 3765 2034 3822 XV.
2073 3767 2240 3822 Miror
2270 3784 2404 3825 sane
2427 3769 2572 3840 quod
2602 3773 3013 3842 grammaticam
3050 3789 3106 3828 tn
3136 3784 3420 3847 Scriptura

1850 3856 2184 3929 diligentiam
2233 3862 2510 3930 requiras,
2557 3876 2621 3917 ac
2669 3863 2961 3919 dictionem
2996 3875 3240 3922 coactam
3296 3883 3422 3924 esse

1849 3960 2008 4021 putes
2045 3952 2190 4008 illius
2223 3953 2723 4023 interpretationis,
2757 3971 2878 4028 qua:
2920 3958 3291 4032 suumsipsius
3339 3961 3421 4015 si-

1849 4046 2166 4118 gniﬁcatum
2198 4047 2488 4103 commode
2512 4049 2793 4119 exprimit,
2826 4065 3005 4121 neque
3039 4051 3092 4106 id
3130 4053 3420 4117 transfert,

1848 4139 1995 4209 quod
2025 4139 2244 4210 proprie
2280 4138 2545 4195 Hebraica
2578 4155 2712 4196 voce
2751 4142 3114 4212 signiﬁcatur.
3149 4143 3255 4200 Sed
3294 4147 3422 4217 quia

1849 4233 2088 4303 segniter
2117 4247 2226 4286 non
2258 4233 2635 4302 praetereunda
2660 4234 2911 4304 quaestio.
2937 4251 3057 4305 quae
3081 4250 3112 4289 a
3136 4237 3254 4292 viro
3275 4253 3423 4306 qua:-

1852 4324 2008 4379 rendi
2036 4325 2284 4379 studioso
2319 4324 2596 4395 preposita
2638 4333 2762 4380 est:
2800 4339 2929 4380 aves
2966 4327 3124 4392 coeli,
3156 4336 3207 4382 et
3244 4329 3423 4400 pisces

1853 4509 2137 4575 peccatum
2179 4501 2380 4575 nonin
2413 4500 2722 4573 insignibus
2769 4505 3101 4574 poenitentiae
3140 4506 3420 4575 gradibus,

1776 4551 1821 4606 ι)
1850 4551 1949 4646 an
1962 4551 2136 4646 me;
2158 4551 3401 4646 ρ’δῑιέεέιειῑέέοέιῇῑξιυςηέῑιῑξξέῖλἥλιῖιῑιιῖιῑ

1849 4644 1983 4716 itum
2012 4642 2465 4716 in_sacerdotium_
2496 4658 2604 4716 non
2633 4644 2944 4716 reliquisset
2969 4642 3426 4716 BasiliusIAtque

1848 4729 1910 4766 ex
1949 4713 2054 4783 hac
2080 4711 2303 4766 lenitate
2335 4711 2466 4766 illud
2502 4714 2667 4767 etiam
2704 4711 2887 4783 colligi
2920 4717 3116 4783 possit,
3151 4711 3416 4770 canonem

1850 4783 1923 4856 Π
1948 4781 2247 4856 Niczenum,
2285 4782 2378 4856 qui
2412 4784 2644 4856 clericos
2666 4781 2890 4838 usuram
2915 4781 3194 4856 exigentes
3223 4786 3423 4856 deponi

1844 4852 2021 4926 jubet,
2054 4865 2161 4904 non
2196 4853 2316 4906 sine
2342 4852 3047 4926 benignainterpretatione
3060 4855 3124 4926 in
3141 4852 3428 4926 Cappado—

1849 4922 1935 4976 cia
1963 4922 2308 4975 observatum
2349 4921 2535 4976 fuisse.
2576 4921 2843 4979 Videntur
2872 4925 3016 4978 enim
3048 4921 3413 4980 Graci'eano-

1851 5005 1974 5045 nem
2013 4990 2494 5062 “apostolorum
2531 4993 2687 5062 sequi
2744 4993 3004 5048 maluisse
3037 5009 3200 5062 quam
3246 4994 3424 5050 Nicae-

1853 5076 1981 5115 num
2008 5078 2023 5126 ;
2051 5060 2320 5129 siquidem
2360 5061 2413 5114 in
2446 5060 2655 5116 canone
2681 5063 2894 5116 decimo
2928 5060 3209 5129 Trullano,
3236 5066 3424 5120 itidem

1852 5139 1914 5185 ut
1974 5131 2030 5183 in
2076 5145 2287 5203 canone
2331 5131 2868 5203 pseudoapostolico,
2903 5137 3180 5199 sanciunt,
3226 5144 3283 5187 ut
3315 5136 3427 5203 epi-

1851 5217 2057 5268 scopus,
2087 5202 2374 5272 presbyter,
2406 5200 2485 5254 vel
2517 5200 2793 5266 diaconus,
2834 5203 2925 5272 qui
2971 5221 3162 5258 usuras
3197 5206 3274 5258 vel
3311 5200 3428 5272 qum

1851 5273 2100 5342 dicuntur
2124 5271 2672 5342 centesimasgaccipit,
2704 5272 2779 5325 vel
2811 5283 2972 5326 cesset
3003 5273 3079 5328 uel
3108 5273 3424 5342 deponatur.

1853 5340 2062 5414 _Conji_ci
2086 5342 2412 5414 ergopossit
2439 5340 2696 5414 Basilium
2715 5342 2984 5414 ejusmodi
3006 5340 3251 5414 peccato,
3279 5346 3425 5414 quod

1856 5411 1912 5482 in
1943 5409 2323 5482 laicislenitcr
2351 5411 2527 5479 punit,
2564 5426 2670 5482 non
2705 5409 3083 5480 gravissimam
3118 5409 3336 5482 pinnam
3370 5415 3424 5467 in

1855 5481 2071 5535 clericis
2093 5478 2278 5533 statim
2299 5478 2594 5548 irrogasse.
2619 5478 2770 5536 Illius
2792 5491 2974 5536 autem
3003 5478 3278 5538 leuitatem
3303 5485 3428 5537 inde

1854 5551 2050 5620 repetit
2078 5550 2388 5614 Balsamon,
2408 5551 2554 5620 quod
2582 5549 2743 5608 fenus
2771 5551 3013 5608 civilium
3042 5555 3220 5622 legum
3246 5564 3429 5608 aucto-

1856 5622 2017 5675 ritate
2043 5622 2508 5691 comprobaretur.
2939 5644 2942 5646 ν

3117 5779 3199 5839 22
