3864 6216
223 282 337 345 683:

1018 284 1511 345 EPISTOLARUM
1549 283 1837 343 CLASSIS
1876 282 1938 340 ll.
1981 282 2203 343 EPIST.
2246 282 2580 343 CLXXXIX.

3382 286 3485 344 686

220 399 468 473 ψυχικῶν
527 401 977 475 ἀρρωστημάτων
1036 402 1268 458 ἐπινοῶν
1343 404 1443 478 τὴν
1504 403 1807 475 διόρθωσιν.

1928 418 2024 458 ιεω
2057 402 2183 457 dico
2213 418 2322 457 non
2365 403 2545 457 solum
2580 399 2779 455 famam
2821 399 3183 471 plurimorum
3227 393 3500 471 sequens,i

221 493 405 548 Ταῦτα
431 493 488 547 δὲ
514 492 678 563 λέγω.
716 495 778 549 οὐ
809 495 967 566 μόνον
1013 500 1134 561 ταῖς
1183 496 1293 550 τῶν
1339 496 1551 550 πολλῶν
1597 497 1807 567 φήμαις

220 585 505 657 ἑπόμενος,
533 585 668 639 ἀλλὰ
700 585 797 639 καὶ
823 589 890 659 τῇ
915 589 1034 640 κατ’
1060 587 1299 659 ἐμαυτὸν
1330 587 1599 658 διδαχθεὶς
1622 589 1807 661 πείρᾳ,

222 680 281 732 ὲν
317 675 534 741 πολλοῖς
554 693 615 730 τε
637 676 838 742 ἄλλοις,
874 679 969 732 καὶ
1013 678 1382 751 διαφερόντως
1408 678 1503 734 νῦν
1530 682 1589 735 ὲν
1616 683 1682 751 τῇ
1702 680 1811 734 τῶν

221 766 431 840 ἐχθρῶν
460 767 617 838 ἡμῶν
648 768 1025 841 ἀνεκδιηγήτῳ
1057 770 1244 842 κακίᾳ·
1265 771 1331 841 ἢν
1352 770 1621 842 ῥεύματος
1647 788 1814 841 πονη-

227 858 321 937 ροῦ
366 858 524 930 δίκην
569 861 710 915 κατά
752 860 870 932 τῆς
904 861 1051 933 ζωῆς
1101 861 1257 933 ἡμῶν
1301 863 1655 933 ὲπιρρυεῖσαν
1697 862 1810 935 (85)

223 950 548 1025 αἱμηχάνως
587 950 819 1023 διέχεας,
851 950 951 1023 τὴν
990 952 1211 1023 βαρεῖαν
1254 952 1461 1025 ταύτην
1496 954 1813 1027 φλεγμονὴν

220 1043 325 1113 τῆς
346 1042 571 1117 καρδίας
604 1042 760 1114 ἡμῶν
805 1045 872 1115 τῇ
905 1044 1230 1117 ὲπαντλήσει
1269 1045 1378 1099 τῶν
1423 1045 1813 1119 παρηγορικῶν

219 1131 395 1203 λόγων
419 1133 775 1206 διαφορήσας.
816 1133 959 1204 Ἐγὼ
979 1136 1086 1209 γὰρ
1114 1137 1249 1208 (84),
1287 1138 1423 1209 πρὸς
1451 1140 1550 1209 τὴν
1582 1139 1812 1211 ἐπάλλη-

219 1224 312 1280 λον
333 1225 443 1279 τῶν
475 1226 691 1297 ἐχθρῶν
713 1226 872 1298 ἡμῶν
907 1227 1002 1281 καὶ
1036 1229 1287 1299 ποικίλην
1335 1229 1458 1283 καθ’
1500 1230 1660 1301 ἡμῶν
1696 1233 1816 1284 ἐπι-
1846 1272 1851 1283 .

219 1316 472 1387 χείρησιν
515 1315 879 1382 ἀποϐλέπων,
923 1319 1135 1387 σιωπᾷν
1174 1318 1333 1390 ᾤμην
1378 1318 1509 1383 δεῖν,
1570 1321 1665 1372 καὶ
1726 1320 1816 1373 δέ-

224 1404 416 1477 χεσθαι
465 1404 587 1458 καθ’
615 1405 852 1477 ἡσυχίαν
887 1406 961 1462 τὰ
1003 1407 1344 1479 ὲπαγόμενα.
1376 1408 1486 1480 (85)
1517 1410 1653 1481 μηδὲ
1692 1411 1819 1464 ἀντ-

224 1499 371 1568 ερεῖν
430 1500 544 1561 τοῖς
598 1496 1069 1570 καθωπλισμένοις
1119 1499 1197 1571 τῷ
1242 1499 1445 1569 ψεύδει,
1486 1501 1565 1572 τῷ
1597 1500 1818 1573 πονηρῷ

222 1588 402 1660 τούτῳ
438 1589 609 1660 ὅπλῳ,
640 1589 721 1661 τῷ
753 1592 848 1643 καί⁵
887 1591 975 1645 διὰ
1001 1591 1105 1663 τῆς
1131 1592 1387 1664 ἀληθείας
1427 1593 1683 1658 πολλάκις
1718 1598 1817 1666 τὴν

220 1680 408 1754 ἀκμὴν
438 1681 771 1740 εἰσωθοῦντι.
817 1684 891 1736 ΣΞ)
933 1684 1011 1750 δὲ,
1057 1684 1240 1753 καλῶς
1275 1686 1465 1753 ποιῶν,
1527 1687 1602 1760 μὴ
1649 1705 1855 1744 κατα-.

1910 492 2005 550 sed
2039 508 2159 549 mea
2204 494 2369 548 etiam
2411 493 2645 549 edoctus
2686 492 3021 561 experientia
3046 532 3062 560 ,
3097 507 3222 547 cum
3257 492 3315 547 in
3364 494 3483 552 aliis

1910 584 2099 639 multis
2123 584 2308 649 rebus,
2339 592 2455 640 tum
2487 583 2721 639 maxime
2747 597 2894 637 nunc
2919 581 2973 637 in
3003 581 3107 638 hac
3138 583 3483 639 inimicorum

1912 684 2221 731 nostrorum
2254 692 2362 730 non
2395 675 2691 731 enarrabili
2718 675 2946 743 malitia,
2973 690 3138 746 quam
3164 675 3219 729 in
3244 681 3486 731 nostram

1911 769 2076 823 vitam
2103 768 2231 823 mali
2262 767 2452 822 liuenti
2476 782 2628 823 more
2655 765 2882 823 effusam
2914 768 3149 823 solerter
3171 765 3487 850 dissipasti:

1912 876 2037 917 cum
2073 875 2295 932 gravem
2347 861 2496 914 illam
2543 859 2728 916 cordis
2777 860 2954 915 nostri
3002 858 3492 913 inﬂammationem

1914 951 2115 1008 infusis
2165 950 2560 1007 consolationis
2612 950 2795 1006 verbis
2839 949 3157 1006 excussisti.
3196 948 3309 1018 Ego
3346 946 3494 1002 enim

1913 1045 1983 1101 ad
2020 1046 2384 1101 alternantem
2431 1043 2785 1099 inimicorum
2819 1047 3137 1098 nostrorum
3171 1041 3497 1109 variumque

1915 1145 2109 1191 contra
2133 1152 2233 1192 nos
2265 1142 2526 1190 conatum
2552 1134 2875 1204 respiciens,
2901 1140 3087 1188 tacere
3106 1130 3496 1188 existimabam

1916 1236 2191 1299 oportere,
2226 1241 2291 1282 ac
2318 1224 2526 1280 inﬂicta
2554 1226 2697 1279 mala
2729 1224 2953 1281 silentio
2989 1223 3235 1295 perferre
3257 1264 3273 1290 ,
3318 1237 3500 1293 neque

1917 1319 2302 1375 contradicere
2349 1318 2669 1375 hominibus
2721 1318 3009 1374 mendacio
3053 1317 3314 1381 armatis,
3352 1314 3498 1370 malo

1917 1412 2012 1467 illo
2030 1411 2239 1482 jaculo,
2269 1409 2415 1480 quod
2445 1416 2500 1464 et
2529 1424 2628 1480 per
2666 1409 2843 1479 ipsam
2871 1408 3161 1463 veritatem
3212 1420 3323 1460 non
3370 1419 3501 1460 rare

1917 1505 2200 1576 cuspidem
2232 1503 2423 1574 adigit.
2458 1501 2541 1557 Tu
2579 1517 2710 1558 vero
2736 1509 2884 1558 recte
2912 1501 3074 1572 277
3103 1499 3314 1565 fecisti,
3352 1497 3501 1569 quod

1917 1597 2175 1654 hortatus
2206 1611 2289 1660 es,
2324 1603 2384 1649 ut
2413 1612 2481 1651 ne
2512 1595 2799 1650 veritatem
2834 1594 3147 1665 proderem,
3185 1591 3280 1648 sed
3309 1591 3500 1646 redarA

1894 1688 2141 1761 'guerem
2170 1686 2561 1757 sycophantas,
2585 1701 2654 1740 ne
2677 1685 2860 1755 plures
2891 1684 3179 1747 laedantur,
3205 1695 3502 1754 prosperos

221 1771 534 1844 προδιδόναι
576 1772 674 1845 τὴν
719 1775 983 1847 ἀλήθειαν
1021 1777 1338 1834 ἐνεκελεύου
1366 1778 1510 1851 (86),
1564 1780 1701 1835 ἀλλά
1737 1780 1818 1834 δι-

1928 1779 2209 1836 mendacio
2237 1788 2431 1834 contra
2453 1777 2741 1833 veritatem
2773 1791 3069 1832 successus
3096 1775 3354 1830 habente.

220 1865 468 1938 ελέγχειν
499 1867 625 1930 τοὺς
657 1868 998 1938 συκοφάντας
1021 1909 1036 1936 ,
1070 1870 1146 1934 ὡς
1189 1871 1256 1925 ἂν
1307 1873 1385 1944 μὴ
1407 1873 1592 1927 πολλοὶ
1627 1873 2027 1944 παραδλαὸεῖεν
2047 1912 2062 1937 ,
2126 1868 2631 1943 κατευημεροῦντος
2669 1870 2769 1940 τῆς
2838 1868 3097 1941 ἀληθείας
3122 1867 3217 1922 τοῦ
3250 1865 3500 1937 ψεύδους·

291 1952 361 2013 2.’
392 1959 620 2026 Ἐδοξαν
647 1956 740 2015 οὖν
776 1980 867 2033 μοι
900 1963 1283 2035 παραπλήσιόν
1316 1983 1371 2018 τι
1401 1969 1575 2022 ποιεῖν
1608 1966 1684 2038 τῷ
1708 1968 1807 2020 Αἰ-

222 2050 444 2122 σωπείῳ
476 2051 632 2123 μύθῳ
661 2053 710 2105 οἰ
742 2053 802 2106 τὸ
834 2054 1246 2128 ἀπροφάσιστον
1276 2058 1398 2111 καθ’
1423 2059 1582 2130 ἡμῶν
1604 2060 1810 2115 ἀναλα-

220 2140 408 2205 ϐόντες
451 2144 626 2212 μῖσος.
677 2143 766 2207 Ὠς
812 2143 922 2216 γὰρ
965 2146 1173 2209 ἐκεῖνος
1207 2146 1528 2219 ἐγκλήματά
1567 2167 1690 2203 τινα
1732 2148 1813 2220 τῷ

220 2233 395 2305 ἀρνίῳ
433 2234 526 2289 τὸν
558 2234 721 2289 λύκον
762 2236 1057 2309 προφέρειν
1100 2239 1377 2312 ἐποίησεν.
1427 2242 1816 2312 αἰσχυνόμενον

235 2324 401 2396 δῆθεν
438 2324 501 2378 τὸ
552 2326 730 2380 δοκεῖν
772 2327 899 2382 ἄνευ
957 2329 1172 2394 δικαίας
1209 2332 1534 2402 προφάσεως
1573 2334 1817 2405 ἀναιρεῖν

220 2416 315 2470 τὸν
342 2418 509 2489 μηδὲν
548 2419 1003 2491 προλυπήσαντα·
1050 2422 1146 2475 τοῦ
1181 2422 1238 2476 δὲ
1283 2424 1448 2495 ἀρνὸς
1485 2425 1597 2495 (87)
1631 2427 1815 2480 πᾶσαν

220 2507 322 2578 τὴν
370 2511 434 2563 ἐκ
487 2511 851 2581 συκοφαντίας
901 2514 1248 2586 ἐπαγομένην
1321 2517 1502 2570 αἰτίαν
1575 2518 1816 2590 εὐχερῶς

221 2600 551 2666 διαλύοντος,
592 2602 760 2673 μηδὲν
809 2603 1011 2674 μᾶλλον
1064 2605 1320 2674 ὑφίεσθαι
1367 2608 1469 2677 τῆς
1506 2609 1684 2679 ὁρμῆς
1730 2608 1824 2662 τὸν

224 2690 415 2759 λύκον,
468 2693 606 2748 ἀλλά
667 2696 783 2758 τοῖς
835 2694 933 2766 μὲν
985 2696 1215 2762 δικαίοις
1251 2699 1533 2770 ἡττᾶσθαι,
1600 2703 1714 2764 τοῖς
1765 2701 1824 2753 δὲ

222 2783 409 2838 ὀδοῦσι
439 2787 598 2858 νικᾷ-ν
624 2803 637 2817 ·
690 2785 866 2852 οὕτως
893 2784 973 2854 οἷς
1003 2787 1064 2843 τὺ
1101 2790 1223 2844 καθ’
1256 2791 1413 2862 ἡμῶν
1448 2795 1607 2862 μῖσος
1652 2792 1728 2857 ῶς
1765 2811 1819 2846 τι

220 2874 336 2931 τῶν
355 2876 576 2946 ἀγαθῶν
607 2880 974 2953 ἐσπουδάσθη,
1001 2881 1363 2955 ὲρυθριῶντες
1384 2883 1528 2954 τάχα
1549 2883 1610 2938 τὸ
1638 2885 1818 2939 δοκεῖν

224 2968 355 3024 ἄνευ
382 2969 564 3035 αἰτίας
598 2975 796 3044 μισεῖν,
828 2974 1007 3038 αἰτίας
1035 2974 1329 3029 πλάττουσι
1362 2976 1483 3029 καθ’
1527 2977 1686 3047 ἡμῶν
1722 2979 1817 3031 καὶ

223 3058 572 3131 ἐγκλήματα,
607 3063 704 3117 καὶ
726 3064 902 3119 οὐδενὶ
930 3064 1040 3118 τῶν
1073 3064 1384 3135 λεγομένων
1421 3066 1583 3138 μέχρι
1614 3068 1817 3130 παντὸς

225 3148 615 3241 ἐπιμένουσινο
676 3153 814 3208 ἀλλά
852 3153 948 3207 νῦν
1002 3154 1103 3225 μὲν
1139 3133 1317 3220 τοῦτο,
1353 3133 1710 3226 μετ’ντόλίγον
1761 3156 1820 3209 δὲ

1928 3176 2246 3225 constanter
2291 3167 2600 3236 insistunt,
2632 3167 2729 3224 sed
2771 3168 2936 3223 modo
2965 3169 3111 3223 hanc
3131 3209 3147 3234 ,
3188 3168 3353 3239 paulo
3385 3177 3512 3241 post

225 3236 379 3305 ἄλλο,
402 3240 497 3294 καὶ
520 3236 677 3305 αὖθις
706 3241 895 3314 ἕτερον
921 3241 1021 3312 τῆς
1052 3242 1176 3296 καθ’
1210 3242 1368 3314 ἡμῶν
1402 3243 1732 3314 δυσμενείας
1758 3244 1819 3298 τὸ

227 3334 404 3388 αἴτιον
434 3331 674 3401 λέγουσι.
708 3333 918 3406 Βέϐηκε
955 3334 1013 3388 δὲ
1053 3335 1238 3401 αὐτοῖς
1284 3336 1372 3389 ἐπ’
1413 3336 1625 3401 οὐδενὸς
1654 3339 1687 3409 ή
1720 3354 1822 3391 κα-

229 3425 347 3480 κίαι
369 3425 485 3478 ἀλλ’
518 3426 649 3479 ὅταν
681 3425 871 3480 τούτου
900 3425 993 3480 τοῦ
1025 3426 1369 3499 ἐγκλήματος
1390 3427 1818 3496 ἀποσεισθῶσιν,

231 3517 406 3591 ἑτέρῳ
432 3518 823 3589 προσ-φύονται,
856 3519 950 3573 καὶ
982 3520 1077 3573 ἀπ’
1109 3520 1319 3575 ἐκείνου
1353 3520 1515 3576 πάλιν
1541 3521 1822 3592 καταλαμ-

232 3610 489 3664 ϐάνουσιν
508 3609 696 3683 ἓτερον
716 3626 729 3640 ·
760 3609 865 3664 κᾶν
897 3611 1078 3664 πάντα
1120 3609 1345 3682 διαλυθῇ
1374 3613 1444 3667 τά
1476 3611 1819 3683 ἐγκλήματα,

230 3705 331 3760 τοῦ
380 3708 558 3778 μισεῖν
601 3706 703 3759 οὐκ
734 3704 1081 3774 ἀφίστανται.
1131 3706 1293 3777 Τρεῖς
1332 3705 1488 3772 θεοὺς
1515 3706 1628 3779 (88)
1688 3723 1819 3779 πρε-

237 3796 539 3853 σϐεύεσθαι
569 3798 699 3869 παρ’
722 3796 879 3869 ήμῶν
917 3797 1216 3865 αἰτιῶνται,
1248 3798 1342 3852 καὶ
1363 3797 1684 3871 περιηχοῦσι
1726 3798 1825 3861 τάς

231 3888 408 3953 ἀκοὰς
440 3888 550 3943 τῶν
584 3886 798 3942 πολλῶν
822 3926 838 3951 ,
889 3889 985 3943 καὶ
1034 3887 1278 3953 πιθανῶς
1325 3890 1826 3956 κατασκευάζοντες

232 3978 337 4051 τὴν
367 3978 623 4052 διαϐολὴν
650 3978 857 4053 ταύτην
881 3980 944 4033 οὐ
968 3980 1252 4039 παύονται.
1325 3981 1463 4036 Ἀλλ’
1509 3983 1827 4055 ύπερμάχε-
1854 3994 1859 4007 ’

231 4085 327 4124 ται
360 4068 522 4141 ἡμῶν
548 4070 582 4142 ή
613 4068 863 4142 ἀλήθεια,
908 4069 1004 4124 καί¹
1034 4071 1092 4124 ἐν
1114 4071 1280 4144 κοινῷ
1302 4073 1441 4142 πρὸς
1464 4072 1694 4141 πάντας,
1730 4071 1826 4127 καὶ

237 4162 353 4235 ἰδίᾳ
402 4162 540 4234 πρὸς
579 4162 708 4227 τοὺς
752 4162 1202 4235 ἐντυγχάνοντας,
1264 4164 1587 4221 δεικνύντων
1644 4166 1823 4238 ἡμῶν,

232 4255 323 4309 ὅτι
349 4252 841 4325 ἀνατεθεμάτισται
881 4257 1014 4327 παρ’
1055 4256 1214 4329 ἡμῶν
1260 4258 1368 4321 πᾶς
1405 4259 1434 4312 ό
1460 4261 1608 4330 τρεῖς
1649 4257 1827 4327 λέγων

233 4345 420 4413 θεοὺς,
463 4347 558 4402 καὶ
611 4347 735 4401 οὐδὲ
784 4348 1111 4419 Χριστιανὸς
1160 4345 1301 4403 εἶναι
1349 4349 1612 4421 κρίνεται.
1686 4349 1824 4404 Ἀλλ’

1982 1965 2038 2020 2.
2066 1965 2186 2021 Visi
2239 1972 2370 2020 sunt
2419 1964 2589 2035 igitur
2632 1963 2764 2018 mihi
2809 1962 2989 2018 simile
3018 1960 3280 2032 quiddam
3318 1956 3505 2014 facere

1916 2054 2110 2126 JEsopi
2151 2054 2351 2112 fabulae
2378 2095 2393 2119 ,
2419 2056 2515 2126 qui
2563 2055 2683 2112 sine
2715 2056 2824 2110 ulla
2859 2070 3088 2126 prorsus
3116 2068 3286 2110 causa
3313 2052 3503 2108 odium

1880 2164 1893 2177 ι’
1916 2147 1975 2201 in
2002 2162 2104 2202 nos
2132 2153 2517 2217 susceperunt.
2548 2144 3016 2212 Quemadmodum
3039 2145 3185 2202 enim
3213 2146 3303 2201 ille
3326 2143 3502 2215 ﬁngit,

1921 2238 2158 2294 crimina
2185 2237 2435 2310 quaedam
2469 2252 2610 2309 agno
2641 2237 2827 2307 lupum
2859 2236 3087 2300 inferre,
3118 2236 3494 2293 verecundari.

1922 2338 2031 2386 tem
2067 2331 2327 2386 videlicet
2355 2330 2473 2387 sine
2497 2329 2648 2401 justa
2683 2344 2851 2385 causa
2879 2344 3028 2395 eum,
3063 2327 3157 2400 qui
3189 2328 3343 2399 prius
3366 2327 3504 2386 nihil

1924 2424 2177 2489 laesisset,
2213 2424 2465 2480 occidere
2514 2422 2717 2491 videri;
2767 2424 2862 2478 sed
2907 2437 3034 2477 cum
3082 2438 3257 2492 agnus
3285 2436 3507 2477 omnem

1921 2534 1986 2573 ex
2012 2518 2287 2573 calumnia
2319 2518 2527 2572 illatam
2552 2514 2995 2571 criminationem
3030 2513 3192 2570 facile
3221 2513 3502 2578 diluisset,

1894 2610 1897 2613 ’
1926 2625 2034 2664 non
2058 2609 2267 2665 idcirco
2295 2609 2488 2680 lupum
2522 2608 2591 2664 de
2618 2608 2829 2680 impetu
2865 2607 3165 2679 quidquam
3202 2606 3504 2668 remittere,

1925 2703 2022 2758 sed
2051 2702 2177 2773 jure
2206 2703 2425 2774 quidem
2467 2703 2650 2767 vinci,
2686 2702 2941 2759 dentibus
2977 2718 3109 2758 vero
3147 2702 3398 2757 vincere:
3432 2701 3509 2754 ita

1923 2796 2018 2866 qui
2046 2796 2232 2852 odium
2262 2796 2441 2852 nostri
2478 2796 2646 2852 veluti
2679 2796 3000 2866 praeclarum
3034 2794 3294 2866 quiddam
3324 2793 3511 2849 studio

1921 2888 2197 2953 habuere,
2242 2903 2367 2943 cum
2410 2888 2549 2944 forte
2604 2888 3036 2953 erubescerent,
3076 2887 3122 2942 si
3173 2887 3294 2944 sine
3340 2900 3509 2941 causa

1920 2982 2105 3038 odisse
2138 2982 2490 3045 viderentur,
2527 2996 2726 3036 causas
2769 2991 2961 3036 contra
3002 2995 3105 3037 uos
3151 2988 3207 3036 et
3247 2980 3513 3036 crimina-

1924 3074 2102 3130 tiones
2137 3074 2381 3145 ﬁngunt,
2428 3089 2531 3129 nec
2569 3073 2627 3129 in
2667 3074 2778 3129 ullo
2825 3088 3015 3129 eorum
3053 3088 3176 3144 qua).
3218 3073 3509 3139 dictitant,

1920 3260 2092 3326 illam,
2124 3269 2179 3315 et
2206 3275 2402 3316 rursus
2427 3260 2587 3315 aliam
2616 3274 2729 3314 suae
2750 3259 2809 3314 in
2835 3273 2936 3314 nos
2961 3259 3260 3315 inimicitiae
3280 3274 3510 3316 causam

1922 3352 2224 3422 assignant.
2255 3349 2419 3406 Nulla
2449 3359 2632 3407 autem
2668 3352 2727 3407 in
2757 3366 2816 3407 re
2850 3351 3107 3408 consistit
3137 3366 3330 3407 eorum
3354 3353 3514 3407 mali-

1922 3444 2031 3512 tia;
2061 3444 2156 3500 sed
2178 3452 2469 3516 postquam
2495 3443 2599 3499 hac
2622 3443 3014 3499 criminatione
3040 3444 3256 3516 depulsi
3283 3443 3513 3514 fuerint,

1922 3535 1991 3590 a‘d
2019 3534 2182 3590 aliam
2213 3535 2636 3602 adhaerescunt,
2668 3543 2722 3592 et
2764 3552 2962 3592 rursus
2991 3537 3060 3591 ab
3108 3537 3214 3592 ista
3242 3535 3310 3592 ad
3344 3537 3531 3592 aliam.

1924 3629 2281 3701 confugiunt;
2311 3645 2434 3696 nec,
2471 3630 2520 3686 si
2549 3630 2736 3685 omnia
2764 3629 3038 3687 dissoluta
3067 3629 3276 3687 fuerint
3322 3631 3514 3685 crimi-

1922 3737 2017 3786 na,
2049 3722 2235 3778 odisse
2273 3722 2569 3779 desistunt.
2601 3720 2740 3779 Tres
2787 3722 2922 3780 deos
2971 3737 3003 3778 a
3034 3722 3195 3779 nobis
3226 3722 3514 3794 praedicari

1925 3821 2260 3877 causantur,
2302 3822 2467 3885 atque
2521 3812 2625 3869 bac
2677 3829 2867 3871 eorum
2911 3813 3297 3871 criminatione
3351 3827 3515 3871 aures

1926 3906 2072 3978 vulgi
2112 3907 2566 3973 circumsonant,
2603 3922 2783 3977 neque
2828 3906 2973 3962 hanc
3009 3906 3340 3962 calumniam
3378 3906 3515 3964 sub-

1927 4000 2097 4055 tiliter
2159 3999 2710 4065 struereidesinuut.
2777 3998 2885 4055 Sed
2935 4008 3142 4071 pugnat
3198 4014 3298 4071 pro
3350 4000 3514 4055 nobis

1925 4091 2166 4156 veritas,
2222 4105 2350 4146 cum
2398 4098 2454 4147 et
2516 4091 2738 4162 publice
2799 4091 3090 4158 omnibus',
3143 4097 3199 4146 et
3259 4090 3519 4161 privatim

1927 4182 2316 4239 accedentibus
2351 4182 2828 4247 demonstremus,
2869 4182 3313 4238 anathematizari
3346 4196 3378 4235 a
3415 4197 3516 4237 no-

1926 4276 2013 4333 bis
2059 4277 2314 4347 quisquis
2357 4283 2471 4334 tres
2508 4276 2642 4332 deos
2688 4276 2861 4341 dicit,
2902 4290 2967 4331 ac
3013 4291 3084 4332 ne
3140 4275 3514 4332 Christianum

1928 4370 2149 4441 quidem
2186 4368 2445 4440 iudicari.
2480 4366 2587 4425 Sed
2628 4368 2722 4423 ubi
2748 4368 2852 4423 hoc
2884 4367 3217 4432 audiverint,
3245 4367 3299 4422 in
3328 4383 3514 4440 prom-

235 4438 371 4493 ὅταν
404 4435 565 4491 τοῦτο
608 4437 904 4503 ἀκούσωσι,
941 4439 1234 4513 πρόχειρος
1283 4440 1469 4504 αὐτοῖς
1507 4440 1632 4496 καθ’
1668 4440 1826 4512 ἡμῶν

1932 4435 2031 4534 ptu
2074 4435 2202 4518 illisi
2232 4468 2428 4517 contra
2457 4476 2559 4518 nos
2609 4459 2918 4516 Sabellius:
2947 4467 3003 4516 et
3052 4460 3203 4516 illius
3262 4435 3515 4514 morbum

235 4533 271 4584 ὁ
301 4529 613 4595 Σαδέλλιος.
648 4529 742 4586 καὶ
787 4534 822 4604 ἡ
866 4530 927 4597 ἐξ
967 4531 1178 4586 ἐκείνου
1227 4532 1382 4597 νόσος
1424 4532 1827 4605 ἐπιθρυλλεῖται

234 4619 324 4693 τῷ
345 4620 600 4693 ἡμετέρῳ
630 4620 793 4692 λόγῳ.
848 4620 1021 4676 Πάλιν
1076 4622 1171 4675 καὶ
1221 4620 1358 4692 πρὸς
1384 4621 1546 4675 τοῦτο
1573 4625 1736 4694 ἡμεῖς
1766 4623 1830 4676 τὸ

246 4710 476 4784 σύνηθες
494 4712 659 4767 ὅπλον
684 4713 782 4784 τὴν
808 4711 1067 4784 ἀλήθειαν
1095 4711 1509 4784 προϐαλλόμεθα
1531 4730 1546 4744 ⁸
1586 4715 1828 4769 δεικνύν-

240 4818 357 4866 ⁴τες.
390 4802 471 4857 ὅτι
495 4803 692 4877 ἐπίσης
717 4803 795 4875 τῷ
835 4802 1157 4875 Ἰουδαϊσμῷ
1183 4805 1279 4858 καὶ
1307 4804 1409 4877 τὴν
1441 4804 1701 4876 τοιαύτην
1742 4806 1831 4860 αἴ-

244 4911 399 4967 ρεσιν
421 4895 739 4968 φρίττομεν.

319 4987 376 5042 3.
513 4950 639 5055 05v;
674 4982 784 5061 ἄρα
813 4987 954 5061 μετά
982 4988 1255 5054 τοσαύτας
1301 4990 1649 5062 ὲγχειρήσεις
1694 4950 1867 5043 ἀποι.

243 5081 522 5152 καμόντες
545 5081 659 5153 (89)
690 5082 1004 5156 ήσύχασανς
1031 5084 1147 5139 Οὐκ
1164 5083 1282 5140 ἔστι
1303 5084 1477 5141 ταῦτα
1500 5083 1634 5156 (90).
1674 5084 1836 5140 Ἀλλά

320 5193 437 5263 (83)
481 5194 917 5264 Ἐπιῤῥυεῖσαν.
948 5193 1027 5252 Ita
1061 5194 1188 5251 Vat.
1231 5211 1357 5251 cum
1387 5197 1571 5253 tribus
1609 5197 1736 5253 aliis
1779 5203 1836 5253 et

244 5260 427 5340 Ey‘ss.’
449 5279 515 5319 ac
538 5260 1054 5340 Aedi'tione‘llagan.
1086 5267 1330 5340 Legitur
1369 5268 1735 5340 ἐπιρρέουσαι)
1779 5269 1836 5324 in

243 5330 576 5409 Parisiensi,
592 5344 662 5409 _et
690 5330 1065 5409 ἀπορρυεῖσαν
1084 5337 1140 5393 in
1179 5330 1511 5409 Basileens'i.

323 5404 451 5494 (βξ).
479 5405 783 5530 Ἐγὼέγὶρ.
805 5404 885 5463 Ita
909 5406 1051 5463 Med.
1079 5422 1207 5463 cum
1236 5408 1417 5464 tribus
1447 5408 1573 5464 aliis
1594 5414 1649 5464 et
1668 5404 1831 5480 Nyss.

323 5474 400 5529 Ιιιι
451 5475 580 5530 Εγω
606 5476 636 5530 δ
672 5519 684 5530 .

245 5472 400 5531 Editi
422 5472 580 5538 ’Ἑγῶ
606 5472 684 5531 δέ.

326 5543 441 5613 (85)
476 5543 618 5603 Vide
645 5546 931 5604 Addenda.
971 5549 981 5581 ι

327 5613 439 5684 (86)
509 5618 923 5672 Ἐ-νεκελεύου.
983 5618 1064 5675 Ita
1108 5633 1247 5676 mss.
1294 5633 1414 5675 sex.
1457 5617 1605 5675 Editi
1652 5619 1838 5674 ἑνεκὲ-

460 5684 623 5756 Nyss.
652 5688 1009 5743 ὲνεκελεύσω.

323 5755 438 5829 (87)
475 5755 587 5812 Τοῦ
617 5756 686 5817 δὲ
722 5758 927 5828 ἀρνός.
974 5758 1114 5819 Leve
1147 5758 1447 5820 discrimen
1482 5757 1641 5835 inter
1691 5759 1838 5816 hanc

1932 4554 2196 4610 doctrinae
2221 4561 2423 4609 nostrae
2446 4567 2640 4607 rumor
2667 4550 2892 4624 afﬁngit.
2925 4551 3143 4608 Rursus
3172 4551 3260 4608 his
3294 4566 3516 4622 quoque

1931 4654 2199 4702 consueta
2222 4660 2396 4712 arma,
2420 4644 2701 4700 veritatem
2725 4642 3092 4716 opponimus;
3128 4644 3518 4699 demonstran-

1933 4746 2018 4794 tes
2048 4752 2202 4807 :rque
2221 4752 2287 4792 ac
2309 4734 2654 4792 Judaismum
2688 4735 2831 4790 hanc
2863 4750 2967 4791 nos
3004 4735 3257 4790 baresim
3282 4735 3517 4806 perhor-

1933 4844 2173 4885 rescere.

2006 4987 2062 5041 3.
2096 4983 2239 5054 Quid
2269 4987 2477 5058 igitur?
2512 5000 2642 5041 num
2679 4993 2807 5057 post
2832 4992 3019 5041 tantos
3055 4993 3288 5040 conatus
3313 4983 3515 5041 defessu

1936 5079 2300 5149 quieverunt?
2324 5076 2702 5149 Nequaquam.
2732 5076 2838 5135 Sed
2861 5080 3161 5135 novitatem
3191 5077 3352 5132 nobis
3374 5076 3519 5147 obji-

1894 5183 1899 5189 ’
1935 5192 2265 5274 scripturam
2293 5201 2348 5248 et
2378 5192 2657 5263 vulgatam
2686 5190 2781 5274 τοῦ
2812 5191 2871 5247 δὲ
2904 5190 3113 5274 ἀρνίου,
3147 5190 3246 5274 sed
3271 5204 3395 5272 eam
3430 5205 3521 5245 se-

1935 5260 2605 5334 qui—maluimusquam
2655 5262 2907 5334 quinque
2933 5260 3152 5334 veteres
3191 5260 3317 5314 libri
3359 5275 3514 5334 cgmf

1934 5330 2220 5456 gnendant,
2257 5342 2311 5389 et
2347 5330 2518 5389 editio
2561 5330 2963 5404 Haganoensis.
3005 5331 3290 5404 Nysscnus
3328 5330 3424 5385 τοῦ
3458 5330 3519 5385 δὲ

1979 5420 2125 5456 ονου.

2012 5420 2125 5457 νου.

1976 5420 2125 5543 ρῖἕέ)
2159 5472 2321 5543 Τρεῖς
2350 5475 2545 5540 θεούς.
2580 5472 2656 5528 De
2700 5473 2807 5529 hoc
2840 5474 3011 5529 trium
3054 5472 3284 5530 deorum
3327 5487 3519 5527 errore

1936 5543 2062 5599 vide
2088 5543 2217 5599 Not.
2242 5544 2311 5597 ad
2337 5545 2505 5614 epist.
2531 5544 2657 5598 131.

2013 5614 2125 5676 (89)
2169 5610 2628 5686 Ἀποκάμόντες.
2680 5612 2761 5668 ita
2795 5612 2937 5671 Med.
2980 5620 3035 5671 et
3080 5622 3195 5670 tres
3228 5627 3341 5669 am.
3371 5610 3535 5678 Editi.

1938 5686 2371 5758 dnoxa'tpypvtsg.

2012 5753 2139 5829 (90)
2161 5754 2300 5813 Vide
2330 5753 2616 5814 Addenda.
