3852 6220
365 341 472 398 687

1677 323 1734 379 S.
1774 319 2024 380 BASlLll
2056 319 2272 374 MAGNI

3516 317 3618 371 688

365 463 538 526 ciunt,
571 459 664 530 qui
699 469 804 512 nos
842 453 925 510 sic
969 453 1226 508 incusant
1269 449 1417 522 quod
1470 456 1585 502 tres
1615 446 1937 518 bypostases

2069 441 2396 512 ιαινοτομίαν
2423 443 2554 513 ἡμῖν
2596 440 2986 513 προφέρουσιν,
3031 437 3232 492 οὑτωσὶ
3275 436 3336 490 τδ
3367 434 3620 506 ἔγκλημα

365 525 757 607 conlita—mur:
783 545 1147 602 criminantur
1174 542 1322 613 quod
1353 554 1518 594 unam
1552 537 1855 593 bonitatem
1885 538 1941 588 et

2069 533 2162 588 :aO’
2196 533 2354 605 ἡμῶν
2391 533 2730 598 συντιθέντες
2759 533 2906 604 τρεῖς
2945 531 3271 593 ὑποστάσεις
3299 525 3624 595 ὁμολογούν-

364 657 532 697 unam
590 637 890 710 potentiam
949 641 1005 691 et
1056 649 1222 690 unam
1270 631 1613 686 divinitatem
1665 627 1940 681 dicamus.

364 733 552 804 Neque
584 732 637 787 id
683 737 838 786 extra
875 728 1193 783 veritatem:
1224 724 1459 780 dicimus
1484 721 1656 776 enim.
1698 717 1804 772 Sed
1833 715 1943 770 cri-

366 821 629 879 minando
658 819 948 889 objiciunt,
983 833 1096 872 non
1124 816 1206 872 sic
1236 829 1392 871 suam
1423 813 1629 868 habere
1652 815 1948 865 consuetu-

2042 645 2150 681 των
2168 627 2298 698 (91)·
2357 627 2487 698 μίαν
2524 626 2855 698 άγαθότητα,
2907 625 3001 679 καὶ
3053 623 3180 694 μίαν
3221 621 3480 692 δύναμιν,
3530 619 3624 672 καὶ

2047 720 2176 789 μίαν
2225 719 2452 789 θεότητα
2495 719 2673 788 λέγειν
2706 720 2852 790 ἡμᾶς
2890 715 3190 770 αἰτιῶνται.
3223 713 3334 768 Καὶ
3380 713 3482 766 οὒκ
3522 711 3628 776 ἔξω

2045 811 2204 865 τοῦτό
2230 829 2362 880 φασι
2386 813 2486 883 τῆς
2509 811 2766 881 ἀληθείας
2789 827 2804 842 ·
2839 811 3072 878 λέγομεν
3107 809 3236 878 γάρ.
3279 805 3417 858 Ἀλλ’
3456 806 3625 873 ἐγκα-

367 914 586 977 dinem,
617 927 719 966 nec
753 909 1095 979 Scripturam
1146 904 1424 962 assentiri.
1476 901 1622 969 Quid
1673 901 1838 970 igitur
1879 897 1948 951 ad

2069 904 2266 968 ,οῦντες
2316 904 2473 958 τοῦτο
2518 903 2904 976 προφέρουσιν,
2941 903 3024 956 ὃτι
3068 902 3102 971 ἡ
3149 898 3402 969 συνήθεια
3447 895 3628 948 αὐτῶν

367 1003 475 1058 hoc
510 1017 732 1074 quoque
779 999 922 1055 nos?
959 997 1080 1052 Non
1125 1005 1382 1068 putamus
1422 1007 1636 1063 aequum
1679 1004 1841 1052 esse,
1888 994 1951 1041 ut

2069 997 2206 1051 τοῦτο
2233 997 2332 1050 οὐκ
2360 995 2495 1068 ἔχει,
2537 997 2630 1048 καὶ
2669 997 2701 1064 ἡ
2734 994 2924 1066 Γραφὴ
2966 994 3028 1047 ού
3065 992 3387 1046 συντίθεται.
3422 987 3488 1041 Τί
3534 983 3630 1040 οὖν

370 1095 643 1167 vigentem
711 1092 852 1163 apud
911 1092 1060 1162 ipsos
1110 1086 1598 1149 consuetudinem,
1646 1090 1811 1138 recta;
1853 1080 1952 1135 do-

372 1187 563 1242 ctrinae
591 1185 762 1253 legem
797 1192 848 1238 et
884 1195 1132 1236 normam
1155 1178 1442 1234 ducamus.
1480 1174 1691 1231 Etenim
1727 1174 1773 1229 si
1811 1172 1954 1228 valet

373 1277 442 1333 ad
488 1285 653 1332 rectae
695 1275 960 1330 doctrina:
1008 1270 1527 1328 demonstrationem
1580 1264 1951 1330 consuetudo,

371 1369 503 1426 licet
548 1377 603 1426 et
651 1367 812 1423 nobis
858 1364 1106 1438 profecto
1169 1364 1426 1418 usitatum
1486 1361 1630 1432 apud
1681 1373 1782 1414 nos
1845 1371 1960 1411 Ino-

372 1478 490 1519 rem
534 1475 828 1532 opponere.
873 1458 1032 1526 Quod
1071 1458 1118 1513 si
1162 1458 1309 1512 hunc
1350 1456 1427 1510 illi
1466 1455 1746 1524 rejiciunt,
1780 1466 1958 1520 neque

371 1554 536 1610 nobis
586 1568 814 1624 prorsus
865 1552 989 1606 illos
1035 1550 1192 1620 sequi
1245 1562 1491 1604 necesse.
1566 1545 1753 1615 Itaque
1807 1541 1959 1597 Scri-

372 1657 532 1716 ptura
563 1645 828 1699 divinitus
857 1643 1126 1714 inspirata
1157 1641 1319 1697 nobis
1347 1640 1421 1696 sit
1446 1639 1688 1706 arbitra;
1724 1651 1779 1693 et
1810 1635 1956 1708 apud

373 1754 515 1807 quos
557 1738 775 1793 inventa
810 1735 1028 1805 .l'uerint
1065 1735 1320 1805 dogmata
1363 1731 1566 1788 divinis
1603 1731 1785 1786 verbis
1823 1745 1958 1784 con-

375 1845 533 1895 sona,
567 1829 635 1884 ad
676 1844 773 1883 eos
816 1827 1041 1884 accedet
1084 1826 1309 1882 omnino
1334 1823 1584 1879 veritatis
1611 1821 1950 1893 suﬂragium.

375 1922 664 1988 Quodnam
708 1921 876 1994 igitur
911 1921 1118 1975 crimen
1165 1918 1288 1973 est?
1341 1915 1460 1970 Duo
1499 1915 1643 1970 enim
1691 1913 1855 1971 simul
1899 1913 1955 1967 in

375 2013 728 2070 accusatione
775 2012 932 2067 nobis
976 2013 1121 2066 illata
1165 2010 1522 2080 obiecerunt;
1563 2021 1764 2071 unum,
1808 2005 1954 2076 quod

376 2106 686 2162 dividamus
737 2103 1095 2174 hypostases;
1137 2101 1403 2166 alterum,
1444 2096 1593 2170 quod
1635 2098 1847 2152 nullum
1887 2112 1956 2153 ex

376 2197 692 2253 nominibus
729 2209 849 2265 qua:
890 2193 1056 2264 278
1101 2191 1212 2248 Deo
1257 2191 1625 2256 conveniunt,
1673 2187 1959 2261 pluraliter

377 2302 762 2353 numeremus,
803 2283 899 2340 sed
940 2298 1136 2350 unam,
1176 2292 1236 2337 ut
1267 2283 1472 2358 dictum
1504 2290 1619 2349 est,
1659 2281 1956 2336 bonitatem

377 2390 432 2436 et
464 2382 765 2452 potentiam
791 2418 806 2444 ,
852 2388 905 2434 et
933 2377 1276 2433 divinitatem
1305 2415 1321 2441 ,
1353 2384 1408 2430 et
1447 2389 1792 2446 quaecunque
1825 2373 1959 2427 talia

380 2482 530 2534 sunt.
566 2471 918 2544 singulariter
942 2470 1315 2526 enuntiemus.
1342 2467 1500 2535 Quod
1523 2467 1741 2538 quidem
1765 2466 1960 2520 attinet

380 2567 449 2620 ad
491 2565 816 2620 divisionem
859 2563 1270 2632 hypostasewn,
1311 2559 1380 2615 ab
1427 2573 1495 2614 ea
1540 2557 1763 2612 minime
1796 2555 1959 2611 alieni

381 2660 606 2722 fuerint,
639 2657 732 2729 qui
764 2655 1130 2712 essentiarum
1162 2653 1536 2709 diversitatem
1570 2651 1626 2706 in
1659 2649 1844 2706 divina
1867 2648 1962 2704 de-

379 2756 614 2805 cernunt
648 2756 867 2802 natura.
903 2743 1020 2799 Non
1057 2745 1202 2799 enim
1234 2759 1331 2814 par
1356 2751 1441 2798 est
1468 2782 1484 2807 ,
1513 2749 1571 2796 ut
1604 2743 1698 2812 qui
1735 2748 1846 2797 tres
1872 2740 1962 2795 di-

380 2851 514 2898 cunt
547 2841 850 2905 essentias,
885 2854 994 2893 non
1027 2838 1190 2894 etiam
1229 2843 1344 2894 tres
1385 2837 1710 2909 hypostases
1751 2834 1960 2891 dicant.

380 2935 570 3004 Itaque
590 2934 693 2989 hoc
714 2932 892 2988 solum
915 2929 1132 2985 crimini
1155 2929 1337 2993 datur,
1365 2927 1513 2999 quod
1537 2943 1658 2999 quae
1686 2929 1753 2984 de
1779 2927 1960 2983 divina

381 3033 578 3082 natura
632 3024 892 3080 dicuntur
945 3020 1209 3085 nomina,
1245 3019 1596 3091 singulariter
1641 3017 1963 3090 pronuntie--

451 3381 508 3436 4.
541 3377 649 3435 Sed
682 3380 934 3449 prompta
965 3372 1128 3429 nobis
1161 3371 1430 3428 adversus
1458 3372 1565 3428 hoc
1594 3378 1649 3428 et
1674 3370 1963 3428 manifesta

382 3475 545 3529 ratio.
595 3470 700 3537 Qui
749 3467 895 3525 enim
930 3463 1263 3522 condemnat
1293 3481 1389 3521 eos
1434 3465 1530 3536 qui
1578 3479 1742 3520 unam
1773 3465 1966 3520 dicunt

383 3561 750 3622 divinitatem,
779 3555 1095 3612 necessario
1121 3553 1434 3624 autjmultas
1466 3553 1693 3619 dicenti,
1729 3561 1823 3607 aut
1843 3554 1965 3608 nul-

384 3651 492 3704 lam
527 3645 883 3704 assentietur.
932 3643 1055 3700 Non
1088 3645 1238 3698 enim
1268 3651 1448 3712 potest
1472 3643 1618 3698 aliud
1644 3643 1962 3714 quidquam,

382 3749 582 3811 praeter
617 3738 671 3794 id
720 3736 866 3808 quod
911 3736 1120 3792 dictum
1168 3741 1288 3800 est,
1337 3735 1658 3807 excogitari.
1709 3735 1816 3792 Sed
1862 3752 1967 3794 nec

383 3833 586 3888 multas
637 3831 746 3885 dici
803 3829 1069 3886 divinitus
1114 3828 1384 3898 inspirata
1433 3829 1642 3898 patitur
1691 3830 1965 3895 doctrina,

385 3943 507 3998 quae
555 3923 732 3981 sicubi
774 3922 1024 3978 meminit
1067 3919 1410 3984 divinitatis,
1464 3921 1818 3990 singulariter
1846 3937 1967 3978 eam

385 4023 802 4078 commemorat,
837 4029 1034 4084 nempe
1066 4032 1079 4068 :
1116 4012 1183 4067 In
1215 4012 1330 4082 ipso
1353 4011 1561 4066 habitat
1594 4015 1764 4069 omnis
1795 4014 1966 4084 pleni-

388 4108 515 4163 tudo
545 4105 844 4161 divinitatis
877 4106 923 4138 ⁸⁵
951 4121 966 4170 ;
1006 4111 1060 4159 et
1093 4103 1224 4158 alibi
1258 4122 1272 4158 :
1307 4101 1610 4158 Invisibilia
1635 4106 1774 4160 enim
1801 4106 1967 4175 ipsius

387 4219 420 4256 ο
451 4201 714 4255 creatione
737 4197 938 4265 mundi,
967 4212 1059 4265 per
1088 4213 1153 4250 ea
1179 4211 1297 4266 qua:
1325 4195 1471 4264 facta
1501 4206 1648 4262 sunt,
1701 4198 1970 4252 intellecta

387 4293 804 4364 conspiciuntur,
835 4299 947 4343 tum
980 4291 1304 4358 sempiterna
1332 4288 1447 4358 eius
1483 4290 1674 4355 virtus,
1702 4299 1813 4344 tum
1841 4291 1973 4345 divi-

387 4389 530 4442 nitas
551 4385 620 4442 ⁸⁸.
655 4383 716 4439 Si
748 4383 913 4455 igitur
942 4383 999 4437 in
1027 4379 1432 4436 multitudinem
1465 4382 1762 4438 extendere
1785 4400 1974 4440 nume-

2051 1089 2146 1142 καὶ
2199 1087 2335 1160 πρὸς
2378 1089 2535 1141 τοῦτο
2567 1089 2757 1158 ἡμεῖς
2798 1087 2872 1140 Οὐ
2919 1084 3211 1156 νομίζομεν
3248 1080 3458 1134 δίκαιον
3488 1073 3630 1131 εἶναι

2051 1181 2149 1254 τὴν
2181 1184 2310 1252 παρ’
2340 1182 2523 1245 αὐτοῖς
2553 1178 2956 1252 ἐπικρατοῦσαν
3007 1176 3293 1248 συνήθειαν
3337 1173 3499 1244 νόμον
3537 1171 3633 1225 καί⁵

2053 1275 2254 1331 κανόνα
2287 1273 2380 1328 τοῦ
2411 1273 2571 1346 ὀρθοῦ
2614 1273 2883 1326 ποιεῖσθαι
2911 1271 3094 1340 λόγου.
3139 1270 3202 1323 Εί
3257 1266 3368 1338 γὰρ
3411 1265 3633 1336 ἰσχυρόν

2054 1369 2202 1422 ἐστιν
2226 1367 2305 1429 είς
2331 1364 2602 1429 ἀπόδειξιν
2641 1362 2930 1435 ὀρθότητος
2951 1364 2984 1432 ἡ
3014 1359 3291 1432 συνήθεια,
3325 1357 3501 1422 ἔξεστι
3537 1354 3635 1408 καὶ

2057 1461 2186 1529 ἡμῖν
2223 1459 2439 1522 πάντως
2469 1455 2992 1529 άντιπροδάλλεσθαι
3023 1455 3122 1524 τὴν
3169 1451 3298 1523 παρ’
3341 1452 3474 1520 ἡμῖν
3511 1450 3634 1500 ὲπι-

2057 1549 2364 1620 κρατοῦσαν
2386 1549 2694 1622 συνήθειαν.
2728 1549 2792 1602 Ei
2841 1548 2899 1601 δὲ
2950 1545 3401 1618 παραγράφονται
3428 1539 3635 1611 ταύτην

2059 1645 2277 1707 ἐκεῖνοι,
2300 1643 2420 1696 οὐδὲ
2437 1644 2568 1714 ἡμῖν
2592 1641 2704 1712 (92)
2723 1641 2941 1704 πάντως
2961 1636 3352 1708 ἀκολουθητέον
3381 1633 3630 1695 ἐκείνοις.

2061 1735 2270 1788 Ούκοῦν
2302 1735 2336 1805 ἡ
2371 1734 2726 1796 θεόπνευστος
2758 1735 2890 1804 ἡμῖν
2917 1729 3250 1800 διαιτησάτω
3269 1727 3457 1799 Γραφή
3484 1742 3499 1755 ·
3538 1725 3636 1778 καὶ

2065 1827 2191 1898 παρ’
2229 1821 2310 1888 οἷς
2355 1825 2421 1880 ἂν
2457 1825 2653 1896 εὐρεθῇ
2691 1824 2757 1877 τὰ
2789 1823 3035 1893 δόγματα
3067 1819 3277 1891 συνῳδὰ
3319 1820 3432 1881 τοῖς
3469 1815 3644 1878 θείοις

2057 1919 2257 1988 λόγοις,
2286 1918 2380 1971 ἐπὶ
2413 1917 2636 1982 τούτους
2665 1916 2785 1988 ἥξει
2822 1918 3039 1978 πάντως
3060 1915 3158 1985 τῆς
3187 1911 3440 1982 ἀληθείας
3468 1912 3502 1982 ἡ
3532 1909 3639 1980 4/11.-

2060 2029 2177 2080 φος.
2212 2011 2277 2065 Τί
2299 2005 2390 2065 οὖν
2421 2011 2536 2064 ἔστι
2569 2009 2630 2064 τὸ
2662 2009 2944 2080 ἓγκλημα;
2987 2007 3091 2060 Δύο
3124 2005 3231 2078 γὰρ
3264 2003 3404 2058 κατὰ
3441 2003 3639 2056 ταυτὸν

2057 2106 2116 2159 ὲν
2143 2107 2209 2176 τῇ
2237 2103 2544 2176 κατηγορίᾳ
2563 2107 2630 2176 τῇ
2654 2104 2775 2160 καθ’
2800 2102 2960 2175 ἡμῶν
2992 2101 3382 2172 προενήνεκται
3401 2115 3415 2128 ·
3449 2097 3508 2150 ἓν
3539 2097 3640 2167 μὲν

2057 2197 2118 2252 τὸ
2174 2199 2402 2271 διαιρεῖν
2459 2199 2559 2262 τὰς
2611 2199 2963 2261 ὑποστάσεις·
3011 2196 3199 2266 ἕτερον
3235 2193 3291 2246 δὲ
3336 2190 3398 2244 τὸ
3441 2190 3643 2262 μηκέτι

2063 2291 2231 2362 μηδὲν
2262 2291 2369 2345 τῶν
2409 2291 2735 2364 θεοπρεπῶν
2773 2290 3055 2361 ὀνομάτων
3092 2283 3470 2358 πληθυντικῶς
3525 2284 3640 2353 ἀρι-

2061 2380 2089 2432 θ
2099 2383 2237 2450 μεῖν,
2259 2380 2395 2434 ἀλλὰ
2418 2381 2566 2452 μίαν,
2598 2380 2778 2444 καθὼς
2802 2379 3143 2451 προείρηται,
3171 2376 3271 2447 τὴν
3295 2373 3632 2444 ἁγαθότητα.

2061 2471 2156 2524 καὶ
2185 2474 2284 2543 τὴν
2315 2471 2565 2542 δύναμιν,
2605 2472 2700 2525 κα)⁸
2735 2470 2834 2542 τὴν
2867 2470 3118 2541 θεότητα,
3180 2467 3275 2522 καὶ
3329 2465 3506 2518 πάντα
3570 2463 3644 2516 τὰ

2060 2562 2284 2616 τοιαῦτα
2353 2563 2656 2632 μοναδικῶς
2728 2560 3095 2630 ἐξαγγέλλειν.
3164 2559 3312 2629 Πρὸς
3377 2556 3478 2629 μὲν
3546 2551 3640 2609 οὖν

2061 2657 2161 2727 τὴν
2189 2655 2453 2726 διαίρεσιν
2487 2655 2594 2707 τῶν
2619 2655 2970 2709 ὑποστάσεων
3013 2654 3124 2706 οὐκ·
3154 2652 3220 2706 ἂν
3260 2651 3432 2722 ἔχοιεν
3491 2649 3641 2703 ἁλλο-

2061 2749 2230 2818 τρίως
2261 2749 2309 2800 οἱ
2339 2748 2436 2818 τὴν
2473 2746 2768 2821 ἑτερότητα
2803 2747 2914 2801 τῶν
2959 2745 3157 2800 οὐσιῶν
3201 2745 3294 2797 ἐπὶ
3349 2744 3445 2814 τῆς
3487 2743 3642 2806 θείας

2063 2838 2482 2912 δογματίζοντες
2521 2839 2757 2910 φύσεως.
2787 2839 2862 2892 Ού
2885 2837 2993 2910 γὰρ
3020 2837 3168 2900 είκός
3195 2838 3311 2890 ἐστι
3338 2837 3465 2899 τοὺς
3492 2837 3641 2907 τρεῖς

2065 2932 2324 3000 λέγοντας
2370 2932 2558 2996 οὐσίας
2605 2931 2678 3003 μὴ
2726 2932 2819 2986 καὶ
2862 2933 3009 3003 τρεῖς
3064 2929 3390 2992 ὑποστάσεις
3437 2927 3640 2995 λέγειν.

2065 3023 2276 3077 Οὐκοῦν
2307 3023 2465 3078 τοῦτο
2507 3024 2666 3095 μόνον
2693 3021 2842 3076 ἐστὶν
2879 3023 2938 3074 ὲν
2971 3022 3298 3092 ἐγκλήματι,
3339 3019 3399 3072 τὸ
3425 3019 3494 3072 τά
3521 3019 3644 3070 ὲπι-

1990 3118 2034 3176 C
2065 3118 2332 3189 λεγόμενα
2373 3121 2442 3189 τῇ
2480 3117 2602 3190 θείᾳ
2651 3117 2764 3188 (95)
2820 3115 2979 3186 φύσει
3046 3115 3286 3188 ὀνόματα
3339 3112 3646 3186 μοναδικῶς

2067 3209 2474 3280 καταγγέλλειν.

2137 3387 2192 3442 4.
2209 3386 2347 3440 Ἀλλ’
2357 3387 2572 3458 ἕτοιμος
2599 3387 2730 3459 ἡμῖν
2746 3384 2883 3458 πρὸς
2908 3383 3068 3438 τοῦτο
3091 3383 3184 3438 καὶ
3213 3383 3390 3453 σαφὴς
3408 3383 3435 3436 ὁ
3460 3381 3642 3449 λόγος.

2079 3479 2137 3532 Ὀ
2185 3477 2294 3548 γὰρ
2337 3474 2760 3544 καταγινώσκων
2799 3469 2907 3527 τῶν
2949 3473 3080 3544 μίαν
3115 3472 3380 3540 λεγόντων
3413 3471 3646 3540 θεότητα

2067 3571 2127 3637 ἐξ
2154 3571 2400 3640 ἀνάγκης
2436 3568 2514 3639 τῷ
2539 3567 2741 3632 πολλὰς
2781 3567 3013 3636 λέγοντι,
3039 3566 3072 3638 ἢ
3107 3564 3185 3635 τῷ
3217 3563 3487 3634 μηδεμίαν
3523 3579 3647 3614 συν-

2067 3663 2312 3734 θήσεται.
2362 3660 2435 3713 Ού
2472 3660 2581 3730 γάρ
2629 3661 2747 3712 ἐστι
2797 3658 3019 3712 δυνατὸν
3066 3656 3252 3726 ἕτερόν
3289 3672 3342 3707 τι
3386 3653 3540 3724 παρά
3585 3654 3650 3706 τὸ

2068 3753 2356 3826 είρημένον
2415 3755 2716 3824 ἐπινοῆσαι.
2756 3751 2895 3804 Ἀλλ’
2939 3750 3062 3804 οὔτε
3120 3747 3320 3811 πολλὰς
3372 3746 3556 3816 λέγειν
3613 3748 3648 3816 ή

2069 3845 2425 3908 θεόπνευστος
2477 3844 2748 3915 συγχωρεῖ
2797 3841 3136 3903 διδασκαλία,
3190 3840 3342 3892 εἵπου
3398 3837 3494 3890 καὶ
3552 3836 3652 3905 μέ-

2073 3953 2289 4007 μνηται,
2317 3933 2565 4005 μοναχῶς
2579 3932 2678 4004 τῆς
2699 3932 2950 4003 θεότητος
2969 3930 3080 4003 (94)
3107 3947 3212 4001 μνη
3220 3927 3544 4000 μονεύουσα,
3565 3928 3650 3979 ὅτι

2083 4030 2185 4084 Ἑν
2211 4026 2370 4092 αὐτῷ
2397 4025 2658 4080 κατοικεῖ
2704 4023 2828 4079 πᾶν
2863 4023 2931 4077 τὸ
2980 4022 3268 4091 πλήρωμα
3307 4019 3414 4088 τῆς
3447 4021 3658 4086 θεότη-

2069 4137 2172 4185 τος
2191 4133 2204 4149 ⁶
2238 4119 2331 4172 καὶ
2363 4115 2589 4188 ἑτέρωθι
2608 4132 2622 4146 ο
2670 4113 2747 4169 Τὰ
2774 4113 2884 4184 γὰρ
2914 4113 3136 4181 ἀόρατα
3167 4111 3352 4166 αὐτοῦ
3376 4109 3496 4164 ἀπὸ
3530 4110 3658 4163 κτί-

2071 4225 2225 4276 σεως
2250 4209 2484 4278 κόσμου
2511 4207 2638 4272 τοῖς
2664 4204 2953 4274 ποιήμασι
2978 4205 3276 4272 νοούμενα
3309 4198 3656 4268 καθορᾶται,

2072 4301 2112 4368 ἢ
2145 4316 2208 4353 τε
2234 4297 2421 4363 ἀΐδιος
2449 4296 2635 4351 αὑτοῦ
2662 4295 2915 4362 δύναμις
2948 4294 3046 4348 καί
3071 4294 3322 4359 θειότης.
3357 4291 3419 4343 Εί
3448 4286 3544 4344 οὖν
3573 4292 3658 4352 εις

2073 4391 2275 4464 πλῆθος
2309 4390 2569 4444 ἐκτείνειν
2605 4389 2696 4443 τὸν
2738 4386 2971 4460 ἀριθμὸν
3010 4384 3120 4438 τῶν
3161 4384 3450 4454 θεοτήτων,
3493 4382 3658 4453 μόνον

385 4495 509 4536 rum
553 4477 937 4539 divinitatum,
987 4475 1208 4530 illorum
1262 4474 1442 4528 solum
1482 4483 1596 4540 est,
1640 4474 1732 4546 qui
1776 4491 1961 4532 errore

2073 4484 2181 4538 τῶν
2213 4485 2312 4556 τὴν
2345 4482 2602 4536 πολύθεον
2640 4481 2848 4552 πλάνην
2889 4477 3255 4548 νενοσηκότων
3302 4475 3417 4528 ὲστί
3435 4488 3450 4504 ⁸
3490 4473 3553 4527 τὺ
3598 4473 3662 4527 δὲ

386 4566 761 4625 multitudinis
788 4565 1018 4622 deorum
1046 4565 1301 4619 laborant
1333 4583 1348 4619 :
1375 4565 1600 4621 omnino
1621 4573 1804 4622 autem
1828 4567 1972 4623 divi-

385 4663 615 4718 nitatem
639 4674 861 4730 negare,
890 4658 1175 4713 atheorum
1203 4655 1402 4724 fuerit“;
1430 4672 1538 4727 qua
1568 4659 1783 4714 ratione
1807 4659 1965 4714 incu-

387 4766 596 4816 samur,
633 4747 782 4820 quod
815 4763 978 4802 unam
1025 4747 1390 4803 conliteamur
1432 4747 1816 4804 divinitatem?
1860 4749 1968 4806 Sed

384 4843 632 4916 apertius
673 4841 941 4896 orationis
987 4855 1100 4896 sure
1144 4840 1354 4896 nudant
1397 4843 1740 4912 propositum
1770 4862 1784 4899 :
1813 4844 1966 4901 Patri

383 4934 610 5006 quidem
643 4932 963 4999 convenire,
986 4940 1047 4987 ut
1078 4930 1223 4987 Deus
1256 4931 1350 4998 sit,
1383 4945 1446 4986 ac
1471 4930 1674 4988 Filium
1709 4935 1968 4993 similiter

383 5025 693 5082 divinitatis
722 5025 949 5080 nomine
969 5023 1233 5079 honorari
1265 5024 1669 5090 assentientes;
1699 5025 1966 5098 Spiritum

384 5135 538 5186 vero,
565 5117 661 5189 qui
691 5131 800 5172 una
826 5131 972 5186 _cum
1001 5113 1164 5171 Patre
1193 5121 1248 5170 et
1271 5112 1412 5170 Filio
1444 5127 1789 5184 numeratur,
1826 5121 1968 5177 divi-

457 5277 502 5307 ³⁸
531 5273 718 5330 Colos.
751 5289 814 5340 ιι,
838 5271 894 5328 9.
969 5271 1017 5304 "
1043 5269 1204 5325 Rom.
1234 5285 1272 5338 I,
1299 5268 1392 5324 20.

461 5409 572 5479 (9|)
608 5409 1107 5480 Όμολοτούντων.
1136 5406 1200 5462 In
1227 5421 1339 5480 uno
1370 5404 1649 5480 erllegiis
1682 5408 1969 5467 codicibus

388 5476 810 5552 ὁμολογοῦντας,
829 5476 901 5536 ἐι
941 5480 1106 5550 paulo
1137 5485 1264 5548 post
1310 5479 1367 5532 in
1408 5476 1668 5534 Medicam
1710 5480 1970 5548 λέγοντας

389 5553 556 5623 satis

464 5619 577 5690 (92)
619 5619 772 5674 Οὐδὲ
811 5619 979 5690 ἡμῖν.
1026 5617 1266 5690 Primam
1299 5631 1512 5690 vocem,
1541 5619 1855 5676 addidimus
1901 5636 1970 5676 ex

394 5687 491 5746 sex
522 5705 655 5746 mss.
684 5697 734 5745 et
781 5687 1257 5760 Ny’sseno.rPau_lo
1303 5698 1424 5758 post
1452 5689 1715 5760 editiﬂtnl.
1755 5691 1972 5755 τούτοις

393 5763 514 5824 ἥξει
544 5761 760 5822 πάντως
800 5755 984 5824 ἧθεία
1028 5759 1146 5822 τῆς.
1188 5755 1460 5813 Sex'mss.
1505 5769 1559 5814 et
1591 5759 1875 5822 stsenus
1909 5770 1970 5818 ut

2075 4575 2302 4630 καθόλου
2341 4574 2620 4648 ἀρνεῖσθαι
2656 4573 2754 4645 τὴν
2793 4573 3021 4643 θεότητα
3067 4569 3178 4623 τῶν
3224 4568 3398 4622 ἀθέων
3428 4567 3498 4621 ἂν
3531 4569 3616 4638 εῐη
3639 4583 3655 4598 ·

2073 4669 2156 4732 τίς
2192 4668 2349 4736 λόγος
2384 4667 2528 4720 ἐστὶν
2563 4669 2593 4720 ό
2623 4664 2922 4719 διαϐάλλων
2963 4663 3112 4734 ἡμᾶς
3139 4660 3232 4714 ἐπὶ
3258 4659 3337 4731 τῷ
3363 4659 3492 4730 μίαν
3520 4661 3660 4730 ὀμο-

2075 4759 2250 4829 λογεῖν
2287 4759 2384 4830 τὴν
2424 4757 2690 4829 θεότητα;
2731 4757 2868 4810 Ἀλλ’
2910 4754 3310 4808 ὲκκαλύπτουσι
3347 4751 3662 4824 φανερώτε-

2081 4869 2172 4922 ρον
2203 4851 2293 4905 τὸν
2323 4851 2418 4906 τοῦ
2448 4851 2605 4920 λόγου
2642 4849 2842 4902 σκοπόν
2861 4865 2876 4880 '
2911 4848 3004 4900 ἐπὶ
3041 4849 3138 4918 μὲν
3174 4844 3268 4898 τοῦ
3315 4844 3530 4915 Πατρὸς
3560 4861 3664 4897 xa-

2074 4941 2390 5013 ταδέχεσθαι
2431 4943 2521 4996 τὸν
2557 4941 2689 4994 Θεὸν
2727 4936 2885 5005 εἷναι,
2941 4938 3036 4992 καὶ
3085 4937 3175 4990 τὸν
3218 4936 3346 4989 Υίὸν
3395 4936 3661 4999 ὡσαύτως

2031 5034 2334 5106 ·τιμᾶσθαι
2386 5033 2462 5104 τῷ
2516 5033 2616 5104 τῆς
2666 5031 2916 5102 θεότητος
2967 5029 3192 5100 ὀνόματι
3246 5025 3656 5095 συντιθέμενοι·

2075 5129 2136 5182 τὸ
2185 5129 2242 5181 δὲ
2296 5127 2540 5199 Πνεῦμα,
2585 5126 2760 5196 Harp).
2814 5125 2907 5177 καὶ
2958 5119 3073 5192 Υίῷ
3133 5118 3664 5190 συναριθμούμενον,

2071 5411 2128 5466 in
2159 5415 2310 5463 textu
2323 5446 2336 5460 .

2144 5479 2258 5562 (93)
2306 5475 2384 5545 Τῇ
2411 5473 2738 5562 θείῳ-ἘξάῘῇ
2760 5475 2823 5562 έν
2853 5476 2922 5547 τῇ
2949 5473 3090 5547 θείᾳ,
3127 5473 3223 5532 sed
3255 5473 3409 5530 deest
3438 5487 3658 5544 praepo-

2073 5548 2206 5607 sitio
2240 5548 2295 5602 in
2327 5562 2424 5602 sex
2461 5548 2670 5600 nostris
2695 5561 2833 5601 mss.

2144 5619 2256 5691 (94)
2296 5615 2587 5691 Μοχαχῶς
2633 5614 2774 5691 τῆς-μ
2799 5617 3098 5691 θεότῃτος.
3134 5613 3231 5691 _lt_a
3263 5629 3380 5691 se}
3424 5629 3563 5691 mss.
3591 5619 3660 5690 ει

2073 5682 2306 5745 vetusta
2333 5682 2704 5758 editi'onesdac‘
2733 5687 2899 5758 Greg.
2936 5682 3095 5758 Nyss.
3134 5684 3314 5741 Editio
3341 5682 3524 5740 Paris.
3557 5682 3658 5752 τῆς

2075 5761 2330 5820 θεότητος
2367 5755 2671 5820 μοναδικῶς
2703 5755 2898 5818 αὐτῆς.
