3852 6220
211 323 317 380 689
700 387 706 392 ,
1017 329 1508 390 EPISTOLARUM
1545 331 1832 389 CLASSIS
1864 332 1929 387 ll.
1974 331 2193 390 EPIST.
2235 333 2587 392 CLXXXIX.‘
3370 335 3474 392 690

213 446 410 517 μηκέτι
442 446 536 500 καλ
566 449 632 519 τῇ
673 449 771 520 τῆς
802 448 1055 523 θεότητος
1102 453 1282 523 ὲννοίᾳ
1317 454 1754 527 συμπαραλαμδό

1865 454 2082 513 .nitatis
2113 455 2336 514 notione
2370 453 2600 510 minime
2631 454 3061 527 comprehendi,
3095 451 3193 512 sed
3235 469 3268 510 ι
3309 453 3475 510 Patre

206 534 428 588 νεσθαιο
462 535 578 589 ἀλλ’
621 536 686 590 ὲκ
723 537 937 609 Πατρός
993 540 1156 612 μέχρι
1203 540 1299 594 τοῦ
1339 542 1467 596 Υἱοῦ
1497 543 1754 614 ἱσταμένη

1892 546 1959 600 ad
2007 543 2204 601 Filium
2261 562 2438 616 usque
2492 547 2786 602 terminata
2833 545 3140 603 divinitatis
3189 552 3470 617 potentia,

207 630 306 698 τὴν
351 629 450 700 τῆς
495 629 746 702 θεότητος
790 632 1050 703 δύναμιν,
1092 634 1408 706 ἀποκρίνειν
1452 635 1554 706 τῆς
1601 635 1754 705 θεῖκῆ

1891 640 2138 688 naturam
2177 633 2416 704 Spiritus
2463 650 2496 690 a
2544 636 2728 690 divina
2779 635 2955 708 gloria
3003 635 3237 692 secerni.
3284 633 3474 690 Disse-

204 717 366 790 δόξης
413 719 513 792 τὴν
560 721 720 789 φύσιν
763 721 857 776 τοῦ
895 724 1230 794 Πνεύματος.
1269 725 1476 780 Οὐκοῦν
1519 725 1787 797 ἀπολογη-

203 809 327 863 τέον
359 811 456 864 καὶ
488 813 638 883 ἡμῖν,
675 813 749 877 ὡς
782 813 848 868 ἂν
879 811 981 868 οἷοί
1012 833 1072 868 τε
1101 809 1272 886 ὦμεν,
1303 815 1390 870 διὰ
1421 817 1668 890 βραχέων
1693 818 1787 872 καὶ

203 900 343 972 πρὸς
367 902 570 972 ταύτην
599 903 698 972 τὴν
731 903 959 960 ἔννοιαν.

275 991 329 1045 5.
355 989 466 1063 (95)
492 991 586 1057 Τίς
614 990 708 1048 οὖν
736 997 815 1065 δή
826 999 1051 1068 μέτερος
1071 997 1256 1068 λόγος;
1279 999 1609 1071 Παραδιδοὺς
1625 1003 1652 1052 ὁ
1671 1000 1783 1053 Κύ-

201 1099 318 1153 ριος
353 1082 451 1153 τὴν
494 1086 759 1156 σωτήριον
815 1086 996 1141 πίστιν
1041 1091 1154 1153 τοῖς
1200 1088 1658 1160 μαθητευομένοις
1706 1089 1784 1160 τῷ

197 1174 365 1246 λόγῳ,
385 1176 464 1245 τῷ
492 1177 667 1248 Πατρὶ
689 1178 782 1232 καὶ
812 1177 890 1249 τῷ
918 1179 1033 1251 Υίῷ
1059 1182 1319 1236 συνάπτει
1344 1182 1439 1236 καὶ
1470 1183 1530 1236 rb
1558 1182 1784 1254 Πνεῦμα

193 1264 259 1318 τὸ
289 1266 463 1334 ἆγιον.
493 1265 566 1320 Τὸ
597 1267 654 1321 δὲ
686 1268 1026 1340 συνημμένον
1063 1269 1210 1337 ἅπαξ
1235 1271 1323 1326 διὰ
1361 1273 1578 1326 πάντων
1605 1275 1780 1344 φαμὲν

192 1354 297 1425 τὴν
329 1355 621 1425 συνάφειαν
653 1356 814 1428 ἔχειν.
866 1359 939 1412 Οὐ
985 1358 1116 1431 γὰρ,
1163 1361 1222 1413 ὲν
1267 1362 1374 1414 τινὶ
1419 1364 1779 1434 συντεταγμέ-

192 1462 308 1509 νον,
343 1447 401 1498 ὲν
433 1447 638 1518 ἑτέροις
673 1450 1124 1519 άποσχοινίζεται.
1172 1452 1313 1506 Ἀλλ’
1345 1455 1401 1506 ὲν
1432 1456 1497 1525 τῇ
1533 1454 1777 1526 ζωοποιῴ

1889 724 2117 779 rendum
2164 727 2333 796 igitur
2380 735 2435 782 et
2491 727 2688 792 nobis,
2733 735 2792 781 ut
2840 727 3176 798 poterimus,
3209 724 3468 791 breviter,

1889 823 2083 870 contra
2114 815 2258 872 hanc
2281 831 2500 889 quoque
2526 817 2882 880 sententiam.

1957 993 2009 1048 5.
2038 992 2171 1059 Quae
2209 1000 2295 1049 est
2331 993 2503 1065 igitur
2540 1003 2731 1049 nostra
2771 992 2958 1048 ratio?
2991 990 3241 1048 Tradens
3282 987 3471 1046 Domi-

1885 1102 1992 1143 nus
2024 1087 2322 1142 salutarem
2363 1087 2524 1143 ﬁdem
2555 1087 2644 1152 iis,
2678 1087 2770 1157 qui
2805 1086 2860 1140 in
2890 1085 3142 1141 doctrina
3166 1083 3468 1140 instituun-

1886 1181 1996 1241 tur,
2031 1173 2181 1229 Patri
2212 1190 2276 1229 ac
2306 1173 2445 1228 Filio
2478 1174 2767 1246 conjungit
2796 1185 2850 1231 et
2883 1173 3149 1246 Spiritum
3189 1181 3461 1230 sanctum.

1885 1265 2038 1332 Quod
2081 1275 2262 1321 autem
2299 1267 2466 1322 semel
2508 1270 2868 1338 conjunctum
2897 1273 3013 1332 est,
3046 1265 3102 1320 id
3153 1281 3250 1337 per
3279 1264 3465 1320 omnia

1885 1355 2239 1424 conjunctum
2301 1371 2426 1411 esse
2475 1357 2730 1412 dicimus.
2781 1355 2904 1411 Non
2952 1355 3098 1410 enim
3163 1359 3221 1409 in
3279 1353 3464 1424 aliquo

1883 1446 2274 1516 conjunctum,
2319 1448 2373 1501 in
2416 1448 2538 1504 aliis
2588 1448 2919 1520 sejungitur.
2963 1446 3071 1503 Sed
3117 1447 3174 1501 in
3219 1445 3462 1518 potentia

189 1536 442 1606 δυνάμει,
471 1537 590 1590 καθ’
623 1539 688 1610 ἢν
719 1542 784 1593 ὲκ
814 1540 908 1594 τοῦ
937 1542 1180 1616 φθαρτοῦ
1215 1543 1328 1614 βίου
1367 1545 1446 1607 εις
1478 1545 1754 1598 ἀθανασίαε

1882 1539 2127 1602 viviﬁca,
2170 1555 2266 1610 per
2305 1555 2470 1610 quam
2503 1556 2568 1596 ex
2601 1540 2944 1612 corruptibili
2975 1540 3086 1596 vita
3123 1538 3191 1592 ad
3233 1539 3461 1592 immor-

193 1631 227 1698 ὴ
256 1631 418 1696 φύσις
445 1630 605 1701 ἡμῶν
641 1634 1126 1702 μετασκευάζεται,
1169 1637 1699 1708 συμπαραληφθεῖσα
1734 1642 1754 1695 ἰ’

1879 1632 2142 1688 talitatem
2172 1640 2374 1686 natura
2405 1644 2595 1689 nostra
2625 1633 2976 1697 transfertur,
3007 1631 3250 1704 potentia
3285 1631 3458 1702 Spiri-

188 1719 290 1772 τοῦ
316 1721 632 1792 Πνεύματος
655 1723 881 1795 δύναμις
913 1727 1088 1798 Πατρὶ
1122 1727 1215 1781 καὶ
1252 1726 1385 1799 Υίῷ,
1416 1729 1510 1782 καὶ
1548 1731 1606 1782 ἐν
1646 1731 1754 1783 πολ-

1878 1730 1966 1776 ιυε
2007 1737 2114 1777 una
2144 1738 2268 1777 cum
2299 1722 2461 1778 Patre
2495 1732 2550 1778 et
2580 1721 2719 1778 Filio
2749 1729 3050 1794 assumpta.
3085 1730 3140 1777 et
3171 1721 3226 1775 in
3265 1721 3456 1777 multis

187 1811 305 1874 λοῖς
343 1812 570 1884 ἑτέροις,
612 1808 722 1867 οἷον
761 1817 819 1870 ὲν
844 1819 908 1887 τῇ
942 1817 1082 1871 κατὰ
1123 1818 1183 1871 rb
1219 1819 1422 1888 ἀγαθὸν
1454 1821 1650 1891 ἐννοίᾳ,
1681 1824 1754 1875 κα

1875 1813 2032 1879 aliis,
2076 1815 2225 1869 velut
2259 1814 2314 1868 in
2349 1814 2572 1869 notione
2606 1814 2770 1880 boni,
2805 1821 2860 1870 et
2900 1812 3115 1878 sancti,
3148 1819 3201 1866 et
3229 1811 3452 1876 atterni,

185 1903 252 1956 τὸ
280 1904 435 1972 ἅγιόν
462 1923 522 1957 τε
551 1907 856 1976 καὶ-ἀΐδιον,
885 1911 1066 1978 σοφὸν,
1102 1909 1278 1976 εὐθὲς,
1306 1914 1650 1984 ἡγεμονικὸν,
1681 1915 1754 1968 δυ-

1871 1905 2156 1976 sapientis,
2195 1906 2353 1970 recti,
2387 1905 2738 1975 principalis,
2767 1903 3027 1976 potentis,
3062 1903 3225 1959 etiam
3251 1902 3454 1973 ubique

185 1997 373 2061 νατὺν,
421 2000 515 2051 καὶ
560 2001 834 2072 πανταχοῦ
873 2003 1111 2074 δηλονότι
1143 2005 1204 2058 rb
1234 2004 1536 2078 ἀχώριστον
1570 2009 1681 2080 ἔχει
1712 2011 1754 2062 ἐκ

1870 1997 2254 2068 inseparabilis
2295 2006 2415 2062 est,
2459 1996 2718 2052 videlicet
2756 1997 2814 2052 in
2847 1996 3102 2052 omnibus
3137 1994 3452 2050 nominibus

187 2090 327 2142 πᾶσι
371 2092 484 2152 τοῖς
530 2092 666 2162 πρὸς
713 2093 776 2146 τὸ
824 2097 1069 2165 κρεῖττον
1112 2097 1533 2170 ὑπειλημμένοις
1569 2101 1754 2172 ὀνόμα-

1869 2090 2304 2159 praestantiorem
2336 2088 2760 2160 intelligentiam
2807 2088 3158 2144 habentibus.
3199 2086 3453 2158 Quapro.

186 2195 275 2233 σιν
303 2181 435 2251 (96).
477 2182 686 2237 Οὐκοῦν
716 2184 994 2256 ἡγούμεθα
1039 2188 1219 2252 καλῶς
1267 2189 1412 2260 ἔχειν
1457 2192 1516 2245 τὸ
1573 2194 1629 2246 ὲν
1683 2210 1754 2246 ro

1868 2185 1990 2248 pter
2035 2178 2090 2233 id
2139 2187 2350 2232 rectum
2396 2191 2522 2232 esse
2568 2177 2921 2241 arbitramur,
2976 2183 3068 2242 ut,
3113 2176 3211 2246 qui
3258 2176 3315 2230 in
3368 2183 3449 2229 tot

185 2271 417 2332 σαύταις
445 2273 677 2337 ἐννοίαις
705 2274 935 2344 ὑψηλαῖς
963 2294 1020 2330 τε
1042 2279 1134 2332 καὶ
1155 2279 1479 2353 θεοπρεπέσι
1509 2285 1754 2337 συναπτό

1868 2268 2192 2324 sublimibus
2217 2267 2438 2338 Deoque
2475 2267 2912 2338 competentibus
2950 2268 3268 2323 notionibus
3308 2282 3445 2321 con-

183 2376 349 2430 μενον
381 2361 556 2420 Harp}.
594 2363 691 2416 καὶ
738 2362 852 2433 Υίῷ
897 2366 954 2417 ὲν
992 2366 1166 2420 οὐδενὶ¹
1194 2367 1569 2440 διακεκρίσθαι
1612 2370 1754 2441 νομί-

1865 2357 2108 2428 jungitur
2145 2356 2293 2412 Patri
2335 2367 2388 2412 et
2425 2354 2594 2424 Filio,
2635 2371 2761 2412 eum
2802 2355 2951 2410 nulla
2993 2356 3048 2410 in
3088 2371 3148 2410 re
3192 2358 3442 2427 separari

180 2450 319 2515 ζειν.
357 2451 491 2505 Οὐδὲ
515 2453 624 2526 γὰρ
651 2455 870 2526 οἴδαμέν
902 2473 1023 2510 τινα
1053 2459 1162 2512 τῶν
1198 2461 1325 2531 περὶ
1359 2461 1458 2531 τὴν
1492 2461 1641 2516 Θείαν
1667 2461 1768 2532 φύ-

179 2557 270 2596 σιν
309 2545 706 2615 ὲπινοουμένων
751 2547 1029 2619 ὀνομάτων
1070 2552 1168 2622 τὴν
1229 2551 1370 2606 κατὰ
1417 2555 1478 2606 τὸ
1523 2555 1765 2625 κρεῖττον
1794 2607 1822 2624 φ

179 2633 277 2686 καὶ
297 2634 358 2686 rb
386 2637 564 2706 χεῖρον
591 2637 880 2708 διαφοράν·
917 2638 993 2703 ὡς
1022 2641 1218 2710 εὐαγὲς
1248 2642 1362 2713 (97)
1387 2637 1526 2696 εἶναι
1560 2642 1764 2696 οἴεσθαι

174 2723 278 2795 τὴν
301 2725 360 2776 ὲν
386 2727 498 2788 τοῖς
533 2727 974 2798 καταδεεστέροις
1013 2728 1123 2784 τῶν
1169 2730 1448 2802 ὀνομάτων
1482 2731 1764 2784 κοινωνίαν

179 2814 597 2885 συγχωροῦντας
611 2816 688 2888 τῷ
704 2818 843 2872 Πνεύ
852 2837 1000 2890 ματι,
1018 2820 1125 2874 τῶν
1142 2821 1544 2893 ὑπεραιρόντων
1559 2819 1763 2891 κρίνειν

175 2904 415 2969 ἀνάξιον.
435 2907 618 2960 Πάντα
642 2909 751 2980 γὰρ
778 2911 848 2963 τὰ
871 2911 1147 2983 θεοπρεπῆ
1175 2912 1420 2983 νοήματά
1447 2929 1508 2964 τε
1535 2913 1630 2964 καὶ
1643 2912 1760 2964 ὀνό-

177 3012 328 3066 ματα
351 2997 627 3069 όμοτίμως
652 3000 762 3070 ἔχει
786 3003 923 3073 πρὸς
943 3003 1165 3075 ἄλληλα,
1197 3003 1274 3074 τῷ
1305 3004 1470 3075 μηδὲν
1504 3005 1632 3075 περὶ
1663 3003 1761 3074 τὴν

1865 2449 2260 2505 existimemus.
2289 2446 2475 2518 Neque
2495 2449 2640 2502 enim
2664 2448 2922 2504 novimus
2946 2448 3115 2503 ullam
3137 2449 3442 2514 nominum,

1865 2556 1986 2611 quae
2031 2541 2180 2596 circa
2221 2539 2462 2596 divinam
2504 2547 2757 2595 naturam
2805 2539 3206 2611 intelliguntur,
3244 2554 3444 2596 secun-

1865 2633 1994 2688 dum
2027 2633 2225 2690 melius
2259 2648 2322 2689 ac
2357 2633 2602 2690 deterius
2634 2629 3019 2698 diﬂ'erentiam,
3048 2639 3109 2687 ut
3138 2632 3288 2702 pium
3319 2647 3444 2688 esse

1863 2725 2243 2780 existimemus
2265 2763 2280 2790 ,
2315 2725 2600 2780 nominum
2647 2721 2973 2778 inferiorum
3003 2723 3442 2778 communionem

1863 2817 2228 2873 concedentes
2294 2815 2564 2888 Spiritui,
2621 2815 3098 2887 praestantioribus
3159 2815 3442 2886 indignum

1857 2907 2130 2978 judicare.
2172 2907 2369 2962 Omnia
2399 2923 2639 2979 namque
2661 2905 2774 2963 Deo
2799 2906 3166 2977 competentia
3199 2915 3311 2961 tum
3342 2921 3444 2960 co-

1863 3000 2031 3069 gilata
2054 3039 2070 3065 ,
2121 3009 2236 3054 tum
2271 2999 2437 3071 279
2472 3000 2694 3055 nomina
2731 3006 2861 3055 sunt
2903 2998 3048 3055 inter
3095 3015 3154 3056 se
3193 2998 3440 3069 ejusdem

173 3086 268 3140 τοῦ
314 3088 674 3160 ὑποκειμένου
719 3093 1004 3162 διαφωνεῖν
1039 3095 1150 3166 (98)
1191 3096 1486 3166 σημασίαν.
1535 3096 1608 3149 Οὐ
1651 3095 1754 3167 γὰρ

1865 3090 2171 3162 dignitatis,
2220 3105 2286 3145 eo
2329 3089 2475 3160 quod
2520 3089 2658 3144 nihil
2697 3089 2845 3145 circa
2882 3090 3117 3162 subjecti
3161 3087 3441 3160 signiﬁca-

170 3177 262 3230 ἐπ’
315 3177 448 3232 ἄλλο
504 3197 556 3232 τι
611 3183 964 3254 ὑποκείμενον
1011 3190 1340 3256 χειραγωγεῖ
1380 3188 1478 3259 τὴν
1521 3187 1754 3242 διάνοιαν

1865 3181 2061 3236 tionem
2091 3182 2327 3236 habeant
2347 3181 2706 3237 discriminis.
2739 3179 2859 3237 Non
2885 3181 3029 3238 enim
3061 3181 3261 3238 mentis
3291 3183 3442 3252 (σθεῖ-

171 3269 266 3322 τοῦ
302 3270 510 3338 ἀγαθοῦ
539 3275 572 3343 ή
605 3277 966 3347 προσηγορία,
1001 3277 1085 3346 ἐφ’
1129 3278 1313 3350 ἕτερον
1371 3279 1428 3332 δὲ
1467 3283 1499 3350 ἡ
1541 3278 1634 3333 τοῦ
1667 3297 1756 3332 σο-

172 3359 299 3429 φοῦ,
329 3363 424 3414 καὶ
452 3364 545 3417 τοῦ
574 3365 819 3434 δυνατοῦ,
851 3369 946 3421 καὶ
988 3367 1080 3422 τοῦ
1124 3369 1333 3424 δικαίου
1353 3387 1368 3403 ο
1400 3371 1514 3424 ἀλλ’
1547 3373 1755 3444 ὅσαπερ

169 3450 237 3504 ἂν
267 3454 430 3525 εἴπῃς
461 3455 720 3523 ὀνόματα,
759 3458 817 3512 ἓν
858 3459 949 3513 διὰ
997 3461 1212 3516 πάντων
1253 3463 1370 3516 ἐστὶ
1406 3462 1468 3516 rb
1500 3466 1756 3535 σημαινό-

173 3559 355 3612 μενον.
391 3547 512 3600 Κὲιν
560 3549 690 3602 Θεὸν
734 3551 916 3622 εἴπῃς,
962 3552 1053 3606 τὸν
1099 3553 1261 3608 αὐτὸν
1299 3553 1544 3621 ἐνεδείξω
1579 3554 1638 3609 δν
1669 3554 1754 3610 διὰ

170 3635 278 3690 τῶν
311 3637 514 3693 λοιπῶν
545 3641 824 3712 ὀνομάτων
860 3645 1104 3716 ἐνόησας.
1140 3647 1202 3699 Εἰ
1242 3645 1299 3698 δὲ
1341 3646 1518 3700 πάντα
1547 3650 1614 3700 τὰ
1639 3648 1755 3701 όνό-

1856 3273 2114 3328 tationem
2172 3273 2242 3329 ad
2292 3272 2441 3327 aliud
2488 3272 2761 3344 quoddam
2815 3273 3125 3343 subjectum
3184 3271 3440 3343 perducit

1853 3361 1983 3418 boni
2009 3363 2304 3433 appellatio
2324 3404 2339 3428 ,
2369 3371 2424 3420 et
2452 3365 2522 3419 ad
2549 3363 2718 3430 aliud,
2750 3363 3045 3436 sapientis,
3077 3364 3348 3435 potentis,
3385 3372 3440 3420 et

1849 3453 2033 3524 justi:
2068 3455 2165 3510 sed
2213 3470 2556 3526 quaecunque
2601 3457 2898 3527 protuleris
2951 3457 3200 3526 nomina,
3254 3474 3427 3514 unum

1853 3561 2080 3616 prorsus
2121 3548 2305 3603 omnia
2349 3548 2680 3619 signiﬁcant.
2729 3547 2886 3617 Quod
2920 3549 2967 3604 si
2999 3549 3204 3606 dixeris
3236 3549 3433 3615 Deum,

1851 3640 2105 3696 eumdem
2147 3641 2505 3712 signiﬁcasti,
2560 3658 2723 3713 quem
2779 3657 2876 3713 per
2929 3643 3141 3713 reliqua
3203 3645 3428 3698 nomina

173 3743 320 3798 ματα
344 3732 410 3800 τῇ
442 3729 563 3802 θείᾳ
585 3732 746 3800 φύσει
774 3733 1138 3806 ἐπιλεγόμενα
1169 3738 1475 3808 ἰσοδυναμεῖ
1507 3738 1753 3810 ἀλλήλοις

1865 3733 2191 3789 intellexisti.
2220 3733 2378 3800 Quod
2423 3734 2472 3790 si
2519 3736 2704 3790 omnia
2767 3749 2889 3806 quae
2913 3735 2993 3798 de
3015 3735 3202 3792 divina
3230 3745 3436 3792 natura

170 3820 312 3872 κατὰ
346 3820 444 3892 τὴν
474 3823 566 3876 τοῦ
603 3825 962 3898 ὑποκειμένου
1001 3827 1242 3896 ἔνδειξιν,
1284 3830 1420 3886 ἄλλα
1462 3831 1601 3884 κατὰ
1640 3831 1749 3903 (99)

1865 3823 2136 3890 iicuntur,
2181 3827 2429 3892 nomina,
2461 3827 2604 3883 idem
2650 3828 2792 3883 inter
2819 3843 2901 3893 se,
2931 3828 2997 3884 ad
3033 3829 3265 3897 subjecti
3287 3829 3432 3885 desi-

166 3907 340 3979 ἇλλην
370 3909 606 3981 ἔμφασιν
644 3916 736 3967 ἐπὶ
781 3917 843 3970 rb
882 3918 1014 3970 αὐτὸ
1037 3917 1135 3990 τὴν
1174 3920 1410 3976 διάνοιαν
1438 3923 1594 3994 ἡμῶν
1626 3923 1750 3994 ὁδη-

165 3997 368 4068 γοῦντα
385 4018 399 4030 ·
427 4002 510 4066 τίς
534 4005 563 4056 ό
586 4003 740 4074 λόγος
769 4007 865 4078 τὴν
886 4009 944 4061 ὲν
972 4012 1081 4073 τοῖς
1106 4010 1287 4075 ἄλλοις
1313 4013 1540 4084 ὀνόμασι
1569 4033 1752 4069 κοινω-

163 4089 308 4153 νίαν,
346 4091 485 4162 πρὸς
535 4094 756 4166 Πατέρα
806 4114 867 4150 τε
912 4101 1006 4153 καὶ
1054 4100 1180 4154 Υἱόν
1234 4106 1619 4176 συγχωροῦντα
1671 4106 1750 4177 τῷ

164 4179 468 4251 Πνεῦματι,
509 4184 676 4256 μόνης
715 4189 1114 4259 ἁποσχοινίζειν
1159 4195 1292 4248 αὐτὸ
1324 4196 1424 4266 τῆς
1461 4195 1746 4270 θεότητος;

164 4272 378 4363 ἀνάγκη
407 4275 515 4347 γὰρ
545 4279 692 4332 πᾶσα
736 4281 769 4351 ἢ
816 4283 909 4334 καὶ
952 4285 1010 4336 ὲν
1055 4285 1229 4356 τούτῳ
1269 4288 1468 4343 διδόναι
1507 4290 1605 4363 τὴν
1633 4309 1747 4346 κοι-

162 4362 384 4426 νωνίαν,
419 4363 453 4434 ἢ
511 4366 643 4436 μηδὲ
681 4367 780 4439 τὴν
821 4373 878 4423 ὲν
925 4376 1036 4436 τοῖς
1080 4374 1284 4440 λοιποῖς
1331 4362 1652 4452 συγχωρεῖν.
1682 4383 1746 4436 Ei

162 4452 271 4523 γὰρ
312 4454 370 4505 ὲν
397 4456 624 4521 ἐκεινοις
652 4459 819 4525 ἄξιον,
852 4462 972 4514 οὐδὲ
1015 4467 1073 4516 ὲν
1112 4467 1286 4538 τούτῳ
1310 4468 1384 4540 (1)
1414 4471 1628 4536 πάντως
1656 4475 1747 4526 ἀν-

163 4541 333 4606 άξιον.
390 4545 452 4598 Et
492 4546 550 4598 δὲ
599 4550 939 4622 μικρότερον,
981 4555 1121 4609 κατὰ
1159 4557 1250 4610 τὸν
1305 4560 1528 4616 ἐκείνων
1565 4563 1741 4632 λόγον,

159 4635 376 4705 ἐστὶ.νὴ
417 4634 556 4692 ὥστε
600 4639 693 4693 τοῦ
723 4641 824 4711 τῆς
869 4642 1120 4716 θεότητος
1162 4647 1421 4719 ὀνόματος
1455 4652 1591 4722 πρὸς
1629 4654 1740 4708 Πα-

159 4724 294 4795 τέρα
321 4742 383 4778 τε
422 4728 515 4780 καὶ
544 4727 671 4783 Υἱὸν
717 4731 816 4803 τὴν
844 4736 1124 4789 κοινωνίαν
1145 4742 1412 4810 χωρῆσαι,
1441 4742 1561 4795 οὐδὲ
1583 4745 1740 4799 ἄλλου

157 4816 306 4878 τινὸς
347 4815 458 4869 τῶν
502 4818 818 4891 θεοπρεπῶν
862 4823 1140 4885 ὀνομάτων
1188 4828 1433 4898 μετέχειν
1464 4829 1610 4895 ἄξιον
1641 4832 1738 4901 (2).

156 4907 704 4981 Καταμανθανόμενα
748 4913 856 4983 γὰρ
908 4916 1000 4968 καὶ
1045 4920 1444 4989 συγκρινόμενα
1472 4923 1608 4993 πρὸς
1647 4924 1739 4978 άλ-

155 4997 298 5070 ληλα
343 5000 413 5054 τὰ
447 5002 686 5073 ὀνόματα
711 5005 800 5060 διὰ
844 5008 944 5078 τῆς
993 5011 1239 5075 ἑκάστοις
1267 5012 1342 5082 (5)
1369 5012 1738 5086 ὲνθεωρουμέ-

232 5131 348 5200 (95)
385 5133 522 5188 Vide
551 5136 836 5193 Addenda.

227 5201 342 5287 (βξ)
391 5204 735 5287 ’ογόμασιγ.
770 5211 912 5287 [ἓρἱἰ
939 5212 1147 5287 add_unt
1175 5219 1266 5269 καὶ
1297 5217 1396 5286 τὴν
1419 5219 1731 5287 συνάφειανι

145 5271 264 5358 Sed
301 5271 422 5358 hare
448 5271 648 5358 des‘t‘tnt
676 5279 756 5358 in_
776 5279 924 5358 Med,
948 5293 1003 5336 et
1031 5284 1200 5358 Goisl.
1230 5271 1472 5342 secu'ndo
1507 5271 1578 5342 de“
1601 5271 1732 5358 Reg.

148 5343 408 5430 θερμηάο
432 5353 504 5430 ‘et
535 5345 695 5430 Nyss.
739 5348 796 5402 In
834 5352 1014 5430 tribus
1052 5355 1176 5430 aliis
1209 5358 1490 5430 codicibus
1539 5343 1737 5430 legitulr

150 5420 366 5494 tanti-[tn
392 5413 493 5494 τῂν
522 5413 816 5494 συνάφειαν
842 5423 1399 5494 εἰηεευιῲιηειὶοιιε.

236 5477 492 5568 ἰη-ἀξ
537 5477 810 5568 ei»aie_¢._
836 5477 1398 5568 Sicttedi’jifirég'
1428 5498 1602 5568 Regii.
1643 5500 1736 5554 Sic

144 5558 314 5637 etiam
359 5553 560 5637 legitur
587 5553 739 5637 apud
771 5560 1289 5637 GregoriumiNyss.
1324 5553 1606 5625 Editioiies
1634 5553 1735 5624 Ba;

146 5623 286 5710 siliri,
313 5635 540 5695 excepta
587 5623 954 5700 Hitganoensi,
983 5633 1059 5698 ὡς
1101 5623 1315 5706 ένοῖγές,
1343 5647 1401 5691 ut
1439 5623 1600 5710 nefas
1629 5642 1730 5694 du-

145 5709 356 5746 ramus.

229 5764 336 5833 (93‘)
373 5766 720 5834 Διαφωνεῖν.
751 5773 828 5827 lla
854 5790 984 5830 mss.
1014 5783 1270 5846 quatuor.
1294 5778 1383 5836 Sic
1408 5781 1570 5838 ctiam
1597 5783 1729 5841 Gre-

1849 3917 2164 3984 gnationem
2213 3917 2429 3981 valent,
2466 3918 2574 3972 alia
2621 3933 2720 3988 pro
2751 3918 2861 3972 alia
2898 3921 2978 3975 rei
3019 3919 3433 3977 consideranda:

1850 4007 2064 4061 ratione
2092 4017 2327 4063 mentem
2356 4017 2608 4064 nostram
2641 4010 2708 4065 ad
2740 4009 2882 4078 idem
2912 4009 3279 4076 deducentia;
3310 4028 3432 4083 quae

1849 4098 1990 4152 ratio
2008 4107 2113 4162 est,
2142 4099 2374 4154 aliorum
2403 4101 2688 4155 nominum
2715 4102 3160 4158 communionem
3188 4101 3428 4174 Spiritui

1847 4204 1976 4244 cum
2007 4188 2170 4246 Patre
2202 4199 2256 4246 et
2287 4190 2425 4248 Filio
2457 4193 2872 4260 concedentem,
2921 4209 2952 4248 a
2986 4195 3104 4251 sola
3153 4195 3308 4250 illum
3340 4211 3429 4250 ar-

1849 4298 1974 4338 cere
1998 4282 2320 4340 divinitate?
2350 4299 2478 4340 nam
2509 4300 2737 4343 necesse
2767 4294 2852 4342 est
2883 4289 3131 4354 omnino,
3159 4297 3253 4343 aut
3275 4303 3426 4345 com-

1849 4375 2160 4431 munionem
2204 4377 2261 4431 in
2295 4376 2399 4431 hoc
2439 4377 2603 4431 etiam
2637 4377 2790 4443 dare,
2824 4385 2920 4434 aut
2951 4395 3053 4436 nec
3097 4380 3154 4435 in
3199 4380 3426 4452 reliquis

1848 4467 2079 4524 deferre.
2125 4467 2337 4524 Etenim
2373 4470 2420 4524 si
2464 4470 2520 4523 in
2570 4470 2679 4526 illis
2711 4472 2934 4542 dignus,
2973 4472 3219 4542 profecto
3248 4488 3426 4543 neque

1846 4559 1899 4612 in
1943 4559 2048 4616 hoc
2094 4559 2371 4631 indignus.
2419 4559 2574 4627 Quod
2606 4562 2653 4617 si
2678 4562 2860 4618 minor
2886 4572 3003 4630 est,
3039 4573 3097 4619 ut
3131 4565 3220 4620 isti
3257 4565 3423 4619 dicti-

1845 4660 1984 4720 tant,
2014 4670 2177 4724 quam
2203 4662 2262 4709 ut
2295 4654 2604 4711 divinitatis
2627 4671 2828 4713 nomen
2861 4671 2986 4712 cum
3017 4655 3182 4713 Patre
3208 4668 3262 4713 et
3285 4656 3423 4713 Filio

1843 4759 2132 4802 commune
2189 4748 2416 4813 habeat;
2467 4763 2644 4819 neque
2687 4747 2888 4820 dignus
2933 4749 3069 4814 erit,
3114 4749 3208 4820 qui
3259 4750 3422 4807 ullius

1842 4836 1983 4892 alius
2036 4853 2103 4894 ex
2158 4840 2474 4896 nominibus
2518 4841 2630 4896 Deo
2659 4841 3097 4912 competentibus
3144 4842 3421 4913 particeps

1843 4929 1934 4984 sit.
1961 4928 2319 4986 Considerata
2341 4934 2488 4987 enim
2511 4941 2566 4987 et
2587 4942 2902 5004 comparata
2935 4934 3079 4989 inter
3108 4950 3167 4990 se
3195 4935 3420 4992 nomina

1841 5037 1939 5093 per
1972 5037 2094 5079 eam
2124 5025 2423 5090 notionem,
2472 5040 2639 5095 quam
2674 5027 2731 5082 in
2761 5027 3000 5098 singulis
3043 5028 3413 5098 speculamur,

1841 5155 2046 5237 θοι-ἰυεὶ
2071 5154 2370 5237 Νχεεεημε.
2423 5156 2707 5237 Editiones
2729 5167 2968 5237 fetustae
3009 5159 3196 5237 Basilii
3228 5161 3415 5230 διαφέ-

1844 5224 2337 5304 ρειν.Αβ;ξεῑΙεεηείε
2365 5231 2608 5304 secunda
2643 5238 2696 5284 et
2724 5228 2907 5304 P_aris_._
2931 5232 3208 5304 διαφέρειν

1912 5295 2023 5369 (99)
2058 5298 2252 5369 "Agger
2281 5299 2451 5351 κατὰ.
2487 5297 2641 5354 Unus
2665 5315 2728 5354 ex
2754 5299 2943 5369 Regiis
2971 5295 3184 5355 ἀλλ”οὑ
3213 5307 3374 5361 κατά.

1911 5365 2011 5434 (1)
2037 5365 2188 5420 Οὐδὲ
2230 5368 2300 5421 ἐν
2337 5369 2545 5433 τούτῳ.
2584 5365 2875 5426 Medicaeth
2915 5387 3038 5425 cum
3076 5373 3255 5430 tribus
3290 5379 3415 5432 aliis

1839 5436 1961 5489 οὐδὲ
1995 5438 2052 5488 ὲν
2084 5435 2314 5500 τούτοις.

1913 5505 1990 5577 (2)
2026 5504 2252 5587 "After.
2288 5507 2442 5587 Ed_it_i_
2458 5503 2528 5578 ἦν
2556 5507 2726 5587 ἄξιον.
2760 5509 2923 5566 Deest
2943 5511 3138 5566 vocula
3169 5513 3224 5568 in
3251 5516 3413 5587 quin-

1838 5591 2114 5650 quemss.
2143 5584 2197 5650 et
2229 5579 2377 5650 apud
2404 5579 2567 5648 Grcg.
2591 5579 2754 5650 Nyss.

1909 5646 1984 5716 (5)
2021 5645 2333 5726 'Exdqrotq
2355 5645 2856 5726 érQeaSpoyMc.
2884 5649 2971 5726 _lta_
2987 5667 3120 5708 mss.
3144 5655 3411 5726 quinque,

1836 5731 1938 5840 pté'o
1974 5731 2040 5772 eo
2068 5716 2216 5789 quod
2275 5727 2390 5775 erat
2443 5720 2499 5775 in
2535 5716 2715 5776 editis
2772 5716 2830 5778 ὲν
2878 5721 3128 5792 ἑκάστοις
3163 5716 3410 5799 ’θεωρουὲ

1839 5805 1878 5840 υ.
1908 5803 2025 5840 νπς.

1839 5803 2025 5858 μένης.
