3852 6220
195 237 306 298 693

357 301 385 340 Ι

986 241 1486 300 EPISTOLARUM
1521 241 1813 302 CLASSIS
1842 244 1911 303 n.
1946 226 2173 303 EPIST.
2208 244 2540 305 CLXXXIX.

3345 222 3454 309 sit

195 373 371 429 ματος
411 358 826 433 ἐνεργουμένας,
853 363 1145 437 διαφόρους
1183 358 1323 433 εἶναι
1358 363 1453 417 καὶ
1494 362 1595 426 τὰς
1625 363 1785 434 ἐνερ-

1892 380 1943 422 se
1996 365 2311 423 differentes
2359 380 2523 432 esse,
2577 380 2647 422 ex
2703 364 3082 435 operationum
3133 362 3455 423 diversitate

194 448 402 518 γούσας
452 450 644 520 φύσεις
698 453 765 506 ἐκ
808 453 909 525 τῆς
964 453 1282 526 ἑτερότητος
1330 452 1440 507 τῶν
1490 453 1781 525 ἐνεργειῶν

196 539 572 612 στοχασόμεθα
610 542 708 613 (6).
750 543 887 597 οὐδὲ
927 543 1038 617 γάρ
1092 544 1360 616 ἐνδέχεται
1403 543 1473 598 τά
1517 542 1783 598 διεστῶτα

194 631 339 686 κατά
362 632 455 687 τὸν
484 632 587 704 τῆς
614 633 830 704 φύσεως
869 634 1026 705 λόγον
1074 636 1214 709 πρὸς
1247 635 1309 689 τὸ
1337 634 1448 689 τῶν
1487 633 1780 705 ἐνεργειῶν

194 719 335 788 εἶδος
354 724 605 797 ἀλλήλοις
625 726 1040 798 συνενεχθῆναιο
1080 726 1158 798 (7)
1200 724 1324 780 οὔτε
1366 725 1528 796 ψύχει
1551 724 1613 779 τὸ
1642 724 1777 795 πῦρ,

192 810 324 868 οὔτε
362 812 645 886 θερμαίνει
692 816 723 869 ό
767 815 1128 888 κρύσταλλος·
1155 815 1291 869 ἀλλά
1317 819 1386 887 τῇ
1409 815 1518 869 τῶν
1563 813 1780 885 φύσεων

192 902 429 976 διαφορᾷ
462 906 976 978 συνδιαχωρίζονται
1012 906 1107 960 ἀπ’
1140 907 1383 979 ἀλλήλων
1413 906 1508 960 καὶ
1532 906 1589 958 αἰ
1626 907 1780 976 παρά

191 994 405 1051 τούτων
453 998 747 1070 ἐνέργειαι.
790 999 916 1053 Ἐὰν
968 999 1026 1053 δὲ
1078 998 1205 1070 μίαν
1247 999 1528 1071 νοήσωμεν
1568 995 1671 1067 τὴν
1701 997 1777 1069 (8)

192 1089 482 1163 ἐνέργειαν
504 1091 717 1165 Πατρός
744 1108 804 1145 τε
831 1091 927 1146 καὶ
958 1090 1093 1146 Υἱοῦ
1125 1092 1219 1144 καὶ
1258 1089 1573 1161 Πνεύματος
1600 1090 1778 1159 ἁγίου,

193 1183 259 1236 ἐν
283 1182 473 1254 μηδενί
495 1183 852 1256 διαφέρουσάν
881 1201 934 1238 τι
959 1184 992 1257 ἢ
1018 1182 1503 1255 παραλλάσσουσαν
1519 1198 1533 1212 ·
1561 1181 1778 1253 ἀνάγκη

191 1277 265 1346 τῇ
292 1275 582 1345 ταυτότητι
606 1275 707 1346 τῆς
735 1275 1013 1348 ἐνεργείας
1040 1276 1102 1330 τὸ
1131 1274 1407 1347 ἡνωμένον
1439 1274 1538 1347 τῆς
1566 1273 1783 1343 φύσεως

195 1362 633 1433 συλλογίζεσθαι.

270 1476 326 1533 7.
374 1476 636 1547 ’Λγιάζει,
663 1476 762 1533 καί.
793 1476 1063 1543 ζωοποιεῖ,
1086 1476 1183 1532 καὶ
1209 1473 1454 1546 φωτίζει,
1480 1476 1575 1530 καὶ
1598 1493 1782 1549 παρα·-

193 1569 377 1632 καλετ,
410 1570 509 1624 καὶ
544 1570 723 1625 πάντα
766 1568 838 1625 τά
877 1570 1125 1635 τοιαῦτα,
1146 1569 1346 1641 ὁμοίως
1383 1570 1413 1622 ό
1456 1568 1647 1643 Πατὴρ
1686 1569 1781 1622 καί⁵

187 1662 226 1716 ό
256 1662 387 1727 Υἰδς
418 1663 514 1717 καὶ
540 1663 602 1717 τὸ
629 1660 852 1735 Πνεῦμα
883 1662 944 1717 τδ
970 1663 1144 1733 ἅγιον.
1178 1660 1283 1716 Καὶ
1316 1662 1507 1734 μηδεὶς
1546 1661 1665 1715 κατ’
1688 1660 1807 1727 ἐξι.

1881 457 2261 528 conjiciemus.
2292 455 2481 528 Neque
2508 457 2655 513 enim
2685 456 2802 515 ﬁeri
2825 467 3025 529 potest,
3053 465 3114 513 ut
3139 472 3267 534 quae
3296 468 3458 519 natu-

1879 564 1957 605 ra:
1987 549 2202 606 ratione
2227 548 2568 620 discrepant,
2598 550 2657 605 in
2688 549 2865 607 forma
2898 547 3281 623 operationum
3312 550 3458 606 inter

1879 657 1940 698 se
1978 641 2329 699 consentiant
2362 661 2376 699 :
2412 657 2513 698 nec
2558 642 2704 714 ignis
2736 640 3074 715 refrigescit,
3106 656 3210 697 nec
3250 642 3458 714 glacies

1880 735 2171 802 calefacit;
2229 734 2328 791 sed
2378 750 2505 791 cum
2552 744 2875 791 naturarum
2938 732 3245 791 differentia
3292 735 3459 790 simul

1880 827 2044 883 etiam
2074 826 2217 884 inter
2256 842 2317 885 se
2343 827 2659 898 discrepant
2697 842 2818 899 quae
2846 826 2916 882 ab
2957 826 3069 883 illis
3094 826 3232 881 ﬁunt
3261 840 3462 897 opera-

1881 919 2079 976 tiones.
2114 917 2173 975 Si
2209 929 2391 976 autem
2420 935 2586 976 unam
2631 919 3065 975 intellexerimus
3100 927 3158 975 et
3193 917 3375 973 Patris
3399 925 3454 972 et

1881 1010 2005 1066 Filii
2044 1018 2100 1067 et
2145 1010 2383 1083 Spiritus
2426 1013 2603 1069 sancti
2633 1011 3004 1083 operationem
3025 1052 3040 1078 ,
3072 1012 3212 1068 nihil
3257 1010 3315 1067 in
3344 1011 3460 1075 ulla

1880 1118 1942 1159 re
1966 1102 2303 1161 diﬁ‘eren‘tem
2346 1111 2441 1159 aut
2486 1104 2823 1173 variantem;
2859 1119 3084 1162 necesse
3108 1112 3194 1161 est
3221 1119 3290 1160 ex
3327 1118 3461 1176 ope-

1880 1197 2115 1255 rationis
2149 1195 2437 1253 identilate
2470 1196 2739 1253 unitatem
2772 1198 2956 1271 colligi
2983 1206 3217 1257 natura.

1957 1477 2009 1534 7.
2041 1475 2380 1545 Sanctiﬁcat,
2415 1487 2472 1536 et
2495 1479 2772 1547 viviﬁcat,
2807 1485 2864 1536 et
2904 1478 3211 1544 illuminat,
3244 1484 3301 1534 et
3327 1492 3463 1536 con-

1883 1570 2114 1634 solatur,
2159 1577 2215 1626 et
2254 1571 2438 1627 omnia
2470 1570 2738 1644 ejusmodi
2772 1572 2979 1643 pariter
3021 1569 3155 1626 facit
3192 1568 3379 1633 Pater,
3404 1578 3462 1626 et

1884 1660 2083 1729 Filius,
2110 1669 2166 1719 et
2198 1661 2437 1734 Spiritus
2462 1672 2707 1720 sanctus.
2734 1663 2844 1719 Nec
2868 1662 3162 1735 quisquam
3187 1661 3460 1734 praecipue

195 1750 418 1824 αἰρετον
446 1752 765 1826 ἀπονεμέτω
800 1755 866 1826 τῇ
898 1750 1148 1824 ἐνεργείᾳ
1193 1749 1287 1805 τοῦ
1327 1749 1642 1823 Πνεύματος
1684 1751 1784 1823 τὴν

1892 1753 2088 1808 tribuat
2143 1750 2373 1823 Spiritui
2419 1760 2614 1809 sancto
2663 1759 2989 1825 potestatem
3045 1751 3458 1818 sanctiﬁcandi,

195 1844 528 1917 ἀγιαστικήν
549 1844 815 1910 ἐξουσίαν,
843 1844 1083 1909 ἀκούσας
1102 1842 1196 1898 τοῦ
1226 1843 1477 1916 Σωτῆρος
1498 1843 1556 1899 ἐν
1578 1842 1655 1915 τῷ
1678 1844 1783 1898 Εὑ-

196 1935 442 2009 αγγελίῳ
464 1935 715 2009 περὶτῶν
734 1934 989 2007 μαθητῶν
1010 1935 1145 2008 πρὸς
1167 1934 1257 1989 τὸν
1272 1934 1492 2007 Πατέρα
1512 1934 1778 2005 λέγοντος

192 2028 414 2096 Πάτερ.
438 2027 695 2099 ἁγίασον
711 2026 935 2093 αὐτοὺς
957 2027 1027 2080 ὲν
1054 2025 1135 2092 τῷ
1162 2027 1409 2096 ὀνόματι
1439 2042 1576 2081 σου.
1595 2026 1785 2079 Ὡσαύ-

193 2138 307 2184 τως
325 2120 384 2174 δὲ
406 2120 499 2174 καὶ
519 2120 587 2175 τά
608 2120 741 2175 ἄλλα
767 2120 946 2174 πάντα
967 2118 1106 2174 κατά
1126 2118 1187 2172 τὸ
1216 2118 1331 2173 ἴσον
1356 2120 1655 2191 ἐνεργεῖται
1674 2121 1784 2183 τοῖς

194 2209 374 2278 ἀξίοις
396 2210 546 2283 παρά
564 2210 657 2264 τοῦ
681 2209 896 2282 Πατρός
914 2227 974 2263 τε
1000 2211 1093 2264 καὶ
1118 2210 1212 2264 τοῦ
1236 2210 1368 2264 Υἱοῢ
1397 2210 1603 2264 καὶτοῦ
1627 2210 1783 2279 ἁγίου

196 2299 548 2371 Πνεύματοςο
590 2302 743 2355 πᾶσα
783 2300 944 2371 χάρις
987 2299 1084 2354 καὶ
1128 2299 1375 2371 δῦναμις,
1425 2302 1458 2372 ἠ
1506 2299 1718 2373 ὁδηγία,
1750 2301 1785 2371 ἡ

199 2390 344 2462 ζωὴ,
368 2392 407 2462 ἡ
439 2390 805 2464 παράκλησις,
834 2393 866 2462 ἡ
909 2390 1048 2463 πρὸς
1089 2391 1152 2444 τὸ
1196 2390 1463 2446 ἀθάνατον
1495 2390 1783 2463 μεταϐολὴ,

191 2486 235 2555 ή
275 2485 358 2548 εἰς
397 2484 706 2557 ἐλευθερίαν
747 2484 1095 2556 μετάστασις,
1135 2483 1230 2538 καὶ
1271 2482 1325 2537 εἰ
1362 2500 1417 2537 τι
1468 2482 1595 2537 ἀλλο
1639 2483 1787 2537 ἐστὶν

197 2575 431 2647 ἀγαθὸν,
471 2576 500 2630 ὃ
544 2577 735 2650 μέχρις
764 2575 923 2648 ἡμῶν
968 2574 1041 2647 (9)
1077 2574 1416 2629 καταϐαίνει.
1457 2575 1523 2628 Ἦ
1555 2574 1612 2629 δὲ
1649 2575 1789 2646 ὑπὲρ

198 2670 354 2740 ἡμᾶς
394 2669 692 2740 οἰκονομία,
736 2667 795 2722 ἐν
833 2684 893 2721 τε
928 2670 996 2740 τῇ
1045 2669 1210 2739 νοητῇ
1252 2666 1428 2721 κτίσει
1474 2666 1569 2721 καὶ
1596 2669 1663 2738 τῇ
1704 2669 1790 2721 αἱ-

204 2758 402 2830 cem,
428 2757 550 2812 εἴτι
570 2757 676 2831 χρὴ
700 2757 786 2812 διὰ
807 2758 917 2813 τῶν
942 2757 1357 2830 γινωσκομένων
1378 2758 1508 2829 ἡμῖν
1538 2758 1632 2812 καὶ
1662 2760 1791 2829 περὶ

192 2851 314 2906 τῶν
356 2851 770 2923 ὑπερκειμένων
817 2850 1192 2923 στοχάζεσθαι,
1225 2851 1346 2905 οὐδὲ
1387 2851 1523 2925 αὐτὴ
1553 2852 1653 2923 τῆς
1694 2851 1789 2904 τοῦ

204 2945 367 3014 ἀγίου
398 2944 508 3015 (l0)
539 2944 858 3015 Πνεύματος
900 2944 1182 3016 ἐνεργείας
1226 2942 1323 2997 καὶ
1363 2943 1644 3014 δυνάμεως
1686 2941 1792 3010 ἔξω

204 3034 569 3105 καθέστηκεν,
622 3033 852 3089 ἑκάστου
901 3034 1041 3088 κατά
1081 3033 1181 3104 τὴν
1234 3032 1369 3088 ἰδίαν
1417 3030 1573 3098 ἀξίαν
1608 3048 1667 3085 τε
1699 3034 1791 3086 καὶ

198 3127 398 3199 χρείαν
426 3128 525 3198 τῆς
571 3125 836 3196 ὠφελείας
887 3125 1412 3198 μεταλαμϐάνοντος.
1455 3126 1519 3179 Εἰ
1555 3124 1664 3196 γὰρ
1696 3125 1792 3180 καὶ

204 3220 405 3291 ἄδηλος
432 3223 501 3291 τῇ
530 3220 776 3292 αἰσθήσει
801 3222 869 3291 τῇ
906 3219 1151 3292 ἡμετέρᾳ
1191 3219 1225 3290 ἡ
1260 3222 1390 3291 περὶ
1430 3218 1536 3272 τῶν
1560 3219 1671 3273 ἀνω
1695 3218 1795 3288 τῆς

203 3310 488 3381 ἡμετέρας
532 3309 746 3378 φύσεως
789 3306 1031 3374 διάταξίς
1089 3308 1201 3380 (ii)
1244 3325 1304 3362 τε
1350 3307 1447 3362 καὶ
1492 3307 1791 3380 διοίκησις,

200 3402 360 3472 ὅμως
388 3402 453 3454 ἐκ
473 3402 572 3472 τῆς
592 3400 912 3465 ἀκολουθίας
943 3398 1306 3470 εὐλογώτερον
1334 3399 1399 3455 ἄν
1437 3416 1523 3461 τις
1554 3398 1795 3452 σὺνθοιτο

206 3492 298 3547 διὰ
321 3492 431 3546 τῶν
456 3493 586 3563 ἡμῖν
610 3492 900 3564 γνωρίμων
929 3492 1149 3564 ἐνεργὸν
1170 3485 1310 3544 εἶναι
1340 3491 1435 3544 καὶ
1464 3490 1553 3543 ἐπ’
1575 3489 1795 3543 ἐκείνων

208 3581 312 3651 τὴν
346 3580 442 3635 τοῦ
477 3579 792 3650 Πνεύματος
828 3580 1077 3651 δύναμιν,
1110 3578 1145 3651 ἢ
1192 3577 1565 3646 ἀπεξενῶσθαι
1599 3578 1698 3649 τῆς
1738 3580 1796 3631 ὲν

208 3675 325 3736 τοῖς
374 3672 793 3742 ὑπερκειμένοις
841 3671 1174 3742 οἰκονομίας.
1217 3671 1276 3724 '0
1325 3670 1424 3740 μὲν
1470 3669 1579 3741 γὰρ
1624 3670 1798 3722 ἐκεῖνο

211 3763 389 3832 λέγων
418 3762 576 3834 ψιλὴν
610 3763 706 3818 καὶ
748 3762 1122 3817 ἀκατάσκευον
1157 3762 1258 3833 τὴν
1291 3760 1637 3832 βλασφημίαν
1666 3778 1799 3834 προ-

204 3855 473 3911 ϐάλλεται
524 3854 672 3927 (12),
717 3855 895 3910 οὐδενὶ
937 3852 1181 3924 λογισμῷ
1231 3851 1654 3917 κατασκευάζων
1699 3853 1798 3925 τὴν

210 3949 480 4002 ἀτοπίανο
508 3948 537 4001 ὁ
569 3947 629 4001 δὲ
677 3945 1055 4017 συντιθέμενος
1088 3945 1184 3999 καὶ
1214 3946 1283 3999 τὰ
1313 3946 1453 4018 ὑπὲρ
1482 3946 1629 4017 ἡμᾶς
1663 3944 1800 4015 μετά

214 4039 433 4111 Πατρὸς
469 4038 565 4094 καὶ
604 4036 739 4091 Υἰοῦ
772 4040 839 4110 τῇ
875 4036 1104 4108 δυνάμει
1131 4034 1226 4089 τοῦ
1258 4035 1575 4107 Πνεύματος
1593 4037 1800 4089 οἰκονο-

215 4129 460 4202 μεῖσθαι,
492 4129 712 4200 ἐναργεῖ
741 4126 1028 4199 τεκμηρίῳ
1065 4125 1143 4196 τῷ
1185 4125 1326 4179 κατά
1354 4124 1451 4197 τὴν
1483 4125 1618 4178 ἰδίαν
1658 4124 1800 4195 ζωὴν

1883 1860 2009 1900 cum
2055 1841 2244 1899 audiat
2276 1842 2614 1901 Salvatorem
2649 1845 2707 1901 in
2737 1842 3033 1917 Evangelio
3067 1844 3137 1900 de
3172 1842 3463 1915 discipulis

1882 1935 2155 1991 dicentem
2205 1933 2355 1990 Patri
2391 1954 2405 1991 :
2440 1934 2628 2002 Pater,
2679 1936 2959 2007 sanctiﬁca
3009 1951 3098 1991 eos
3143 1936 3200 1991 in
3253 1936 3462 1991 nomine

1886 2038 1975 2082 tuo
2008 2028 2076 2082 “.
2114 2026 2377 2083 Similiter
2419 2036 2600 2084 autem
2632 2038 2683 2084 et
2727 2028 2939 2100 reliqua
2966 2027 3152 2084 omnia
3194 2043 3266 2084 ex
3302 2043 3463 2100 aequo

1884 2128 2219 2191 peraguntur
2250 2120 2308 2176 in
2337 2121 2405 2176 iis
2431 2123 2523 2193 qui
2548 2120 2699 2193 digni
2730 2129 2882 2188 sunt,
2916 2135 2948 2176 a
2980 2118 3148 2176 Patre
3213 2129 3271 2177 et
3295 2118 3461 2188 Filio,

1884 2220 1940 2266 et
1965 2212 2178 2283 Spiritu
2211 2219 2445 2268 sancto:
2473 2213 2654 2269 omnis
2691 2213 2893 2285 gratia,
2913 2218 2969 2268 et
3007 2212 3210 2279 virtus,
3236 2211 3463 2277 ductus.

1864 2303 2031 2383 qvita,
2079 2305 2414 2370 consolatio,
2447 2304 2515 2360 ad
2552 2305 3019 2361 immortalitatem
3050 2304 3462 2370 transmutatio,

1836 2418 1839 2421 π
1888 2394 2153 2453 transitus
2185 2395 2254 2450 ad
2288 2396 2614 2464 libertatem,
2637 2402 2692 2475 et
2726 2395 2772 2452 si
2800 2396 2931 2468 quid
2963 2396 3112 2452 aliud
3140 2396 3296 2464 boni,
3317 2396 3466 2468 quod

1888 2487 1956 2540 ad
2008 2501 2112 2542 nos
2150 2502 2326 2557 usque
2376 2487 2670 2558 pertingat.
2700 2484 3035 2542 OEconomia
3084 2486 3306 2552 itidem,
3344 2501 3468 2557 quae

1848 2594 2055 2649 .supra
2093 2594 2195 2634 nos
2227 2587 2329 2641 est,
2373 2578 2486 2633 sive
2531 2578 2597 2632 ad
2646 2577 2989 2648 spiritualem
3045 2579 3162 2633 sive
3221 2576 3290 2632 ad
3339 2592 3468 2634 sen-

1890 2671 2102 2727 sibilem
2164 2679 2474 2726 creaturam
2528 2677 2773 2740 spectet,
2837 2670 2887 2725 si
2941 2685 3009 2725 ex
3066 2671 3135 2727 iis
3198 2685 3322 2742 qua:
3373 2686 3470 2727 co-

1888 2762 2243 2834 gnoscimus,
2302 2764 2469 2819 etiam
2526 2763 2595 2818 de
2641 2763 2717 2834 iis
2771 2777 2894 2834 quae
2952 2776 3120 2833 supra
3179 2777 3285 2818 nos
3338 2768 3470 2821 sunt

1890 2852 2325 2924 conjiciendum,
2367 2868 2436 2908 ne
2466 2852 2586 2924 ipsa
2626 2851 2848 2923 quidem
2898 2852 3039 2907 citra
3072 2850 3309 2924 Spiritus
3340 2867 3472 2913 san—

1892 2945 1967 2999 cti
2030 2944 2405 3015 operationem
2478 2959 2543 2999 ac
2607 2945 2869 3000 virtutem
2938 2944 3266 3012 constituit,
3331 2960 3469 2998 uno-

1893 3049 2111 3105 quoque
2154 3049 2251 3105 pro
2295 3034 2520 3105 propria
2569 3034 2835 3105 dignitate
2885 3041 2940 3090 et
2985 3048 3087 3090 usu
3139 3032 3471 3091 beneﬁcium

1893 3124 2216 3195 accipiente.
2264 3123 2381 3179 Etsi
2415 3125 2563 3179 enim
2607 3124 2844 3181 obscura
2898 3131 2983 3183 est
3034 3123 3223 3183 sensui
3279 3131 3473 3182 nostro

1892 3232 2116 3283 eorum,
2149 3232 2273 3288 quae
2319 3229 2486 3287 supra
2519 3223 2774 3276 naturam
2814 3222 3062 3275 nostram
3116 3222 3270 3282 sunt,
3322 3215 3476 3270 ordi-

1894 3309 2045 3363 natio
2073 3315 2128 3364 et
2158 3308 2484 3380 gubernatio
2502 3347 2518 3373 ,
2560 3315 2743 3363 tamen
2770 3307 2983 3379 aequius
3012 3305 3138 3378 quis
3178 3323 3246 3365 ex
3274 3321 3475 3364 conse-

1894 3402 2117 3457 cutione
2142 3400 2365 3471 colligat
2395 3414 2492 3473 per
2518 3414 2585 3455 ea
2614 3414 2737 3470 quae
2768 3399 2928 3454 nobis
2957 3405 3086 3453 nota
3120 3404 3270 3466 sunt,
3302 3397 3477 3469 Spiri-

1860 3512 1865 3517 ο
1897 3497 1997 3544 tus'
2031 3487 2286 3543 virtutem
2328 3489 2385 3542 in
2429 3487 2539 3544 illis
2577 3489 2744 3543 etiam
2792 3503 2918 3544 esse
2959 3486 3269 3553 efﬁcacem,
3305 3503 3475 3559 quam

1895 3596 2018 3638 esse
2056 3596 2089 3636 a
2136 3596 2321 3636 rerum
2370 3596 2733 3650 supernarum
2768 3580 3166 3653 gubernatione
3195 3579 3475 3638 abalienao

1895 3682 2026 3727 tam.
2070 3671 2174 3739 Qui
2203 3673 2347 3727 enim
2395 3672 2527 3727 illud
2555 3671 2708 3737 dicit,
2745 3671 2947 3726 nudam
2995 3680 3049 3726 et
3087 3671 3475 3727 inconcinnam

1896 3763 2293 3834 blasphemiam
2356 3762 2600 3834 profert,
2666 3763 2817 3818 nulla
2888 3763 3104 3818 ratione
3169 3760 3474 3818 absurdum

1897 3864 2268 3912 commentum
2319 3853 2652 3911 conﬁrmans
2692 3871 2708 3909 :
2748 3854 2844 3924 qui
2895 3868 3027 3909 vero
3078 3852 3375 3909 conﬁtetur
3408 3869 3477 3910 ea

1898 3945 2062 4002 etiam
2090 3960 2213 4016 qua
2239 3959 2407 4015 supra
2451 3960 2555 4001 nos
2581 3951 2744 4008 sunt,
2777 3958 2902 3999 cum
2930 3943 3093 4000 Patre
3114 3951 3170 4001 et
3197 3942 3337 3999 Filio
3362 3946 3480 4000 vir-

1899 4044 2017 4093 tute
2043 4034 2282 4108 Spiritus
2309 4036 2470 4108 281
2503 4035 2641 4107 regi,
2666 4035 2817 4090 claro
2847 4034 3054 4089 indicio
3080 4050 3145 4090 ex
3179 4038 3283 4089 sua
3303 4032 3478 4105 ipsius

1896 4129 2011 4183 vita
2040 4129 2209 4184 ducto
2249 4128 2498 4193 innixus,
2549 4127 2617 4182 de
2646 4126 2733 4183 bis
2772 4126 3025 4180 afﬁrmat.
3072 4124 3260 4197 Itaque
3285 4140 3480 4198 opera-

215 4220 632 4293 ἐπερειδόμενος
659 4220 787 4291 περὶ
828 4218 1031 4273 τούτων
1076 4204 1733 4289 διισχυρίζεται.ὶοὐκοῦν
1766 4218 1800 4287 ἡ

1900 4222 2069 4277 tionis
2109 4220 2371 4276 identitas
2402 4220 2457 4274 in
2489 4218 2655 4275 Patre
2685 4226 2739 4275 et
2775 4215 2916 4274 Filio
2945 4227 3000 4276 et
3032 4215 3242 4291 Spiritu
3285 4225 3482 4274 sancto

213 4312 319 4382 τῆς
349 4310 633 4383 ἐνεργείας
668 4310 935 4380 ταυτότης
968 4309 1061 4363 ἐπὶ
1099 4309 1313 4381 Πατρός
1334 4325 1395 4361 τε
1427 4309 1520 4362 καὶ
1545 4307 1674 4361 Υἰοῦ
1709 4309 1802 4362 καὶ

1900 4311 2192 4382 perspicue
2241 4310 2483 4366 ostendit
2535 4296 3000 4367 absolutissimam
3055 4317 3271 4365 naturae
3326 4306 3483 4366 simi-

214 4402 540 4475 Πνεῦματος
584 4402 741 4472 ἀγίου
792 4401 1031 4455 δείκνυσι
1077 4400 1263 4468 σαφῶς
1315 4400 1379 4453 τὸ
1431 4400 1534 4471 τῆς
1586 4400 1802 4470 φύσεως

1907 4402 2209 4457 litudinem.
2262 4401 2447 4472 Quare
2476 4401 2695 4459 etiamsi
2727 4400 3038 4459 divinitatis
3069 4418 3272 4459 nomen
3316 4408 3483 4483 natu.

216 4496 659 4570 ἀπαράλλακτον.
693 4495 891 4562 Ὥστε,
937 4493 1044 4550 κᾶν
1091 4493 1251 4563 φύσιν
1304 4492 1545 4567 σημαίνῃ
1589 4492 1652 4545 τὸ
1697 4492 1799 4562 τῆς

1904 4510 2022 4550 ram
2074 4494 2299 4561 indicet,
2348 4497 2572 4569 proprie
2619 4505 2801 4553 tamen
2857 4498 3277 4568 appellationem
3332 4495 3482 4553 illam

218 4588 478 4660 θεότητος
508 4587 699 4659 ὄνομα,
730 4586 937 4660 κυρίως
966 4587 1059 4640 καὶ
1098 4585 1178 4657 τῷ
1227 4585 1367 4657 ἁγίῳ
1396 4584 1675 4657 Πνεύματι
1698 4584 1799 4657 τὴν

1905 4595 2099 4643 sancto
2123 4603 2345 4660 quoque
2374 4587 2607 4662 Spiritui
2649 4588 2849 4663 aptari,
2876 4588 3135 4646 essentia:
3169 4586 3486 4646 communio

219 4677 595 4749 προσηγορίαν
650 4676 1059 4749 ἐφαρμόζεσθαι
1110 4675 1315 4747 ταύτην
1370 4677 1406 4747 ἡ
1456 4676 1557 4747 τῆς
1611 4674 1799 4740 οὐσίας

1906 4677 2268 4736 demonstrat.

219 4770 470 4841 κοινότης
494 4771 820 4827 συντίθεται.
1908 4768 1911 4769 ν

321 4949 342 4982 ⁸
372 4945 536 5005 Joan.
573 4963 710 5014 xvii,
749 4947 838 5003 i7.

290 5130 372 5201 (6)
413 5129 859 5201 Στοχᾳσόμεθα.
915 5128 1009 5201 Sic
1046 5126 1493 5201 gemendavjmus
1521 5143 1588 5183 ex
1638 5126 1798 5201 Greg.

221 5197 385 5325 Nygs.
444 5197 594 5271 quad
635 5206 756 5255 crat
804 5198 864 5254 in
924 5198 1264 5257 editionibus
1313 5198 1500 5255 Basilii
1543 5197 1802 5271 στοχαζό-

241 5290 289 5325 ιε
328 5287 389 5325 α.

1901 5126 2073 5252 lidem
2093 5125 2252 5252 lediti
2297 5125 2466 5199 ἡμᾶς.
2499 5118 2753 5196 Quinque
2783 5137 2918 5180 mss.
2951 5128 3008 5178 et
3032 5120 3197 5192 Greg.
3231 5116 3395 5193 Nyss.
3429 5127 3494 5174 nt

1905 5215 1962 5252 In
2022 5215 2083 5252 ex
2118 5216 2173 5252 υ.

1905 5215 1962 5255 tn
1997 5215 2173 5254 ICXIU.

1973 5269 2093 5350 μθ)
2126 5269 2237 5350 Teii
2264 5265 2462 5340 ἁγίου.
2489 5265 2570 5321 Ita
2592 5280 2728 5321 mss.
2752 5279 2849 5321 sex
2876 5269 2931 5321 ct
2956 5259 3121 5335 Greg.
3147 5259 3312 5333 Nyss.
3344 5255 3493 5333 Editi

354 5337 556 5411 )Vide
600 5338 889 5411 Addenda.
964 5409 975 5411 _
1270 5410 1278 5411 ί
1381 5406 1433 5411 ι
1517 5408 1558 5411 μ
1614 5408 1626 5411 Α

1902 5337 2001 5411 τοῦ
2033 5337 2323 5411 παναγίου.

292 5341 373 5411 (7)
415 5341 556 5397 Vide
600 5341 889 5395 Addenda.

317 5412 375 5480 8)
417 5408 560 5465 Ἐὰν
586 5409 655 5464 δὲ
691 5409 840 5479 μίαν
867 5409 1072 5477 νοήσω
1116 5410 1343 5477 εντήν.
1379 5406 1472 5464 Sic
1515 5408 1806 5467 Medicaeus

292 5416 402 5536 de:
440 5494 568 5536 cum
601 5478 784 5535 tribus
810 5481 935 5536 aliis
972 5488 1027 5536 et
1060 5428 1225 5536 ἔνθα.
1267 5479 1407 5536 Editi
1458 5479 1681 5536 ’ἰδόντες
1710 5477 1805 5535 οὖν

1902 5341 2001 5394 τοῦ
2033 5341 2323 5408 παναγίου.

1982 5410 2094 5481 (ll)
2123 5409 2420 5473 Διάταξις.
2473 5405 2567 5461 Sic
2616 5403 2873 5460 emendat
2910 5401 3079 5459 editio
3123 5399 3287 5470 Greg.
3324 5397 3488 5471 Nyss.

1909 5481 2054 5536 quod
2087 5481 2370 5536 legebatur
2395 5480 2451 5532 in
2484 5476 2824 5533 editionibus
2855 5473 3041 5529 Basilii
3071 5471 3328 5535 διάλεξις.

256 5471 402 5605 gde'x
440 5494 568 5536 cum
601 5471 784 5535 tribus
810 5481 935 5538 aliis
965 5471 1027 5536 et
1060 5471 1225 5553 Creg.
1267 5471 1407 5536 Editi
1458 5479 1681 5545 Ἰδόντες
1710 5477 1805 5535 οὖν

279 5571 343 5610 ,ν.

1909 5471 2054 5552 quod
2077 5471 2451 5550 legebatur—in
2484 5476 2824 5533 editionibus
2855 5473 3041 5529 Basilii
3071 5471 3328 5535 διάλεξις.

1982 5549 2096 5610 (12)
2124 5547 2550 5610 tuomtuum.
2617 5544 2695 5600 Ita
2756 5544 2976 5602 codices
3036 5558 3171 5599 mss.
3221 5551 3277 5598 et
3326 5537 3490 5610 (ἕηκε.

258 5556 377 5685 ήῖθ)
426 5617 827 5695 ᾘμρνεῃιὲὀίιί
875 5620 1086 5676 addunt
1125 5618 1604 5695 révﬂdvﬁpdguuv,
1640 5620 1804 5695 _qnod

1929 5547 1947 5552 ⁷
1982 5553 2001 5619 (
2012 5549 2096 5620 12)
2106 5547 2550 5678 Ειξροὸάλλετᾳι.
2617 5547 2695 5600 Ita

1909 5620 2073 5695 Nyss.
2190 5620 2251 5678 tti
2283 5616 2702 5693 προσϐάλλεται.

1689 5705 1800 5763 yss.
2522 5728 2527 5734 .

277 5571 377 5685 ῖῖῥ)
426 5617 827 5692 ῃμρηεάίιι
875 5620 1086 5676 addunt
1125 5618 1604 5692 estsaepeva

232 5697 389 5750 .leosl
434 5691 493 5746 in
524 5689 783 5749 Iedicazo
814 5698 868 5748 et
915 5701 1149 5763 quatuor
1197 5690 1321 5748 aliis
1349 5689 1403 5748 et
1440 5690 1602 5764 Greg.
