3852 6220
408 193 514 250 695

1760 197 1813 256 S.
1855 199 2099 254 BASILII
2139 201 2351 258 MAGNI

3563 165 3678 256 seu

477 314 531 369 8.
570 311 675 368 Sed
709 313 901 385 ignoro
929 330 1039 386 quo
1072 322 1234 386 pacto
1264 316 1333 371 ad
1374 325 1582 372 naturae
1619 318 1975 389 signiﬁcatio-

2152 324 2207 378 8.
2241 322 2380 375 Ἀλλ’
2411 321 2511 375 οὐκ
2540 316 2656 374 οἶδα
2683 322 2833 384 ὅπως
2866 321 2960 374 ἐπὶ
2994 320 3093 392 τὴν
3130 319 3231 390 τῆς
3259 319 3475 389 φύσεως
3503 320 3678 374 ἐνδει-

405 421 531 463 nem
587 421 789 461 nomen
848 407 1158 466 divinitatis
1224 409 1483 476 trahant,
1538 412 1631 481 qui
1673 413 1808 466 nihil
1871 429 1980 467 non

404 483 724 567 conﬁnguiit
754 517 766 551 :
795 499 955 568 quasi
993 514 1105 554 non
1151 498 1430 555 audierint
1462 515 1528 555 ex
1570 499 1889 572 Scriptura,
1926 505 1979 560 id

405 585 553 658 quod
602 604 632 642 a
686 597 882 644 natura
931 597 1016 646 est
1064 591 1411 646 institutione
1467 601 1521 648 et
1563 593 1826 650 electione
1871 610 1980 650 non

406 681 746 749 comparari.
789 679 968 736 Moses
1009 683 1155 736 enim
1187 683 1322 738 deus
1363 683 1652 741 institutus
1688 695 1772 742 est
1807 686 1978 758 Egy-

407 770 678 839 ptiorum,
739 787 865 826 cum
916 773 1004 838 is,
1041 772 1135 844 qui
1185 776 1470 830 oraculum
1520 777 1742 844 edebat,
1782 778 1858 832 ita
1910 778 1978 831 ad

407 865 588 929 ipsum
622 863 838 918 locutus
869 881 883 919 :
912 861 1079 919 Deum
1111 874 1159 919 te
1219 865 1342 921 dedi
1387 849 1663 922 Pharaoni
1692 869 1757 922 θ’.
1789 869 1984 939 Appel-

408 954 539 1007 latio
575 954 742 1024 igitur
764 963 950 1010 notam
979 957 1268 1025 potestatis
1292 957 1606 1028 cujusdam,
1653 959 1768 1014 sive
1794 960 1980 1030 inspe-

406 1045 599 1102 ctricis
640 1047 755 1102 sive
777 1048 1106 1118 operatricis
1129 1089 1145 1115 ,
1177 1065 1287 1120 prae
1320 1066 1380 1107 se
1409 1050 1530 1106 fert.
1562 1051 1630 1105 At
1669 1059 1864 1106 natura
1897 1053 1981 1108 di-

404 1137 553 1201 vina,
579 1137 633 1191 in
660 1139 919 1194 omnibus
945 1155 1067 1210 quae
1082 1143 1465 1211 excogitantur
1486 1143 1820 1210 nominibus,
1840 1146 1980 1214 ipsa,

410 1237 468 1282 ut
493 1240 614 1294 est,
658 1240 840 1286 manet
873 1230 1314 1302 inexplicabilis;
1367 1251 1489 1305 qua:
1527 1243 1716 1291 nostra
1747 1244 1830 1291 est
1883 1237 1983 1291 do-

407 1321 605 1374 ctrina.
633 1319 770 1376 Cum
811 1321 958 1376 enim
993 1323 1300 1378 beneﬁcum
1327 1365 1344 1390 ,
1371 1325 1636 1394 iudicem,
1667 1335 1722 1380 et
1752 1327 1979 1391 bonum,

408 1417 462 1461 et
476 1406 687 1478 justum
712 1416 766 1464 et
789 1409 1000 1479 reliqua
1024 1411 1130 1464 alia
1155 1409 1397 1479 ejusdem
1421 1412 1640 1481 generis
1663 1411 1978 1475 didicimus,

405 1501 785 1570 operationum
820 1500 1001 1556 edocti
1031 1517 1225 1557 sumus
1266 1500 1635 1558 diﬁ‘erentiam
1667 1522 1680 1557 :
1715 1502 1812 1558 sed
1853 1518 1983 1574 ope-

405 1591 584 1648 rantis
626 1599 880 1646 naturam
915 1592 1090 1648 nihilo
1121 1595 1294 1664 magis
1325 1609 1393 1649 ex
1437 1594 1818 1664 operationum
1875 1610 1983 1650 no-

2085 414 2165 478 ξιν
2188 414 2286 484 τὴν
2313 413 2682 484 προσηγορίαν
2703 413 2803 484 τῆς
2829 410 3078 481 θεότητος
3100 409 3376 482 φέρουσιν,
3401 411 3452 462 oi
3487 412 3681 464 πάντα

2083 503 2614 568 κατασκευάζοντες,
2657 503 2848 574 ῶσπερ
2878 503 2978 556 οὒκ
3015 502 3313 574 ἀκηκοότες
3369 503 3523 573 παρά
3568 506 3681 573 τῆς

2029 578 2048 597 ’
2083 595 2343 664 Γραφῆς,
2391 594 2474 647 ὃτι
2528 593 2878 664 χειροτονητὴ
2927 593 3040 663 (15)
3095 592 3256 663 φύσις
3309 593 3372 646 ού
3430 594 3679 661 γίνεται.

2082 686 2319 754 Μωῢσῆς
2347 685 2404 737 δὲ
2447 683 2558 737 τῶν
2580 684 2889 753 Αἰγυπτίων
2928 683 3303 756 ἐχειροτονήθη
3345 683 3485 756 θεὸς,
3521 683 3680 735 οὕτω

2085 775 2221 846 πρὸς
2263 774 2424 828 αὐτὸν
2469 775 2716 838 είπόντος
2763 774 2856 829 τοῦ
2886 754 3347 846 χρηματίζοντος,
3383 754 3466 828 ὅτι
3513 775 3677 826 Gada-

2083 885 2156 921 σε
2187 867 2413 920 δέδωκα
2458 866 2538 932 τῷ
2592 865 2800 936 Φαραώ
2826 867 2961 938 (Μ).
2983 867 3190 921 Οὐκοῦν
3221 867 3467 932 ἐξουσίας
3493 867 3673 929 τινὸς,

2082 956 2193 1010 εἴτε
2218 957 2521 1027 ἐποπτικῆς
2542 956 2652 1010 εἴτε
2687 958 3061 1028 ἐνεργητικῆς,
3079 957 3296 1024 ἔνδειξιν
3327 959 3360 1028 ἡ
3383 971 3675 1030 προσηγο-

2089 1048 2179 1118 ρία
2211 1049 2388 1119 φέρει.
2431 1049 2496 1101 Ἦ
2543 1048 2601 1101 δέ
2639 1047 2758 1102 θεία
2791 1048 2951 1118 φύσις
2996 1052 3052 1102 ἐν
3086 1052 3220 1102 πᾶσι
3255 1053 3366 1113 τοῖς
3411 1053 3675 1105 ἐπινοού-

2087 1140 2270 1210 μένοις
2300 1139 2550 1210 ὀνόμασι,
2581 1139 2719 1194 καθό
2759 1141 2894 1204 ἐστι,
2954 1141 3101 1210 μένει
3153 1143 3483 1213 ἀσήμαντος,
3518 1142 3597 1206 ὼς
3637 1145 3672 1195 ὁ

2085 1229 2353 1300 ἡμέτερος
2379 1229 2551 1299 λόγος.
2572 1229 2884 1300 Εὐεργέτην
2906 1229 3036 1301 γὰρ,
3069 1232 3164 1283 καὶ
3194 1235 3411 1302 κριτὴν,
3445 1232 3669 1300 ἀγαθόν

2083 1338 2144 1374 τε
2166 1321 2261 1374 καὶ
2295 1320 2521 1386 δίκαιον,
2555 1322 2649 1374 καὶ
2677 1322 2777 1374 ὅσα
2806 1320 2940 1374 ἄλλα
2971 1321 3196 1374 τοιαῦτα
3229 1322 3491 1392 μαθόντες
3518 1323 3665 1394 (15),

2083 1411 2372 1481 ἐνεργειῶν
2406 1411 2666 1482 διαφορὰς
2689 1411 3045 1482 ἐδιδάχθημεν
3063 1427 3077 1441 ⁸
3105 1411 3198 1464 τοῦ
3226 1413 3283 1465 δὲ
3310 1413 3670 1484 ἐνεργοῦντος

2082 1501 2182 1572 τὴν
2215 1501 2375 1569 φύσιν
2404 1502 2554 1555 ούδέν
2595 1501 2794 1572 μᾶλλον
2826 1501 2916 1554 διά
2960 1502 3058 1571 τῆς
3104 1503 3210 1555 τῶν
3243 1503 3533 1574 ἐνεργειῶν
3559 1521 3670 1556 κα-

2083 1593 2390 1664 τανοήσεως
2442 1593 2738 1660 ἐπιγνῶναι
2777 1592 3073 1663 δυνάμεθα..
3106 1595 3271 1647 Ὅταν
3313 1593 3420 1665 γὰρ
3463 1594 3669 1646 ἀποδι-

405 1682 556 1737 tione
587 1697 922 1754 cognoscere
953 1699 1268 1755 possumus.
1313 1683 1371 1740 Si
1428 1686 1554 1756 quis
1584 1687 1732 1741 enim
1787 1685 1977 1743 deﬁni-

2090 1681 2154 1753 Βῷ
2177 1699 2262 1746 τις
2294 1682 2451 1752 λόγον
2482 1683 2710 1736 ἑκάστου
2745 1699 2806 1734 τε
2853 1682 3056 1736 τούτων
3100 1682 3208 1736 τῶν
3253 1684 3533 1754 ὀνομάτων
3563 1685 3680 1736 καῖ-

406 1774 611 1828 tionem
655 1771 848 1830 reddat
899 1776 1340 1848 uniuscujusque
1389 1777 1609 1832 illorum
1660 1779 1973 1844 nominum,

405 1872 460 1920 et
496 1866 672 1936 ipsius
717 1875 962 1934 naturae,
994 1869 1142 1924 circa
1172 1883 1338 1940 quam
1391 1871 1615 1925 nomina
1637 1911 1652 1936 ,
1693 1887 1804 1926 non
1837 1887 1980 1927 eam-

403 1957 526 2013 dem
596 1961 956 2030 utrorumque
1011 1961 1203 2016 reddet
1273 1960 1670 2020 deﬁnitionem.
1734 1963 1980 2031 Quorum

403 2056 586 2104 autem
621 2049 866 2108 deﬁnitio
907 2051 1038 2117 alia,
1071 2051 1268 2107 horum
1314 2054 1480 2109 etiam
1507 2062 1706 2109 natura
1737 2055 1978 2110 diversa.

402 2138 573 2210 Igitur
603 2141 752 2196 aliud
783 2142 1001 2212 quidem
1043 2154 1128 2199 est
1180 2146 1421 2200 essentia
1446 2185 1461 2211 ,
1505 2147 1573 2201 ad
1603 2163 1769 2218 quam
1801 2147 1981 2218 expri-

404 2231 660 2287 mendam
693 2231 938 2289 nondum
988 2249 1096 2290 vox
1127 2235 1238 2289 ulla
1273 2235 1494 2291 inventa
1524 2245 1649 2292 est:
1691 2237 1799 2292 alia
1850 2252 1981 2292 vero

404 2325 688 2380 nominum
725 2324 900 2395 ipsius
950 2325 1322 2396 signiﬁcatio,
1363 2343 1486 2398 quae
1531 2343 1600 2383 ex
1656 2329 1982 2399 operatione

404 2415 587 2484 aliqua
634 2421 728 2469 aut
778 2415 1044 2486 dignitate
1094 2417 1474 2486 imponuntur.
1533 2417 1720 2488 Itaque
1769 2419 1978 2473 nullum

402 2521 527 2561 esse
548 2506 605 2562 in
637 2505 1057 2576 operationibus
1082 2505 1384 2560 discrimen
1415 2521 1480 2560 ex
1511 2509 1797 2561 nominum
1825 2522 1980 2561 com-

402 2597 665 2653 munione
715 2598 1088 2668 comperimus
1133 2618 1144 2652 :
1210 2607 1266 2653 at
1327 2609 1540 2655 naturae
1597 2600 1976 2654 diversitatem

402 2690 555 2744 nullo
593 2701 917 2760 argumento
961 2689 1111 2746 claro
1136 2689 1598 2761 deprehendimus
1624 2710 1637 2746 :
1668 2691 1939 2762 siquidem
1960 2729 1976 2754 ,

403 2786 466 2832 ut
523 2777 734 2833 dictum
790 2788 920 2845 est,
979 2780 1360 2850 Operationum
1438 2781 1698 2836 identitas
1772 2789 1982 2836 natura:

401 2870 845 2926 communionem
895 2873 1187 2941 signiﬁcat.
1242 2871 1370 2927 Sive
1418 2873 1586 2943 igitur
1641 2888 1840 2928 nomen
1895 2881 1980 2928 est

403 2962 737 3032 operationis
791 2961 1087 3029 divinitas;
1142 2971 1202 3017 ut
1242 2979 1407 3017 unam
1454 2962 1635 3018 Patris
1661 2971 1716 3019 et
1757 2963 1881 3018 Filii
1925 2971 1979 3018 et

405 3052 647 3124 Spiritus
679 3055 854 3108 sancti
893 3057 1300 3124 operationem,
1327 3057 1402 3110 ita
1432 3057 1778 3112 divinitatem
1813 3071 1978 3110 unam

403 3160 528 3201 esse.
572 3145 848 3201 dicimus:
891 3147 1005 3201 sive
1055 3146 1364 3204 divinitatis
1426 3164 1665 3214 nomen,
1721 3161 1844 3219 quae
1891 3154 1980 3202 est

403 3235 703 3290 multorum
735 3237 943 3307 opinio,
982 3248 1232 3292 naturam
1269 3239 1514 3307 indicat;
1551 3242 1678 3310 quia
1710 3237 1862 3294 nulla
1890 3240 1978 3294 in-

403 3327 624 3381 venitur
657 3328 711 3382 in
739 3337 935 3382 natura
963 3329 1262 3386 diversitas
1283 3371 1297 3395 ,
1352 3347 1460 3385 non
1496 3333 1770 3387 immerito
1815 3332 1979 3388 unius

401 3419 710 3476 divinitatis
738 3435 861 3476 esse
899 3427 1147 3476 sanctam
1186 3421 1511 3478 Trinitatem
1553 3423 1868 3481 deﬁnimus.

512 3578 556 3608 ⁵³
594 3574 760 3631 Exod.
790 3591 886 3640 vn,
932 3577 975 3631 l.

481 3734 590 3806 (ᾧ)
622 3730 1038 3806 Χειροτονηζῄ.
1087 3733 1165 3786 lta
1220 3746 1353 3786 mss.
1404 3736 1638 3806 septem.
1695 3727 1979 3806 Editiones

403 3801 590 3860 Basilii
628 3811 682 3859 et
720 3801 891 3872 ‘Greg.

404 3873 600 3930 noensi
633 3882 686 3928 et
717 3870 1017 3927 Basileensi
1052 3870 1252 3940 prima,
1300 3885 1421 3940 quae
1464 3871 1820 3940 consentiunt
1851 3883 1976 3923 cum

402 3944 689 3999 codicibus
720 3958 853 3997 mss.
884 3938 1152 3996 Similiter
1187 3938 1421 3994 Basilius
1450 3943 1506 3993 in
1539 3940 1698 4010 epist.
1734 3938 1788 3999 8,
1822 3955 1976 3993 num.

406 4018 496 4078 ll,
537 4014 880 4068 demonstrat
928 4013 1206 4066 immerito
1254 4011 1348 4065 Dei
1396 4009 1614 4064 titulum
1651 4009 1982 4063 Pneumato-

404 4084 631 4140 machos
676 4083 891 4137 deferre
946 4082 1090 4136 nolle
1144 4080 1371 4150 Spiritui
1427 4088 1654 4144 sancto;
1712 4080 1980 4147 siquidem

403 4156 500 4208 llei
535 4169 736 4208 nomen
771 4169 835 4207 ex
868 4153 1210 4220 Oper-alioue,
1240 4165 1433 4220 nempe
1461 4167 1526 4204 ea:
1559 4167 1617 4204 eo
1638 4150 1780 4273 ξηρά
1799 4164 1984 4216 posue-

403 4225 477 4273 rit
509 4225 707 4273 omnia.
738 4224 812 4273 vel
842 4231 1032 4273 spectet
1065 4223 1264 4273 omnia.
1298 4221 1602 4273 deducitur.
1684 4220 1698 4272 i
1729 4224 1850 4273 uuis
1879 4233 1980 4271 au-

403 4225 477 4276 rit
509 4225 707 4286 omnia,
738 4224 812 4275 vel
842 4231 1032 4287 spectet
1065 4223 1264 4285 omnia,
1298 4221 1602 4275 deducitur.
1638 4220 1698 4273 Si
1729 4224 1850 4289 quis
1879 4233 1980 4271 au-

406 4307 516 4347 tem
551 4295 692 4347 hanc
715 4293 1024 4362 epistolam,
1057 4293 1112 4346 in
1132 4306 1240 4362 qua
1264 4292 1464 4346 diserte
1489 4289 1729 4362 Spiritus
1759 4296 1984 4362 sanctus

2087 1773 2256 1844 αὐτῆς
2295 1774 2394 1844 τῆς
2415 1773 2628 1843 φύσεως
2656 1774 2784 1844 περὶ
2809 1773 2874 1844 ἦν
2906 1772 2976 1826 τά
3003 1773 3263 1844 ὀνόματα,
3289 1775 3349 1826 οὐ
3372 1774 3462 1827 τὸν
3495 1775 3668 1829 αὑτὸν

2081 1865 2404 1936 ἀμφοτέρων
2437 1863 2709 1917 ἀποδώσει
2749 1863 2926 1932 λόγον.
2963 1855 3061 1916 Ὧν
3099 1864 3155 1917 δὲ
3188 1865 3216 1915 ὀ
3256 1863 3412 1932 λόγος
3447 1864 3666 1936 ἕτερος,

2080 1957 2287 2010 τούτων
2339 1957 2434 2010 καὶ
2463 1958 2496 2026 ὴ
2534 1954 2696 2024 φύσις
2735 1955 3007 2026 διάφορος.
3047 1955 3252 2010 Οὐκοῦν
3296 1955 3424 2010 ἄλλο
3476 1956 3578 2027 μέν
3608 1957 3669 2012 τί

2081 2049 2226 2102 ἐστιν
2250 2050 2282 2118 ἡ
2312 2047 2488 2111 οὐσία,
2511 2042 2580 2120 ἦς
2607 2045 2758 2100 οὔπω
2779 2045 2934 2115 λόγος
2955 2045 3064 2117 (16)
3091 2046 3334 2117 μηνυτὴς
3359 2046 3662 2117 ἐξευρέθηὲ

2083 2140 2244 2212 ἐτέρα
2292 2139 2350 2192 δὲ
2383 2138 2492 2192 τῶν
2534 2138 2664 2209 περὶ
2711 2138 2881 2208 αὐτὴν
2919 2137 3195 2208 ὀνομάτων
3227 2139 3259 2202 ἠ
3296 2138 3568 2208 σημασία,
3602 2138 3668 2203 ἐξ

2082 2231 2361 2302 ἐνεργείας
2408 2231 2552 2292 τινὸς
2594 2230 2628 2300 ἢ
2669 2229 2827 2296 ἀξίας
2858 2229 3296 2300 ὀνομαζομένων.
3330 2230 3401 2282 Τὸ
3435 2231 3532 2302 μὲν
3565 2227 3667 2284 οὖν

2083 2327 2141 2376 ἐν
2169 2327 2288 2386 ταῖς
2319 2323 2624 2394 ἐνεργείαις
2655 2321 2925 2393 μηδεμίαν
2961 2318 3097 2375 εἶναι
3147 2322 3408 2394 διαφορὰν
3460 2323 3526 2376 ἐκ
3557 2322 3667 2393 τῆς

2082 2413 2189 2468 τῶν
2225 2414 2507 2484 ὀνομάτων
2544 2412 2830 2476 κοινωνίας
2875 2413 3235 2484 εὑρίσκομεν
3289 2413 3385 2482 τῆς
3424 2411 3481 2466 δέ
3515 2413 3665 2466 κατὰ

2081 2508 2180 2579 τὴν
2231 2507 2390 2577 φύσιν
2458 2505 2814 2576 παραλλαγῆς
2870 2505 3124 2575 οὐδεμίαν
3166 2505 3666 2576 καταλαμϐάνομεν

2081 2600 2286 2671 ἐναργῆ
2307 2599 2406 2668 τὴν
2432 2597 2704 2663 ἀπόδειξιν
2729 2614 2746 2630 ·
2777 2596 2963 2661 καθὼς
2990 2596 3227 2670 εἴρηται,
3250 2597 3348 2668 τῆς
3369 2598 3476 2650 τῶν
3509 2599 3665 2669 ἐνερ-

2081 2685 2245 2754 γειῶν
2275 2685 2610 2756 ταυτότητος
2637 2685 2699 2738 τὸ
2746 2683 2925 2739 κοινὸν
2964 2687 3062 2756 τῆς
3093 2687 3306 2755 φύσεως
3350 2688 3665 2757 ὑποσημαι-

2081 2779 2280 2850 νούσης
2325 2778 2456 2850 (17).
2495 2779 2617 2831 Εἴτε
2662 2773 2755 2832 οὖν
2811 2779 3092 2850 ἐνεργείας
3130 2779 3300 2849 ὄνομα
3346 2781 3378 2850 ἡ
3428 2779 3660 2848 θεότης,

2087 2871 2162 2935 ὡς
2191 2871 2320 2939 μίαν
2349 2871 2629 2941 ἐνέργειαν
2650 2868 2863 2940 Πατρός
2892 2870 2986 2922 καὶ
3015 2868 3144 2921 Υἱοῦ
3182 2870 3274 2921 καὶ
3305 2869 3461 2937 ἁγίου
3487 2869 3664 2921 Πνεύ-

2086 2980 2275 3034 ματος,
2315 2962 2459 3016 οὓτω
2509 2962 2638 3033 μίαν
2673 2961 2854 3032 φαμὲν
2905 2957 3043 3013 εἶναι
3079 2961 3179 3030 τὴν
3229 2959 3459 3033 θεότητα
3504 2961 3659 3029 (Ι8)”

2087 3055 2217 3117 εἴτε,
2248 3051 2389 3106 κατά
2434 3051 2532 3116 τὰς
2561 3049 2669 3105 τῶν
2713 3049 2923 3104 πολλῶν
2979 3049 3172 3115 δόξας,
3227 3048 3440 3118 φύσεως
3491 3049 3662 3103 ἐνδει-

2085 3148 2268 3202 κτικόν
2336 3148 2452 3199 ἐστι
2524 3146 2585 3198 τὸ
2633 3145 2730 3215 τῆς
2775 3143 3028 3215 θεότητος
3079 3143 3280 3214 ὀνομα’
3327 3142 3415 3196 διὰ
3452 3143 3513 3196 τὸ
3555 3160 3664 3212 μη-

2081 3237 2274 3308 δεμίαν
2338 3236 2612 3307 εὑρίσκειν
2659 3235 2718 3286 ὲν
2770 3235 2835 3304 τῇ
2889 3235 3049 3302 φύσει
3109 3232 3498 3303 παραλλαγὴν,
3559 3233 3663 3284 οὐκ

2085 3330 2391 3392 ἀπεικότως
2439 3330 2568 3400 μιᾶς
2614 3327 2868 3397 θεότητος
2909 3325 3009 3397 τὴν
3052 3324 3210 3394 ἁγίαν
3249 3323 3454 3396 Τριάδα
3491 3323 3664 3394 διορι-

2086 3422 2309 3493 ζόμεθα.

2081 3729 2192 3805 ξεν,
2233 3728 2444 3805 εἶ’[ποτε
2477 3731 2669 3805 καιρὸς
2705 3725 2794 3805 ἦν,
2826 3731 2922 3805 καὶ
2958 3732 3064 3805 ἰδίᾳ
3095 3729 3208 3805 τοῖς
3231 3728 3491 3805 ἐρωτῶσι
3522 3743 3662 3803 προ-

942 3789 1102 3871 Νῇδε.
1149 3789 1486 3872 χειροτονίαξ
1526 3807 1753 3868 excepta
1804 3798 1977 3868 Haga-

2090 3789 2273 3872 θύμως
2289 3789 2702 3872 ἀνωμολόγησε.
2730 3789 2796 3855 ἰιί
2825 3803 2965 3872 libro
2989 3789 3066 3855 οὶ
3098 3789 3302 3871 Spiritu
3328 3810 3511 3872 sancto
3536 3789 3663 3870 p'ro—

2087 3870 2179 3924 bat
2207 3885 2329 3940 cap.
2362 3870 2454 3936 2i,
2481 3870 2746 3940 Spiritum
2769 3887 2892 3926 esse
2916 3870 3207 3926 Dominum
3230 3888 3294 3927 ex
3319 3871 3488 3927 variis
3511 3872 3662 3925 Scri-

2087 3943 2652 4021 plurae_t_estimoniis;
2681 3941 2850 4021 Deum
2876 3943 3038 4021 etiam
3068 3943 3250 3996 vocari
3278 3942 3662 4021 in_SCI_"iptul:iS

2091 4011 2173 4065 sic
2203 4010 2402 4065 ibidem
2437 4012 2595 4066 docet
2630 4030 2644 4065 :
2680 4011 2743 4064 Τί
2773 4011 2852 4076 δέ,
2880 4013 2908 4064 ὁ
2938 4013 3290 4065 θεόπνευστον
3309 4012 3406 4082 τὴν
3436 4010 3661 4082 Γραφὴν

2087 4080 2391 4145 ὀνομάζων,
2429 4080 2518 4134 διὰ
2551 4082 2649 4145 τῆς
2685 4080 2974 4144 ἐπιπνοίας
3013 4083 3106 4136 τοῦ
3146 4083 3300 4145 ἀγίου
3345 4082 3662 4145 Πνεύματος

2091 4097 2391 4149 ονομαςων,
2429 4097 2518 4134 οια
2551 4099 2649 4152 της
2685 4097 2974 4144 επιπνοιας
3013 4100 3106 4136 του
3146 4097 3300 4150 αγιου
3345 4097 3662 4153 ιινευματος

2091 4153 2541 4240 fertur?fo
2557 4156 2633 4240 μὴ
2657 4155 2771 4240 τοῖς
2790 4151 2899 4240 FP?
2915 4151 3338 4240 κφθυδρίξοντος
3371 4154 3662 4240 ἐξα

2091 4223 2483 4300 σμικρύνοντος
2507 4223 2644 4303 ἀύτὸ
2670 4223 3022 4302 προσρήμασι
3053 4223 3351 4294 κέχρηται;
3385 4223 3546 4290 Quid,
3571 4223 3660 4291 qui

2090 4289 2424 4362 scripturam
2462 4291 2713 4346 divinitus
2761 4293 3076 4360 inspiratam
3123 4293 3374 4362 appellat,
3417 4310 3479 4346 ea
3515 4291 3658 4362 quod

405 4363 714 4432 appellatur
743 4355 906 4426 Deus,
927 4355 1166 4432 idcirco-
1193 4362 1456 4432 Gregorio
1488 4355 1738 4432 Nysseno
1765 4359 1981 4432 adjudi—
2017 4355 2059 4410 D
2090 4355 2270 4432 afﬂatu
2317 4361 2552 4430 Spiritus
2597 4363 2795 4429 scripta
2843 4355 2936 4423 sit,
2990 4379 3118 4415 num
3156 4355 3564 4418 contumeliosis
3606 4371 3659 4416 et

407 4429 495 4488 (τά
525 4435 709 4503 potius
736 4430 1151 4503 quam‘Basilio,
1180 4429 1327 4502 quia'
1343 4429 1576 4503 Basilius
1607 4430 1700 4484 Dei
1738 4429 1978 4503 appella-

405 4499 580 4563 tione,
622 4499 848 4558 cum—de
895 4500 1102 4571 Spiritu
1148 4499 1341 4556 sancto
1387 4502 1722 4571 loqueretur.
1759 4499 1980 4571 parcius

408 4575 651 4629 creditur
684 4589 819 4627 usus
855 4570 1060 4639 fuiSse;
1095 4573 1209 4626 haec
1241 4582 1390 4627 certe
1418 4570 1560 4626 ratio
1589 4571 1866 4625 levissima
1901 4570 1973 4622 vi-

407 4645 525 4698 deri
570 4644 750 4697 debet.
794 4642 910 4696 Etsi
957 4643 1101 4696 enim
1137 4642 1374 4697 Basilius
1421 4643 1476 4696 in
1503 4656 1609 4696 una
1644 4641 1829 4710 aliqua
1855 4654 1974 4710 ora-

406 4719 579 4779 tione,
612 4729 808 4783 ni-mpe
837 4726 982 4766 anno
1003 4713 1131 4777 571,
1166 4728 1288 4766 cum
1331 4712 1586 4783 adessent
1613 4709 1864 4783 malevoli
1888 4725 1980 4783 ex-

408 4779 1054 4855 ploratoresfhacvoce
1104 4783 1317 4855 magnis
1365 4782 1430 4836 de
1475 4779 1974 4855 causisabstinuit,

408 4850 520 4909 non
574 4854 781 4907 idcirco
839 4853 961 4906 aliis
1013 4850 1349 4921 temporibus
1399 4853 1600 4922 pariter
1647 4850 1980 4922 abstinuisse

404 4924 717 4980 credendus
751 4932 855 4977 est.
916 4921 1050 4974 Nam
1109 4919 1270 4990 shape,
1320 4919 1986 4990 ut'trstaturGregorius

407 4995 790 5050 Nazianzenus
829 5000 969 5046 orat.
1003 4992 1096 5053 20,
1143 4989 1265 5062 pag.
1295 4993 1420 5052 565,
1457 4993 1624 5045 Deum
1659 4989 1921 5062 Spiritum
1957 5003 1988 5042 e

410 5067 696 5134 superiore
731 5063 852 5116 loco
887 5059 1240 5132 praedicabat,
1272 5063 1363 5134 ubi
1396 5078 1492 5131 per
1517 5069 1729 5134 tempus
1758 5059 1980 5134 licebat,

406 5149 460 5187 οι
482 5131 750 5204 privatim
787 5131 1260 5202 interrogantibus
1305 5133 1538 5186 libenter
1571 5131 1936 5184 conﬁtebatur
1969 5146 1984 5182 :

419 5206 573 5251 Ἐπεὶ
614 5205 696 5251 ὅτι
736 5219 800 5251 γε
845 5203 1048 5251 παντὸς
1096 5202 1294 5251 μᾶλλον
1325 5202 1442 5251 ἤδει
1479 5201 1542 5251 τὸ
1583 5199 1806 5251 Πνεῦμα
1833 5198 1984 5251 Θεὸν.

1878 5215 1989 5262 εον,

403 5274 566 5344 δῆλον
608 5273 704 5345 μὲν
735 5266 796 5339 ἐξ
827 5266 901 5328 ὧν
931 5273 1024 5326 καὶ
1056 5266 1290 5345 δημοσίᾳ
1317 5266 1476 5326 τοῦτο
1512 5266 1772 5334 πολλάκις
1799 5271 1994 5342 ἐκήρυ-

419 5199 573 5282 ςξῌτεὶ
614 5205 696 5282 ὃτι
736 5219 800 5282 γε
834 5199 1294 5282 παντός-μᾶλλον
1325 5202 1442 5282 ᾔδει
1479 5201 1542 5255 τὸ
1583 5199 1806 5282 ἓνεῦμα

2087 4431 2347 4499 Spiritum
2378 4433 2774 4486 attenuantibus
2807 4432 2976 4485 verbis
3008 4435 3217 4488 utitur?

2157 4501 2280 4574 (id);
2301 4499 2384 4566 Τῷ
2417 4501 2924 4574 d’apatbaLegitur
2969 4501 3064 4554 τοῦ
3108 4502 3305 4574 Φαραώ
3345 4502 3400 4557 ἱη
3445 4501 3660 4574 duobus

2085 4572 2393 4634 codicibus,
2425 4588 2619 4641 nempe
2653 4573 2821 4627 Coisl.
2857 4574 3099 4642 secundo
3129 4572 3322 4627 et‘uno
3356 4589 3419 4628 ex
3453 4573 3656 4642 Regiis.

2155 4642 2268 4712 (15)
2303 4640 2628 4713 Malidrtsq.
2666 4642 2848 4696 Codex
2882 4640 3171 4697 Medicaeus
3203 4640 3584 4713 μανθάνοντες.

2121 4782 2131 4792 υ
2141 4713 2272 4832 1ξίϐ)
2309 4713 2519 4780 Λόγος.
2553 4711 2716 4768 Deest
2743 4729 2808 4767 ea
2838 4727 2946 4765 vox
2979 4713 3033 4765 in
3072 4728 3180 4767 uno
3205 4711 3271 4769 ex
3297 4712 3484 4784 Regiis
3510 4712 3659 4767 codi-

2121 4798 2134 4832 Ι
2181 4798 2262 4832 IIS.

2085 4797 2262 4835 CIDIIS.

2157 4852 2270 4921 (l7)
2314 4852 2897 4922 Ὑποσημαινούσης.
2953 4849 3136 4906 Codex
3192 4853 3500 4908 Maedicaeus
3543 4854 3660 4906 ἐπι-

2093 4923 2486 4994 σημαινούσης.
2801 4990 2823 4994 _
2917 4993 2924 4994 ί
3239 4992 3247 4994 4
3310 4930 3314 4931 ⁷

2162 4990 2274 5059 (l8)
2313 4990 2434 5058 Τὴν
2480 4995 2750 5059 θεότητα.
2801 4990 3024 5063 Legitur
3069 4994 3162 5046 καὶ
3200 4992 3298 5063 τὴν
3341 4993 3568 5063 θεότητα
3602 4995 3657 5048 in

2091 5063 2266 5117 tribus
2301 5064 2583 5133 codicibus
2610 5079 2721 5117 non
2753 5063 3174 5133 antiquissimis.
3203 5063 3292 5133 _Sic
3315 5065 3478 5118 etiam
3504 5067 3660 5131 paulo

2090 5141 2218 5205 post
2252 5134 2316 5205 in»
2351 5131 2522 5205 Regio
2566 5131 2810 5205 secundo
2852 5131 2906 5188 ct
2950 5149 3060 5189 uno
3091 5147 3156 5189 ex
3202 5131 3390 5205 Regiis
3433 5136 3544 5187 εἴτε
3572 5135 3661 5187 καὶ

2093 5203 2235 5257 κατά
2263 5203 2361 5267 τὰς
2382 5203 2490 5258 τῶν
2520 5202 2747 5256 πολλῶν.
