3852 6220
456 242 567 299 699

1796 243 1860 303 8.
1898 243 2142 303 BASILII
2180 241 2395 301 MAGNI

3606 243 3704 302 τοι

464 362 664 420 curet,
725 362 786 408 ut
847 355 1343 412 circumscribatur
1397 356 1714 414 lsaurorum
1782 362 2044 431 episcopo

2159 358 2204 412 δὲ
2238 357 2400 412 τοῦτο
2427 355 2567 427 βαρὺ
2600 351 2656 428 ᾗ,
2682 356 2777 410 καὶ
2812 358 2842 410 δ
2873 356 3063 429 χρόνος
3105 355 3182 428 μὴ
3213 356 3506 430 ἐπιτρέπῃ,
3539 358 3703 413 tum

468 462 605 504 suus
632 446 900 510 circulus,
956 462 1025 504 eo
1064 448 1213 516 quod
1252 450 1465 504 vicinos
1497 451 1763 521 quosdam
1802 453 2039 509 ordinet.

469 537 764 610 Reliquum
796 546 980 595 autem
1028 539 1194 610 283
1244 541 1405 597 nobis
1431 551 1772 598 reservatum
1800 544 1907 599 erit
1930 583 1945 607 ,
1990 556 2046 600 ut

468 632 699 703 reliquis
728 632 987 687 omnibus
1034 633 1328 705 episcopos
1374 634 1570 691 demus
1596 676 1611 702 ,
1639 650 1778 706 quos
1810 637 2046 691 maxime

416 754 419 757 ι
469 724 698 783 idoneos
746 726 851 796 ipsi
898 725 1338 797 iudicaverimus
1388 727 1561 784 multo
1606 727 1855 784 examine
1908 744 2048 800 pra:-

468 829 664 871 1111330.

540 1080 599 1136 2.
631 1080 928 1152 Georgium
956 1125 971 1147 ,
1006 1091 1068 1138 ut
1111 1083 1310 1153 pietas‘
1341 1091 1435 1137 tua
1473 1081 1683 1154 jussit,
1738 1086 2047 1155 percontati

471 1188 666 1231 sumus
693 1192 707 1230 :
754 1174 1039 1245 respondit
1073 1185 1256 1230 autem
1287 1189 1353 1231 ea
1383 1189 1505 1246 qua:
1537 1186 1631 1231 tua
1659 1175 1823 1232 etiam
1859 1177 2050 1247 religio

473 1271 701 1338 retulit;
740 1270 837 1326 sed
868 1269 936 1326 de
963 1270 1048 1325 his
1072 1269 1237 1326 rebus
1264 1284 1496 1328 necesse
1535 1278 1620 1327 est
1649 1270 1839 1341 quieto
1867 1271 2050 1326 animo

474 1363 684 1423 simus,
726 1376 915 1418 curam
966 1362 1165 1417 domus
1222 1361 1279 1417 in
1336 1360 1629 1416 Dominum
1672 1362 2046 1432 projicientcs.

474 1453 705 1512 Confido
733 1454 879 1510 enim
924 1453 1033 1509 Deo
1067 1461 1263 1511 sancto
1286 1492 1304 1517 ,
1336 1453 1593 1508 daturum
1641 1452 1794 1507 illum
1847 1453 2052 1510 intelli-

474 1546 715 1619 gentiam
742 1585 757 1611 ,
796 1553 858 1601 ut
886 1547 997 1601 alio
1025 1546 1190 1601 modo
1214 1546 1513 1601 liberemur
1541 1561 1572 1600 a
1604 1545 2048 1611 necessitatibus,

472 1646 532 1693 et
584 1651 816 1693 vacuam
892 1637 1163 1693 molestiis
1219 1636 1387 1691 vitam
1439 1650 1867 1707 consequamur.
1938 1635 2053 1692 Hoc

474 1737 625 1785 certe
662 1728 710 1784 si
759 1728 936 1784 visum
970 1743 1080 1783 non
1128 1727 1335 1791 fuerit,
1395 1727 1511 1798 ipse
1563 1706 1812 1800 digneris
1857 1728 1925 1783 ad
1962 1743 2051 1784 me
2082 1706 2125 1763 Β

475 1817 935 1873 commentarium
972 1819 1222 1883 mittere,
1261 1815 1329 1872 de
1358 1833 1466 1888 qua
1502 1824 1753 1888 oporteat
1784 1817 2051 1889 dignitate

477 1925 668 1965 curam
715 1909 1032 1981 impendere
1060 1950 1075 1976 ,
1113 1910 1325 1966 nt-hoc
1356 1910 1681 1967 beneﬁcium
1723 1925 1755 1964 a
1783 1910 2053 1981 potentio-

474 2001 629 2059 ribus
671 2003 985 2074 quibusque
1049 2001 1242 2058 amicis
1292 2002 1678 2073 aggrediamur
1720 2015 2051 2072 exposcere,

476 2100 596 2156 sive
626 2096 830 2167 gratis.
862 2096 977 2152 sive
1005 2096 1171 2150 etiam
1219 2095 1440 2150 modico
1482 2096 1656 2164 pretio
1680 2133 1694 2158 ,
1741 2102 1906 2165 prout
1945 2093 2053 2148 Do-

473 2190 661 2244 minus
708 2187 868 2243 nobis
913 2186 1131 2243 faverit.
1193 2186 1447 2256 Scripsi,
1497 2195 1557 2241 ut
1606 2188 1953 2259 prmcepisti,
1984 2188 2053 2243 ad

473 2281 703 2337 fratrem
726 2277 1026 2334 Valerium.
1071 2278 1182 2335 Res
1211 2277 1474 2350 Nyssenae
1503 2294 1569 2334 eo
1608 2280 1663 2334 in
1712 2287 1859 2335 statu
1888 2287 2051 2346 sunt,

472 2373 533 2429 in
567 2387 678 2443 quo
715 2382 873 2428 erant
904 2386 935 2425 a
971 2382 1022 2426 te
1053 2372 1263 2427 relictm
1287 2410 1303 2437 ,
1342 2380 1397 2427 et
1444 2387 1547 2443 ope
1578 2381 1793 2428 tuarum
1830 2388 2054 2444 precum

474 2463 679 2519 cedunt
706 2464 762 2517 in
796 2462 1013 2518 melius.
1040 2461 1243 2519 Eorum
1280 2471 1462 2517 autem
1490 2505 1505 2530 ,
1537 2463 1632 2534 qui
1670 2473 1802 2519 tunc
1832 2478 1861 2516 a
1894 2464 2055 2517 nobis

471 2556 709 2611 abscissi
735 2564 888 2620 sunt,
919 2553 1012 2608 alii
1042 2554 1262 2624 quidem
1289 2554 1357 2609 ad
1388 2557 1566 2609 aulam
1589 2571 1647 2611 se
1677 2554 2052 2619 contulerunt,

476 2645 571 2699 alii
603 2659 734 2700 vero
786 2650 1106 2709 remanent,
1156 2644 1283 2700 inde
1320 2652 1705 2715 exspectantes
1751 2660 2054 2699 rumorem.

475 2734 665 2792 Potest
697 2746 879 2792 autem
914 2735 1179 2791 Dominus
1211 2743 1328 2790 tum
1360 2738 1554 2790 horum
1583 2751 1736 2807 spem
1764 2736 2052 2802 frustrari,

471 2837 593 2886 tum
618 2831 836 2887 illorum
858 2830 1093 2887 reditum
1121 2832 1337 2886 irritum
1363 2831 1611 2887 reddere.

546 3009 603 3065 3.
640 3008 839 3063 Manna
869 3007 1023 3062 Philo
1046 3007 1327 3079 explicans
1356 3008 1463 3073 ait,
1494 3008 1639 3063 velut
1668 3024 1734 3063 ex
1760 3008 2052 3064 traditione
2079 3045 2123 3104 α

474 3098 716 3171 quadam
755 3098 980 3154 Jndaica
997 3097 1247 3163 edoctus,
1267 3099 1412 3154 illius
1428 3098 1744 3169 qualitatem
1766 3114 1887 3155 esse
1906 3098 2056 3171 ejus-

478 3191 665 3253 modi,
715 3198 774 3245 ut
807 3202 909 3261 pro
946 3191 1285 3246 comedentis
1313 3189 1585 3247 desiderio
1620 3198 1957 3260 mutaretur;
1992 3207 2057 3247 ac

478 3298 578 3355 per
622 3298 685 3339 se
735 3283 953 3354 quidem
1002 3298 1126 3339 esse
1155 3293 1412 3354 tanquam
1449 3283 1659 3337 milium
1709 3284 1855 3338 melli
1902 3284 2057 3340 inco-

477 3383 664 3439 ctum;
698 3389 846 3429 nunc
894 3381 1075 3428 autem
1128 3375 1310 3445 panis,
1344 3390 1492 3428 nunc
1521 3374 1705 3429 carnis
1746 3375 1921 3430 vicem
1954 3390 2055 3430 ex-

478 3467 668 3539 plere:
696 3466 879 3523 carnis
906 3474 1120 3545 autem,
1151 3466 1237 3521 vel
1268 3466 1567 3520 voiatilium
1595 3467 1681 3521 vel
1717 3466 2054 3522 terrestrium

478 3558 797 3614 animalium
831 3575 845 3613 :
882 3556 1047 3612 modo
1074 3557 1238 3612 etiam
1271 3558 1482 3613 olerum
1514 3572 1761 3628 saporem
1809 3557 2013 3613 referre
2036 3596 2053 3622 ,

476 3648 644 3719 idque
682 3663 781 3719 pro
818 3645 1259 3716 uniuscujusque
1314 3646 1633 3703 desiderio:
1678 3647 1914 3717 piscium
1959 3647 2055 3700 iti-

479 3740 635 3807 dem,
660 3740 799 3795 adeo
843 3747 904 3794 ut
944 3739 1252 3810 proprietas
1297 3738 1579 3809 qualitatis
1622 3739 2058 3810 uniuscujusque

548 3898 671 3969 (28)
702 3896 786 3962 Τῷ
807 3897 1135 3969 ξιεναύρων.
1167 3896 1244 3969 lta
1288 3892 1739 3969 ch._sec1tnil_tts
1785 3901 1855 3969 et
1882 3893 2051 3969 Goisl.

481 3963 780 4024 secundus.
807 3966 947 4020 Editi
976 3963 1052 4038 τῷ
1095 3966 1339 4036 Ἰσαύρῳ.
1382 3966 1609 4038 Videtur
1644 3963 2054 4032 Amphilochius

484 4040 585 4094 hoc
604 4038 789 4095 Basilii
806 4037 1094 4091 consilium
1121 4049 1343 4090 secutus
1365 4052 1509 4098 esse,
1539 4037 1590 4089 id
1616 4044 1720 4096 est,
1742 4038 2053 4089 Isaurorum

480 4110 742 4178 episc0po
782 4124 940 4162 suum
977 4108 1257 4178 circulum
1289 4106 1812 4178 circumscripsisse,
1846 4120 1911 4178 ac
1946 4105 2050 4178 sibi

475 4176 571 4248 jus
597 4176 943 4248 episcopatus
978 4178 1032 4230 in
1059 4177 1183 4248 aliis
1214 4177 1529 4248 civitatibus
1565 4176 1888 4248 restituendi
1922 4176 2053 4248 ιξριίτ

483 4244 691 4304 ἱιιιίεεέ.
744 4244 876 4301 Nam
927 4262 1053 4300 cum
1107 4247 1459 4302 Macedonius
1506 4247 1791 4315 principum
1845 4244 2052 4299 civitati

2148 447 2509 502 σπουδασάτω
2540 450 2573 517 ή
2615 446 2682 517 σὴ
2723 445 2960 514 σύνεσις,
2988 446 3084 501 τοῦ
3120 447 3345 518 ποιῆσαι
3379 450 3703 522 περιγράψαι

2145 539 2224 609 τῷ
2258 538 2520 609 Ἱσαύρων
2550 537 2664 609 (28)
2693 536 2788 591 τὸν
2827 538 2958 592 [διον
2993 537 3216 603 κύκλον,
3252 538 3342 593 διά
3386 540 3448 593 τὸ
3476 558 3704 613 χειροτο-

2145 632 2307 701 νῆσαι
2336 630 2499 685 αὐτὸν
2550 630 2873 701 προσοίκους
2904 630 3075 693 τινάς.
3121 629 3195 683 Τὸ
3235 629 3293 683 δὲ
3340 631 3540 702 ἑφεξῆς
3584 635 3709 703 ἡμίι

2149 720 2381 793 ὑπάρξει
2414 720 2858 792 τεταμιευμένον,
2891 722 2971 784 είς
2997 721 3059 773 τὸ
3086 719 3229 774 κατά
3253 720 3343 775 τὸν
3373 723 3709 793 προσήκοντα

2150 813 2342 883 καιρὸν
2378 812 2563 867 δοῦναι
2594 814 2731 867 πᾶσι
2757 814 2872 874 τοῖς
2907 811 3113 876 λοιποῖς
3147 813 3501 879 ἐπισκόπους,
3529 812 3627 878 οὓς
3654 814 3711 869 ἂν

2153 904 2518 976 κυριωτέρους
2548 903 2660 975 (‘29)
2704 900 2841 957 εἶναι
2881 903 3154 976 κρίνωμεν
3185 903 3359 971 αὐτοὶ,
3386 903 3478 958 διὰ
3518 904 3712 976 πολλῆς

2150 996 2454 1063 ἐξετάσεως
2477 994 2891 1066 δοκιμάσαντες.

2220 1087 2278 1142 2.
2316 1086 2710 1159 Ἥρωτήσαμεν
2742 1084 3033 1155 Γεώργιον,
3063 1083 3140 1148 ὡς
3169 1082 3509 1156 ἐκέλευσενὴ
3541 1084 3696 1139 θεοσέ

2149 1177 2274 1231 ϐειά
2301 1194 2416 1241 σου,
2452 1177 2547 1231 καὶ
2589 1173 2740 1231 εἶπεν
2762 1177 2797 1231 ἃ
2831 1177 2924 1230 καὶ
2951 1178 2984 1247 ἡ
3017 1177 3083 1247 σὴ
3123 1175 3376 1230 εὐλάϐεια
3400 1176 3710 1247 ἀνήνεγκεν.

2151 1270 2236 1340 ἐφ’
2261 1265 2343 1334 οἷς
2376 1268 2589 1339 ἀνάγκη
2626 1270 2775 1339 ἡμᾶς
2802 1270 2902 1339 τὴν
2936 1266 3166 1338 ἡσυχίαν
3193 1268 3369 1336 ἄγειν,
3398 1266 3705 1339 έπιρῤίψαν-

2148 1377 2250 1425 τας
2274 1360 2387 1423 ,ἐπὶ
2430 1359 2635 1430 Κύριον
2673 1358 2770 1429 τὴν
2821 1360 3088 1430 μέριμναν
3118 1356 3213 1410 τοῦ
3259 1357 3430 1411 οἴκου.
3474 1355 3705 1411 [licitatio

2151 1451 2261 1524 γὰρ
2288 1452 2367 1523 τῷ
2397 1452 2537 1522 ἀγίῳ
2571 1452 2709 1523 Θεῷ,
2743 1452 2826 1505 ὅτι
2854 1449 3015 1504 δώσει
3051 1450 3148 1503 σὺν
3176 1448 3308 1520 ἡμῖν
3329 1448 3463 1519 (3-0).
3499 1451 3639 1519 πρὸς
3664 1449 3706 1500 τί

2153 1543 2324 1615 ἑτέρῳ
2358 1542 2543 1615 τρόπῳ
2570 1540 2847 1607 ἐξελέσθαι
2873 1538 2988 1592 τῶν
3014 1538 3288 1606 ἀναγκῶν,
3313 1537 3407 1591 καὶ
3433 1539 3570 1609 ἡμῖν
3594 1537 3693 1591 άλυ

2154 1651 2255 1687 πον
2279 1634 2391 1704 (51)
2418 1633 2515 1704 τὴν
2550 1630 2693 1703 ζωὴν
2717 1629 3067 1702 προξενῆσαι.
3104 1629 3232 1682 Ἐάν
3252 1624 3345 1683 οὖν
3366 1630 3428 1682 ού
3452 1629 3586 1702 δοκῇ
3610 1630 3705 1700 (ὗὶ

2154 1725 2345 1790 τοῦτο,
2389 1725 2551 1789 αὐτὸς
2597 1724 2935 1791 καταξίωσον
2982 1722 3388 1793 ύπομνηστικόν
3439 1739 3532 1794 μοι
3586 1724 3706 1778 ἀπο

2154 1817 2383 1884 στεῖλαι,
2419 1817 2548 1891 περὶ
2576 1817 2723 1881 τίνος
2746 1817 2851 1888 χρὴ
2889 1814 3196 1888 ἀξιώματος
3226 1816 3460 1889 σπουδὴν
3486 1813 3698 1881 είσενέγ

2150 1909 2371 1974 κασθαι,
2404 1910 2491 1964 ἵνα
2528 1907 2823 1981 ἀρξώμεθα
2852 1911 3022 1963 αἰτεῖν
3050 1908 3279 1962 ἕκαστον
3311 1907 3419 1995 τῶγ
3466 1909 3525 1961 ὲν
3568 1905 3701 1960 δυνά

2156 2021 2246 2075 μει
2276 2002 2445 2072 φίλων
2468 2001 2567 2073 τὴν
2615 2002 2775 2073 χάριν
2802 2001 3027 2072 ταύτην,
3068 2001 3182 2054 εἴτε
3217 2002 3440 2072 προῖκα,
3479 1999 3593 2051 εἴτε
3631 2014 3703 2051 κα

2156 2097 2378 2167 μετρίου
2422 2095 2750 2165 τιμήματος,
2800 2092 2876 2156 ὡς
2920 2091 2986 2147 ἂν
3031 2093 3179 2163 ἡμᾶς
3223 2091 3426 2164 Κύριος
3463 2087 3725 2163 εύοδὼσῃ.

2166 2188 2480 2243 Ἑπέστειλα
2521 2187 2602 2257 τῷ
2631 2186 2847 2256 ἀδελφῷ
2890 2184 3169 2256 Οὐαλερίῳ
3192 2185 3327 2256 (53),
3357 2186 3435 2249 ὡς
3462 2183 3728 2256 προσέτα-

2153 2280 2269 2348 ξας.
2310 2280 2393 2335 Τὰ
2441 2279 2664 2349 Νύσσης
2710 2278 3013 2351 πράγματα
3062 2279 3225 2349 ὅμοιά
3264 2278 3380 2330 ἐστι
3421 2278 3535 2340 τοῖς
3578 2273 3730 2345 παρὰ

2152 2372 2253 2441 τῆς
2308 2371 2409 2442 σῆς
2442 2369 2753 2433 θεοσεϐείας
2794 2369 3200 2439 καταλειφθεῖσι
3232 2368 3365 2439 (54),
3398 2367 3494 2422 καὶ
3530 2366 3731 2440 προκό-

2153 2477 2278 2514 πτει
2313 2460 2404 2513 ἐπὶ
2435 2459 2496 2513 τὸ
2544 2459 2755 2530 βέλτιον
2781 2462 2847 2530 τῇ
2899 2461 3161 2533 συνεργίᾳ
3203 2458 3315 2512 τῶν
3353 2457 3461 2511 σῶν
3489 2474 3729 2530 προσευ-

2153 2551 2282 2623 χῶν.
2318 2552 2383 2605 Οί
2427 2550 2611 2621 μέντοι
2652 2550 2776 2604 τότε
2825 2549 3237 2621 ἀπορραγέντες
3285 2547 3479 2620 ἡμῶν,
3531 2550 3582 2601 οἱ
3629 2547 3731 2618 μὲν

2152 2643 2392 2715 ἀπῆλθον
2421 2642 2514 2695 ἐπὶ
2540 2641 2602 2695 τὸ
2641 2641 3020 2713 στρατόπεδον,
3046 2641 3097 2694 οί
3128 2641 3185 2695 δὲ
3218 2640 3458 2711 μένουσι,
3491 2640 3603 2709 (55)
3631 2638 3729 2709 τὴν

2153 2732 2362 2787 ἐκεῖθεν
2407 2732 2772 2803 ἀναμένοντες
2806 2732 3017 2802 φήμην.
3061 2731 3299 2794 Δυνατὸς
3338 2730 3395 2783 δὲ
3438 2733 3469 2784 ὁ
3520 2730 3729 2800 Κύριος

2153 2825 2249 2879 καὶ
2276 2823 2480 2878 τούτων
2510 2823 2819 2895 ματαιῶσαι
2846 2823 2947 2887 τὰς
2974 2823 3216 2888 ἐλπίδας,
3250 2822 3528 2885 κάκείνοις
3551 2822 3730 2894 ἄπρα-

2150 2933 2279 2970 κτον
2310 2916 2408 2987 τὴν
2440 2913 2697 2968 ἐπάνοδον
2723 2915 2964 2985 ποιῆσαι.

2227 3009 2281 3062 3.
2317 3008 2390 3060 Τὸ
2421 3007 2595 3078 μάννα
2638 3010 2666 3061 ό
2694 3007 2867 3060 Φίλων
2908 3003 3226 3078 ἑρμηνεύων
3262 3002 3389 3076 ἔφη,
3435 3001 3624 3075 ῶσπερ
3665 3004 3731 3056 ἐκ

2158 3098 2511 3172 παραδόσεως
2539 3115 2686 3162 τινος
2724 3098 3023 3170 Ἰουδαϊκῆς
3051 3096 3447 3168 δεδιδαγμένος,
3471 3095 3739 3166 τοιαύτην

2157 3193 2320 3247 αὑτοῦ
2346 3189 2485 3247 εἶναι
2519 3193 2620 3261 τὴν
2644 3192 2929 3260 ποιότητα,
2964 3190 3105 3245 ὥστε
3140 3189 3282 3244 κατά
3310 3188 3410 3259 τὴν
3431 3186 3733 3258 φαντασίαν

2155 3286 2248 3340 τοῦ
2272 3285 2541 3348 ἐσθίοντος
2566 3283 2997 3356 μετακίρνασθαι
3018 3303 3032 3314 ο
3058 3283 3153 3336 καὶ
3178 3279 3315 3335 εἶναι
3342 3282 3438 3352 μὲν
3459 3279 3584 3335 καθῗ
3606 3282 3736 3335 eau-

2153 3377 2216 3430 τὸ
2238 3377 2398 3429 οἱονεὶ
2430 3377 2663 3448 κέγχρον
2695 3376 2798 3448 έψη
2809 3376 2967 3446 μένον
2995 3375 3105 3446 (36)
3147 3377 3206 3428 ὲν
3238 3374 3437 3446 μέλιτι,
3470 3374 3735 3445 παρέχειν

2154 3468 2211 3521 δὲ
2237 3467 2330 3521 νῦν
2359 3468 2457 3538 μὲν
2482 3467 2672 3539 ἄρτου,
2703 3467 2799 3521 νῦν
2824 3467 2880 3521 δὲ
2915 3467 3095 3539 κρέως
3113 3482 3128 3499 ·
3160 3467 3256 3521 καὶ
3295 3466 3477 3539 κρέως
3500 3465 3735 3529 τοιοῦδε,

2155 3558 2189 3631 ἢ
2218 3559 2465 3613 πετεινοῦ
2494 3559 2527 3630 ἢ
2551 3559 2809 3631 χερσαίου
2830 3575 2845 3590 ο
2878 3557 2975 3612 νῦν
3007 3558 3065 3612 δὲ
3091 3558 3346 3630 λαχάνου,
3377 3558 3471 3611 καὶ
3496 3556 3736 3628 λαχάνου

2153 3651 2249 3705 τοῦ
2286 3651 2431 3705 κατά
2459 3652 2559 3723 τὴν
2595 3651 2891 3722 ἐπιθυμίαν
2922 3651 3154 3706 ἑκάστου
3175 3666 3191 3679 '~
3224 3651 3319 3704 καὶ
3346 3649 3549 3721 ἰχθύος,
3577 3649 3658 3712 ὡς
3677 3648 3743 3703 τὸ

2150 3741 2357 3813 -ίδίωμα
2401 3744 2499 3813 τῆς
2539 3742 2659 3796 καθ’
2685 3742 2914 3798 ἕκαστον
2955 3743 3113 3812 γένος
3154 3742 3439 3804 ποιότητος
3486 3739 3741 3811 ἀκριϐῶς

2156 3910 2341 3972 petere
2375 3909 2664 3961 statuerat.
2699 3909 2761 3955 ut
2796 3900 2957 3972 amici
2990 3899 3188 3972 domus
3225 3914 3481 3969 magnum
3510 3900 3740 3972 aliquod

2156 3970 2560 4027 incommodum
2586 3972 2864 4041 ell‘ugerct.
2902 3971 3071 4025 l’orro
3103 3972 3155 4025 in
3180 3971 3324 4041 hunc
3360 3984 3535 4025 usum
3558 3970 3742 4041 impe-

2154 4046 2292 4096 trari
2329 4044 2575 4099 solebant
2601 4039 2861 4101 codicilli.
2898 4050 2955 4094 ιιι
2989 4041 3164 4103 curia,
3202 4040 3285 4093 vel
3315 4041 3507 4094 saltem
3537 4039 3744 4093 duum-

2159 4115 2367 4168 viratus
2413 4122 2468 4168 et
2501 4115 2741 4168 civitatis
2787 4126 2922 4166 cura
2953 4112 3273 4165 vitarentur.
3320 4108 3504 4165 Pretio
3553 4117 3743 4163 autem

2156 4183 2479 4253 impetratos
2529 4200 2639 4238 non
2669 4183 2832 4236 modo
2875 4180 3407 4253 nullaimmunitas,
3438 4176 3743 4253 sed_etiana

2157 4248 2324 4306 multa
2367 4255 2723 4322 sequebatur,
2772 4261 2831 4306 ut
2874 4252 3207 4321 perspicitur
3226 4267 3289 4304 ex
3337 4249 3471 4322 Cod.
3506 4248 3739 4322 ΔΤΙιεοιί.

482 4328 760 4391 pi-mcsset,
800 4327 859 4371 ut
910 4318 1239 4391 perspici-tur
1277 4334 1341 4370 ex
1393 4319 1548 4371 initio
1593 4318 1839 4391 epistolae
1867 4317 2054 4391 tertia:
2090 4385 2118 4391 _
2157 4322 2253 4376 lil).
2293 4340 2367 4384 vt,
2403 4317 2486 4377 tit.
2513 4322 2602 4377 ‘22.
2633 4323 2724 4376 Sic
2756 4317 2899 4375 enim
2933 4317 3094 4375 habet
3126 4323 3211 4375 lex
3241 4320 3482 4375 secunda
3504 4318 3747 4389 impera-

482 4385 797 4453 canoniczn;
830 4385 1064 4456 cumque
1085 4387 1770 4455 aliasupcressentoppida
1794 4386 2053 4454 episcopo
2086 4385 2128 4439 D
2159 4393 2293 4447 toris
2325 4392 2631 4448 Constantii
2668 4412 2681 4446 :
2711 4392 2791 4445 Ab
2826 4391 3106 4445 honoribus
3154 4390 3451 4444 mercandis
3482 4385 3601 4456 μετ’
3625 4391 3745 4455 suf.

482 4461 775 4525 destituta;
821 4456 1076 4519 Basilius,
1107 4457 1199 4525 qui
1235 4474 1399 4509 unum
1448 4459 1682 4525 aliquem
1714 4472 1743 4510 e
1770 4471 1871 4509 suo
1906 4458 2055 4510 clero

483 4530 836 4599 prmuiserat,
869 4543 967 4581 nec
988 4544 1111 4599 enm
1137 4543 1244 4599 moi
1260 4527 1328 4580 bo
1344 4528 1684 4581 debilitatum
1710 4533 1765 4580 et
1792 4527 2055 4594 imparem

480 4597 890 4669 episcopalibus
917 4598 1119 4650 muniis
1139 4597 1338 4651 factum
1363 4599 1576 4652 mittere
1593 4604 1830 4667 poterat,
1848 4604 2058 4669 auctor

482 4666 565 4723 est
612 4666 995 4738 Aii.pliilocliio
1029 4669 1082 4720 in
1138 4669 1324 4720 eadem
1371 4666 1607 4738 epistola
1663 4666 1963 4738 canonica,
1997 4672 2058 4719 ut

481 4735 814 4808 aiqnem'ex
840 4753 1030 4793 recens
1062 4738 1367 4804 haptizatis,
1401 4739 1505 4790 sive
1545 4735 1858 4791 Macedonio
1880 4735 2059 4790 ridea-

482 4820 593 4872 lur,
622 4810 730 4863 sive
758 4825 885 4873 non,
911 4808 1224 4875 episcopum
1258 4810 1572 4861 constituat.

555 4876 666 4950 (29)
696 4878 1119 4947 Κυριωτέρους.
1151 4875 1411 4950 Quamvis
1460 4879 1537 4931 ita
1577 4877 1815 4950 habeant
1851 4891 2060 4950 omnes

485 4964 621 5003 mss.
647 4948 897 5011 codices,
925 4951 1013 5001 vix
1044 4955 1223 5018 tamen
1252 4948 1478 5001 dubium
1507 4948 1639 5018 quin
1674 4948 1960 5015 legendum
1989 4948 2061 5018 sit

485 5019 899 5089 καιριωτέρους,
917 5028 1081 5086 atque
1102 5017 1242 5071 lianc
1260 5017 1547 5072 lectionem
1569 5020 1622 5072 in
1651 5017 2061 5088 interpretando

487 5097 710 5144 secutus
743 5105 885 5143 sum.

559 5160 672 5226 (30)
705 5159 888 5213 Δώσει
920 5156 1044 5211 σὺν
1075 5157 1238 5226 ἡμῖν.
1270 5155 1461 5213 Nullus
1495 5173 1571 5212 ex-
1608 5157 1694 5214 liis
1720 5158 1903 5214 verbis
1934 5173 2058 5212 sen-

489 5244 585 5283 sus
629 5238 872 5287 eruetur.
934 5229 1037 5283 nisi
1089 5230 1331 5298 legamus
1383 5228 1541 5282 δώσει
1576 5229 1807 5281 σύνεσιν.
1854 5229 2060 5284 Ibidem

488 5299 621 5352 editi
666 5300 803 5369 πρὸς
829 5298 929 5369 τῷ,
959 5299 1106 5367 quod
1155 5298 1567 5353 emendavimus
1615 5315 1717 5367 ope
1755 5300 1925 5355 Coisl.
1972 5313 2060 5352 se-

488 5317 621 5352 eﬂlll
666 5317 708 5352 π
746 5317 803 5362 ος
829 5317 929 5369 τῳ,
959 5317 1106 5367 (11100
1155 5317 1567 5353 emenuavrmus
1615 5317 1717 5367 ope
1755 5317 1925 5355 ωιει.
1972 5317 2058 5352 50·

488 5369 677 5440 eundi.
707 5317 880 5423 Ennio
915 5378 1037 5440 post
1066 5384 1253 5423 vocem
1292 5370 1493 5440 Κύριος
1528 5370 1836 5440 addidimus
1860 5385 1925 5424 ex
1961 5384 2058 5423 co-

489 5439 613 5493 dice
640 5438 923 5495 Meilicaao.
941 5438 1170 5494 Videtur
1203 5438 1391 5493 autem
1412 5440 1500 5492 illa
1522 5439 1782 5509 dignitas,
1804 5454 1966 5510 quam
2000 5454 2063 5493 se

491 5510 655 5563 amici
686 5511 919 5578 alicujus
952 5525 1119 5564 causa
1148 5511 1448 5580 petiturum
1490 5511 1764 5579 promittit
1797 5511 2058 5580 Basilius,

489 5591 600 5631 non
628 5580 1031 5635 administratio
1061 5579 1240 5650 aliqua
1290 5579 1481 5644 fuisse,
1514 5579 1611 5635 sed
1647 5588 1859 5635 tantum
1905 5579 2060 5633 codi-

491 5650 701 5711 ctllaria
727 5650 981 5721 dignitas.
1008 5652 1118 5705 [loc
1146 5651 1288 5706 enim
1311 5650 1539 5705 consilio
1565 5650 1703 5705 hanc
1734 5651 2055 5724 dignitatem

2156 4462 2359 4534 (regia,
2391 4464 2467 4518 vel
2483 4464 2711 4534 qualibet
2738 4460 3531 4534 ambitionequarendisn‘certa
3568 4460 3744 4517 multa

2156 4530 2423 4600 prohibuit
2455 4549 2473 4586 :
2494 4530 2589 4587 ‘cui
2622 4532 2889 4596 addimus,
2924 4543 2979 4585 ut
3013 4532 3308 4601 quicunque
3341 4530 3606 4601 fugientes
3648 4534 3746 4583 ob-

2158 4605 2340 4672 sequia
2393 4605 2686 4664 curiarum,
2742 4602 2959 4656 umbras
3011 4600 3062 4655 et
3105 4604 3319 4653 nomina
3373 4600 3745 4669 aﬂ'ectaverint

2158 4671 2498 4744 dignitatum.
2538 4675 2767 4744 tricenas
2794 4672 2960 4744 libras
2993 4672 3197 4741 argenti
3228 4671 3424 4744 inferre
3454 4681 3743 4739 cogantur,

2158 4741 2401 4821 monente
2434 4744 2530 4821 ilia
2564 4743 2849 4821 prwteritg.
2878 4741 3135 4821 iulatione
3177 4742 3454 4821 σμίκρα
3485 4750 3745 4821 perpetua

2159 4812 2269 4882 lege
2308 4809 2578 4868 constricti
2624 4824 2766 4867 sunt.
2804 4809 2960 4867 Unde
3007 4811 3176 4865 miror
3209 4809 3487 4882 Basilium_
3512 4810 3746 4882 abAhac

2160 4879 2247 4936 via
2278 4885 2531 4938 tentanda
2574 4899 2681 4937 non
2711 4886 2937 4936 omnino
2967 4882 3204 4935 alienum
3234 4881 3420 4937 fuisse.
3456 4880 3565 4935 Sed
3597 4879 3744 4933 forte

2161 4954 2256 5076 lvia:I
2275 4955 2422 5024 leges
2464 4970 2573 5009 non
2613 4955 2907 5008 admodum
2938 4958 3195 5008 accurate
3246 4950 3607 5006 servabantur
3634 4950 3744 5005 sub

2209 5040 2237 5075 ει
2263 5033 2407 5076 cute.
2994 5064 3001 5073 .

2209 5024 2407 5078 alente.
2994 5064 3001 5073 .

2232 5094 2672 5165 (31)7'A.1v:zor.
2694 5092 2809 5165 Sic
2838 5107 2939 5162 ope
2969 5091 3219 5147 codicum
3246 5105 3383 5147 mss.
3414 5089 3739 5147 emendavi-

2161 5179 2304 5217 mus.
2327 5164 2466 5219 Male
2495 5164 2549 5217 in
2573 5164 2735 5218 editis
2753 5164 2965 5218 ἄλυτον.

2237 5234 2347 5302 (52›
2380 5237 2461 5288 Οὐ
2490 5232 2659 5301 δοκῇ.
2686 5234 2855 5289 Coisl.
2887 5231 3163 5288 secundus
3186 5233 3349 5287 δοκεῖ.

2228 5300 2344 5374 (⁸55)
2382 5300 2705 5370 Οὐαλερίῳ.
2732 5302 2916 5374 (ᾷοὶει.
2935 5304 3210 5374 secundus
3238 5300 3572 5374 Οὐαλλερίῳ.

2234 5318 2324 5374 too
2382 5318 2705 5370 υῡαλεριῳ.
2732 5318 2901 5357 ιλοιει.
2935 5318 3210 5358 secundus
3238 5318 3572 5425 υυαλλεαςῐφ.

2234 5318 2345 5444 (54;
2376 5372 2854 5444 Καταλειερθεῖσι.
2880 5373 3048 5429 (Ioisl.
3082 5372 3294 5444 primus
3321 5388 3423 5427 κατ
3495 5371 3744 5441 ηφθείσι,

2162 5445 2219 5498 in
2250 5461 2311 5499 eo
2337 5455 2504 5514 statu,
2535 5446 2589 5498 in
2623 5461 2724 5514 quo
2755 5452 2907 5498 erant
2936 5461 2968 5498 a
2996 5454 3045 5498 te
3072 5446 3303 5499 iuventa.

2234 5515 2346 5584 (55)
2379 5513 2517 5569 Vide
2546 5514 2825 5584 Addenda.

2237 5581 2348 5655 (36)
2399 5584 2761 5655 'Eynuiéror.
2788 5582 3047 5642 Nonnulli
3075 5581 3295 5642 codices
3322 5581 3605 5657 ἐφημένην
