3852 6220
57 345 166 402 705

979 336 1471 394 EPlSTOLARUM
1511 333 1798 392 CLASSIS
1828 333 1888 390 11.
1932 333 2151 388 EPIST.
2199 333 2429 388 CXCIV.

3218 328 3320 383 7H3

53 457 256 529 χρείαν
282 467 522 524 τοσουτῳ
548 470 706 524 ταχει
741 452 1124 523 πληρωθεῖσαν
1147 452 1389 524 ὁρῶντας
1411 455 1422 505 ε
1455 453 1637 515 Ὥστε,

1764 452 2058 520 expeteliam
2109 456 2219 501 tam
2277 447 2533 502 celeriter
2581 442 2894 498 confectum
2947 439 3056 496 vidi
3086 441 3099 494 ι
3132 437 3320 512 Itaque

54 548 235 620 ἡδέως
278 545 558 616 δεξάμενοι
607 543 669 596 τὸ
696 544 1000 598 άποσταλὲν
1031 543 1142 615 (45)
1170 543 1258 597 διὰ
1297 544 1397 615 τὴν
1433 543 1639 597 οἰκείαν

55 637 229 691 αὑτοῦ
261 636 444 705 φύσιν,
474 634 656 704 πολλῷ
679 635 826 705 ἦδιον
858 635 990 690 αὐτὸ
1021 635 1416 706 προσηκάμεθα
1460 635 1539 706 τῷ
1583 635 1642 688 σὲ

56 725 202 781 εἶναι
235 729 326 780 τὸν
367 727 466 798 τῆς
515 726 860 794 κατασκευῆς
889 725 1055 779 αὐτοῦ
1089 725 1426 798 προεστῶτα.
1455 725 1641 796 Παρά-

59 837 182 890 σχοι
211 820 272 872 δὲ
314 821 446 889 ἡμῖν
472 818 501 869 ὁ
539 816 746 888 Κύριος
790 818 918 871 ἰδεῖν
962 835 1020 870 σε
1049 819 1106 869 ὲν
1144 819 1320 887 τάχει,
1355 816 1494 869 ὥστε
1536 817 1644 870 ἀπὸ

59 911 314 982 γλώττης
363 909 692 981 ὁμολογῆσαι
734 910 832 980 τὴν
877 910 1058 982 χάριν,
1104 910 1198 963 καὶ
1247 908 1465 962 πάντων
1504 907 1640 980 ὁμοῦ

59 1005 172 1058 τῶν
203 1006 263 1056 ὲν
296 1002 380 1054 σοὶ
409 1001 590 1055 καλῶν
618 1001 944 1055 ἀπολαῦσαι.
1477 1002 1480 1004 ⁷

562 1155 910 1212 ΕΠΙΣἸῸΔΗ
946 1156 1104 1223 ΡιιΓν.
1180 1155 1188 1164 ·

1746 544 1799 597 id
1823 541 1968 611 quod
1992 541 2221 594 missum
2243 549 2328 594 est
2357 553 2456 593 sua
2489 544 2686 607 sponte
2712 542 3025 606 pergratum
3059 531 3196 586 fuit:
3222 533 3320 588 sed

1748 635 1907 704 longe
1933 632 2191 687 libentius
2210 624 2316 684 hoc
2350 629 2528 698 ipsum
2555 643 2620 682 eo
2655 627 2876 682 nomine
2904 624 3142 694 suscepi,
3175 623 3322 696 quod

1751 733 1808 779 ιιι
1858 724 1935 779 rei
1967 725 2115 778 illius
2165 721 2520 778 conﬁciendae
2553 722 2833 776 exstiteris
2866 719 2974 773 dux
3018 729 3072 772 et
3104 724 3320 771 auctor.

1749 815 1849 870 Det
1884 822 2067 869 autem
2093 813 2254 868 nobis
2287 811 2548 866 Dominus
2569 819 2622 866 te
2654 811 2762 865 cito
2794 809 2977 864 videre
2997 849 3012 871 ,
3050 816 3109 862 ut
3139 808 3323 876 lingua

1750 906 1954 976 gratias
2007 903 2314 959 referamus
2341 940 2359 966 ,
2397 903 2762 971 omnibusque
2813 899 2978 955 simul
3010 899 3168 953 bonis
3214 897 3325 952 tuis

1749 998 2118 1069 perfruamur.

2214 1129 2550 1204 urisrom
2589 1146 2836 1204 cxcnr.

62 1272 311 1320 Peraeute
335 1267 548 1334 Basilius
568 1283 675 1334 sese
695 1282 806 1334 cum
825 1267 1028 1334 gruibus
1049 1274 1312 1334 comparat.
1333 1267 1595 1334 quominus
1615 1279 1666 1317 se
1681 1265 1749 1334 ad
1768 1265 2084 1334 solitudinem
2108 1263 2290 1334 ,Μαιειῇ
2302 1261 2694 1334 εοηίρννᾳιμιιιηι
2718 1257 3332 1334 ηεςοιῑονιιηιεπιενὶονιιηι

126 1320 760 1395 oceupationibasdetentus
780 1320 959 1392 [ιίἒναι.
983 1339 1080 1395 twn
1105 1320 1456 1395 ite/gementibus
1483 1343 1540 1395 a_c
1565 1327 1802 1378 continuis
1824 1328 2185 1395 [ebribaquaaz
2226 1326 2364 1395 illum
2388 1320 2455 1374 ita
2480 1320 2846 1395 debilitaverdnt
2861 1360 2874 1383 ,
2897 1329 2950 1372 ut
2973 1336 3156 1374 aranea
3184 1320 3299 1386 inﬁr

126 1387 260 1442 mior'
278 1391 541 1444 rideretur.
571 1387 839 1443 Venturam
861 1406 912 1443 se
935 1387 1000 1441 ad
1027 1389 1270 1443 Meletium
1296 1390 1530 1454 promittit
1548 1405 1696 1442 verrw
1717 1387 1947 1452 tempore,
1972 1387 2016 1439 si
2040 1387 2130 1438 Dei
2146 1401 2236 1451 ope
2256 1400 2320 1438 ex
2337 1389 2428 1437 hoc
2451 1387 2619 1436 morbo
2637 1387 2857 1436 evaserit.

481 1503 745 1568 Μελετίῳ
777 1501 1071 1571 ἁρχιάτρῳ
1101 1501 1238 1572 (46).

150 1618 319 1691 Ἤμίν
356 1617 468 1691 (47)
518 1617 626 1671 οὐδ’
673 1619 798 1672 ὅσον
827 1619 949 1681 ταῖς
995 1617 1248 1688 γεράνοις
1298 1615 1529 1688 ὑπάρχει
1580 1615 1648 1670 τὰ

68 1710 309 1783 δυσχερῆ
341 1709 434 1764 τοῦ
459 1709 727 1782 χειμῶνος
757 1709 1037 1778 διαφυγεῖν
1057 1726 1070 1739 °
1104 1709 1217 1763 ἀλλ’
1242 1708 1402 1762 ἕνεκα
1431 1708 1530 1778 μὲν
1553 1706 1646 1761 τοῦ

2267 1495 2485 1552 Meletio
2507 1495 2797 1550 archiatro.

1823 1610 1990 1667 Nobis
2030 1626 2099 1665 ne
2133 1618 2402 1680 quantum
2444 1609 2665 1679 quidem
2697 1607 2926 1678 gruibus
2957 1603 3332 1679 licet.,lriemi9

1754 1701 2098 1758 incommoda
2129 1701 2405 1772 effugere;
2438 1699 2531 1756 sed
2575 1707 2840 1770 quantum
2882 1699 3099 1768 quidem
3143 1696 3211 1751 ad
3245 1695 3322 1750 fu.

71 1801 393 1874 προϊδέσθαι
430 1801 493 1855 τὸ
534 1801 746 1873 μέλλον,
787 1801 938 1855 οὐδὲν
967 1803 1097 1866 ίσως
1131 1801 1236 1856 τῶν
1268 1801 1512 1872 γεράνων
1539 1802 1650 1873 χεί-

1764 1797 1863 1850 Luri
1917 1795 2312 1866 prmnmionem
2368 1793 2603 1858 attinet,
2657 1792 2793 1846 nihil
2842 1791 2982 1847 forte
3031 1791 3332 1846 deteriores

73 1909 200 1959 ρους
239 1891 352 1963 (48)
399 1892 603 1962 ὲσμέν⁸
634 1891 712 1962 τῷ
754 1892 810 1946 δὲ
848 1889 990 1946 κατά
1032 1893 1122 1946 τὸν
1167 1891 1281 1963 βίον
1321 1893 1652 1964 αὐτεξουσίῳ

71 1983 330 2036 τοσοῦτον
381 1981 488 2036 τῶν
537 1982 764 2054 ὀρνίθων
817 1980 1347 2053 ἀπολιμπανόμεθα,
1381 1983 1504 2036 ὅσον
1558 1983 1653 2036 καὶ

73 2076 168 2130 τοῦ
223 2074 487 2129 πέτεσθαι
530 2074 819 2141 δύνασθαι,
875 2073 1073 2146 μικροῦ
1107 2074 1236 2127 δεῖν.
1287 2074 1510 2146 Πρῶτον
1557 2075 1659 2146 μὲν

74 2169 182 2238 γάρ
220 2184 290 2237 με
332 2166 576 2236 ἀσχολίαι
621 2166 766 2228 τινὲς
797 2165 905 2218 τῶν
937 2165 1078 2219 κατά
1103 2165 1195 2219 τὸν
1242 2165 1356 2237 βίον
1398 2167 1657 2238 πραγμά-

74 2274 182 2309 των
224 2255 457 2325 ἐπέσχον
484 2256 596 2325 (49)
619 2271 633 2285 ο
677 2254 869 2309 ἔπειτα
905 2255 961 2308 δὲ
1014 2258 1242 2328 πυρετοὶ
1292 2260 1534 2328 συνεχεῖς
1563 2258 1656 2312 καὶ

74 2347 266 2419 λάϐροι
309 2346 452 2400 οὕτω
503 2364 604 2417 μου
655 2345 720 2399 τὸ
769 2346 930 2418 σῶμα
978 2347 1462 2418 κατεδαπάνησαν,
1515 2347 1655 2401 ὥστε

75 2440 249 2510 ἐφάνη
289 2456 343 2491 τι
372 2438 464 2491 καὶ
494 2438 631 2509 ἐμοῦ
662 2438 1004 2511 λεπτότερον,
1036 2439 1198 2503 αὐτὸς
1227 2438 1337 2508 ἐγὼ
1380 2439 1651 2510 ὲμαυτοῦο

73 2528 196 2582 εἶτα
262 2528 598 2600 τεταρταίων
649 2529 944 2600 προσὸολαὶ
990 2530 1127 2602 πρὸς
1171 2529 1351 2583 πλεῖον
1394 2531 1426 2602 ἢ
1485 2533 1655 2584 εἴκοσι

73 2621 437 2692 διαρκέσασαι
467 2621 719 2684 κύκλους.
749 2622 887 2676 Νυνὶ
926 2622 1005 2687 δὲ,
1034 2623 1123 2676 ὅτε
1168 2623 1308 2677 δοκῶ
1335 2623 1442 2676 τῶν
1485 2641 1655 2696 πυρε-

74 2714 181 2765 ςῶν
215 2711 588 2782 ἀπηλλάχθαι,
621 2711 794 2777 οὕτως
840 2713 946 2765 ὑπὸ
971 2714 1070 2784 τῆς
1113 2714 1413 2785 ἀδυναμίας
1451 2713 1656 2768 διάκει-

81 2822 197 2873 μαι,
234 2802 381 2856 ὥστε
414 2803 581 2873 μηδὲν
612 2803 669 2856 ὲν
716 2803 891 2876 τούτῳ
923 2805 1143 2858 ἀποδεῖν
1185 2805 1465 2876 ἀραχνίου.
1493 2805 1656 2861 Ὅθεν

80 2910 169 2962 μοι
218 2894 372 2946 πᾶσα
425 2894 523 2962 μὲν
573 2893 690 2957 ὁδὸς
743 2892 977 2959 ἄϐατος,
1035 2895 1184 2948 πᾶσα
1233 2895 1291 2948 δὲ
1348 2893 1654 2966 πνεύματος

78 2983 354 3055 προσϐολὴ
383 2984 605 3038 πλείονα
635 2986 788 3054 φέρει
813 2985 904 3041 τὸν
937 2986 1177 3039 κίνδυνον
1205 2986 1237 3058 ἢ
1278 2988 1334 3039 αἱ
1369 2987 1654 3058 τρικυμίαι

77 3078 186 3140 τοῖς
215 3075 494 3129 πλέουσιν.
532 3076 776 3148 Ἀνάγκη
811 3077 989 3130 τοίνυν
1023 3075 1129 3130 ὑπὸ
1169 3077 1425 3148 δωματίῳ
1453 3077 1623 3149 κεκρύ

1755 1889 1981 1959 gruibus
2021 1902 2249 1952 sumus;
2281 1885 2430 1956 quod
2459 1900 2590 1940 vero
2621 1884 2688 1939 ad
2719 1884 2844 1939 vitae
2870 1884 3180 1939 libertatem
3214 1898 3311 1954 spe

1755 1989 1896 2045 ctat,
1931 1989 2084 2034 tanto
2129 1979 2242 2034 fere
2267 1980 2335 2032 ab
2370 1977 2564 2033 avibus
2611 1975 2902 2041 distamus,
2939 1982 3146 2046 quanto
3178 1990 3209 2029 a
3234 1989 3321 2029 vo

1754 2072 1901 2127 laudi
1954 2071 2229 2126 facultate.
2279 2068 2527 2123 Primum
2564 2069 2786 2138 quidem
2814 2067 3213 2138 occupationes
3243 2079 3326 2120 me

1757 2160 2036 2214 nonnullae
2097 2158 2450 2228 negotiorum
2522 2159 2859 2212 exteriorum
2927 2157 3282 2213 detinuerunt

1755 2246 1954 2301 deinde
2011 2247 2290 2302 continuae
2349 2260 2414 2300 ac
2480 2247 2830 2302 vehementes
2891 2246 3071 2303 febres
3128 2262 3334 2318 corpus

1755 2353 1936 2393 meum
1968 2354 2145 2409 usque
2174 2338 2311 2394 adeo
2336 2347 2819 2408 consumpserunt,
2852 2347 2911 2392 ut
2939 2339 3117 2394 visum
3140 2340 3210 2393 sit
3232 2339 3306 2394 ali

1758 2433 1889 2502 quid
1920 2433 2083 2487 etiam
2111 2448 2199 2488 me
2230 2433 2474 2499 tenuius,
2510 2447 2612 2502 ego
2643 2433 2898 2487 videlicet
2927 2433 3153 2502 meipso.
3195 2431 3324 2487 Prae

1758 2531 1907 2579 terea
1931 2533 2324 2595 quartanarum
2355 2539 2613 2579 accessus
2652 2524 2796 2576 ultra
2827 2524 3018 2594 viginti
3051 2524 3216 2595 288
3245 2525 3327 2578 vi-

1758 2632 1851 2671 ces
1879 2617 2257 2687 perstiterunt.
2292 2614 2450 2670 Nunc
2483 2622 2666 2671 autem
2698 2631 2823 2671 cum
2851 2632 2880 2671 a
2911 2615 3156 2672 febribus
3196 2618 3332 2673 liber-

1755 2726 1880 2766 esse
1905 2711 2116 2774 videor,
2153 2710 2230 2763 ita
2254 2725 2374 2764 sum
2397 2709 2618 2776 debilis,
2655 2718 2714 2763 ut
2735 2709 2874 2763 nihil
2898 2709 2952 2763 in
2977 2709 3084 2766 hoc
3111 2711 3180 2766 ab
3209 2725 3306 2768 ara

1756 2818 1858 2858 nea
1907 2801 2178 2858 ditl‘eram.
2236 2801 2394 2857 Unde
2437 2802 2570 2855 mihi
2625 2815 2789 2856 omne
2825 2803 2931 2856 iter
2968 2803 3338 2872 impervium,

1757 2904 1810 2949 et
1833 2894 2066 2964 quilibet
2105 2908 2252 2948 aurae
2286 2893 2562 2963 impulsus
2607 2893 3002 2963 periculosior,
3036 2909 3200 2964 quam
3229 2877 3357 2949 flu-I

1758 2993 1882 3041 ctus
1913 2985 2208 3040 decumani
2231 2985 2637 3056 navigantibus.
2659 2984 2898 3041 Necesse
2925 2992 3009 3041 est
3036 3000 3165 3056 ergo
3187 2985 3330 3041 dom‘

1759 3077 2012 3140 latitare,
2043 3083 2098 3130 et
2146 3081 2364 3145 tempus
2396 3089 2626 3129 vernum
2680 3083 3036 3144 exspectare,
3079 3075 3125 3130 si
3175 3076 3330 3130 modo

79 3133 229 3234 φθάι,
265 3168 358 3220 καὶ
384 3133 691 3238 ἀναμένειν.
709 3133 776 3221 τὸ.
798 3167 919 3241 ἔαρ,
965 3168 1168 3240 ἐάνπερ
1212 3133 1492 3241 δίαρκέισαι
1521 3133 1657 3241 πρὸς

1764 3185 1824 3223 eo
1875 3184 2052 3239 usque
2082 3169 2382 3240 perdurare
2429 3168 2673 3238 possim,
2704 3183 2808 3222 nec
2853 3169 3006 3237 prius
3041 3183 3139 3239 spe
3183 3169 3308 3224 exci

80 3260 211 3311 αὐτὸ
236 3258 576 3330 δυνηθῶμεν,
608 3259 748 3312 ἀλλά
781 3259 856 3330 μὴ
886 3258 1384 3330 προδιαμάρτοιμεν
1411 3259 1522 3330 (50)
1552 3261 1656 3313 ὑπὸ

75 3350 168 3403 τοῦ
193 3350 372 3404 κακοῦ
410 3349 504 3403 τοῦ
530 3352 642 3415 τοῖς
670 3351 1000 3421 σπλάγχνοις
1043 3352 1408 3424 ὲνιδρυμένου.
1445 3353 1567 3407 Ἐὰν
1599 3353 1655 3406 δὲ

74 3440 316 3513 διασώσῃ
368 3441 514 3512 ἡμᾶς
557 3444 586 3496 ὁ
618 3442 822 3514 Κύριος
873 3445 940 3514 τῇ
995 3443 1206 3514 μεγάλῃ
1260 3443 1422 3496 αὐτοῦ
1476 3445 1654 3516 χειρὶ,

78 3533 457 3602 ἁσμενέστατα
492 3533 590 3603 μὲν
618 3533 715 3604 τὴν
743 3533 999 3604 ἐσχατιὰν
1019 3535 1172 3606 ὑμῶν
1203 3535 1652 3608 καταληψόμεθαο

79 3626 458 3696 ἀσμενέστατα
491 3625 548 3679 δὲ
596 3627 655 3680 σὲ
687 3627 785 3698 τὴν
835 3627 995 3700 φίλην
1023 3632 1157 3700 ἡμῖν
1206 3630 1448 3703 κεφαλὴν
1496 3649 1656 3704 περι-

80 3716 409 3786 πτυξόμεθα.
440 3718 613 3770 Μόνον
642 3717 801 3789 εὔχου
832 3720 968 3793 πρὸς
998 3721 1062 3773 τὸ
1096 3721 1372 3792 συμφέρον
1413 3724 1479 3794 τῇ
1505 3721 1651 3794 ψυχῇ

78 3807 170 3879 τὴν
198 3808 346 3880 ζωὴν
376 3808 534 3879 ἡμῶν
565 3811 990 3881 οἰκονομεῖσθαι.

574 3965 920 4018 ΕΠΙΣΤΟΛΗ
953 3966 1125 4033 mani

1759 3263 1884 3316 dam
1924 3263 1994 3317 ob
2041 3261 2295 3315 morbum
2343 3260 2655 3316 visceribus
2703 3261 3056 3316 insidentem.
3092 3260 3250 3327 Quod
3288 3263 3341 3317 si-

1759 3372 1846 3410 me
1881 3355 2146 3410 Dominus
2176 3369 2372 3424 magna
2407 3369 2505 3409 sua
2527 3369 2692 3408 manu
2733 3355 3056 3421 servaverit,
3083 3355 3325 3411 libentis-

1759 3449 1896 3504 sime
1923 3463 2010 3503 me
2042 3447 2324 3502 conferam
2349 3447 2418 3501 ad
2458 3453 2698 3500 vestram
2733 3446 3122 3502 solitudinem:
3156 3446 3301 3502 liben

1761 3541 1974 3596 tissime
2019 3545 2073 3594 te
2118 3539 2349 3594 charum
2377 3537 2511 3592 mihi
2551 3545 2718 3608 caput
2756 3537 3074 3608 amplectar.
3099 3535 3331 3594 Tantum

1761 3647 1914 3702 roga,
1947 3639 2005 3686 ut
2038 3633 2108 3688 de
2141 3647 2264 3689 mea
2293 3632 2426 3697 vita,
2459 3638 2622 3703 prout
2650 3633 2847 3687 anima:
2881 3647 3015 3689 meae
3041 3632 3340 3698 conducit,

1760 3731 2052 3781 statuatur.

2222 3963 2561 4021 EPISTOLA
2599 3966 2870 4023 CXCIV".

78 4080 202 4132 Zoili
217 4079 397 4132 litteris
424 4081 681 4145 respondet
703 4077 942 4142 Basilius,
966 4080 1190 4132 hortatur
1212 4087 1264 4148 at
1283 4095 1412 4144 saepe
1435 4080 1629 4133 scribat.
1646 4081 1817 4148 _Mor_bi
1834 4079 1913 4132 sui
1935 4078 2318 4148 magnitudinem
2345 4079 2563 4145 exprimi
2580 4095 2674 4132 non
2697 4097 2836 4148 posse
2859 4081 3009 4145 dicit;
3041 4085 3127 4136 sed
3154 4085 3280 4138 vires
3301 4099 3340 4137 ο

1204 4145 1304 4195 Deo
1324 4143 1569 4206 exspectat
1591 4145 1655 4194 ad
1678 4143 1911 4207 patienter
1929 4143 2201 4208 ferendum.

753 4251 971 4316 Ζωΐλῳ.

141 4358 246 4415 Οἷα
275 4363 452 4424 ποιεῖς
471 4400 486 4425 ,
520 4355 564 4413 ὦ
597 4360 866 4431 θαυμάσιε
890 4401 905 4425 ,
946 4362 1347 4434 προλαμϐάνων
1393 4366 1540 4436 ἡμᾶς
1571 4368 1650 4429 εἰς

2450 4254 2602 4309 Zoilo

1827 4371 1970 4436 Quid
2001 4386 2138 4443 agis,
2163 4371 2247 4425 vir
2274 4371 2511 4441 egregle,
2534 4379 2866 4442 praeverteris
2896 4387 2982 4427 me
3005 4371 3342 4429 humilitatis

73 4455 132 4506 τὸ
165 4453 268 4523 τῆς
300 4451 678 4516 ταπεινώσεως
711 4454 941 4524 μὲτρονς
969 4454 1028 4516 ὃς
1058 4471 1122 4522 γε
1143 4497 1157 4518 ,
1191 4455 1429 4516 τοιοῦτος
1456 4456 1530 4509 ὢν
1553 4457 1650 4526 τὴν

1764 4462 1958 4516 modo?
2000 4464 2091 4532 qui
2137 4478 2263 4518 cum
2299 4470 2452 4516 tanta
2506 4465 2585 4518 sis
2631 4473 2859 4516 ornatus
2891 4464 3236 4530 eruditione,
3268 4481 3342 4519 ac

74 4543 358 4596 παίδευσιν
381 4585 395 4607 ,
427 4544 522 4596 καὶ
559 4543 730 4609 οὕτως
763 4544 921 4609 εἰδὼς
966 4545 1302 4600 ἐπιστέλλειν
1327 4586 1340 4610 ,
1381 4547 1456 4611 ὡς
1504 4547 1654 4618 δηλοῖ

69 4635 136 4688 τά
183 4637 529 4707 γράμματα,
580 4637 731 4708 ὅμως
783 4637 992 4704 ἀξιοῖς,
1040 4639 1116 4703 ὡς
1152 4639 1248 4694 ἐπὶ
1279 4641 1654 4713 τολμηροτέρᾳ

138 4770 252 4842 (45)
301 4770 373 4824 Τὸ
419 4771 790 4827 ἀποσταλέν.
843 4774 1132 4830 Manifesta
1167 4782 1253 4830 est
1299 4776 1652 4832 necessitudo

71 4839 239 4915 hujus
271 4843 522 4915 epistolae
569 4858 695 4898 cum
741 4847 1040 4915 centesima
1087 4847 1460 4915 nonagesima.
1515 4846 1650 4901 Pro-

71 4912 300 4966 miserat
331 4911 566 4985 Basilius
603 4928 674 4985 se
697 4913 843 4985 apud
875 4917 1215 4985 potentiores
1238 4911 1463 4971 'amicos
1496 4927 1652 4971 actu-

72 4995 213 5057 rum,
250 4985 300 5035 si
334 4981 408 5034 ita
447 4981 847 5057 _Amphilochio
875 4981 1180 5057 videretur,
1236 4994 1291 5041 et
1323 4987 1649 5057 dignitatem

73 5051 314 5127 aliquam
350 5051 670 5127 petiturum,
706 5056 972 5127 utuamici
1014 5056 1214 5127 domus
1253 5051 1512 5127 magnum
1546 5058 1649 5111 ali-

73 5121 215 5194 quod
267 5121 679 5194 incommodum
717 5123 1002 5194 effugeret.
1038 5121 1464 5182 Observavifnus
1507 5127 1650 5181 hanc

72 5192 392 5264 dignitatem
434 5207 542 5264 non
589 5193 643 5246 in
678 5192 863 5264 aliqua
897 5196 1397 5260 administratione,
1451 5197 1546 5252 sed
1592 5199 1648 5251 in

73 5261 348 5342 codicillis
391 5261 648 5342 positam“
669 5261 1052 5342 fuisse._Quod
1081 5283 1212 5342 ergo
1255 5268 1657 5342 tamuceleriter-

73 5332 569 5410 con_fect_um_mis_it
616 5331 958 5402 Sophronius
1013 5331 1285 5410 magister
1323 5337 1645 5410 ofﬁciorum,

71 5401 410 5480 nihil__aliud
432 5402 657 5480 yidetur
685 5401 834 5480 esse,
878 5421 1042 5480 quam
1071 5401 1411 5480 codiciltaria
1461 5409 1644 5479 aliqua

76 5469 367 5552 dignitas.“
487 5482 667 5552 autem
698 5475 874 5552 pretio
893 5469 1260 5552 impetratum
1298 5477 1489 5541 fuisse,
1524 5469 1647 5552 nec

77 5537 716 5618 S_6phron_ii_liberalitas'
737 5546 946 5618 patitur
967 5537 1262 5618 suspicari,
1290 5563 1393 5603 nec
1427 5537 1648 5618 scriptae

75 5610 238 5684 abeo
270 5612 338 5684 ad
366 5610 630 5684 Basilium
659 5610 1305 5684 perhonorifice'litterae.

137 5681 253 5750 (46)
313 5681 676 5751 Ἄρχιὰτρῳ.’
710 5684 999 5742 Medicazus
1049 5688 1222 5743 codex
1276 5696 1330 5743 et
1388 5689 1498 5742 duo
1551 5688 1645 5742 alii

74 5753 409 5810 recentiores
466 5754 773 5825 ἀρχιήτρῳ.
835 5754 1043 5828 Regius
1089 5759 1302 5829 primus
1355 5768 1410 5815 et
1464 5758 1641 5826 Bigot.

1758 4555 2032 4608 scribendi
2091 4554 2230 4609 adeo
2284 4555 2530 4626 peritus,
2564 4541 2649 4609 ut"
2674 4555 2870 4608 litterae
2913 4553 3338 4622 demonstrant,

1756 4650 1938 4698 tamen
1986 4644 2271 4714 postulas,
2312 4651 2372 4698 ut
2416 4645 2473 4698 in
2513 4643 2810 4698 audaciore
2841 4643 3080 4713 quodam
3126 4651 3336 4699 conatu-

1756 4774 1944 4829 ίατοῶ.

1981 4843 2170 4912 Ἡμῖν.
2201 4843 2372 4916 Co_i_sl.
2402 4845 2615 4915 primus
2637 4853 2691 4901 et
2721 4844 2873 4916 Harl.
2915 4843 3076 4916 Ἡμῖν
3099 4845 3180 4900 δέ,

1827 4914 1940 4987 (48)
1977 4915 2247 4982 Χείρους.
2274 4914 2428 4970 Hane
2461 4931 2650 4971 vocem
2689 4914 2998 4970 addidimus
3023 4932 3090 4972 ex
3120 4927 3327 4987 septem

1753 5000 1888 5041 IDSS.

1824 5057 1934 5130 (4‘9)
1999 5053 2312 5130 'E_Jté0’7;03_t‘.
2363 5055 2441 5130 l_ta
2494 5058 3014 5130 tres__vetnstiss_imi
3077 5059 3322 5114 codices.

1751 5124 1894 5179 Editi
1931 5125 2216 5195 κατέσχον.
2255 5124 2424 5195 Paulo
2459 5135 2582 5195 post
2618 5126 2778 5181 iidem
2820 5124 3036 5183 codices
3065 5142 3191 5182 cum
3223 5131 3325 5182 tri-

1750 5196 2008 5268 bus‘aliis
2033 5194 2176 5268 οὕτω
2215 5213 2338 5268 μου.
2369 5194 2508 5250 Editi
2538 5196 2712 5268 οζλτως
2741 5215 2862 5268 μου.

1820 5266 1932 5336 (50)
1967 5265 2526 5336 Προδιαμάρτοιμεν.
2568 5265 2864 5323 Non‘male
2907 5267 3203 5322 Vaticanus
3229 5283 3334 5323 cev.

1820 5285 1932 5336 (ου)
1967 5285 2392 5334 ιιροοιαμαρτοι
2437 5285 2526 5320 εν.
2569 5285 2686 5320 non
2724 5285 2864 5323 male
2913 5285 3203 5322 vaucanus
3229 5285 3323 5323 co.

1751 5335 1854 5391 dex
1885 5346 1957 5411 et‘
1973 5336 2038 5411 ad
2061 5338 2358 5411 marginem
2378 5285 2839 5411 Ciaromontanus
2860 5338 3323 5411 προδιαρπασθώ-

1755 5423 1873 5474 μεν.
1905 5407 2008 5460 nisi
2041 5407 2189 5475 prius
2227 5405 2465 5474 abripiar
2499 5407 2682 5461 morbo
2719 5405 3003 5463 visceribus
3039 5405 3318 5463 insidente.

1749 5475 1894 5531 Nihil
1919 5488 2102 5531 tamen
2133 5479 2452 5530 mutandum
2478 5478 2759 5549 duximus,
2790 5482 2920 5548 quia
2943 5481 3159 5549 vulgata
3182 5481 3322 5535 scri-

1750 5554 1910 5620 ptura
1939 5563 2040 5620 nec
2074 5561 2177 5620 sua
2211 5555 2406 5620 sponte
2438 5548 2638 5603 vitiosa
2665 5556 2769 5614 est,
2799 5560 2853 5604 et
2879 5548 3131 5620 pluribus
3175 5552 3324 5605 anti-

1749 5619 1876 5688 quis
1911 5617 2201 5688 codicibus
2222 5619 2437 5688 nititur.

1827 5691 1843 5707 °
1871 5691 2020 5742 Alias
2047 5685 2369 5742 CCCLXIX.
2396 5688 2609 5756 Scripta
2645 5703 2788 5742 anno
2818 5689 2942 5743 575.

1823 5764 1859 5783 “
1888 5759 2039 5814 Alias
2072 5756 2434 5813 CCCLXVIII.
2464 5761 2680 5830 Scripta
2712 5776 2855 5816 anno
2882 5761 3004 5816 375.
