3852 6220
486 330 587 388 7⁸η

1758 324 1821 382 S.
1867 322 2117 382 BASILII
2153 323 2367 382 MAGNI

3650 318 3759 375 703

484 453 542 502 et
577 447 790 503 meritis
833 446 946 502 tuis
1001 460 1209 515 majore
1230 485 1246 512 ,
1278 459 1497 500 veniam
1527 454 1627 502 ttot
1665 459 1695 498 a
1732 444 1892 501 nobis
1919 445 2062 500 dari.

2174 446 2273 497 τινὶ
2303 443 2615 514 ὲγχειρήσει
2665 442 2760 499 καὶ
2814 437 3220 511 ὑπερδαινούσῃ
3269 454 3360 491 σου
3409 435 3508 506 τὴν
3551 436 3767 505 ea...

485 535 689 592 Verum
739 538 1115 609 praetermissa
1165 537 1269 592 hac
1303 537 1519 599 ironia,
1552 535 1734 592 scribe
1782 536 1944 592 nobis
1997 537 2063 590 ad

485 644 705 686 omnem
729 631 1101 685 occasionem.
1126 627 1253 683 Sive
1273 629 1420 684 enim
1455 629 1782 699 eloquentiae
1808 644 1919 686 non
1941 644 2064 686 sum

484 734 704 788 expers,
735 720 1049 792 eloquentis
1074 721 1178 775 viri
1211 720 1427 775 litteras
1449 720 1814 776 libentissime
1845 719 2020 789 legam
2047 737 2063 774 :

486 809 603 863 sive
640 818 907 879 quantum
964 811 1039 864 sit
1082 809 1373 865 charitatis
1418 810 1664 872 bonum,
1707 823 1741 863 e
1782 807 2066 878 Scriptura

486 901 691 965 didici,
724 902 967 972 maximo
996 916 1227 971 prorsus
1272 900 1327 955 in
1362 899 1541 971 pretio
1573 907 1659 954 est
1704 899 1947 954 hominis
1981 916 2068 955 me

488 991 769 1061 diligentis
820 993 1179 1064 colloquium.
1231 989 1450 1045 Utinam
1512 998 1696 1046 autem
1752 991 2065 1061 perscribas

488 1099 611 1155 quae
656 1085 749 1140 tibi
796 1100 992 1155 precor
1026 1084 1207 1150 bona,
1236 1086 1489 1153 corporis
1542 1083 1951 1149 valetudinem,
2002 1099 2066 1140 ac

488 1177 685 1255 domus
726 1179 897 1233 totius
928 1177 1350 1249 prosperitatem
1374 1172 1536 1233 lJam
1569 1174 1716 1244 quod
1750 1174 1819 1229 ad
1852 1191 1940 1231 res
1965 1192 2065 1230 no-

489 1276 637 1326 stras
674 1277 926 1341 spectat,
953 1269 1096 1324 scito
1126 1284 1221 1323 eas
1251 1268 1413 1325 solito
1438 1281 1548 1321 non
1582 1282 1705 1322 esse
1731 1268 2069 1323 tolerabilio-

485 1379 597 1421 res.
634 1361 780 1417 Satis
837 1370 1019 1415 autem
1052 1362 1157 1416 erit
1189 1363 1293 1418 hoc
1321 1364 1539 1426 dicere,
1573 1370 1631 1416 ut
1670 1361 1770 1416 tibi
1815 1362 2066 1429 corporis

485 1456 665 1512 nostri
696 1455 990 1509 infirmitas
1037 1452 1468 1521 demonstretur.
1516 1453 1655 1508 Nam
1689 1454 1863 1509 morbi
1918 1469 2068 1508 nunc

485 1546 787 1607 detinentis
832 1544 1271 1616 magnitudinem
1293 1586 1308 1610 ,
1337 1562 1440 1603 nec
1474 1547 1658 1602 verbis
1680 1546 2067 1601 demonstrare

485 1639 680 1706 facile,
714 1656 816 1695 nec
862 1657 922 1697 re
970 1640 1345 1712 persuadere:
1377 1638 1650 1709 siquidem
1700 1640 1770 1693 iis
1812 1653 1935 1709 quae
1966 1654 2066 1693 no-

2169 535 2499 605 συγγνὼμης
2530 536 2662 605 παρ’
2695 537 2728 606 ἡ
2737 533 2855 605 μῶν
2882 531 3197 603 τυγχάνειν.
3239 529 3430 593 Ἀλλὰ,
3461 529 3564 598 τῆς
3592 530 3759 600 εἰρω-

2167 627 2314 692 νείας
2348 628 2555 697 ταύτης
2597 629 2902 697 ἀφέμενος,
2944 622 3227 678 ἐπίστελλε
3258 625 3390 693 ἡμῖν
3432 621 3523 675 διὰ
3566 624 3759 690 πάσης

2167 720 2514 789 προφάσεως.
2551 719 2674 771 Εἴτε
2704 716 2813 788 γὰρ
2844 718 2974 788 ἡμῖν
3017 715 3192 783 λόγων
3230 714 3511 784 μέτεστιν,
3554 712 3759 783 ἥδιστα

2166 807 2346 879 λογίου
2369 810 2560 881 ἀνδρὸς
2596 811 2920 881 γράμμασιν
2949 805 3310 877 ἐντευξόμεθα
3333 794 3442 875 (Si)
3466 821 3479 834 ·
3506 804 3621 857 εἴτε
3656 806 3759 856 καὶ

2165 902 2227 956 τὸ
2258 903 2357 971 τῆς
2405 900 2625 982 ἀγάπης
2671 900 2837 953 καλὸν
2871 900 2995 951 ὅσον
3028 898 3143 950 ἐστί
3171 939 3183 962 ,
3214 898 3366 969 παρά
3394 898 3493 967 τῆς
3524 897 3760 967 Γραφῆς

2169 992 2611 1063 πεπαιδεύμεθα,
2656 991 2749 1045 τοῦ
2793 990 2990 1055 παντὸς
3044 991 3202 1056 ἀξίαν
3252 990 3513 1059 τιθέμεθα
3552 988 3759 1059 ἀνδρὸς

2167 1082 2493 1151 ἀγαπῶντος
2537 1084 2686 1152 ἡμᾶς
2720 1081 2958 1152 ὁμιλίαν.
3014 1081 3110 1151 Eii;
3154 1080 3210 1132 δέ
3242 1097 3301 1133 σε
3334 1079 3569 1150 γράψειν
3596 1079 3635 1133 ἂ
3663 1081 3760 1132 εῦ-

2166 1174 2377 1247 χόμεθά
2419 1191 2502 1228 σοι
2546 1173 2726 1242 ἀγαθά
2748 1212 2763 1235 ,
2803 1173 2991 1240 ὑγείαν
3021 1171 3274 1242 σώματος
3298 1211 3312 1233 ,
3364 1171 3460 1225 καὶ
3486 1171 3758 1243 εὐθηνίαν

2166 1266 2316 1320 οἴκου
2351 1266 2585 1329 παντόςε
2622 1266 2704 1319 Τὰ
2747 1264 2805 1318 δὲ
2835 1264 3077 1335 ἡμέτερα
3111 1263 3275 1335 μηδὲν
3299 1263 3632 1335 ἀνεκτότερα
3661 1263 3757 1331 γίο

2166 1376 2345 1414 νωσκε
2378 1359 2477 1428 τῆς
2508 1357 2797 1429 συνηθείας
2836 1352 2995 1409 εἶναι.
3053 1356 3237 1427 Ἀρκεί
3272 1355 3329 1408 δὲ
3367 1354 3624 1408 τοσοῦτον
3666 1357 3758 1408 εἰ·

2167 1452 2288 1502 πεῖν
2314 1490 2328 1514 ,
2370 1448 2464 1501 καὶ
2513 1447 2847 1513 ὲνδείξασθαί
2885 1463 2965 1501 σοι
3002 1446 3098 1500 τοῦ
3152 1445 3403 1517 σώματος
3448 1444 3607 1515 ήμῶν
3648 1445 3755 1515 τὴν

2165 1540 2465 1593 ἀσθένειαν.
2500 1538 2610 1608 Τὴν
2645 1538 2752 1609 γὰρ
2782 1536 2878 1590 νῦν
2907 1536 3241 1607 κατέχουσαν
3271 1537 3421 1607 ἡμᾶς
3452 1537 3530 1598 είς
3559 1534 3623 1587 τὸ
3649 1537 3755 1607 ἀρ-

2168 1632 2395 1702 ρωστεῖν
2440 1629 2777 1701 ὑπερϐολὴν,
2812 1628 2936 1681 οὔτε
2971 1628 3114 1699 λόγῳ
3162 1627 3501 1693 ἐνδείξασθαι
3538 1626 3753 1698 ῥᾴδιον,

483 1748 680 1799 veras,
715 1734 895 1805 majus
940 1734 1223 1803 quidpiam
1277 1748 1307 1787 a
1355 1732 1516 1787 nobis
1563 1731 1631 1786 ad
1689 1732 2062 1786 inﬁrmitatem

2174 1722 2289 1775 οὔτε
2342 1722 2489 1795 ἔργῳ
2546 1721 2872 1791 πεισθῆναιο
2930 1720 3089 1793 εἴπερ
3141 1718 3408 1784 ἐκείνων,
3458 1713 3534 1773 ὧν
3579 1719 3755 1783 αὐτὸς

485 1823 772 1880 inventum
814 1832 922 1881 est.
961 1823 1081 1880 Jam
1116 1823 1212 1879 Dei
1264 1823 1393 1879 boni
1430 1837 1570 1893 opus
1619 1830 1705 1879 est
1751 1825 1895 1878 vires
1926 1824 2060 1877 mibi

2174 1815 2316 1885 ᾕδεις
2336 1855 2350 1879 ,
2376 1792 2584 1886 ⁷εὑρέθη
2628 1831 2682 1871 τι
2713 1815 2898 1868 πλεῖον
2932 1815 3060 1885 παρ’
3100 1814 3255 1885 ἡμῶν
3297 1815 3378 1875 εἰς
3405 1812 3750 1886 ἀρρωστίαν.

485 1914 766 1982 suﬂicere,
813 1924 872 1971 ut
900 1918 1170 1988 patienter
1206 1915 1377 1971 feram
1423 1914 1662 1970 inﬂictas
1705 1917 1957 1985 corporis
1992 1917 2061 1970 ad

486 2010 734 2061 nostram
791 2006 1084 2061 utilitatem
1117 2006 1307 2077 plagas
1339 2004 1407 2060 ab
1456 2019 1521 2059 co
1581 2004 1677 2075 qui
1712 2003 1852 2061 bene
1902 2004 2060 2060 nobis

486 2090 619 2149 facit
642 2090 775 2150 Deo.

961 2343 1296 2400 EPISTULA
1338 2344 1565 2401 CXCV'.

2167 1906 2303 1960 Θεοῦ
2330 1907 2387 1960 δὲ
2420 1906 2513 1960 τοῦ
2543 1906 2751 1976 ἀγαθοῦ
2776 1907 2936 1979 ἔργον
2969 1906 3150 1961 δοῦναι
3174 1910 3303 1978 ἡμῖν
3322 1906 3574 1976 δύναμιν,
3606 1905 3757 1977 πρὸς

2166 2000 2226 2052 τὸ
2251 2002 2307 2052 ὲν
2335 2001 2580 2071 ὑπομονῇ
2618 1999 2805 2071 φέρειν
2832 2000 2930 2063 τὰς
2956 1999 3049 2052 ἐπὶ
3083 2000 3413 2070 συμφέροντι
3461 2000 3596 2069 ἡμῖν
3648 2000 3756 2052 ἐπ-

2169 2109 2267 2161 αγο
2276 2092 2442 2163 μένας
2457 2092 2537 2155 είς
2560 2092 2620 2145 τὸ
2637 2093 2793 2162 σῶμα
2808 2091 3018 2163 πληγὰς
3042 2092 3193 2164 παρά
3214 2091 3308 2145 τοῦ
3330 2090 3763 2165 εὐεργετοῦντος

2172 2185 2316 2255 ἡμᾶς
2349 2184 2583 2256 Κυρίου.

2684 2344 3032 2400 amaram
3059 2342 3221 2411 me.

761 2475 1010 2530 Rationem
1032 2478 1193 2530 reddit
1221 2478 1434 2531 Basilius
1454 2494 1540 2530 cur
1563 2493 1678 2531 raro
1696 2480 1876 2530 scribat
1896 2492 1914 2529 :
1936 2478 2000 2529 ad
2025 2477 2369 2535 postulandum
2390 2490 2421 2527 a
2446 2480 2545 2531 Deo
2566 2475 2778 2529 reditum
2798 2476 3141 2540 episcoporum
3173 2474 3416 2527 hortatur.

622 2598 625 2599 ⁷
672 2604 1004 2674 Euphronio,
1038 2608 1282 2679 episcopo
1317 2608 1557 2664 Colonia:
1592 2612 1878 2665 Armenias.

552 2716 855 2788 Propterea
877 2718 1027 2789 quod
1070 2720 1231 2791 longe
1258 2720 1455 2776 dissita
1483 2732 1568 2777 est
1607 2699 1661 2777 an
1686 2722 1791 2778 viis
1821 2723 2059 2792 publicis

483 2809 744 2873 Colonia,
776 2827 943 2881 quam
990 2813 1088 2866 tibi
1126 2811 1391 2868 Dominus
1433 2814 1850 2884 gubernandam
1884 2814 2066 2869 credi-

486 2900 602 2963 dit,
645 2902 859 2957 etiamsi
912 2918 1060 2973 δεῦρο
1100 2905 1317 2957 caeteris
1368 2905 1603 2960 minoris
1643 2904 1918 2961 Armeniae
1950 2905 2064 2960 fra-

2254 2609 2571 2678 Εὺρρονίῳ
2590 2650 2605 2676 ,
2637 2609 2948 2673 ἐπισκόπῳ
2975 2608 3312 2673 [ialm-stac
3351 2604 3681 2675 Ἀρμενίας.

2233 2721 2331 2775 Δια
2360 2722 2421 2774 τὸ
2456 2721 2673 2792 μακρὰν
2705 2720 3017 2792 ἀπῳκίσθαι
3050 2720 3160 2773 τῶν
3188 2719 3523 2790 ὁδευομένων
3559 2719 3761 2773 τόπων

2168 2815 2268 2885 τὴν
2297 2814 2605 2869 Κολὼνειαν
2626 2853 2641 2880 ,
2687 2815 2753 2886 ἣν
2781 2815 2811 2867 ὁ
2843 2812 3045 2885 Κύριος
3080 2812 3279 2867 ἔδωκεν
3323 2812 3430 2865 ὑπὸ
3462 2812 3546 2865 σοὶ
3574 2810 3763 2865 διιθῦ-

2170 2904 2353 2957 νεσθαι
2377 2944 2391 2967 ,
2436 2904 2696 2967 πολλάκις
2729 2903 2830 2958 κᾶν
2865 2907 2979 2967 τοῖς
3014 2902 3194 2965 ἄλλοις
3223 2901 3474 2971 ἀδελφοῖς
3500 2901 3761 2955 ἐπιστέλ-

485 2992 668 3048 tribus
720 2994 956 3048 scribam
992 3032 1007 3057 ,
1048 3008 1193 3064 aegre
1244 3003 1424 3047 tamen
1475 2993 1544 3047 ad
1597 3003 1747 3048 tuam
1802 2995 2059 3064 pietatem

2174 2997 2350 3068 λωμεν
2382 2998 2496 3060 τοῖς
2542 2997 2686 3051 κατά
2728 3001 2829 3067 τὴν
2871 2998 3074 3069 μικρὰν
3133 2997 3457 3068 Ἀρμενίαν,
3500 2993 3760 3065 ὀκνηρῶς

487 3085 696 3141 litteras
724 3086 901 3149 mitto,
929 3086 1206 3142 neminem
1244 3102 1475 3157 sperans
1510 3087 1779 3152 futurum,
1807 3087 1903 3157 qui
1936 3088 2059 3143 illas

2174 3090 2461 3160 πέμπομεν
2500 3090 2806 3162 γράμματα
2844 3092 2979 3163 πρὸς
3016 3090 3115 3161 τὴν
3154 3089 3443 3143 εὐλάϐειάν
3483 3104 3576 3141 σου
3603 3127 3620 3151 ,
3650 3104 3762 3158 μη-

486 3193 556 3233 eo
597 3193 772 3248 usque
802 3177 1065 3249 perferat.
1097 3177 1233 3233 Cum
1280 3189 1460 3232 autem
1514 3194 1662 3233 nunc
1706 3193 1919 3247 sperem
1969 3185 2062 3232 aut

2174 3178 2293 3231 δένα
2338 3179 2649 3244 ἐλπίζοντες
2700 3177 2839 3234 εἶναι
2892 3182 2984 3234 τὸν
3024 3182 3216 3252 μέχρις
3251 3181 3473 3233 ἐκείνων
3504 3180 3761 3249 διακομί-

487 3277 543 3325 te
588 3268 905 3324 adfuturum
929 3310 943 3331 ,
976 3277 1071 3323 aut
1102 3270 1395 3340 epistolam
1430 3270 1499 3324 ab
1530 3270 1809 3340 episcopis
1856 3268 2061 3338 quibus

2174 3269 2352 3333 ζοντα.
2402 3270 2563 3323 Ἀλλά
2590 3270 2685 3324 νῦν
2712 3272 2744 3344 ἢ
2769 3273 2931 3326 αὐτόν
2961 3290 3020 3325 σε
3048 3271 3382 3345 παρέσεσθαι
3413 3271 3760 3343 προσδοκῶν-

488 3362 706 3425 scribo,
749 3376 871 3416 esse
910 3361 1073 3432 287
1106 3361 1173 3414 ad
1209 3370 1261 3416 te
1311 3362 1829 3429 transmittendam;
1860 3369 1913 3416 et
1955 3369 2062 3414 tuae

2174 3381 2289 3428 τες,
2326 3363 2359 3435 ἢ
2410 3363 2925 3435 διαπεμφθήσεσθαι
2973 3366 3073 3437 τὴν
3122 3364 3423 3434 ἐπιστολὴν,
3460 3362 3612 3434 παρά
3641 3364 3763 3416 τῶν

490 3453 674 3509 scribo
708 3455 927 3524 pietati,
979 3462 1033 3506 et
1088 3459 1140 3506 te
1193 3469 1289 3522 per
1320 3454 1531 3509 litteras
1582 3455 1799 3520 saluto;
1832 3470 1957 3508 cum
2006 3463 2062 3510 te

2174 3454 2486 3507 ἐπισκόπων
2534 3449 2613 3517 οἷς
2648 3455 3041 3526 ἐπεστείλαμεν
3066 3497 3081 3519 ,
3111 3454 3206 3510 καὶ
3240 3456 3522 3526 γράφομεν
3550 3456 3621 3524 τῇ
3663 3454 3764 3506 εὑ-

489 3547 781 3601 certiorem
841 3546 1050 3601 iaciens
1076 3544 1250 3600 videri
1286 3562 1374 3601 tne
1426 3547 1607 3600 adhuc
1654 3548 1710 3601 in
1746 3560 1891 3601 terra
1936 3562 2057 3602 ver-

2174 3545 2359 3616 λαδείᾳ
2391 3563 2483 3599 σου
2505 3587 2519 3609 ,
2549 3547 2644 3601 καὶ
2675 3547 3153 3619 προσαγορεύομεν
3195 3564 3255 3600 σε
3295 3547 3386 3601 διὰ
3436 3545 3527 3600 τοῦ
3566 3546 3768 3616 γράμ-

490 3639 638 3702 cari;
689 3647 804 3691 tum
863 3637 1205 3701 adhortans,
1268 3652 1367 3707 pro
1426 3654 1513 3691 me
1567 3646 1626 3691 ttt
1679 3638 1958 3708 preceris,
2005 3645 2065 3692 ttt

2174 3652 2382 3706 ματος,
2439 3636 2574 3707 ὁμοῦ
2628 3638 2727 3707 μὲν
2766 3639 3155 3709 σημαίνοντες,
3207 3639 3290 3692 ὅτι
3343 3636 3611 3708 δοκοῦμεν
3671 3637 3767 3692 ἔτι

488 3743 766 3785 aerumnas
800 3744 863 3783 ac
885 3729 1230 3784 calamitates
1263 3731 1473 3783 minuat
1497 3729 1867 3793 Dominus,'et
1895 3732 2063 3785 velte-

2174 3726 2308 3784 εἶναι
2356 3732 2496 3802 ὑπὲρ
2519 3731 2623 3803 τῆς
2665 3733 2802 3802 γῆς,
2833 3731 2969 3805 ὁμοῦ
3014 3733 3071 3787 δὲ
3111 3732 3553 3803 παρακαλοῦντες
3582 3749 3771 3803 προσ-

491 3834 648 3875 mens
675 3820 808 3875 illud
843 3820 1053 3890 doloris
1081 3821 1330 3890 pondus,
1369 3837 1515 3877 nunc
1552 3821 1815 3878 cordibus
1851 3823 2059 3877 nostris

2174 3820 2416 3892 εὐχεσθαι
2463 3822 2604 3894 ὑπὲρ
2656 3822 2846 3894 ἡμῶν,
2896 3824 2982 3877 ἵνα
3018 3826 3047 3877 ὁ
3089 3822 3294 3891 Κύριος
3337 3820 3616 3893 ἐλαττώσῃ
3653 3823 3770 3886 τὰς

492 3911 906 3979 incumbentis,
943 3914 1110 3968 veluti
1169 3915 1367 3969 nubem
1420 3912 1750 3983 quamdam,
1807 3928 1837 3966 a
1895 3913 2057 3969 nobis

2174 3911 2417 3981 θλίψεις,
2447 3912 2544 3965 καὶ
2580 3911 2641 3965 τὸ
2697 3913 2832 3967 πολὺ
2877 3913 3036 3968 τοῦτο
3068 3913 3234 3985 βάρος
3284 3913 3383 3984 τῆς
3416 3913 3609 3985 ὀδύνης
3656 3918 3771 3985 τῆς

2169 4005 2264 4060 νῦν
2297 4007 2655 4084 ἐπικειμένης
2694 4011 2814 4072 ταῖς
2843 4008 3095 4081 καρδίαις
3123 4008 3315 4080 ἡμῶν,
3346 4003 3459 4064 οἶόν
3490 4026 3542 4062 τι
3569 4009 3768 4077 vei-acc,

2170 4097 2267 4165 ἀφ’
2305 4096 2463 4168 ἡμῶν
2487 4098 2769 4171 ἀπαγάγῃ.
2807 4100 2999 4153 Ἔσται
3027 4100 3085 4154 δὲ
3110 4099 3269 4154 τοῦτο
3303 4100 3397 4154 ἐὰν
3425 4102 3650 4171 ταχεῖαν
3684 4103 3772 4175 δῷ

2168 4188 2269 4256 τὴν
2316 4186 2579 4242 ἐπάνοδον
2632 4192 2746 4254 τοῖς
2796 4191 3232 4261 θεοφιλεστάτοις
3283 4193 3643 4256 ἐπισκόποις,
3714 4193 3771 4249 οι

2169 4275 2265 4329 νῦν
2298 4279 2436 4333 εἰσιν
2487 4281 2546 4334 ὲν
2580 4282 2647 4351 τῇ
2698 4280 2967 4354 διασπορᾷ
2990 4321 3005 4347 ,
3034 4280 3192 4347 δίκας
3221 4281 3455 4347 διδόντες
3491 4281 3635 4354 ὑπὲρ
3655 4282 3772 4354 τῆς

2171 4368 2482 4434 εὐσεϐείας.

492 4005 833 4060 submoveat.
870 4002 986 4060 lloc
1016 4013 1197 4061 autem
1247 4007 1558 4075 continget,
1594 4005 1640 4060 si
1687 4006 1921 4061 celerem
1971 4006 2065 4061 det

491 4094 726 4149 reditum
751 4095 1182 4163 religiosissimis
1211 4095 1508 4164 episcOpis,
1538 4094 1633 4165 qui
1658 4110 1806 4151 nunc
1825 4097 2062 4166 dispersi

492 4194 645 4250 sunt,
667 4199 862 4254 poenas
892 4199 991 4255 pro
1021 4185 1223 4255 pietate
1255 4184 1581 4255 pendentes.

947 4514 1286 4573 EPISTOLA
1318 4516 1589 4575 CXCVI".

2679 4527 3026 4582 ΕΠΙΣΤΟΛΗ
3061 4529 3239 4598 Ρισι.

495 4652 709 4707 Basilius
730 4652 945 4719 Aburgia
964 4654 1237 4719 gratulatur
1257 4668 1471 4707 summa:
1488 4656 1712 4720 Iwnoree,
1735 4670 1794 4709 ac
2325 4664 2513 4719 exitum
2540 4673 2788 4729 precatur,
2812 4678 2958 4733 seque
2982 4666 3290 4734 gravissimis
3311 4666 3494 4719 morbis
3531 4646 3785 4721 debilin

517 4910 533 4928 μ
1154 4849 1195 4901 Α
1208 4847 1393 4921 burgt'o

566 4960 827 5017 Prosilire
879 4968 936 5017 te
990 4962 1169 5017 inStar
1222 4964 1541 5029 stellarum,
1583 4965 1747 5021 modo
1805 4967 1862 5022 in
1923 4968 2066 5036 bac,

495 5056 661 5141 modo
719 5055 775 5110 in
827 5055 921 5111 illa
980 5055 1344 5111 barbarorum
1396 5057 1624 5127 regione
1674 5069 2066 5130 apparentem,

494 5162 644 5202 nunc
677 5145 900 5218 quidem
923 5162 1199 5204 annonam
1228 5149 1499 5206 militibus
1527 5150 2066 5218 subministrantem,

494 5252 645 5294 nunc
703 5253 837 5294 vero
913 5239 1236 5313 imperatori
1304 5242 1365 5298 in
1434 5243 1726 5316 splendido
1803 5251 2068 5318 apparatu

569 5391 769 5467 {Alias
797 5392 1300 5467 CQlel._Scripta
1333 5409 1481 5451 anno
1503 5397 1628 5451 375.

573 5463 616 5532 ξ’
643 5465 793 5532 Alias
822 5465 1091 5520 CCCLIX.
1122 5463 1337 5532 Scripta
1363 5482 1507 5521 anno
1534 5468 1660 5523 5'75.

716 5535 1187 5612 _:Brjtev£dpeo_a.
1228 5529 1329 5612 Sic
1375 5553 1510 5612 mss.
1538 5538 1760 5612 codices
1797 5544 1854 5612 et
1895 5541 2070 5612 prima

498 5600 674 5740 figite
714 5600 1067 5662 Parisiensis.
1116 5606 1340 5677 Legitur
1385 5606 1442 5661 in
1502 5608 1745 5663 secunda
1804 5600 2072 5674 ὲντὲυξοί-

571 5740 686 5816 (52)
727 5744 1112 5811 Στρατιωτικὰ
1136 5744 1492 5817 παρέχοντα.
1532 5744 1622 5803 Sic
1654 5744 1801 5801 Harl.
1834 5755 1888 5803 et
1923 5758 2072 5805 uter-

2805 4860 3133 4930 Ἇόουργιῳ.

2246 4978 2492 5050 Διᾴττειν
2521 4993 2582 5030 σε
2621 4993 2699 5041 ως
2746 4977 2877 5041 τοὺς
2928 4977 3201 5051 ἀστέρας,
3230 4979 3422 5032 ἄλλοτε
3463 4994 3573 5032 κατ
3634 4980 3769 5036 ἄλλο

2178 5066 2345 5138 μέρος
2381 5065 2483 5135 τῆς
2532 5064 2877 5140 βαρϐαρικῆς
2918 5068 3237 5138 ἀνίσχοντα,
3275 5066 3371 5121 νῦν
3399 5068 3501 5138 μὲν
3541 5072 3768 5142 σιτηρέ-

2178 5174 2271 5211 σια
2328 5158 2703 5229 στρατιωτικά
2758 5157 3069 5230 παρέχοντα
3108 5158 3221 5231 (52)
3245 5198 3263 5223 ,
3314 5158 3413 5214 νῦν
3455 5158 3516 5215 δὲ
3553 5160 3768 5232 ﬂantis!

2177 5246 2507 5318 φαινόμενον
2562 5247 2704 5318 μετὰ
2739 5244 2994 5320 λαμπροῦ
3045 5248 3142 5304 τοῦ
3196 5249 3477 5321 σχήματος
3504 5287 3527 5316 ,
3563 5253 3600 5323 ή
3654 5253 3769 5306 τῶν

2173 5400 2488 5480 que_(39_isl.
2537 5417 2663 5480 eum
2702 5399 2838 5480 Reg.
2880 5404 3147 5480 secundo.
3179 5403 3328 5480 Editi
3367 5404 3448 5479 τῷ
3492 5423 3766 5480 στρατιω-

2172 5470 2332 5541 τικῷ.
2367 5470 2523 5542 Smpe
2557 5474 2611 5526 in
2650 5470 2970 5543 provincias
2995 5483 3152 5530 extra
3179 5470 3433 5531 ordineni
3465 5470 3765 5533 mitteban-

2175 5546 2267 5619 tur
2298 5543 2393 5610 qui
2432 5557 2719 5619 annonam
2766 5545 3505 5619 militaremexpedirentet
3531 5549 3765 5619 diligen-

2173 5613 2287 5666 tius
2315 5622 2664 5673 curarent,ut
2688 5613 2849 5670 docet
2877 5613 3247 5671 Gothofredus
3277 5616 3346 5669 ad
3389 5618 3491 5672 lib.
3526 5634 3601 5672 vn
3634 5613 3758 5671 cod.

2174 5678 2383 5763 Tneod.
2415 5680 2635 5763 'bluntts
2662 5684 2936 5754 ejusmodi
2973 5688 3210 5762 Aburgio
3233 5688 3602 5746 commissum
3632 5702 3756 5763 gra-

2174 5750 2385 5807 tulatur
2413 5750 2666 5811 Basilius-
2692 5750 2706 5754 ’
3122 5750 3152 5762 ⁷
3634 5750 3662 5763 ⁷
3756 5790 3764 5799 .
