3852 6220
97 365 216 422 709

1028 358 1514 416 EPISTOLARUM
1550 359 1834 416 CLASSIS
1871 359 1936 414 ll.
1978 357 2197 416 EPIST.
2233 358 2488 416 CXCV".

3279 351 3382 408 ’ΠΟ

96 477 333 547 ἀγαθῶν
385 475 616 546 ἄγγελος
675 476 832 546 φήμη
887 473 1228 542 ἀγγέλλουσα
1289 477 1419 545 ἡμῖν
1466 475 1578 544 (55)
1631 475 1692 527 οὐ

1809 481 2068 530 astantem
2098 514 2111 532 .
2141 475 2334 528 nuntia
2356 474 2624 528 bonorum
2651 470 2792 526 fama
2825 468 2986 526 nobis
3013 483 3235 524 narrare
3269 483 3380 522 non

97 569 395 623 διαλείπει.
453 567 740 640 Εὐχόμεθα
779 567 837 620 δὲ
876 565 955 636 τῷ
989 566 1108 637 Θεῷ
1131 607 1144 630 ,
1213 567 1354 619 κατὰ
1389 567 1544 633 λόγον
1583 566 1692 636 (54)

102 678 191 714 σοι
231 660 530 732 προϊοῦσαν
569 659 669 729 τὴν
707 657 1070 730 ἐπιχείρησιν,
1102 657 1194 710 ἐπὶ
1234 658 1376 726 μέγα
1413 674 1469 710 σε
1500 658 1695 728 προελ-

102 753 264 818 θεῖν,
297 753 394 806 καὶ
426 751 662 823 φανῆναί
697 768 826 804 ποτε
865 753 930 821 τῇ
968 749 1186 820 πατρίδι
1223 749 1328 812 ἕως
1358 749 1522 819 ἐσμὲν
1558 749 1692 819 ὑπὲρ

103 845 214 915 γῆς
240 887 257 909 ,
301 847 397 898 καὶ
442 843 532 896 τὸν
571 843 711 916 ἀέρα
755 841 941 896 τοῦτον
987 841 1287 911 ἀνέλκομεν
1321 840 1454 910 (55),
1496 839 1698 893 Τοσοῦ.

102 951 199 988 τον
225 934 338 1005 γὰρ
364 933 614 1005 μέτεστιν
637 935 770 1003 ἡμῖν
791 932 886 985 τοῦ
915 931 1056 1002 βίου,
1084 932 1206 984 ὅσον
1227 931 1484 985 ἀναπνεῖν
1512 931 1689 1001 μόνον.

627 1135 978 1190 summm
1014 1136 1172 1202 Pw-

1801 573 2005 620 cessat.
2068 564 2238 620 Deum
2285 573 2467 619 autem
2501 577 2715 634 precor,
2759 571 2842 628 ut,
2878 562 3098 632 incepto
3145 563 3244 618 tibi
3279 577 3382 632 pro

1802 656 2014 711 meritis
2049 655 2415 720 succedente,
2457 655 2526 711 ad
2572 670 2833 724 magnum
2867 654 3128 725 quiddam
3177 656 3382 712 eveha-

1799 749 1879 802 ris
1914 765 1927 802 :
1960 755 2015 802 et
2056 749 2277 803 tandem
2329 749 2626 819 aliquando
2661 747 3033 817 conspiciaris
3065 747 3119 800 in
3161 748 3334 818 patria
3359 785 3378 812 ,

1801 839 1930 891 dum
1985 839 2041 892 in
2091 840 2254 894 terris
2296 855 2490 894 versor
2543 847 2708 909 atque
2767 839 2916 893 hunc
2975 853 3158 893 aerem
3208 839 3372 893 duco.

1799 923 1858 980 In
1911 927 2017 979 hoc
2073 927 2220 980 cnim
2274 935 2485 982 tantum
2539 927 2665 982 vitae
2703 927 2979 998 particeps
3033 920 3192 994 sum,
3233 927 3378 999 quod

1798 1020 2033 1090 respiro.

2262 1137 2606 1192 EPISTULA
2643 1135 2920 1192 CXCVll'.

103 1252 394 1317 Ambrosius
416 1248 577 1317 missis
603 1247 1093 1317 clericis__Basilium_
1109 1255 1382 1317 rogaverat,
1405 1255 1454 1298 ut
1475 1245 1566 1317 sibi
1586 1262 1762 1314 corpus
1796 1249 1920 1317 beati
1954 1249 2176 1317 Dionysii
2221 1250 2599 1317 llicdiofmignsis
2637 1250 2942 1300 redderetur.
2996 1255 3246 1310 respondet
3271 1253 3382 1317 ejus

168 1314 348 1365 litteris
371 1311 604 1382 Basilius.
630 1309 1763 1382 mirabilemgratulaturlelertionenr.hortatur
1788 1313 1852 1360 ad
1867 1309 2348 1382 (Patruin’sequcmlo
2370 1309 3121 1382 vestigia.nui-rumneNarrate,
3141 1309 3383 1382 quomodo
3411 1323 3417 1332 '

165 1375 490 1440 corpusbegli
517 1371 793 1440 Dionysiia
813 1371 1058 1440 ﬁniemus,
1082 1372 1166 1436 qui
1190 1372 1314 1423 illud
1346 1371 1699 1436 custodiebant,
1729 1371 2034 1440 impetratum
2056 1371 2221 1438 luerit,
2245 1387 2302 1422 ac
2327 1387 2465 1424 veras
2487 1371 2589 1423 esse
2613 1371 2745 1422 illius
2780 1371 3013 1437 reliquias
3041 1371 3310 1434 assereret,
3334 1379 3382 1423 et

163 1433 455 1490 ceriissimis
479 1433 777 1501 argumentis
806 1433 1076 1498 conﬁrmat.

333 1537 684 1608 Ἄμϐροσίῳ,
727 1536 1036 1600 ἐπισκόπῳ
1077 1535 1482 1590 Μεδιολάνων.
1532 1561 1534 1564 ν

176 1653 230 1706 Ι.
267 1650 518 1720 Μεγάλαι
551 1650 640 1702 ἀεὶ
673 1649 768 1702 καὶ
795 1647 989 1700 πολλαὶ
1023 1647 1117 1700 τοῦ
1147 1649 1418 1701 Δεσπότου
1451 1647 1609 1719 ἡμῶν
1642 1652 1696 1703 ai

1985 1562 1996 1573 -
2081 1536 2386 1600 Ambrosio,
2417 1536 2658 1604 episcopo
2691 1534 3102 1590 Mcdiolanensi.

1875 1648 1928 1701 1.
1962 1644 2159 1715 Magna
2196 1661 2412 1715 semper
2440 1653 2495 1700 et
2527 1646 2696 1698 multa
2731 1646 2943 1700 Domini
2989 1647 3162 1700 nostri
3197 1647 3339 1702 dona
3361 1687 3378 1713 ,
3411 1685 3414 1689 -

103 1744 341 1816 δωρεαὶ,
377 1742 473 1794 καὶ
505 1739 628 1794 οὔτε
657 1740 718 1793 τὸ
755 1738 984 1810 μέγεθος
1019 1739 1200 1792 αὐτῶν
1245 1742 1512 1812 μετρητὸν
1535 1784 1547 1805 ,
1579 1739 1701 1793 οὕτε

1809 1751 1906 1792 nec
1957 1750 2150 1791 eorum
2200 1734 2635 1804 rnaguittulinem
2672 1735 2885 1798 metiri,
2929 1745 3024 1788 aut
3065 1738 3380 1792 multitudi-

105 1837 169 1888 τδ
205 1833 413 1902 πλῆθος
445 1825 768 1902 ἀριθμητόν.
803 1829 918 1882 Μία
949 1829 1006 1882 δὲ
1037 1829 1144 1882 τῶν
1177 1829 1450 1899 μεγίστων
1479 1829 1699 1899 δωρεῶν

107 1926 224 1976 ἐστι
264 1925 379 1985 τοῖς
405 1908 743 1990 εὐαισθήτως
775 1917 1086 1988 δεχομένοις
1117 1917 1216 1980 τὰς
1246 1917 1477 1990 χάριτας
1528 1917 1623 1970 καὶ
1667 1919 1700 1988 ἡ

109 2013 362 2086 παροῦσα
397 2011 536 2082 αὕτη
562 2051 578 2076 ,
608 2011 692 2063 ὅτι
725 2010 972 2062 πλεῖστον
1009 2009 1117 2079 (56)
1151 2011 1297 2080 ἡμᾶς
1329 2012 1394 2079 τῇ
1431 2008 1576 2061 θέσει
1607 2008 1700 2061 τοῦ

106 2107 276 2159 τόπου
303 2102 669 2176 διῃρημένους
698 2101 898 2154 ἔδωκεν
934 2100 1182 2170 ἀλλήλοις
1212 2099 1577 2154 συνάπτεσθαι
1614 2100 1702 2154 διὰ

107 2198 208 2266 τῆς
235 2198 294 2250 ὲν
329 2199 444 2258 τοῖς
472 2193 765 2267 γράμμασι
799 2193 1260 2265 προσφωνήσεως.
1305 2192 1418 2244 Καὶ
1448 2191 1702 2260 γνώσεως

109 2290 312 2361 τρόπον
366 2287 545 2364 sum
593 2288 729 2357 ἡμῖν
780 2285 1112 2356 ἐχαρίσατο·
1167 2284 1265 2337 ἕνα
1320 2284 1418 2354 μὲν
1465 2284 1553 2338 διὰ
1604 2285 1702 2354 τῆς

111 2378 444 2448 συντυχίας,
483 2376 671 2447 ἓτερον
718 2375 775 2428 δὲ
825 2375 916 2427 τὸν
953 2373 1040 2426 διὰ
1079 2373 1178 2444 τῆς
1226 2371 1319 2424 τοῦ
1376 2369 1703 2442 γράμματος

109 2471 352 2542 ὁμιλίας.
402 2469 555 2522 Ἐπεὶ
591 2462 684 2520 οῦν
717 2464 1092 2537 ἐγνωρίσαμέν
1133 2481 1190 2517 σε
1235 2465 1302 2518 δι’
1332 2459 1405 2518 ὧν
1432 2466 1698 2534 ἐφθέγξω·

110 2563 205 2617 καὶ
239 2560 642 2631 ἐγνωρίσαμεν,
677 2559 739 2610 οὐ
767 2557 857 2610 τὸν
885 2556 1197 2627 σωματικὸν
1225 2560 1550 2629 χαρακτῆρα
1584 2561 1703 2622 ταῖς

115 2655 362 2726 μνήμαις
393 2651 551 2722 ἡμῶν
590 2649 1074 2718 ὲντυπωσάμενοι,
1131 2648 1267 2702 ἀλλὰ
1309 2649 1402 2702 τοῦ
1452 2649 1558 2703 ἔσω
1610 2653 1705 2705 ἁν-

113 2745 334 2816 θρὼπου
366 2745 428 2796 το
465 2741 656 2806 κάλλος
687 2744 754 2814 τῇ
805 2739 1047 2811 ποικιλίᾳ
1079 2740 1186 2794 τῶν
1232 2741 1406 2809 λόγων
1448 2759 1702 2812 καταμα-

114 2836 298 2899 θόντες
318 2877 333 2899 ,
366 2837 450 2889 ὅτι
481 2834 711 2898 ἕκαστος
738 2832 898 2904 ἡμῶν
929 2833 994 2886 ἐκ
1023 2832 1115 2885 τοῦ
1141 2833 1578 2905 περισσεύματος
1605 2837 1703 2905 τῆς

113 2927 342 2999 καρδίας
376 2926 559 2980 λαλεί⁶
594 2925 925 2996 ὲδοξόισαμεν
955 2925 1044 2978 τὸν
1078 2924 1210 2978 Θεὸν
1242 2926 1419 2996 ἡμῶν,
1458 2927 1549 2980 τὸν
1581 2927 1702 2982 καθ’

113 3019 358 3089 ἑκάστην
389 3018 583 3086 γενεὰν
609 3017 964 3088 ἐκλεγόμενον
996 3019 1123 3081 τοὺς
1154 3018 1302 3088 αὐτῷ
1343 3019 1702 3090 εὐαρεστοῦν-

112 3128 212 3175 τας
234 3128 248 3140 ·
279 3111 339 3173 ὃς
372 3110 634 3181 πρότερον
668 3109 767 3180 μὲν
805 3111 869 3162 ὲκ
897 3109 1007 3163 τῶν
1042 3111 1308 3180 ποιμνίων
1349 3111 1454 3162 τῶν
1499 3112 1702 3182 προϐά-
1729 3099 1771 3157 C

111 3219 219 3256 των
246 3202 469 3272 ἦγειρεν
508 3201 742 3272 ἄρχοντα
769 3199 850 3271 τῷ
878 3199 991 3271 λαῷ
1019 3201 1185 3254 αὑτοῦ
1207 3218 1220 3231 ·
1253 3201 1345 3254 καὶ
1383 3201 1473 3254 τὸν
1521 3201 1701 3272 ’Λμὼς

115 3298 179 3349 ὲκ
212 3294 310 3348 τοῦ
363 3294 609 3348 αἰπολίου
651 3293 1042 3364 ὲνδυναμώσας
1091 3294 1180 3347 διά
1225 3293 1319 3348 τοῦ
1362 3294 1698 3364 Πνεύματος,

117 3386 334 3455 ὕψωσεν
369 3387 448 3448 είς
506 3385 820 3455 προφήτηνο
865 3382 960 3435 νῦν
994 3383 1051 3436 δὲ
1102 3384 1272 3455 ἄνδρα
1305 3385 1370 3436 ἐκ
1417 3385 1514 3454 τῆς
1551 3385 1703 3454 βασι-

114 3478 378 3548 λευούσης
402 3476 630 3539 πόλεως,
665 3475 842 3547 ἀρχὴν
874 3475 996 3528 ὅλου
1031 3473 1214 3538 ἔθνους
1248 3477 1698 3545 πεπιστευμένον,

117 3569 319 3639 ὑψηλὸν
346 3566 424 3638 τῷ
455 3567 785 3638 φρονήματι,
828 3565 1018 3634 γένους
1055 3565 1432 3636 λαμπρότητι,
1465 3582 1701 3636 περιφα-

116 3662 236 3732 νείᾳ
272 3659 386 3730 βίου
409 3698 424 3721 ,
457 3658 632 3728 λόγων
677 3657 940 3727 δυνάμει,
975 3657 1112 3710 πᾶσι
1151 3661 1264 3719 τοῖς
1294 3657 1406 3726 (57)
1443 3658 1581 3710 κατὰ
1609 3657 1702 3710 τὸν

119 3749 231 3819 βίον
282 3747 641 3820 περίὸλεπτον
669 3785 684 3810 ,
721 3747 968 3800 εἵλκυσεν
1018 3748 1097 3810 είς
1135 3747 1234 3818 τὴν
1288 3747 1397 3799 τῶν
1441 3748 1702 3816 ποιμνίων

116 3840 209 3894 τοῦ
252 3837 492 3909 Χριστοῦ
527 3837 866 3907 ἐπιμέλειαν.
915 3838 1048 3900 Ὃς,
1097 3837 1276 3889 πάντα
1308 3836 1469 3909 ῥίψας
1503 3838 1571 3891 τὰ
1606 3836 1700 3889 τοῦ

119 3932 236 4002 βίου
268 3931 754 4001 πλεονεκτήματα,
805 3929 899 3982 καὶ
947 3929 1294 3999 ἡγησάμενος
1327 3929 1466 3982 αὐτά
1501 3928 1702 4000 ζημίαν

116 4024 205 4077 ἵνα
225 4021 462 4092 Χριστὸν
486 4021 726 4092 κερδήσῃ
757 4020 866 4090 (58)
887 4060 901 4083 ,
926 4021 1051 4082 τοὺς
1080 4022 1275 4083 οἴακας
1309 4019 1563 4084 δέξασθαι
1612 4023 1704 4074 ἐττ-

116 4115 330 4186 ετράπη
361 4114 459 4184 τῆς
500 4112 743 4183 μεγάλης
783 4113 876 4166 καὶ
906 4111 1231 4182 περιϐοήτου
1261 4112 1386 4180 νηὸς
1415 4113 1506 4164 ἐπὶ
1526 4115 1590 4182 τῇ
1624 4115 1702 4176 είς

114 4206 251 4259 Θεὸν
293 4205 509 4282 πίστει,
549 4203 642 4256 τοῦ
671 4200 909 4274 Χριστοῦ
954 4200 1299 4270 Ἐκκλησίας.
1335 4204 1467 4270 Ἀγε
1501 4203 1700 4269 τοίνυν,

113 4290 162 4351 ὧ
208 4294 347 4349 Θεοῦ
396 4293 684 4366 ἄνθρωπε,
739 4291 927 4363 ἐπειδὴ
955 4293 1185 4362 οὑ,παρ’
1225 4291 1527 4362 ἀνθρώπιον
1557 4310 1700 4364 παρ-

115 4385 311 4448 έλαϐες
356 4386 389 4455 ἢ
438 4384 722 4455 ἐδιδάχθης
769 4383 830 4436 τὸ
909 4382 1242 4450 Εὑαγγέλιον
1293 4382 1387 4436 τοῦ
1442 4381 1699 4453 Χριστοῦ,

115 4481 230 4548 ἀλλ’
257 4478 421 4540 αὑτός
472 4495 530 4530 σε
577 4479 606 4531 ό
656 4476 861 4548 Κύριος
907 4476 1014 4529 ἀπὸ
1060 4476 1166 4528 τῶν
1205 4476 1406 4546 κριτῶν
1453 4477 1552 4546 τῆς
1600 4477 1702 4548 γῆς
1736 4456 1779 4510 θ

112 4573 208 4628 ἐπὶ
259 4571 360 4642 τὴν
396 4569 666 4644 καθέδραν
703 4569 813 4640 (59)
854 4568 961 4642 τᾷέν
1014 4568 1328 4622 ἀποστόλων
1380 4569 1699 4640 μετέθηκεν,

183 4729 232 4764 ⁸³
254 4727 448 4782 Matth.
473 4741 572 4794 xu,
600 4725 691 4779 54.

184 4840 750 4916 (55)“41-ré.._l._lopo'_a
787 4834 952 4916 ἡμῖν.
985 4835 1100 4916 Duo
1139 4833 1502 4916 v_etustissmn
1543 4836 1698 4890 codi-

113 4904 210 4972 ces
241 4904 423 4967 c'oist:
448 4904 504 4965 'et
527 4911 663 4964 Med.
695 4907 1035 4981 amentiae;
1075 4904 1238 4981 ὑμᾶς.

184 4982 303 5054 (54)
342 4974 754 5054 Kq_td_._l_dror.
773 4977 954 5054 Mallet
982 4974 1275 5054 Combelisi

115 5044 226 5110 Sed
261 5044 473 5107 inutilis
504 5044 655 5105 illius
676 5047 1016 5116 conjectura.
1044 5044 1516 5116 Quemadmodum
1551 5047 1697 5098 enim

113 5127 324 5180 dicitur
345 5120 653 5190 παράλογος
681 5114 958 5190 συμφορά,
993 5114 1276 5190 calamitas
1305 5114 1604 5190 impurata,
1640 5123 1700 5168 ut

112 5204 200 5252 est
233 5193 380 5262 apud
422 5184 774 5262 Plutarchum
808 5184 972 5262 initio
1013 5185 1140 5238 libri
1180 5184 1257 5238 De
1298 5184 1697 5262 corisolutione;

113 5281 216 5318 cur
269 5255 382 5317 non
428 5261 594 5317 etiam
653 5259 873 5314 dicatur
925 5257 1204 5324 inceptum
1275 5255 1498 5324 aliquod
1559 5257 1700 5310 κατὰ

112 5335 276 5404 λόγον
317 5332 632 5404 succedere,
667 5345 794 5385 cum
827 5323 1226 5397 exspectationi
1267 5333 1323 5378 et
1366 5323 1580 5381 meritis
1615 5342 1704 5380 re-

113 5403 355 5460 spondet
368 5403 393 5455 ?

146 5422 730 5545 Ρῖἓὲξῖὶῂέλκομεν.
766 5466 842 5521 lta
876 5482 1012 5522 mss.
1037 5479 1156 5531 sex,
1180 5479 1281 5535 pro
1309 5479 1378 5519 eo
1404 5463 1552 5534 quod
1578 5474 1702 5521 erat

115 5545 176 5600 in
198 5543 379 5600 editis
414 5543 668 5611 ἕλκομεν.

188 5614 459 5686 (5611);:
481 5604 808 5686 πλεῖστον.
835 5605 912 5686 l_ta
947 5621 1080 5686 mss.
1125 5611 1180 5661 et
1218 5605 1458 5674 antiquas
1495 5604 1700 5661 editio-

113 5677 237 5740 nes.
270 5683 454 5738 Editio
480 5680 810 5735 Parisiensis
838 5679 921 5731 ὅτι
956 5677 1160 5730 πλεῖον.

193 5755 308 5827 (57)
352 5751 510 5809 Πᾶσι
548 5750 692 5804 τοῒτ.
739 5749 816 5805 lla
850 5746 1000 5803 Harl.
1033 5756 1262 5817 uterque
1298 5746 1434 5819 Reg.
1466 5752 1519 5800 et
1549 5751 1692 5800 uter-

1284 4988 1349 5027 us
1378 4973 1520 5027 κατά
1550 4974 1697 5028 νοῦν.

1802 1844 1927 1883 nem
1961 1828 2044 1882 fas
2087 1837 2173 1882 cst
2219 1843 2531 1881 numerare.
2572 1826 2751 1881 Unum
2785 1837 2968 1882 autem
3013 1845 3078 1882 ex
3127 1831 3382 1886 maximis

1803 1921 1964 1976 donis
1990 1961 2004 1984 ,
2032 1921 2166 1975 illud
2197 1922 2361 1975 etiam
2402 1927 2490 1975 est
2538 1919 2626 1973 his
2653 1921 2747 1990 qui
2785 1936 2892 1974 non
2929 1921 3050 1976 sine
3083 1937 3250 1977 sensu
3284 1923 3374 1977 be-

1803 2011 2000 2066 neﬁcia
2043 2012 2398 2081 suscipiunt,
2447 2012 2591 2080 quod
2643 2027 2791 2066 utmc
2839 2013 3161 2082 longissime
3210 2014 3380 2070 nobis

1801 2104 2051 2159 locorum
2083 2104 2374 2158 intervallo
2409 2103 2745 2158 distantibus
2773 2104 2924 2158 dedit
2951 2107 3092 2158 inter
3123 2120 3224 2159 nos
3249 2121 3386 2160 con-

1798 2197 1956 2267 jungi
1984 2212 2080 2267 per
2106 2197 2413 2250 litterarum
2453 2197 2864 2250 allocutionem.
2901 2197 2980 2251 Ac
3012 2198 3411 2266 cognoscendi-

1802 2291 2025 2362 quidem
2059 2290 2284 2344 modum
2325 2291 2599 2360 duplicem
2632 2289 2792 2343 nobis
2837 2289 3180 2358 impertivit:
3212 2306 3406 2344 unum.

1803 2399 1901 2454 per
1931 2397 2288 2453 congressum
2314 2423 2328 2447 ,
2375 2383 2610 2435 alterum
2645 2395 2775 2434 vero
2807 2396 2901 2450 per
2931 2381 3236 2436 litterarum
3268 2381 3406 2436 col--

1802 2475 2071 2545 loquium.
2108 2473 2380 2540 Quoniam
2412 2475 2578 2543 igitur
2606 2472 2968 2542 cognovimus
2991 2480 3043 2527 te
3073 2489 3138 2528 ex
3157 2473 3244 2528 his
3262 2487 3386 2543 quae

1803 2564 2021 2620 locutus
2049 2579 2108 2618 es
2139 2583 2152 2618 :
2186 2564 2544 2633 ριἰεηογίιιιυε
2579 2570 2759 2616 autem
2785 2602 2798 2624 ,
2833 2577 2942 2615 non
2975 2563 3225 2633 corporis
3246 2567 3390 2635 ligu-

1803 2671 1923 2717 ram
1974 2654 2254 2708 memoriae
2304 2663 2507 2708 nostra:
2538 2654 2956 2724 imprimentes,
3001 2655 3096 2710 sed
3146 2656 3388 2712 hominis

1804 2747 2008 2802 interni
2066 2746 2535 2816 pulchritudinem
2597 2761 2664 2800 ex
2737 2761 3056 2800 sermonum
3117 2751 3388 2805 varietate

1803 2837 2202 2908 perspicientes
2227 2874 2242 2898 ,
2286 2834 2560 2902 siquidem
2613 2835 2999 2902 unusquisque
3037 2845 3285 2890 nostrum
3318 2850 3388 2891 ex

1804 2928 2146 2983 abundantia
2167 2926 2354 2981 cordis
2387 2925 2724 2994 loquitur“;
2759 2925 3182 2994 glorilicarimus
3219 2927 3388 2984 Deum

1806 3017 2058 3074 nostrum
2119 3019 2212 3088 qui
2271 3018 2504 3088 singulis
2535 3018 2790 3073 :ctatibus
2821 3019 2974 3088 eligit
3023 3035 3116 3075 eos
3149 3020 3242 3090 qui
3284 3020 3389 3090 ipsi

1806 3112 2058 3181 placent,
2090 3126 2151 3164 ac
2179 3111 2335 3180 prius
2363 3109 2584 3180 quidem
2614 3127 2678 3164 ex
2701 3113 2886 3165 ovium
2917 3127 3077 3180 grege
3099 3113 3393 3168 suscitavit

1804 3203 2102 3270 principem
2143 3203 2346 3270 populo
2377 3218 2496 3265 suo,
2536 3208 2590 3255 et
2616 3202 2783 3256 Amos
2806 3219 2870 3256 ex
2903 3203 3095 3272 caprili
3127 3204 3392 3258 crrrrobo-

1805 3304 1987 3348 ratum
2025 3309 2052 3346 a
2093 3293 2302 3362 Spiritu
2341 3298 2394 3350 in
2427 3294 2747 3363 prephetam
2781 3295 2994 3359 evexit;
3030 3308 3174 3346 nunc
3205 3303 3388 3348 autem

1805 3384 1981 3436 \‘iru-m
2011 3399 2075 3437 ex
2105 3384 2252 3452 regia
2287 3384 2452 3448 urbe,
2480 3384 2656 3453 gentis
2680 3384 2848 3436 totius
2879 3390 3147 3436 rectorem
3173 3424 3186 3447 ,
3219 3384 3392 3453 288

1805 3475 1990 3526 animo
2024 3474 2354 3536 sublimem,
2404 3475 2626 3542 g-‘nrris
2673 3473 2962 3532 claritate.
3007 3489 3170 3542 opum
3205 3476 3390 3542 splen-

1804 3565 1973 3630 dore,
2007 3563 2226 3616 dicendi
2262 3562 2522 3616 facultate
2559 3565 2816 3617 erunibus
2857 3563 2911 3618 in
2942 3565 3145 3618 StBClth
3185 3567 3390 3635 degen-

1805 3655 1954 3708 tibus
1993 3655 2358 3723 conspieuum
2386 3695 2400 3719 ,
2439 3654 2505 3708 ad
2559 3656 2742 3725 gregis
2788 3653 2994 3710 Christi
3040 3671 3229 3711 curam
3263 3671 3398 3725 μετα,

1805 3745 1992 3801 traxit.
2046 3744 2150 3812 Qui
2199 3745 2504 3814 projiciens
2553 3747 2735 3800 omnia
2788 3748 2971 3801 steculi
3023 3743 3386 3817 ornamenta,

1805 3853 1979 3908 caque
2003 3838 2267 3892 damnum
2296 3838 2623 3893 existimans
2658 3849 2713 3893 ut
2737 3838 3020 3894 Christum
3054 3841 3384 3906 lucrifaciat,

1804 3927 2103 3984 commissa
2135 3927 2506 3996 gubernacula
2533 3930 2779 3998 suscepit
2808 3945 3021 3999 magna:
3041 3938 3094 3985 et
3126 3932 3196 3987 ob
3223 3931 3384 3986 ﬁdem

1805 4024 1858 4078 in
1895 4023 2064 4078 Deum
2096 4023 2473 4076 celeberrimae
2506 4024 2697 4088 naris,
2731 4023 2935 4080 Christi
2966 4024 3242 4080 Ecclesiae.
3273 4026 3388 4096 Ago

1805 4114 1992 4184 igitur,
2031 4127 2064 4166 ο
2110 4113 2274 4165 homo
2309 4111 2434 4176 Dei,
2469 4111 2913 4182 quandoquidem
2949 4128 3054 4166 non
3085 4113 3154 4167 ab
3202 4113 3384 4166 homi-

1805 4205 1968 4258 nibus
1996 4205 2258 4273 accepisti
2286 4211 2380 4256 aut
2409 4204 2641 4258 edoctus
2675 4221 2735 4258 es
2760 4202 3112 4274 Evangelium
3141 4203 3384 4267 Christi,

1806 4297 1901 4351 sed
1933 4296 2050 4365 ipse
2094 4305 2147 4349 te
2184 4293 2450 4350 Dominus
2484 4311 2548 4349 ex
2588 4304 2748 4350 terra:
2776 4295 3058 4365 judicibns
3089 4297 3153 4348 ad
3190 4295 3385 4349 cathe-

1807 4388 1961 4442 dram
1997 4390 2372 4458 apostolorum
2427 4387 2748 4444 transtulit:
2780 4397 2932 4442 certa
2969 4388 3171 4442 bonum
3208 4395 3387 4440 certa-

1807 4496 1930 4536 men
1960 4500 1972 4535 :
2005 4481 2352 4537 inﬁrmitates
2377 4483 2561 4552 populi
2596 4497 2730 4537 cura
2752 4522 2767 4546 ,
2797 4482 2842 4534 si
2873 4498 3032 4552 quem
3063 4481 3199 4535 forte
3229 4480 3386 4533 Aria-

1808 4589 1892 4628 ηαξ
1945 4574 2174 4629 insania:
2213 4575 2364 4630 labes
2421 4575 2645 4645 attigit:
2692 4587 2892 4628 reuora
2939 4581 3121 4628 vetera
3161 4570 3385 4625 Patrum

1807 4854 1914 4916 qu_e
1939 4837 2110 4916 Coisl.
2135 4841 2276 4898 Editi
2303 4845 2592 4916 πράγμασι
2616 4848 2746 4908 τοῖς.
2772 4844 2952 4898 Editio
2977 4842 3181 4914 llagan.
3202 4842 3386 4914 ἔργοις

1805 4911 2127 4984 τοῖςλῖεριιε
2156 4917 2223 4984 ίιι
2238 4911 2440 4968 δατὶιιο
2457 4911 2641 4984 gestis.

1879 4980 1992 5051 (58)
2038 4983 2338 5051 Κερδήσῃ.
2386 4980 2707 5040 llarlmanus
2745 4985 2915 5039 codex
2956 4999 3082 5038 cum
3127 4983 3388 5037 Medicaco

1805 5050 2112 5126 κερδήσῃς,
2146 5062 2201 5107 et
2250 5050 2376 5126 mox
2419 5057 2756 5126 ὲτιετράπης.
2790 5057 2993 5110 ibidem
3038 5058 3192 5109 deest
3217 5054 3390 5126 defia-

1811 5120 1934 5194 σθαι
1962 5120 2027 5194 ιιι
2048 5131 2279 5192 utroque
2311 5123 2480 5194 Regio
2509 5120 2750 5179 ctCoisl.
2780 5125 3045 5184 secundo,
3083 5124 3227 5193 quod
3263 5128 3387 5192 qui-

1807 5190 1930 5271 dem
1961 5190 2267 5271 elegantius
2301 5190 2514 5271 videtur
2545 5197 2757 5258 abesse,
2797 5211 2900 5271 nec
2951 5190 3134 5271 tamen
3183 5190 3382 5271 deleri,

1808 5265 1938 5333 quia
1970 5276 2078 5315 non
2122 5265 2348 5318 omnino
2378 5265 2636 5320 vitiosum
2669 5275 2753 5320 cst
2782 5277 2837 5320 et
2868 5267 2921 5319 in
2955 5267 3080 5320 aliis
3112 5265 3387 5333 antiquim

1808 5331 1964 5405 [ibus
2017 5333 2300 5405 codicibus
2360 5336 2577 5404 legitur.
2614 5335 2734 5389 Mox
2782 5337 2977 5391 vitiose
3037 5337 3091 5390 in
3148 5331 3387 5405 utroque

1808 5399 1982 5476 Regio
2004 5403 2261 5476 eLCoisl.
2285 5399 2536 5476 secundo,
2560 5407 2627 5475 τῇ
2661 5406 2756 5460 τοῦ
2787 5406 2921 5460 Θεοῦ
2958 5405 3277 5476 Ἐκκλησία.

1879 5471 1992 5540 (59)
2037 5473 2163 5526 Ἐπὶ
2207 5473 2323 5541 τὴν
2366 5471 2682 5542 καθέδραν.
2731 5475 2824 5531 Sic
2857 5485 2970 5532 tres
3021 5471 3389 5532 vetustissimi

1807 5542 2051 5617 codices.
2095 5541 2236 5617 Εὐίιὶ
2277 5545 2369 5597 ἐπὶ
2399 5545 2498 5617 τὴν
2525 5541 2837 5617 προεδρίαν.
2884 5547 3109 5617 Legitur
3165 5547 3388 5616 vulgata

1808 5613 2084 5680 scriptura
2120 5615 2186 5666 ad
2227 5630 2379 5668 oram
2416 5613 2810 5672 cudicis-li'arl.

1878 5686 1896 5706 ‘
1917 5683 2065 5740 Alias
2095 5682 2205 5740 LV.
2241 5683 2458 5756 Scripta
2489 5701 2633 5742 anno
2661 5686 2788 5743 575.
