3852 6220
441 325 538 380 7H
1764 321 1818 375 S.
1865 320 2030 374 BASll

2144 317 2360 374 mox!
3595 287 3719 367 τιεί

439 438 694 511 vestigia,
727 445 780 495 ct
805 439 1120 495 dilectionis
1145 454 1273 510 erga
1315 455 1416 495 nos
1452 438 1833 501 fundamento,
1867 434 2013 506 quod

2135 433 2384 501 ἱιγωνίζου
2418 429 2509 483 τὸν
2541 428 2702 482 καλὸν
2741 427 2925 497 ἀγῶνα
2947 469 2961 492 ,
2992 428 3283 500 διόρθωσαι
3311 425 3380 481 τά
3409 427 3706 498 ἀρξωστή-

442 547 474 586 a
507 539 562 586 te
606 523 812 600 iactum
861 542 946 587 est
977 572 992 595 ,
1031 533 1098 586 da
1132 547 1356 601 Operam
1391 541 1448 586 ut
1499 538 1857 601 superstrnas
1909 528 2016 582 fre-

2135 543 2270 597 ματα
2301 523 2394 578 τοῦ
2429 521 2558 576 λαοῦ
2579 561 2593 585 ,
2627 522 2680 574 εἴ
2721 538 2864 584 τινος
2905 521 3013 592 ἄρα
3047 521 3106 573 τὸ
3149 520 3320 583 πάθος
3353 519 3453 588 τῆς
3494 519 3711 590 ’Δρεια-

437 623 669 692 quentia
714 623 1131 677 salutationum.
1183 624 1274 678 Sic
1319 625 1465 679 enim
1507 621 1811 693 poterimus
1853 620 2019 675 vicini

2135 619 2220 690 γῆς
2247 616 2359 687 (60)
2398 614 2594 686 μανίας
2640 613 2814 684 ἥψατο
2839 630 2852 642 ·
2904 611 3208 666 ἀνανέωσαι
3241 610 3310 664 τά
3351 611 3557 681 ἀρχαῖα
3600 608 3711 661 τῶν

440 712 589 767 inter
618 728 721 767 nos
746 729 869 769 esse
901 715 1098 784 spiritu
1133 714 1350 769 etiamsi
1392 713 1736 769 habitatione
1771 711 2021 767 terrestri

2135 711 2383 784 Πατέρων
2423 711 2541 782 ἴχνη
2565 751 2578 774 ,
2616 711 2710 764 καὶ
2760 709 2856 779 τῆς
2888 707 3022 779 πρὸς
3052 708 3198 777 ἡμᾶς
3226 706 3446 774 ἀγάπης
3483 703 3543 755 ὃν
3579 717 3715 754 κατ-

436 803 735 873 plurimum
783 805 1157 876 sejungamur.

2135 805 2326 858 εϐἀλου
2361 803 2472 874 (61)
2506 803 2754 874 θεμέλιον
2777 801 3147 871 ἐποικοδομεῖν
3186 798 3458 864 σπούδαζε
3488 799 3558 866 τῇ
3588 812 3716 848 συν⁴

436 896 591 968 εχείᾳ
622 898 732 950 τῶν
775 904 1154 969 προσρήσεων.
1217 898 1375 952 Οὐτω
1422 897 1534 972 γὰρ
1591 896 1933 971 δυνησόμεθα
1969 897 2135 965 ἐγγὺς
2177 897 2421 968 ἀλλήλων
2482 891 2619 949 εἶναι
2677 895 2756 965 τῷ
2809 893 3116 963 πνεύματι,
3151 895 3200 944 εἰ
3241 891 3335 944 καὶ
3378 891 3446 960 τῇ
3497 887 3716 959 οἰκήσει

437 993 503 1061 τῇ
541 991 633 1043 ἐπὶ
658 990 757 1061 τῆς
783 994 886 1062 γῆς
913 992 1242 1064 παμπληθὲς
1267 994 1655 1066 ἀπῳκίσμεθα.

420 1077 425 1161 ί
508 1083 565 1138 2.
607 1082 760 1138 Tuus
793 1093 974 1140 autem
1009 1087 1066 1141 in
1109 1087 1488 1144 beatissimum
1543 1088 1864 1161 Dionysium
1897 1103 2020 1158 epi-

2193 1086 2248 1139 2.
2291 1084 2428 1138 Ἡδὲ
2458 1083 2587 1156 περὶ
2615 1082 2706 1136 τὸν
2743 1081 3157 1154 μακαριώτατον
3183 1079 3294 1152 (6‘2)
3324 1079 3600 1133 Διονύσιον
3623 1077 3716 1129 τὸν

422 1158 668 1248 scepum
708 1177 873 1232 ardor
907 1179 1078 1233 animi
1127 1195 1346 1236 omnem
1379 1182 1446 1236 de
1477 1190 1529 1236 te
1564 1197 1696 1253 erga
1731 1183 2019 1236 Dominum

2135 1179 2423 1232 ἐπίσκοπον
2449 1178 2728 1248 φιλοτιμία
2755 1194 2848 1230 σου
2876 1176 2970 1228 καὶ
3001 1174 3204 1244 σπουδὴ
3241 1172 3421 1224 πᾶσάν
3457 1187 3539 1223 σοι
3568 1187 3718 1240 μαρ-

440 1283 682 1322 amorem
704 1310 720 1334 ,
750 1273 1114 1325 reverentiam
1151 1272 1204 1326 in
1240 1281 1657 1334 antecessores,
1685 1281 1739 1328 et
1775 1273 2020 1327 studium

2135 1275 2280 1342 τυρεῖ
2314 1271 2534 1342 ἀγάπην
2563 1270 2698 1340 πρὸς
2731 1270 2820 1323 τὸν
2855 1268 3060 1340 Κύριον
3083 1309 3097 1332 ,
3127 1265 3293 1338 τιμὴν
3319 1267 3400 1328 είς
3427 1266 3557 1328 τοὺς
3582 1280 3723 1334 προ-

441 1357 566 1412 ﬁdei
600 1365 858 1413 testatur.
903 1360 1089 1414 Animi
1134 1363 1282 1414 enim
1317 1376 1447 1431 erga
1489 1361 1676 1416 ﬁdeles
1721 1377 2021 1416 conservos

2135 1364 2424 1428 λαϐόντας,
2467 1365 2706 1434 σπουδὴν
2740 1361 2868 1432 περὶ
2904 1362 3004 1432 τὴν
3049 1360 3256 1415 πίστιν.
3301 1359 3364 1411 Ἦ
3413 1358 3526 1428 γάρ
3577 1356 3718 1426 πρὸς

441 1447 664 1503 aﬂectio
697 1450 933 1505 refertur
963 1453 1031 1506 ad
1081 1452 1372 1508 Dominum
1393 1492 1408 1517 ,
1453 1455 1543 1507 cui
1589 1456 1938 1521 servierunt;
1970 1466 2026 1510 et

2135 1458 2253 1519 τοὺς
2287 1457 2472 1520 εὐνους
2515 1456 2624 1509 τῶν
2668 1453 2975 1526 ὁμοδούλων
3025 1453 3266 1516 διάθεσις
3295 1453 3394 1523 τὴν
3434 1450 3718 1520 ἀναφορὰν

441 1542 701 1612 quisquis
747 1557 879 1609 eos,
913 1545 1004 1614 qui
1045 1561 1142 1616 pro
1192 1545 1296 1601 ﬁde
1334 1546 1721 1612 decertarunt,
1751 1547 2022 1612 honorat,

2135 1550 2222 1602 ἐπὶ
2247 1549 2338 1602 τὸν
2371 1549 2646 1619 Δεσπότην
2677 1548 2788 1619 ἔχει
2809 1588 2823 1612 ,
2863 1540 2907 1615 ᾧ
2938 1546 3317 1600 δεδουλεύκασι
3337 1561 3349 1574 ο
3404 1545 3500 1596 καὶ
3532 1545 3561 1595 ὁ
3587 1543 3720 1603 τοὺς

438 1633 632 1689 eodem
662 1649 722 1690 se
745 1635 869 1690 ﬁdei
909 1637 1108 1693 ardore
1142 1640 1371 1695 accendi
1407 1642 1681 1706 ostendit,
1717 1643 1792 1696 ita
1827 1652 1888 1697 ut
1916 1656 2025 1697 una

2135 1641 2219 1695 διά
2271 1641 2452 1694 πίστιν
2498 1641 2805 1712 ἡθληκότας
2850 1639 3025 1711 τιμῶν
3079 1638 3234 1710 δῆλός
3291 1638 3408 1691 ὲστι
3461 1636 3554 1688 τὸν
3599 1635 3718 1687 ἴσον

439 1733 497 1779 et
543 1726 735 1782 eadem
795 1728 942 1784 actio
994 1730 1322 1800 multiplicis
1370 1733 1594 1790 virtutis
1648 1735 2024 1789 testimonium

2135 1733 2292 1802 ζῆλον
2329 1732 2467 1802 ἔχων
2520 1733 2619 1803 τῆς
2665 1732 2932 1795 πίστεως·
2968 1730 3110 1784 ὥστε
3170 1731 3270 1801 μία
3322 1728 3462 1798 αὕτη
3515 1727 3719 1799 πρᾶξις

440 1817 659 1874 habeat.
694 1818 894 1875 Notum
922 1829 1104 1878 autem
1142 1822 1378 1881 facimus
1403 1833 1512 1881 tua:
1544 1827 1600 1882 in
1632 1826 1859 1882 Christo
1891 1827 2027 1881 cha-

443 1909 629 1972 ritati,
658 1912 900 1978 Optimos
943 1909 1175 1977 fratres,
1217 1915 1311 1982 qui
1352 1930 1382 1968 a
1418 1923 1514 1970 tua
1550 1916 1754 1987 pietate
1799 1917 1867 1971 ad
1899 1917 2029 1972 boni

442 2000 626 2068 operis
682 2001 1054 2057 ministerium
1113 2006 1274 2060 electi
1337 2006 1597 2072 fuerunt,
1638 2009 1877 2079 primum
1903 2010 2030 2079 qui-

443 2091 566 2147 dem
606 2095 704 2147 toti
735 2095 883 2150 clero
925 2098 1139 2152 Iaudem
1177 2102 1512 2157 conciliasse
1549 2118 1764 2157 morum
1799 2119 2026 2160 suorum

441 2185 864 2252 concinnitate;
926 2189 1203 2259 siquidem
1282 2207 1382 2246 sua
1456 2193 1700 2263 ipsorum
1759 2194 2026 2251 modestia

331 2305 342 2314 -
441 2290 790 2334 communem
825 2282 1073 2336 omnium
1099 2283 1422 2354 gravitatem
1465 2286 2029 2354 indicabant;deinde

441 2384 577 2424 vero
636 2373 785 2426 omni
859 2373 1044 2429 studio
1109 2390 1173 2431 ac
1226 2375 1509 2448 diligentia
1556 2394 1688 2435 usos
1721 2419 1736 2443 ,
1791 2379 2028 2436 hiemem

449 2461 775 2532 imperviam
816 2482 926 2521 non
977 2467 1404 2537 reformidasse,
1436 2486 1501 2525 ac
1530 2473 1681 2526 omni
1715 2475 2028 2529 constantia

445 2552 702 2611 ﬁdelibus
734 2557 884 2612 beati
919 2560 1173 2628 corporis
1203 2562 1529 2620 custodibus
1559 2566 1932 2635 persuasisse,
1967 2573 2030 2620 ut

442 2646 580 2715 ipsis
613 2663 728 2701 suae
785 2649 1035 2719 ipsorum
1082 2651 1210 2706 vita:
1263 2653 1578 2722 prasidium
1635 2656 2024 2712 concederent.

442 2734 673 2792 Noveris
707 2748 922 2806 autem,
944 2757 1226 2813 nunquam
1259 2744 1508 2801 futurum
1538 2747 1712 2805 fuisse
1733 2788 1748 2813 ,
1782 2760 1843 2804 ut
1882 2751 2030 2821 prin-

441 2830 661 2898 cipatus
709 2840 805 2885 aut
855 2833 1140 2888 hominum
1187 2845 1491 2906 potestates
1543 2841 1652 2894 vim
1711 2842 2027 2898 hominibus

445 2921 554 2975 illis
597 2920 795 2977 aﬁ‘erre
847 2934 1108 2993 possent;
1160 2927 1268 2982 nisi
1320 2928 1518 2982 horum
1580 2929 1811 2984 fratrum
1858 2933 2027 2986 animi

2131 1824 2329 1896 πολλῆς
2376 1825 2576 1895 ἀρετῆς
2628 1824 2740 1895 ἔχει
2787 1823 2883 1896 τὴν
2921 1823 3244 1895 μαρτυρίαν.
3282 1821 3632 1893 Γνωρίζομεν
3662 1820 3719 1872 δέ

2132 1935 2227 1971 σου
2287 1920 2352 1989 τῇ
2410 1919 2466 1970 ὲν
2506 1915 2727 1989 Χριστῷ
2778 1917 2968 1988 ἀγάπῃ
2997 1957 3010 1976 ,
3059 1918 3142 1970 ὅτι
3197 1917 3247 1968 οἱ
3304 1913 3719 1968 σπουδαιότατοι

2130 2011 2384 2078 ἀδελφοὶ,
2435 2011 2486 2063 oi
2539 2009 2694 2081 παρά
2743 2013 2843 2082 τῆς
2896 2009 3181 2072 εὐλαϐείας
3219 2025 3312 2060 σου
3359 2008 3440 2069 είς
3483 2006 3584 2076 τὴν
3622 2004 3719 2058 τοῦ

2130 2102 2336 2171 ἀγαθοῦ
2407 2101 2571 2173 ἔργου
2623 2101 2898 2155 διακονίαν
2959 2099 3430 2172 προτιμηθέντες,
3498 2096 3722 2168 πρῶτον

2133 2195 2232 2266 μὲν
2280 2195 2442 2248 παντὶ
2477 2192 2556 2264 τῷ
2584 2194 2771 2264 κλήρῳ
2804 2192 3025 2246 ἔπαινον
3065 2193 3304 2261 ῆνεγκαν
3336 2189 3425 2242 διά
3467 2191 3568 2258 τῆς
3621 2189 3725 2256 ἒμ-

2133 2287 2352 2358 μελείας
2391 2286 2499 2339 τῶν
2541 2287 2793 2358 τρόπων·
2826 2288 2886 2338 ὲν
2932 2285 3043 2357 γὰρ
3076 2287 3143 2355 τῇ
3188 2281 3310 2336 καθ’
3354 2281 3586 2342 ἑαυτοὺς
3629 2280 3725 2331 εὐ-

2132 2379 2447 2451 σχημοσύνῃ
2496 2379 2559 2432 τὸ
2585 2378 2763 2432 κοινὸν
2794 2378 3013 2432 πάντων
3040 2375 3301 2437 εὐσταθὲς
3332 2373 3677 2443 κατεμήνυον
3703 2387 3720 2401 ·

2130 2471 2353 2534 ἔπειτα,
2406 2471 2556 2543 πάσῃ
2613 2470 2820 2541 σπουδῇ
2880 2470 2975 2523 καὶ
3035 2466 3304 2538 ἐμμελείᾳ
3359 2464 3722 2536 χρησάμενοι,

2130 2563 2546 2634 κατετόλμησαν
2603 2561 2704 2633 μὲν
2759 2562 3030 2633 χειμῶνος
3086 2560 3290 2614 ἀϐάτου
3315 2600 3330 2623 ,
3385 2559 3612 2612 ἔπεισαν
3663 2557 3724 2610 δὲ

2134 2655 2272 2727 μετά
2303 2655 2483 2726 πάσης
2515 2655 2758 2717 εὐτονίας
2796 2654 2922 2716 τοὺς
2950 2637 3177 2715 πιστοὺς
3211 2651 3456 2720 φύλακας
3497 2648 3592 2701 τοῦ
3628 2665 3726 2719 μα-

2131 2748 2323 2819 καρίου
2358 2745 2609 2817 σώματος
2663 2747 2732 2799 τὰ
2790 2745 3136 2816 φυλακτήρια
3185 2747 3286 2814 τῆς
3327 2742 3536 2796 ἑαυτῶν
3575 2742 3725 2812 ζωῆς

2132 2841 2531 2912 παραχωρῆσαι
2556 2839 2788 2902 τούτοις.
2819 2836 2930 2890 Καὶ
2959 2837 3195 2906 γίνωσκε
3216 2876 3231 2900 ,
3261 2836 3343 2888 ὃτι
3373 2833 3497 2887 οὔτε
3532 2834 3724 2904 ἀρχαὶ,

2130 2930 2254 2986 οὔτε
2285 2933 2595 2985 δυναστεῖαι
2646 2929 2950 3002 ἀνθρώπων
2987 2929 3279 2999 ὲξίσχυσαν
3325 2929 3390 2982 ἄν
3424 2944 3556 2980 ποτε
3600 2926 3726 2996 βιά-

446 3015 680 3071 ﬁrmitas
711 3031 808 3072 eos
859 3016 1102 3073 flexisset
1143 3029 1202 3073 ul
1252 3020 1530 3076 cederent.
1562 3021 1808 3077 Contulit
1842 3032 2024 3079 autem

2135 3023 2330 3077 σασθαι
2363 3024 2491 3086 τοὺς
2525 3021 2848 3094 ἀνθρώπους
2895 3020 3174 3083 ἐκείνουςο
3207 3021 3256 3072 εί
3301 3017 3374 3089 μὴ
3410 3018 3472 3070 τὸ
3507 3016 3728 3070 εὐτονον

443 3106 742 3174 plurimum
770 3108 837 3162 ad
871 3116 1114 3178 Optatam
1143 3125 1259 3165 rem
1303 3112 1697 3168 conﬁciendam
1732 3122 1786 3169 et
1815 3115 2030 3172 charis-

2135 3113 2231 3181 τῆς
2259 3113 2634 3184 προαιρέσεως
2658 3113 2766 3166 τῶν
2794 3112 3042 3181 ἀδελφῶν
3071 3111 3278 3165 τούτων
3310 3110 3729 3181 ἐξεδυσώπησεν

445 3197 569 3250 simi
602 3213 667 3253 ac
701 3199 1104 3270 religiosissimi
1136 3201 1229 3256 ﬁlii
1265 3204 1442 3258 nostri
1474 3203 1730 3261 Therasii
1769 3221 2026 3277 compre-

446 3292 654 3362 sbyteri
709 3296 1040 3362 praesentia,
1091 3299 1184 3364 qui
1232 3296 1514 3352 laboribus
1563 3298 1780 3354 itineris
1836 3309 2031 3370 sponte

446 3385 719 3453 susceptis
745 3427 760 3450 ,
787 3387 1253 3442 vehementiorem
1288 3388 1528 3444 ﬁdelium
1577 3391 1729 3445 illius
1771 3393 1878 3448 loci
1927 3394 2031 3446 im-

445 3483 634 3546 petum
685 3479 1048 3547 compressit,
1105 3485 1160 3533 et
1205 3495 1334 3533 cum
1387 3481 1725 3537 reluctantes
1778 3485 2032 3542 oratione

447 3582 550 3622 sua
577 3567 819 3624 flexisset
841 3609 856 3633 ,
900 3584 1087 3624 coram
1123 3570 1486 3640 presbyteris,
1515 3570 1788 3638 diaconis,
1811 3575 2030 3630 multis-

447 3675 558 3730 que
607 3660 731 3716 aliis
785 3659 956 3715 Deum
1009 3660 1340 3716 timentibus
1392 3663 1642 3718 sublatas
1683 3680 1811 3719 cum
1848 3665 2032 3721 debita

449 3752 760 3807 reverentia
803 3753 1070 3823 reliquias
1117 3753 1387 3810 fratribus
1430 3756 1713 3811 servavit:
1757 3773 1899 3828 quas
1933 3774 2032 3815 vos

449 3851 606 3898 tanto
642 3861 766 3899 cum
798 3844 1014 3916 igaudio
1055 3847 1360 3917 suscipite,
1391 3856 1602 3917 quanto
1639 3864 1766 3903 cum
1798 3866 2034 3907 maerore

450 3937 728 4005 prosecuti
777 3947 908 3992 sunt
947 3939 1166 3992 illarum
1204 3937 1488 3994 custodes.
1551 3939 1722 3996 Nemo
1775 3943 2028 4010 dubitet,

450 4043 612 4083 nemo
641 4030 808 4100 289
842 4032 1084 4101 ambigat
1116 4050 1128 4084 :
1168 4032 1256 4085 hic
1292 4032 1385 4087 ille
1413 4041 1500 4087 est
1528 4033 1770 4088 invictus
1802 4035 2028 4092 athleta.

449 4117 588 4174 Ossa
637 4121 728 4173 illa
785 4123 935 4174 novit
989 4121 1288 4184 Dominus,
1341 4138 1465 4193 quae.
1517 4138 1627 4177 una
1682 4140 1810 4179 cum
1871 4128 2033 4181 beata

449 4212 631 4266 anima
688 4213 1044 4268 dimicarunt.
1093 4213 1221 4269 Haec
1271 4230 1398 4270 cum
1454 4217 1573 4287 ipsa
1628 4221 1920 4274 coronabit
1975 4224 2031 4275 in

447 4301 596 4370 iusta
627 4301 717 4355 illa
751 4304 1213 4359 remunerationis
1263 4305 1437 4374 ipsius
1476 4305 1599 4371 die,
1637 4308 1713 4360 uti
1765 4309 2033 4379 scriptum

2133 3204 2332 3266 αὐτοὺς
2368 3203 2504 3274 πρὸς
2545 3205 2646 3274 τὴν
2683 3201 3052 3274 συγχώρησιν.
3107 3203 3426 3273 Συνήργησε
3463 3201 3520 3255 δὲ
3562 3201 3726 3272 μάλι-

2137 3312 2238 3348 στα
2271 3295 2410 3366 πρὸς
2463 3295 2526 3347 τὸ
2573 3293 3030 3365 καταπραχθῆναι
3081 3294 3149 3346 τὰ
3183 3292 3594 3362 σπουδαζόμενα
3634 3292 3731 3343 καὶ

2135 3389 2168 3458 ἠ
2227 3387 2504 3458 παρουσία
2564 3387 2658 3441 τοῦ
2728 3386 3112 3440 ποθεινοτάτου
3174 3385 3268 3440 καὶ
3323 3384 3728 3438 εὐλαϐεστάτου

2137 3481 2254 3533 υἱοῦ
2285 3479 2443 3550 ἡμῶν
2489 3479 2766 3551 Θηρασίου
2793 3479 2888 3532 τοῦ
2918 3477 3407 3550 συμπρεσϐυτέρου
3431 3517 3447 3540 ,
3486 3477 3576 3540 ὃς,
3627 3477 3733 3529 αὐ-

2139 3571 2404 3642 θαιρέτως
2443 3571 2534 3623 τὸν
2579 3571 2749 3624 κόπον
2793 3570 2896 3640 τῆς
2944 3571 3254 3641 ὁδοιπορίας
3303 3569 3728 3640 ὑποδεξάμενος,

2139 3663 2347 3717 ἔπαυσε
2381 3664 2479 3735 μὲν
2512 3664 2574 3716 τὸ
2620 3663 2849 3735 σφοδρὸν
2875 3663 2978 3733 τῆς
2999 3663 3178 3735 ὁρμῆς
3206 3663 3314 3716 τῶν
3347 3665 3464 3716 ἐκεῖ
3496 3663 3731 3724 πιστῶν,

2137 3756 2282 3826 λόγῳ
2309 3757 2366 3808 δὲ
2391 3757 2702 3826 συμπείσας
2727 3757 2853 3820 τοὺς
2887 3755 3282 3826 ἀντεχομένους
3301 3794 3316 3818 ,
3351 3755 3445 3808 ἐπὶ
3486 3755 3736 3825 πρεσϐυ-

2138 3849 2198 3901 τέ
2208 3866 2314 3920 ρων
2349 3849 2443 3902 καὶ
2490 3848 2753 3902 διακόνων
2799 3849 2892 3901 καὶ
2924 3847 3101 3900 ἄλλων
3148 3847 3363 3901 πολλῶν
3393 3847 3503 3900 τῶν
3535 3847 3736 3916 (90609-

2143 3943 2319 4013 μένων
2355 3941 2447 3994 τὸν
2480 3940 2688 4012 Κύριον
2740 3938 2878 4011 μετὰ
2930 3941 3030 4012 τῆς
3079 3940 3400 4012 πρεπούσης
3439 3940 3737 4005 εὐλαϐείας

2140 4034 2462 4104 ἀνελόμενος
2507 4034 2577 4087 τὰ
2631 4032 2896 4103 λείψανα,
2929 4034 3258 4087 συνδιὲσωσε
3297 4036 3410 4096 τοῖς
3440 4033 3690 4102 ἀδελφοῖς
3717 4051 3733 4064 ·

2139 4126 2174 4179 ἀ
2216 4125 2354 4197 μετὰ
2387 4125 2655 4194 τοσαύτης
2697 4129 2873 4197 χαρᾶς
2912 4124 3241 4191 ὑποδέξασθε
3267 4168 3282 4190 ,
3323 4124 3443 4196 μεθ’
3476 4127 3612 4194 ὅσης
3639 4126 3742 4179 λύ-

2141 4231 2250 4286 πης
2281 4215 2644 4287 προέπεμψαν
2690 4217 2739 4268 οἱ
2781 4217 3167 4285 φυλάσσοντες.
3211 4215 3420 4285 Μηδεὶς
3451 4215 3740 4286 διακρινέ-

2143 4307 2256 4361 σθω
2285 4325 2299 4338 ο
2336 4307 2524 4380 μηδεὶς
2569 4309 2994 4378 ἀμφιϐαλλὲτωο
3025 4304 3183 4373 οὗτός
3234 4310 3382 4362 ἐστιν
3446 4311 3658 4373 ἐκεῖνος
3709 4313 3742 4362 ὁ

448 4404 572 4448 est:
607 4394 837 4464 Oportet
890 4412 991 4450 nos
1035 4404 1183 4452 stare
1230 4406 1357 4453 ante
1405 4399 1648 4454 tribunal
1699 4401 1944 4466 Christi,
1975 4413 2030 4458 ut

2142 4403 2408 4474 ἀήττητος
2442 4400 2701 4472 ἀθλητής.
2754 4402 2941 4457 Ταῦτα
2980 4404 3237 4475 γνωρίζει
3279 4403 3348 4456 τά
3393 4405 3528 4458 ὁστᾶ
3552 4404 3582 4454 ό
3614 4405 3740 4457 Κύ-

449 4487 652 4542 referat
685 4489 1066 4559 unusquisque
1099 4490 1403 4545 secundum
1447 4507 1513 4546 ea
1552 4508 1674 4562 quae
1702 4510 1801 4564 per
1839 4511 2030 4566 corpus

2137 4511 2280 4567 ριος,
2317 4493 2383 4546 τά
2411 4493 2875 4566 συνδιαθλήσαντα
2912 4498 2978 4567 τῇ
3029 4495 3276 4567 μακαρίᾳ
3321 4495 3490 4568 ψυχῇ.
3546 4497 3741 4550 Ταῦτα

447 4578 560 4648 egit
587 4579 653 4632 “.
679 4577 800 4632 Una
843 4593 970 4633 arca
1002 4586 1154 4643 erat,
1188 4595 1312 4650 quae
1343 4584 1717 4638 venerandum
1746 4585 1880 4640 illud
1905 4602 2030 4640 cor-

2139 4585 2257 4655 μετ’
2289 4584 2456 4654 αὐτῆς
2493 4585 2830 4654 στεφανώσει
2858 4589 2916 4640 ὲν
2967 4590 3031 4659 τῇ
3082 4587 3270 4659 ἡμέρα
3297 4589 3399 4658 τῆς
3428 4589 3742 4643 ἀνταποδό-

450 4687 554 4741 pus
592 4673 841 4741 excepit:
887 4673 1076 4728 nullus
1121 4689 1292 4744 prope
1347 4675 1527 4744 ipsum
1557 4676 1768 4744 jacuit;
1819 4679 2036 4750 insigne

449 4762 554 4818 fuit
595 4765 940 4834 sepulcrum;
993 4766 1256 4838 martyris
1291 4766 1470 4821 honor
1507 4768 1558 4822 ei
1603 4767 1838 4824 delatus.
1875 4769 2036 4826 Chri-

448 4857 644 4918 stiani,
674 4857 765 4927 qui
793 4857 972 4926 ipsum
1004 4857 1244 4927 hospitio
1275 4868 1635 4928 exceperant,
1673 4872 1803 4916 tunc
1837 4870 1890 4916 et
1917 4865 2034 4920 suis

449 4949 702 5004 manibus
750 4949 1152 5019 deposuerunt,
1183 4957 1239 5004 et
1279 4965 1428 5004 nunc
1465 4952 1802 5006 extulerunt.
1836 4951 1901 5005 lli
1933 4952 2032 5008 lle-

448 5046 643 5094 verunt
677 5039 896 5110 quidem
928 5047 1189 5110 tanquam
1231 5049 1384 5112 patre
1415 5049 1471 5096 et
1522 5051 1755 5112 patrono
1802 5042 1981 5098 orbati
2014 5059 2028 5096 :

467 5219 470 5222 ⁴
517 5221 566 5254 ⁸⁵
607 5219 764 5277 Rom.
791 5238 902 5286 XIV,
936 5221 1036 5287 10;
1067 5221 1110 5276 ll
1141 5223 1272 5278 Cor.
1305 5239 1358 5287 v,
1393 5221 1478 5277 lo.

527 5402 634 5472 (30)
676 5399 995 5471 Ἆρειανῆς.
1015 5402 1110 5458 Sic
1133 5411 1245 5459 tres
1270 5402 1635 5460 vetustissimi
1659 5401 1880 5458 codices
1908 5417 2033 5456 cum

451 5471 621 5545 Regio
653 5475 849 5541 primo.
882 5474 1024 5545 ΕΣ(ίὶιί
1054 5474 1420 5545 ’Λρειανικῆς.

525 5543 636 5613 (6|)
681 5543 1043 5598 Κίιτεϐάλου.
1099 5542 1174 5597 ita
1224 5542 1366 5599 mss.
1413 5545 1659 5602 codices.
1711 5542 1858 5598 Editi
1905 5561 2037 5596 κατ-

454 5613 936 5686 εϐάλλουηιὶιίάθιη
985 5614 1115 5686 editi
1167 5615 1365 5686 τούτονᾷ
1393 5615 1666 5686 θεμέλιον.
1714 5614 1896 5670 Prima
1931 5630 2037 5668 vox

452 5685 650 5738 melius
680 5685 834 5738 abeSt
862 5701 890 5735 a
923 5685 1208 5738 codicibus
1243 5683 1394 5740 llarl.
1427 5683 1482 5740 et
1515 5685 1655 5740 Med.

524 5754 634 5827 (62)
691 5755 751 5808 Ἡ
795 5753 862 5806 δὲ
903 5754 1032 5821 περὶ
1079 5754 1184 5807 τὸν
1206 5755 1680 5823 μακαριώτατον.
1735 5755 1874 5809 Ante
1923 5753 2039 5808 haec

2141 4691 2278 4737 σεως
2313 4675 2478 4728 αὐτοῦ
2523 4679 2589 4747 τῇ
2622 4677 2809 4748 δικαίᾳ
2831 4717 2846 4740 ,
2878 4677 3018 4733 κατά
3063 4679 3125 4732 τὸ
3175 4679 3566 4750 γεγραμμένον
3593 4700 3607 4713 ·
3652 4681 3741 4734 ὅτι

2134 4767 2218 4820 δεῖ
2253 4769 2400 4838 ἡμᾶς
2441 4771 2787 4842 παραστῆναι
2815 4770 2894 4841 τῷ
2943 4770 3150 4842 βήματι
3194 4770 3289 4826 τοῦ
3328 4771 3569 4842 Χριστοῦ
3596 4815 3610 4834 ,
3647 4775 3740 4827 ἴνα

2136 4859 2433 4929 κομίσηται
2471 4861 2701 4924 ἕκαστος
2729 4861 2868 4933 πρὸς
2907 4862 2941 4915 ἃ
2966 4862 3172 4934 ἔπραξε
3212 4863 3301 4917 διά
3327 4863 3420 4917 τοῦ
3454 4863 3737 4936 σώματος.

2135 4951 2253 5005 Μία
2274 4951 2481 5023 λάρναξ
2513 4948 2582 5024 ἦν
2621 4957 2654 5024 ἡ
2693 4952 3070 5027 ὑποδεξαμένη
3100 4957 3162 5009 τὸ
3202 4957 3382 5028 τίμιον
3416 4959 3598 5011 ἐκεῖνο
3631 4951 3730 5010 σῶ

2139 5062 2217 5116 μα
2235 5062 2249 5074 ·
2286 5045 2462 5111 οὐδεὶς
2491 5048 2520 5100 ὁ
2539 5037 2769 5118 πλησίον
2799 5046 2965 5100 αὐτοῦ
2989 5053 3384 5121 κατακείμενος
3404 5067 3418 5081 ·
3457 5050 3737 5121 ἐπίσημος

2139 5404 2304 5458 verba
2341 5403 2546 5459 desinit
2589 5403 2825 5474 epistola
2860 5401 3049 5474 Basilii
3100 5402 3154 5457 in
3190 5401 3450 5474 omnibus
3478 5403 3650 5459 editis
3689 5413 3738 5460 et

2142 5489 2278 5528 mss.
2306 5473 2870 5544 codicibus,’excepto
2899 5473 3185 5528 Harlaaano
3217 5473 3435 5544 codice,
3463 5478 3558 5542 qui
3599 5477 3737 5530 insi.

2143 5559 2302 5617 gnem
2338 5546 2481 5600 hanc
2533 5542 2907 5614 partem,_qua
2945 5542 3435 5617 translationis_S.
3488 5544 3735 5617 Dionysii

2143 5616 2377 5696 historia
2437 5612 2735 5683 narratur,
2798 5612 3185 5688 percommode
3239 5612 3403 5670 nobis
3466 5612 3732 5688 suppedi-

2145 5695 2300 5740 tavit.
2332 5715 2336 5738 ι
