3852 6220
220 247 329 303 ’113

1094 240 1586 300 EPISTOLARUM
1624 243 1916 303 CLASSIS
1946 247 2014 302 Il.
2056 248 2279 307 EPIST.
2313 251 2590 310 CXCVlll.

3393 259 3502 319 7H

218 366 257 434 ἡ
286 361 462 434 ταφή·
499 360 778 433 μάρτυρος
821 375 856 431 η
904 361 1060 432 τιμή.
1107 361 1465 430 Χριστιανοὶ,
1499 364 1548 414 οἱ
1581 336 1817 426 ξενίσαν-

1936 366 2014 422 sed
2041 377 2222 424 tamen
2275 372 2555 440 prosecuti
2605 379 2768 439 sunt,
2809 373 3072 445 gaudium
3101 383 3346 432 vestrum
3383 391 3499 436 sua:

219 471 356 520 τες,
416 453 512 507 καὶ
557 455 681 517 ταῖς
738 452 900 516 ίδίαις
957 451 1116 524 χερσὶ
1166 452 1458 507 κατέθεντο
1510 453 1633 507 τότε
1659 494 1674 518 ,
1727 457 1823 510 καὶ

222 549 498 606 ἀνείλοντο
539 548 660 603 νῦν.
695 543 856 603 Οὗτοι
895 547 1169 604 ἔκλαυσαν
1214 549 1314 619 μὲν
1345 549 1422 613 ὼς
1455 549 1691 620 πατέρος
1727 549 1823 604 καὶ

223 643 532 713 προστάτου
580 642 965 713 στερούμενοι·
1003 640 1367 714 προέπεμψαν
1409 641 1468 695 δὲ
1497 682 1512 706 ,
1542 643 1643 712 τὴν
1692 643 1824 712 ὐμεο

222 731 392 802 τέραν
442 731 619 804 χαρὰν
647 732 749 802 τῆς
780 733 916 797 ιδίας
963 731 1367 805 παρακλήσεως
1412 733 1821 804 προτιμοτέραν

1919 460 2282 516 consolationi
2310 463 2684 533 praeferentes.
2713 465 2794 521 Pii
2823 481 2974 538 ergo.
2997 468 3093 538 qui
3118 468 3490 540 tradiderunt;

1918 551 2230 622 diligentes,
2262 556 2357 624 qui
2388 565 2774 626 susceperunt.
2798 557 3081 629 Nusquam
3109 560 3454 617 mendacium
3478 577 3494 627 ;

1918 658 2189 713 nusquam
2235 645 2428 713 dolus;
2475 655 2744 705 testamur
2785 666 2922 720 nos;
2966 660 3121 708 extra
3164 654 3499 710 calumniam

1919 734 1992 789 sit
2019 735 2168 806 apud
2199 751 2298 792 vos
2327 738 2554 794 veritas.

225 821 465 894 θέμενοι.
535 825 600 876 Οἱ
635 824 968 895 παραδόντες
1010 825 1193 878 τοίνυν
1259 827 1506 891 εὐλαϐεῖς
1531 845 1544 857 ·
1589 829 1640 881 οἱ
1689 827 2077 898 ὑποδεξάμενοι
2119 831 2390 902 ἀκριϐεῖς.
2456 835 2705 909 Οὐδαμοῢ
2738 836 2930 908 ψεῦδος
2958 856 2971 870 °
3018 840 3254 912 οὐδαμοῦ
3316 840 3494 906 δόλος·
3541 895 3552 908 ,

205 914 619 989 ,μαρτυροῦμεν
643 918 828 988 ἡμεῖς’
860 917 1306 990 ἀσυκοφάντητος
1328 919 1470 973 ἔστω
1500 922 1630 992 παρ’
1657 919 1810 991 ὑμῶν
1839 922 1872 991 ἡ
1909 921 2156 992 ἀλήθεια.

774 1075 1119 1130 summa
1155 1076 1322 1143 Pt,H'.

2346 1080 2685 1139 EPISTOLA
2721 1086 3017 1143 CXCVIII'.
3131 1124 3144 1138 ς

227 1212 329 1304 ⁶⁸⁸Ῑ
340 1209 1451 1304 ἔξηνὲῗξὲἷὲι..ῗέ⁶¹έὲίζέ.¹ἔῖξνῐ¹ἑῗι..ἓξ
1485 1215 2011 1304 ἕέἷξῗίέἷῗῇηξᾘὶυηφ
2040 1216 2950 1304 ΨἭέἐῗξζέἔῖτξίταὶἶξίρθῗιέΨωι
2983 1227 3168 1304 59'5"“
3188 1231 3502 1304 MM}?

287 1274 517 1366 [περίμενε.
533 1273 651 1322 rure
689 1273 994 1366 arcet-situm,
1242 1273 1442 1366 dimittit
1482 1276 2004 1366 Ljuse‘biumrtectorem,
2039 1290 2180 1366 quehm
2215 1273 3503 1366 ρνςρεναήὶεηιᾟῗί

288 1348 334 1366 ρ.
416 1351 441 1366 ..
480 1347 542 1366 η.
579 1346 690 1366 mm,
726 1348 898 1366 ..ηκηη
944 1349 1030 1366 ...η
1089 1352 1139 1366 ...
1230 1351 1382 1366 ...κη
1439 1351 1552 1366 ...μη
1614 1351 1696 1366 ...η
1755 1353 1812 1366 ..η
1833 1351 1910 1366 ...η
1949 1352 2114 1366 .........
2165 1355 2210 1366 ...
2336 1357 2362 1366 -
2405 1359 2452 1366 --
2496 1360 2562 1366 μ-

286 1333 441 1422 ἐξέβα
480 1333 542 1422 iis
579 1346 690 1398 qua
726 1344 899 1386 novata
940 1333 1049 1387 sunt
1089 1337 1140 1388 in
1185 1336 1402 1399 Oriente,
1437 1338 1555 1403 quia
1593 1339 1696 1390 haec
1731 1337 1911 1404 fratres
2282 1333 2363 1394 l'ta
2400 1333 3504 1422 se”agramié'iigﬁiﬁchifﬁ"556M355.

292 1394 546 1460 abjecerit.

415 1503 690 1569 Εὑσεϐίῳ
719 1503 831 1576 (65)
852 1547 868 1570 ,
903 1505 1216 1572 amnem
1250 1507 1638 1578 Σαμοσάτων.

302 1617 329 1670 1
344 1657 359 1670 .
388 1616 546 1671 Μετὰ
557 1616 654 1689 τὴν
666 1617 978 1692 ἐπιστολὴν,
989 1619 1091 1691 τὴν
1110 1619 1199 1674 διὰ
1215 1620 1323 1674 τῶν
1337 1621 1450 1692 (64)
1462 1622 1818 1692 ὁφφικιαλίων

2229 1511 2458 1570 Eusebio
2478 1559 2492 1583 ,
2519 1519 2760 1588 episcopo
2790 1518 3218 1579 Samosatorum.

1996 1624 2048 1678 1.
2083 1622 2214 1681 Post
2240 1627 2528 1698 epistolam
2550 1670 2566 1695 ,
2598 1647 2764 1702 quam
2795 1632 3055 1691 olIiciales
3087 1637 3154 1692 ad
3178 1653 3265 1694 me
3293 1638 3506 1696 detule-

226 1709 590 1782 κομισθεῖσαν
628 1713 759 1784 ἡμῖν
787 1753 804 1779 ,
836 1713 965 1784 μίαν
1001 1714 1169 1788 ἄλλην
1206 1715 1474 1788 ἐδεξάμην
1511 1718 1650 1790 μετὰ
1688 1719 1820 1772 ταῦ-

1936 1723 2091 1780 runt,
2124 1731 2290 1770 unam
2349 1720 2513 1774 aliam
2568 1731 2758 1791 postea
2789 1725 2975 1796 accepi
3017 1726 3086 1780 ad
3134 1743 3222 1784 me
3255 1729 3498 1786 missam.

225 1819 299 1856 τα
352 1802 488 1872 πρὸς
539 1805 687 1873 ἡμᾶς
734 1805 1154 1862 ἀποσταλεῖσαν.
1203 1810 1366 1863 Αὐτοὶ
1417 1810 1472 1863 δὲ
1509 1812 1822 1865 ἐπεστείλα-

231 1912 335 1967 μεν
365 1896 426 1949 οὐ
459 1896 661 1960 πολλὰς
687 1897 785 1968 μὲν
805 1940 820 1964 ,
848 1898 938 1952 διὰ
976 1899 1039 1953 τὸ
1079 1901 1214 1972 μηδὲ
1245 1902 1519 1973 ἐπιτυχεῖν
1552 1903 1656 1956 τῶν
1686 1903 1821 1976 πρὸς

230 1990 379 2060 ὑμᾶς
410 1990 855 2062 ἀφικνουμένων,
903 1992 1044 2064 πλὴν
1089 1994 1311 2057 πλείους
1364 1995 1472 2048 τῶν
1518 1998 1818 2070 τεσσάρων,

228 2084 288 2135 ὲν
320 2079 409 2146 αἷς
439 2083 535 2136 καὶ
563 2083 662 2146 τὰς
684 2083 791 2137 άπὸ
819 2085 1152 2155 Σαμοσάτων
1185 2087 1538 2157 κομισθείσας
1571 2091 1704 2160 ἡμῖν
1728 2092 1821 2144 ἐπὶ

227 2178 346 2239 τοῖς
382 2175 618 2247 πρώτοις
649 2178 940 2248 γράμμασι
977 2181 1076 2247 τῆς
1127 2181 1226 2250 σῆς
1268 2179 1577 2246 θεοσεϐείας
1619 2183 1822 2252 ἐσφρα-

229 2269 503 2340 γισμένας
550 2271 974 2344 διεπεμψάμεθα
1009 2274 1087 2345 τῷ
1141 2276 1558 2348 αἰδεσιμωτάτῳ
1606 2278 1822 2349 ἀδελφῷ

230 2362 474 2433 Λεοντίῳ
506 2363 586 2433 τῷ
620 2363 852 2436 ἐξισωτῇ
892 2366 992 2437 τῆς
1024 2368 1260 2432 Νικαίας
1280 2411 1295 2434 ,
1342 2369 1824 2441 παρακαλέσαντες

229 2453 303 2506 δι’
333 2454 545 2508 ἐκείνου
589 2455 666 2526 τῷ
707 2456 1048 2528 φροντίζοντι
1079 2459 1179 2530 τῆς
1211 2460 1388 2524 οἰκίας
1421 2461 1514 2513 τοῦ
1541 2462 1824 2532 αἰδεσιμω-

230 2545 398 2600 τάτου
458 2547 689 2616 ἀδελφοῦ
751 2550 1060 2622 Σωφρονίου
1123 2552 1560 2624 ἀποκομισθῆναι
1596 2595 1611 2617 ,
1683 2555 1823 2608 ὥστε

232 2639 443 2692 ἐκεῖνον
472 2638 868 2711 ἐπιμεληθῆναι
892 2641 990 2713 τῆς
1015 2643 1152 2716 πρὸς
1177 2645 1321 2715 ὑμᾶς
1345 2645 1665 2716 διακομιδῆς
1689 2646 1821 2720 (65).

247 2729 404 2783 Ἐπεὶ
451 2726 545 2784 οὖν
597 2731 800 2796 πολλὰς
837 2733 1172 2789 διαϐαίνουσι
1207 2739 1396 2808 χεῖρας
1431 2739 1485 2791 αἱ
1519 2739 1822 2803 ἐπιστολαὶ,

233 2820 385 2883 εἰκὸς
432 2821 532 2892 τὴν
586 2823 738 2894 παρὰ
779 2823 876 2877 ἕνα
925 2825 1182 2897 ἀσχολίαν
1234 2828 1267 2900 ἢ
1321 2829 1596 2900 ρᾳθυμίαν
1644 2831 1824 2885 αἰτίαν

234 2912 515 2986 γενέσθαι,
543 2912 637 2967 τοῦ
693 2914 767 2986 μὴ
822 2917 1180 2989 ὑποδέχεσθαι
1214 2919 1312 2991 τὴν
1364 2920 1461 2993 σὴν
1516 2921 1820 2976 εὐλάϐειαν.

237 3001 405 3079 ’ρο-τε
460 3003 791 3079 συγγνώμην
843 3009 968 3081 ἔχε,
1005 3010 1465 3082 παρακαλοῦμεν,
1519 3015 1585 3085 τῇ
1627 3014 1823 3067 σπάνει

1929 1804 2043 1876 Ego
2090 1813 2275 1862 autem
2309 1809 2542 1881 scripsi,
2579 1827 2690 1867 non
2722 1815 2925 1872 multas
2954 1816 3210 1887 quidem,
3249 1835 3315 1875 eo
3355 1823 3506 1893 quod

1928 1904 2125 1954 nactus
2169 1915 2279 1955 non
2326 1902 2433 1955 sim
2478 1903 2573 1975 qui
2623 1904 2693 1960 ad
2736 1921 2834 1963 vos
2874 1908 3376 1980 proﬁciscerentur,
3409 1915 3505 1972 sed

1927 1995 2109 2045 tamen
2146 1992 2269 2062 plus
2294 2002 2554 2064 quatuor,
2597 1997 2656 2051 in
2678 1999 2878 2068 quibus
2908 2009 2962 2056 et
3005 2017 3099 2059 eas
3121 2043 3136 2068 ,
3173 2020 3294 2074 quae
3321 2006 3390 2062 ad
3419 2023 3507 2062 me

1933 2081 2239 2142 Samosatis
2270 2098 2392 2157 post
2413 2090 2627 2160 priores
2654 2092 2875 2161 pietatis
2901 2101 3006 2149 tuae
3026 2097 3288 2166 epistolas
3315 2099 3508 2156 delatae

1931 2174 2181 2243 fuerant,
2228 2180 2548 2253 obsignatas
2600 2185 2854 2242 misimus
2900 2188 3294 2247 colendissimo
3347 2191 3507 2249 fratri

1929 2267 2158 2324 Leontio
2194 2269 2390 2327 Nicaea:
2419 2277 2784 2345 peraequatori
2811 2316 2825 2341 ,
2855 2277 3244 2347 adhortantes,
3268 2290 3329 2337 ut
3358 2285 3506 2341 illius

1929 2376 2094 2431 opera
2129 2364 2502 2420 colendissimi
2529 2366 2717 2425 fratris
2746 2367 3040 2441 Sophronii
3075 2373 3272 2430 domus
3300 2392 3506 2447 procu-

1931 2456 2103 2509 ratori
2131 2456 2414 2522 darentur,
2441 2460 2516 2513 ita
2542 2469 2603 2515 ut
2632 2461 2725 2537 ille
2759 2463 2825 2517 ad
2865 2470 2920 2519 te
2951 2465 3307 2536 perferendas
3350 2485 3510 2525 cura-

1930 2556 2034 2603 ret.
2066 2549 2202 2604 Cum
2237 2550 2406 2620 igitur
2441 2567 2537 2622 per
2591 2554 2794 2610 multas
2840 2562 3127 2613 transeant
3164 2575 3359 2618 manus
3393 2564 3510 2633 epi-

1932 2640 2122 2704 stolae,
2173 2643 2474 2698 verisimile
2527 2652 2613 2699 est
2650 2648 2816 2702 unius
2856 2648 3091 2719 alicujus
3136 2655 3372 2722 negotiis
3417 2664 3512 2711 aut

1931 2733 2165 2802 segnitie
2192 2733 2339 2800 fieri,
2373 2743 2434 2790 ut
2466 2736 2639 2806 pietas
2675 2745 2769 2793 tua
2794 2754 2890 2795 eas
2916 2757 3022 2797 non
3048 2745 3299 2815 recipiat.
3331 2747 3512 2814 Quare

1931 2825 2146 2880 veniam
2199 2825 2268 2881 da
2303 2866 2318 2891 ,
2359 2843 2641 2899 rogamus,
2678 2831 2983 2888 litterarum
3031 2839 3316 2907 paucitati.
3354 2841 3511 2908 Quod

1932 2924 2148 2980 autem,
2198 2933 2324 2974 cum
2357 2921 2596 2992 aliquem
2649 2923 2869 2981 mittere
2915 2938 3193 2998 oporteret
3225 2947 3294 2988 ex
3347 2937 3510 2994 nobis

1933 3008 2102 3078 ipsis,
2140 3011 2366 3068 minime
2399 3013 2666 3083 fecimus;
2707 3018 2762 3074 id
2799 3028 2946 3076 recte
2974 3037 3075 3092 pro
3096 3032 3189 3081 tua
3217 3028 3508 3097 prudentia

232 3093 349 3149 τῶν
379 3097 746 3168 γραμμάτων.
784 3101 858 3154 Τὸ
905 3102 993 3167 δὲ,
1025 3103 1140 3168 ὅτι,
1183 3104 1504 3158 ἀποστεῖλαί
1541 3123 1662 3160 τινα
1705 3108 1823 3160 δέον

1936 3103 2303 3172 requisivisti,
2339 3122 2552 3178 nosque
2582 3109 3007 3179 reprehendisti.
3041 3114 3271 3174 Noveris
3323 3127 3508 3177 tamen

234 3188 300 3254 ἐξ
330 3190 494 3260 ἡμῶν
533 3191 746 3258 αὐτῶν,
791 3196 890 3249 οὐκ
931 3198 1272 3268 ἐποιήσαμεν
1295 3240 1310 3265 ,
1342 3199 1500 3253 τοῦτο
1531 3201 1693 3265 αὐτὸς
1730 3201 1840 3271 μὲν

234 3283 304 3352 τῇ
328 3284 557 3338 σεαυτοῦ
582 3287 792 3341 συνέσει
817 3288 994 3360 ὀρθῶς
1015 3290 1362 3362 ὲπεζήτησας
1379 3291 1514 3362 (66),
1560 3293 1656 3346 καὶ
1703 3293 1830 3348 καθ-

236 3372 365 3444 ήψω
382 3376 560 3447 ἡμῶν·
583 3379 818 3448 γίνωσκε
841 3382 898 3435 δὲ
915 3383 1006 3437 τὸν
1027 3387 1156 3454 παρ’
1168 3387 1299 3456 ἡμῖν
1317 3386 1560 3457 χειμῶνα
1574 3387 1828 3441 τοσοῦτον

238 3468 610 3538 γεγενῆσθαι,
668 3471 810 3526 ὥστε
861 3474 1041 3537 πάσας
1091 3476 1188 3546 μὲν
1239 3477 1392 3540 ὁδοὺς
1445 3478 1827 3550 ὲγκλεισθῆναι

243 3559 408 3632 μέχρι
449 3561 556 3615 τῶν
609 3565 836 3634 ἡμερῶν
880 3565 973 3619 τοῦ
1030 3566 1263 3638 Πάσχα,
1320 3569 1526 3640 μηδένα
1575 3571 1632 3624 δὲ
1680 3574 1829 3642 ἡμᾶς

239 3650 390 3721 ἔχειν
417 3651 510 3706 τὸν
539 3655 823 3726 εὐθαρσῶς
862 3659 997 3729 πρὸς
1047 3658 1116 3711 τά
1161 3662 1261 3729 τῆς
1292 3659 1412 3713 ὁδοῦ
1451 3662 1683 3732 δυσχερῆ
1717 3663 1830 3716 δια-

243 3743 516 3814 κείμενον.
552 3748 664 3801 Καὶ
688 3748 830 3821 γάρ,
869 3754 918 3803 εί
945 3753 1039 3803 καὶ
1084 3751 1512 3824 πολυάνθρωπόν
1545 3771 1664 3818 πως
1691 3751 1829 3808 εἶναι

240 3835 394 3888 δοκεῖ
443 3837 504 3890 τὸ
565 3842 833 3909 ίερατείον
866 3843 1024 3914 ἡμῶν
1048 3883 1062 3906 ,
1096 3843 1234 3896 ἀλλά
1292 3843 1594 3916 ἀνθρώπων
1640 3846 1833 3916 ἀμελε-

241 3925 427 3998 τήτως
465 3929 698 3999 ἐχόντων
748 3932 887 4003 πρὸς
929 3932 1030 3996 τὰς
1065 3934 1404 4006 ὁδοιπορίας,
1455 3935 1544 3989 διὰ
1579 3937 1642 3990 τὸ
1695 3939 1831 4009 μήτε

242 4021 690 4093 ἐμπορεύεσθαι,
736 4027 874 4096 μήτε
914 4025 1013 4097 τὴν
1056 4026 1163 4092 ἔξω
1208 4027 1492 4099 διατριϐὴν
1537 4029 1828 4101 αἱρεῖσθαι,

242 4109 347 4173 τὰς
398 4111 458 4164 δὲ
511 4113 732 4184 ἑδραίας
770 4115 883 4170 τῶν
932 4117 1138 4187 τεχνῶν
1186 4118 1659 4191 μεταχειρίζεσθαι
1707 4124 1831 4185 τοὺς

245 4203 479 4268 πολλοὺς
502 4247 517 4270 ,
553 4205 763 4260 ἐκεῖθεν
796 4207 1020 4280 ἔχοντας
1055 4209 1154 4280 τὴν
1185 4209 1442 4282 ἀφορμὴν
1488 4210 1582 4264 τοῦ
1632 4214 1834 4284 ἐφημέ-

247 4311 346 4365 ρου
377 4294 492 4366 (67)
533 4297 674 4368 βίου.
713 4300 923 4353 Λύτίκα
977 4302 1070 4354 καὶ
1101 4301 1193 4354 τὸν
1243 4301 1471 4371 ἀδελφὸν
1504 4302 1722 4371 τοῦτον,
1774 4307 1833 4360 ὃν

321 4473 435 4544 (65)
464 4476 752 4544 Εὑσεϐίῳ.
787 4475 934 4534 Satis
961 4478 1200 4533 absurde
1229 4478 1284 4532 in
1327 4478 1504 4535 tribus
1555 4482 1829 4538 recentio-

250 4547 408 4631 ribus
453 4546 762 4631 codicibus2
790 4564 1007 4631 onempe
1052 4547 1189 4618 Reg.
1222 4547 1690 4631 secundanCoisl:

247 4617 434 4692 eundo
454 4627 509 4692 et
529 4616 736 4692 Paris,
751 4618 840 4692 hic
870 4616 1062 4692 titulus
1089 4616 1400 4692 apponitur.
1432 4618 1521 4689 Τῷ
1544 4620 1693 4692 αὐτῷ
1722 4623 1834 4677 ὄντι

247 4688 308 4740 ὲν
332 4687 534 4763 εξορίᾳ.⁵
562 4688 683 4741 καθ’
769 4689 843 4760 μὴ
872 4689 1070 4763 δυνηθῇ
1097 4686 1247 4763 τινας
1292 4690 1400 4763 τῶν
1443 4686 1717 4760 πρεσϐυτέ
1728 4711 1835 4763 ρων

248 4758 390 4821 πρὸς
415 4757 579 4829 αὐτὸν
615 4757 843 4813 στεῖλαιζ
870 4757 1069 4814 Eidem
1084 4760 1377 4824 exsulanti,
1413 4757 1507 4813 cur
1522 4779 1625 4815 non
1646 4757 1832 4829 potue-

251 4830 325 4900 rit
366 4827 452 4900 ad
479 4844 599 4900 eum
623 4831 892 4900 quosdam
930 4847 996 4885 ea:
1043 4830 1359 4900 presbyteris
1393 4833 1614 4886 mittere.
1647 4827 1833 4891 Codex

253 4897 785 4975 Parisiensis_habet
849 4901 986 4971 πρὸς
1019 4897 1238 4975 αὐτούς,
1277 4903 1365 4975 _ad
1404 4902 1564 4975 ipsos.
1606 4901 1829 4975 Perspi-

251 4983 420 5042 cuum
456 4976 540 5042 est
592 4969 852 5042 Basiliam
892 4969 1003 5025 non
1035 4973 1104 5026 de
1146 4973 1482 5042 presbyteris
1516 4974 1686 5042 loqui,
1732 4969 1828 5031 sed

250 5037 321 5113 de
349 5038 570 5094 clericis
605 5040 964 5113 inferioribus
985 5082 1000 5108 ,
1046 5037 1188 5113 quos
1219 5037 1464 5113 episcopi
1488 5037 1736 5100 solebant
1760 5047 1824 5102 ad

253 5109 615 5183 lioc_munus
667 5112 976 5167 litterarum
1041 5109 1488 5183 perferendarum
1547 5115 1824 5171 adhibere.

250 5178 566 5254 Presbyteri
597 5195 726 5235 vero
746 5197 862 5254 non
885 5178 1265 5249 mittebantur,
1290 5183 1398 5237 nisi
1423 5184 1627 5254 aliquid
1657 5189 1830 5254 majo-

251 5250 332 5304 ris
381 5251 461 5304 rei
504 5252 858 5306 tractandum
904 5262 1083 5316 esset,
1119 5255 1270 5309 velut
1324 5269 1449 5308 cum
1494 5250 1830 5314 A'thanasius

251 5318 475 5397 Petrum
499 5323 650 5397 misit
668 5322 737 5397 ad
763 5323 1046 5397 Basilium,
1073 5323 1295 5379 Petrum
1322 5326 1699 5397 presbyterum
1724 5328 1828 5382 Ba-

250 5390 414 5464 silius
447 5391 516 5445 ad
536 5394 852 5464 maritimos
882 5395 1209 5464 episcopos;
1253 5390 1339 5450 vei
1368 5390 1829 5456 cum'Dorotheus

250 5467 308 5516 et
359 5459 758 5518 Sanctissimus
806 5465 876 5518 ab
917 5459 1316 5521 "Orientalibus
1371 5467 1428 5519 in
1475 5465 1830 5526 Occidentem

324 5602 439 5671 (64)
490 5605 931 5676 Ὀφςρικιαλίωις.
980 5602 1095 5659 Hoc
1141 5605 1363 5660 nomine
1400 5609 1698 5676 generatim
1739 5611 1836 5668 de-

251 5671 834 5743 signantur'omnium
881 5674 1210 5745 dignitatum
1253 5678 1370 5732 sive
1402 5671 1679 5738 'civilium.
1719 5685 1833 5740 sive

613 5770 890 5834 Panos.
921 5772 1039 5835 Gn.
1076 5771 1352 5835 XXXII.

1930 3205 2142 3252 tantam
2183 3200 2326 3268 apud
2387 3217 2490 3257 nos
2546 3202 2716 3260 fuisse
2759 3205 3028 3276 hiemem,
3064 3217 3126 3266 ut
3166 3212 3268 3269 viae
3319 3229 3512 3274 omnes

1931 3303 2108 3359 usque
2133 3290 2198 3344 ad
2222 3292 2340 3347 dies
2363 3293 2587 3350 Pascha:
2607 3295 2814 3352 fuerint
2838 3300 3173 3367 interclusa,
3203 3321 3304 3362 nec
3328 3323 3514 3378 quem-

1930 3397 2094 3451 quam
2127 3383 2490 3450 haberemus,
2527 3389 2620 3458 qui
2665 3389 2771 3445 sibi
2801 3391 2868 3446 ad
2906 3394 3120 3452 itineris
3166 3398 3513 3457 incommoda

1934 3474 2144 3534 ﬁderet.
2185 3475 2511 3549 Quanquam
2542 3483 2690 3536 enim
2738 3484 2904 3540 etiam
2951 3487 3234 3545 hominum
3281 3509 3512 3551 numero

1932 3566 2129 3637 ingens
2170 3570 2577 3638 quodammodo
2628 3574 2847 3631 videtur
2878 3593 3004 3634 esse
3053 3582 3235 3638 clerus
3285 3593 3510 3654 noster;

1931 3669 1987 3712 at
2009 3660 2292 3716 hominum
2332 3663 2400 3718 ad
2455 3665 2651 3722 itinera
2686 3668 3203 3741 inexercitatorum,
3251 3693 3319 3733 eo
3365 3681 3514 3750 quod

1932 3765 2113 3821 neque
2163 3764 2532 3812 mercaturam
2573 3759 2812 3826 faciant,
2849 3779 3028 3836 neque
3077 3767 3312 3824 libenter
3357 3780 3513 3829 extra

1932 3845 2166 3915 patriam
2219 3848 2384 3919 290
2429 3861 2714 3908 morentur
2759 3873 2774 3910 :
2826 3859 2920 3912 sed
2974 3860 3316 3919 sedentarias
3365 3874 3514 3923 artes

1932 3947 2226 3994 exerceant
2255 3941 2502 4014 plerique
2525 3985 2540 4009 ,
2567 3947 2713 4003 unde
2741 3950 2948 4006 victum
2979 3954 3084 4009 sibi
3130 3957 3514 4027 quotidianum

1934 4041 2281 4100 comparant.
2322 4035 2634 4100 Quinetiam
2665 4057 2795 4098 ecce
2826 4043 2932 4098 hoc
2963 4045 3155 4115 fratre,
3179 4064 3340 4119 quem
3365 4067 3515 4108 nunc

1935 4121 2003 4176 ad
2036 4131 2186 4178 tuam
2217 4129 2474 4196 pietatem
2506 4133 2779 4196 misimus,
2803 4152 2930 4192 rure
2969 4142 3273 4207 accersito,
3302 4145 3513 4201 littera-

1935 4231 2056 4272 rum
2097 4217 2163 4273 ad
2198 4229 2349 4276 tuam
2399 4223 2658 4294 pietatem
2696 4229 2953 4286 ministro
2986 4235 3070 4289 usi
3125 4250 3338 4302 sumus,
3373 4246 3432 4293 ut
3461 4249 3518 4296 et

1937 4323 2026 4365 res
2055 4319 2276 4369 nostras
2303 4315 2451 4372 clare
2483 4318 2584 4376 tibi
2615 4331 2886 4391 exponat,
2916 4335 2970 4380 et
3018 4334 3144 4382 tuas
3186 4329 3349 4386 nobis
3394 4347 3516 4403 per-

1938 4491 2338 4578 palatinarum,
2360 4497 2499 4578 tsive
2526 4501 2848 4578 militarium
2877 4510 3242 4578 apparitores.
3279 4511 3382 4567 Hic
3418 4529 3516 4568 au-

1747 4569 1834 4608 se-
1865 4555 1910 4611 D
1938 4555 2047 4638 tem
2079 4555 2332 4638 praesidis
2356 4555 2718 4638 Cappadociae
2738 4555 3514 4638 miliciadis—“crediderint

1937 4631 2403 4718 interpretandosp
2426 4631 2536 4718 ("his
2560 4644 2712 4718 enim
2761 4661 2930 4718 causa
2962 4631 3514 4718 ﬁdi."ér3(,"c1ii

1935 4700 2226 4793 Taraciam
2267 4700 2444 4793 irent,
2481 4700 3394 4793 ubi.exsulaba‘tjE'usemug,’sed
3418 4700 3513 4781 eos

1931 4774 2115 4855 potius
2142 4774 2438 4855 ofﬁciales,
2456 4781 2553 4855 qui
2584 4783 2636 4837 in
2673 4774 3514 4855 provinciasimitte’liant-ur‘toni

1932 4843 2002 4896 ad
2058 4843 2694 4929 necessita_tes_publicos;
2725 4874 2886 4928 quam
2923 4843 3364 4929 privatas,w

1933 4928 2208 4970 consensu
2243 4921 2506 5001 principis
2537 4921 2810 4994 olIiciijut
2843 4921 3074 5000 legimus
3108 4921 3177 4990 ini
3194 4936 3336 4992 libro
3358 4921 3514 4994 sexto

1934 4983 2057 5038 cod.
2091 4985 2302 5042 Thcod.
2341 4999 2424 5043 ut.
2451 4993 2541 5055 28,
2579 4996 2683 5055 leg.
2726 4998 2750 5052 1
2784 5008 2838 5054 et
2860 5001 2914 5055 5.

2044 5011 2125 5065 ...α
2141 5011 2302 5065 ιιέριι.
2341 5011 2424 5065 ιιι.
2451 5011 2541 5056 Ζδ,
2581 5011 2683 5065 leg.
2726 5011 2750 5052 ‘l
2784 5011 2838 5054 et
2860 5011 2914 5055 ὗ.

2008 5055 2119 5136 (ὃᾷ)
2138 5057 2280 5136 κΤῆς
2313 5063 2464 5136 πρὸς
2486 5055 2662 5136 apag".
2695 5070 2773 5122 Ita
2806 5085 2940 5128 mss.
2969 5090 3185 5131 summo
3212 5093 3506 5135 consensu.

1935 5124 2202 5210 Eduini-ﬁ;
2232 5124 2376 5210 πρδέ
2407 5124 2774 5210 Paulo
2808 5124 2937 5210 post
2970 5124 3513 5204 ainde;

1937 5197 2832 5292 1235.1‘Pﬂslmii‘f‘i-“t’S’idimHSTv
2876 5197 3514 5292 ιέείῦυὲἷιῦἵὺτέοῖῖῖὲἐο

1939 5266 2225 5361 ceagbpr‘o‘
2225 5283 2290 5323 eo
2313 5275 2459 5361 Βροιι
2475 5279 2669 5361 erat
2693 5266 2857 5338 editis
2886 5266 3266 5361 άξεξέέςεέἒτόἆι.

1939 5288 2083 5353 auat,
2106 5288 2205 5358 pr?
2225 5288 2290 5323 eo
2304 5288 2459 5402 4quoa
2475 5288 2592 5330 erat
2615 5294 2669 5332 in
2693 5288 2857 5338 editis
2886 5288 3266 5361 ἀποδέχεσθαι.
3423 5288 3455 5292 '—

1937 5337 2122 5472 σαξρεδ)
2178 5341 2302 5395 Eata
2335 5341 2584 5414 ᾔτησας.
2618 5347 2698 5404 Ita
2727 5368 2862 5409 mss.
2901 5371 3018 5415 sex.
3068 5363 3212 5418 Editi
3258 5361 3520 5435 ὲπεξῄτη-

2010 5477 2533 5570 (ᾗᾍλςξξφῃιέέρουε
2569 5487 2679 5570 _Sic
2731 5492 2900 5552 Coisl.
2951 5501 3196 5570 primus,
3252 5501 3404 5560 Harl.
3463 5509 3518 5561 et

1940 5551 2796 5634 "Nalti.slii4§_ii.it;i._é_a'suam.

2016 5625 2031 5646 ‘
2069 5620 2220 5680 Alias
2247 5620 2521 5684 CCLXIIL
2550 5620 2935 5705 scriptaanno
2961 5641 3065 5698 375
