3852 6220
370 251 473 310 ’115
1610 241 1671 299 S.
1713 237 1962 296 BASlLll
2000 236 2219 296 MAGNI
3520 226 3630 284 “HO

368 372 560 443 spicue
579 383 643 425 ac
664 365 810 434 cito‘,
840 366 952 422 Deo
981 363 1276 437 largiente,
1301 361 1523 419 referat.
1558 360 1625 417 Et
1657 361 1941 419 desidera-

2056 360 2141 415 νῦν
2178 357 2581 429 ἀπεστείλαμεν
2613 357 2754 427 πρὸς
2786 354 2886 427 τὴν
2929 353 3214 408 εὒλάσειαν
3254 366 3348 405 σου
3368 388 3384 414 ,
3413 360 3481 403 εκ
3523 347 3632 419 τῆς

369 440 643 522 tissimum
684 461 907 518 fratrem
938 458 1237 515 Eusebium
1281 457 1578 522 lectorem,
1615 454 1944 528 jampridem

2056 452 2226 525 χώρας
2263 450 2778 522 μεταστειλάμενοι,
2826 444 3178 519 ἐχρησάμεθα
3211 440 3361 513 αὐτῷ
3388 441 3631 511 διακόνῳ

369 560 435 616 ad
472 572 616 614 tuam
643 559 898 628 pietatem
925 550 1202 624 proﬁcisci
1228 548 1941 619 gestientem,retinuimus,

2056 546 2156 599 τῶν
2206 545 2342 613 πρὸς
2395 542 2492 614 τὴν
2528 545 2627 615 σὴν
2681 543 2934 611 ὁσιότητα
2981 536 3353 610 γραμμάτων,
3391 534 3481 587 ἴνα
3530 532 3631 586 καὶ

367 668 550 711 aerem
581 624 940 720 temperatum
979 650 1384 716 exspectantes.
1428 644 1508 697 Ac
1544 656 1694 696 nunc
1719 638 1942 710 quidem

2056 632 2118 688 τά
2156 633 2399 705 ἡμέτερα
2433 631 2621 700 σαφῶς
2651 630 2967 701 διαγγείλῃ,
3009 628 3104 683 καὶ
3145 628 3212 680 τὰ.
3244 624 3469 678 αὐτόθεν
3489 625 3630 695 ἡμῖν

367 763 477 804 non
518 716 866 801 mediocriter
898 741 1165 797 sollicitus
1215 754 1374 802 sum,
1407 751 1479 792 ne
1516 736 1734 791 insueta
1780 749 1941 805 pere-

2056 724 2291 798 ἐναργῶς
2343 724 2440 779 καὶ
2488 724 2696 795 ταχέως
2751 726 2818 794 τῇ
2871 721 2966 775 τοῦ
3018 719 3154 773 Θεοῦ
3209 718 3393 789 χάριτι
3443 716 3631 768 διακο-

312 884 324 897 .
367 837 608 909 grinatio
665 833 875 904 aliquid
932 832 981 888 ei
1029 830 1222 886 afferat
1277 828 1407 884 novi
1462 804 1834 890 incommodi,
1887 833 1944 879 et

2056 818 2203 891 μίσῃ.
2245 818 2355 871 Καὶ
2393 817 2483 869 τὸν
2531 815 2908 870 ποθεινότατον
2955 812 3183 881 ἀδελφὸν
3230 807 3489 862 Εὐσέϐιον
3534 804 3630 858 τὸν

368 898 545 986 morbi
600 898 821 984 causam
881 925 1118 997 prasbeat
1163 920 1386 993 corpori
1436 919 1507 975 ad
1562 916 1941 991 aegrotandum

2056 909 2401 981 ἀναγνώστην
2434 908 2603 963 πάλαι
2640 907 2994 977 ἐπειγόμενον
3053 904 3189 976 πρὸς
3229 902 3325 973 τὴν
3368 902 3467 971 σὴν
3506 898 3633 951 θεο-

368 1022 620 1096 proclivi.
881 992 901 997 -
1266 992 1281 993 γ
2051 1003 2262 1058 σέϐειαν
2315 1002 2659 1073 ἐπέσχομεν,
2714 1000 2774 1053 τὸ
2823 998 2931 1053 τῶν
2984 997 3161 1068 ἀέρων
3211 992 3441 1065 εύκραές
3498 992 3633 1044 ἀνα-

371 1086 640 1191 μένοντες.
711 1113 823 1170 Καὶ
882 1112 977 1168 νῦν
1046 1112 1227 1185 μέντοι
1291 1110 1350 1163 ἐν
1405 1105 1646 1179 φροντίδι
1705 1104 1765 1159 οὐ
1813 1104 1880 1174 τῇ
1932 1099 2171 1171 τυχούσῃ
2221 1099 2339 1171 εἰμὶ
2365 1138 2380 1161 ,
2453 1098 2661 1168 μήποτε
2694 1093 2848 1165 αὐτῷ
2894 1094 2955 1147 τὸ
3012 1093 3143 1163 περὶ
3187 1090 3283 1153 τὰς
3316 1086 3634 1159 ὁδοιπορίας

367 1178 534 1285 ἀηθες
593 1178 843 1282 ξενισμὸν
900 1178 1178 1280 ἐμποιήσῃ
1202 1245 1218 1271 ,
1256 1204 1363 1259 ’καὶ
1413 1178 1725 1273 ἀρρωστίας
1773 1195 1960 1251 αἰτίαν
2014 1195 2279 1267 παράσχῃ
2322 1191 2404 1262 τῷ
2468 1191 2682 1261 σώματι
2734 1187 3064 1259 εὐαφόρμως
3122 1185 3298 1255 ἔχοντι
3343 1179 3481 1251 πρὸς
3528 1178 3632 1250 τὴν

368 1309 671 1365 ἀσθένειαν.

436 1404 492 1456 2.
532 1402 664 1465 Quae
719 1413 885 1470 porro
939 1397 994 1451 in
1029 1394 1250 1450 Oriente
1303 1398 1541 1454 novata,
1600 1400 1937 1456 supervaca-

367 1510 529 1551 neum
564 1493 762 1547 litteris
800 1488 1139 1562 signiﬁcare,
1186 1501 1311 1542 cum
1367 1483 1565 1539 fratres
1608 1482 1715 1551 ipsi
1766 1493 1936 1533 accu-

366 1595 484 1643 rate
517 1585 726 1656 possint
769 1598 863 1653 per
890 1597 949 1635 se
982 1582 1083 1650 ipsi
1119 1593 1366 1633 narrare.
1401 1573 1559 1631 Scias
1600 1580 1808 1634 autem,
1849 1585 1939 1625 re-

2056 1562 2151 1616 τῶν
2181 1559 2289 1614 τῶν
2344 1556 2588 1625 ἀδελφῶν
2637 1554 2878 1626 ἀκριϐῶς
2919 1551 3231 1622 δυναμένων
3281 1549 3373 1617 ἀφ’
3412 1547 3629 1602 ἐαυτῶν

365 1678 669 1736 nerandum
710 1675 844 1729 mihi
870 1684 1069 1743 caput,
1101 1687 1209 1737 me,
1236 1684 1373 1724 cum
1433 1668 1549 1722 haec
1598 1664 1936 1726 scriberem,

2056 1652 2368 1722 Ξιαγγεῖλαι.
2432 1650 2470 1702 Γ
2478 1650 2672 1703 ίνωσκε
2730 1646 2786 1700 δέ
2818 1687 2833 1711 ,
2884 1642 3189 1715 τιμιωτάτη
3251 1658 3339 1712 μοι
3387 1639 3628 1711 κεφαλὴ,

2117 1376 2170 1430 2.
2209 1374 2291 1428 Τὰ
2320 1374 2505 1446 μέντοι
2543 1369 3004 1441 καινοτομηθέντα
3054 1367 3181 1438 περὶ
3226 1365 3325 1436 τὴν
3358 1364 3629 1435 ἀνατολὴν

2046 1468 2298 1541 περιττὸν
2326 1467 2474 1538 ἡμᾶς
2509 1466 2624 1517 ἐστι
2658 1463 2746 1516 διὰ
2785 1460 3130 1533 γραμμάτων
3169 1457 3454 1528 σημαίνειν
3479 1496 3494 1517 ,
3528 1456 3632 1510 αύ-

366 1772 444 1828 ita
490 1771 631 1825 male
682 1766 935 1821 allectum
997 1762 1208 1829 fuisse,
1242 1767 1303 1815 ut
1347 1759 1459 1830 jam
1507 1773 1592 1812 me
1636 1769 1829 1810 omnes
1858 1754 1941 1808 vi-

364 1863 524 1920 vendi
576 1876 701 1931 spes
736 1856 1074 1927 reliquerint.
1124 1853 1338 1908 Etenim
1392 1866 1460 1906 ne
1492 1847 1770 1904 numerari
1816 1845 1939 1916 qui-

366 1959 486 2014 dem
523 1963 697 2025 potest
732 1966 918 2007 eorum
948 1964 1069 2020 qua:
1097 1947 1227 2001 mihi
1256 1946 1587 2016 ingruerunt
1622 1938 1938 2006 multitudo,

364 2058 422 2107 et
443 2057 644 2119 quanta
670 2044 981 2108 iniirmitas,
1014 2041 1362 2111 febriumque
1388 2036 1687 2102 acerbitas,
1713 2043 1766 2091 et
1796 2033 1937 2087 mala

366 2138 667 2204 habitudo;
701 2136 805 2192 nisi
857 2133 1004 2205 quod
1036 2133 1141 2187 hoc
1183 2147 1353 2187 unum
1385 2145 1453 2185 ex
1486 2127 1745 2184 omnibus
1780 2124 1939 2181 colli-

365 2229 530 2301 gitur,
568 2227 845 2298 impletum
887 2224 999 2294 jam
1042 2221 1176 2277 mihi
1208 2235 1331 2277 esse
1359 2229 1578 2290 tempus
1628 2231 1941 2275 commora-

362 2321 532 2380 tionis
563 2320 620 2375 in
653 2321 756 2376 hac
789 2316 993 2374 infelici
1020 2325 1076 2372 et
1097 2327 1409 2371 aerumnosa
1427 2312 1560 2368 vita.

840 2585 1176 2642 EPISTOLA
1207 2582 1439 2641 CXCIX‘

867 2698 1138 2754 Canonica
1176 2697 1425 2754 secunda.

2041 1748 2151 1811 ὅτι,
2188 1746 2353 1817 ἡνίκα
2377 1742 2550 1797 ταῦτα
2590 1738 2939 1804 ἐπέστελλον,
2982 1735 3124 1789 οὓτω
3174 1734 3453 1803 διεκείμην
3482 1733 3628 1801 φαύ-

2042 1839 2179 1902 λως,
2228 1836 2371 1889 ὥστε
2425 1833 2607 1897 πάσας
2662 1848 2728 1903 με
2764 1828 2960 1882 ’λοιπὸν
2991 1825 3085 1879 τοῦ
3122 1824 3221 1896 ζῇν
3255 1824 3353 1887 τὰς
3401 1822 3629 1886 ἐλπίδας

2042 1927 2461 1984 ἐπιλελοιπέναι.
2496 1926 2605 1979 Καὶ
2636 1925 2746 1994 γάρ
2793 1921 2917 1974 οὐδὲ
2957 1916 3427 1991 ἐξαριθμήσασθαι
3463 1915 3631 1968 δυνα-

2040 2023 2134 2076 τὸν
2179 2019 2288 2074 τῶν
2332 2018 2725 2089 ἐπιγινομένων
2775 2031 2863 2086 μοι
2918 2010 3338 2083 συμπτωμάτων
3382 2007 3443 2061 τὸ
3488 2007 3630 2080 πλῆ-

2042 2115 2171 2179 θος,
2205 2113 2300 2168 καὶ
2330 2112 2429 2182 τὴν
2460 2109 2777 2172 ἀσθένειαν,
2815 2106 2909 2160 καὶ
2941 2104 3001 2157 τδ
3041 2103 3269 2175 μέγεθος
3314 2101 3422 2155 τῶν
3455 2115 3632 2171 πυρεο

2044 2206 2183 2272 τῶν,
2234 2206 2330 2259 καὶ
2365 2203 2464 2274 τὴν
2511 2199 2840 2271 κακοήθειαν
2883 2199 3041 2251 ὁποῖα
3074 2195 3185 2264 (68)
3210 2211 3226 2227 ο
3253 2192 3404 2264 ’πλὴν
3441 2192 3524 2245 ὅτι
3556 2191 3631 2243 ἐκ

2046 2300 2264 2353 πάντων
2301 2295 2360 2350 ἓν
2396 2294 2458 2348 τὸ
2492 2292 2892 2363 συναγόμενον,
2934 2287 3222 2359 πληρῶσαι
3255 2288 3405 2359 ἡμᾶς
3429 2283 3630 2339 ’λοιπὸν

2048 2392 2138 2445 τὸν
2170 2391 2360 2462 χρόνον
2388 2387 2489 2459 τῆς
2538 2384 2830 2458 παροικίας
2861 2380 2956 2435 τοῦ
2984 2382 3245 2436 δυστήνου
3296 2378 3487 2433 τούτου
3526 2376 3630 2430 καὶ

2042 2481 2307 2555 ’ὀδυνηροῦ
2333 2481 2471 2553 βίου.

2540 2569 2885 2626 murram
2919 2570 3080 2639 Ριιοτ.

2630 2682 2934 2750 Κανονικὴ
2962 2682 3029 2736 6'.

368 2791 599 2855 Plurim
624 2789 945 2855 Amphilochii
965 2789 1305 2855 mlwstionibm
1328 2785 1394 2855 ad.
1416 2798 1619 2855 εαποηβε
1657 2778 1995 2855 φεεειῖπίδίῖιιε.
2015 2773 3048 2855 ηςεροῑυὲειΒαξίίέαεεέετῐηέἮ,ετξρίέξτέι
3070 2765 3630 2855 ’ΞΞΞΨἮᾎἮΜΞΞ

426 2842 590 2921 primo
612 2842 1063 2922 episiolpicanom'ca
1087 2858 1335 2922 sialiter-at,
1361 2850 1423 2899 de
1442 2842 1764 2922 matrimonio,
1788 2847 1848 2896 de
1870 2842 1995 2922 virgi

424 2908 522 2969 itan
542 2908 704 2967 statim
718 2914 868 2965 missa
888 2920 997 2964 sunt
1012 2927 1069 2964 ac
1087 2913 1288 2976 scripta.
1309 2918 1565 2976 propterea
1588 2908 1715 2974 quod
1738 2919 1926 2958 moram
1945 2913 2011 2956 au

717 3026 1080 3095 Amphilochia
1105 3025 1171 3078 de
1193 3022 1508 3078 canonibus.

436 3121 573 3177 Cum
621 3120 828 3191 pridem
875 3119 941 3173 ad
982 3118 1295 3188 propositas
1334 3117 1494 3171 nobis
1525 3133 1555 3170 ιι
1606 3124 1698 3170 tua
1733 3113 1935 3185 pietate

368 3211 696 3285 quaestiones
737 3208 1187 3280 respondissem;
1242 3223 1353 3262 non
1422 3207 1550 3262 misi
1614 3206 1881 3275 scriptum
1917 3244 1933 3269 ,

367 3306 566 3375 partim
618 3301 837 3373 quidem
886 3301 1049 3371 longo
1087 3308 1141 3355 et
1174 3299 1488 3369 periculoso
1519 3300 1714 3354 morbo
1742 3298 1937 3352 deten-

365 3405 479 3460 tus,
510 3395 705 3466 partim
741 3408 872 3448 vero
926 3400 1151 3462 propter
1201 3392 1487 3461 penuriam
1532 3390 1933 3445 ministrorum.

365 3485 532 3563 Pauci
568 3485 718 3541 enim
767 3483 910 3555 apud
948 3498 1071 3548 nos,
1126 3495 1180 3537 et
1218 3483 1315 3537 viae
1354 3483 1539 3553 periti,
1575 3489 1630 3537 et
1657 3482 1835 3553 parati
1870 3480 1939 3534 ad

366 3575 638 3647 ejusmodi
721 3573 1047 3628 ministeria.
1119 3573 1319 3639 Quare,
1356 3573 1593 3642 cognitis
1659 3586 1939 3625 morarum

367 3669 573 3733 causis,
609 3667 835 3739 ignosce
861 3667 1038 3721 nobis.
1053 3667 1321 3721 Admirati.
1354 3676 1533 3721 autem
1563 3681 1753 3720 sumus
1783 3673 1940 3718 tuum

366 3759 613 3816 discendi
666 3759 929 3822 studium,
968 3760 1133 3814 simul
1176 3766 1230 3814 et
1263 3758 1652 3821 humilitatem,
1683 3757 1836 3827 quod
1887 3764 1942 3810 et

365 3851 581 3907 discere
609 3866 717 3906 non
741 3851 1009 3922 graveris,
1032 3866 1158 3905 cum
1192 3849 1426 3904 docendi
1464 3850 1749 3904 locustibi
1788 3863 1942 3903 com-

367 3945 571 4001 missus
635 3945 709 3999 sit
739 3988 754 4012 ,
811 3956 865 3999 et
892 3960 923 3999 a
976 3944 1136 4000 nobis
1185 3943 1417 4010 discere,
1453 3943 1655 4013 quibus
1687 3942 1825 3996 nihil
1858 3948 1943 3997 est

366 4036 553 4103 magni
592 4036 662 4090 ad
690 4037 1000 4093 scientiam.
1032 4035 1141 4091 Sed
1174 4044 1357 4090 tamen
1389 4035 1520 4105 quia
1548 4050 1658 4089 non
1692 4036 1943 4105 gravaris

369 4125 441 4181 ob
469 4126 723 4183 timorem
773 4127 866 4183 Dei
899 4144 1011 4183 rem
1056 4127 1257 4192 facere,
1306 4141 1472 4198 quam
1512 4128 1653 4182 alius
1685 4127 1829 4181 haud
1865 4124 1944 4180 fa-

368 4218 474 4273 cile
526 4216 689 4273 l‘aciat
719 4259 736 4285 ,
788 4229 1001 4290 oportet
1044 4228 1102 4274 ut
1144 4228 1199 4275 et
1257 4234 1358 4275 nos
1416 4229 1520 4273 tuae
1571 4216 1845 4272 alacritati
1878 4230 1944 4270 ac

368 4307 518 4367 bono
545 4311 727 4367 studio
754 4327 913 4383 opem
932 4312 1104 4367 etiam
1133 4313 1278 4367 ultra
1301 4311 1454 4367 -vires
1478 4310 1746 4366 feramus.

441 4562 602 4618 XVII.
636 4562 982 4635 lnterrogasti
1012 4579 1115 4620 nos
1145 4564 1213 4620 de
1238 4564 1470 4620 Bianore
1495 4563 1836 4635 presbytero,
1876 4576 1944 4616 an

373 4656 430 4712 in
473 4657 683 4712 clerum
752 4655 965 4711 admitti
1017 4657 1233 4727 possit,
1271 4665 1495 4728 propter
1531 4653 1944 4725 jusjurandum.

370 4746 488 4820 Ego
533 4756 713 4804 autem
760 4764 847 4804 me
874 4750 988 4819 jam
1030 4748 1375 4805 communem
1413 4749 1652 4819 aliquam
1701 4747 1949 4818 regulam

371 4839 443 4896 de
473 4842 729 4898 omnibus
778 4843 873 4912 qui
928 4857 1036 4897 una
1081 4857 1206 4897 cum
1240 4857 1307 4897 eo
1336 4845 1661 4912 juraverant
1685 4883 1700 4909 ,
1751 4840 1950 4894 Antio-

373 4934 566 4990 chenis
598 4934 816 4990 clericis
849 4933 1087 4990 edidisse
1121 4935 1341 4990 memini
1368 4953 1382 4995 :
1411 4943 1468 4989 ut
1511 4934 1616 5004 ipsi
1647 4949 1676 4987 a
1710 4932 1950 5001 publicis

374 5026 593 5098 quidem
611 5027 972 5083 conventibus
1004 5027 1334 5091 abstineant,
1352 5027 1609 5097 privatim
1637 5025 1795 5097 291
1821 5039 1951 5080 vero

485 5158 635 5214 Alias
655 5157 721 5212 ll.
771 5158 983 5216 Scripta
1012 5160 1304 5216 anno'375.

451 5227 575 5310 (68).
611 5228 841 5310 'Qupi'a.
870 5227 1014 5310 Eiliti
1067 5231 1278 5310 ὁποίαν.
1306 5232 1763 5310 repugnantibus
1815 5248 1951 5289 mss.

374 5295 771 5355 vetustissimis
795 5307 849 5354 et
878 5301 1002 5355 aliis
1022 5295 1447 5358 recentioribus.
1464 5295 1491 5304 ⁷

447 5366 997 5445 ςεὶθ)Π,ι)οιιιιι9ιιε[‹ξίιςτ
1028 5370 1107 5424 lta
1128 5379 1252 5445 octo
1281 5374 1473 5427 saltem
1507 5387 1641 5427 mss.
1667 5371 1956 5445 Editifnpo—

374 5436 643 5512 geOeleac‘.
692 5437 852 5494 Deest
880 5440 1092 5494 initium
1147 5441 1310 5511 hujus
1375 5445 1620 5512 epistolae
1677 5444 1730 5496 in
1784 5436 1958 5512 pluri—

375 5506 857 5585 bus_mss_.‘usque
892 5513 961 5585 ad
994 5512 1109 5585 haec
1138 5506 1303 5585 verba
1341 5506 1656 5585 Ἠρώτησας
1685 5506 1849 5583 ἡμᾶς.

445 5526 480 5561 ιε
517 5526 648 5584 mss.
683 5526 857 5633 ιιειὲιιθ
896 5526 961 5565 au
994 5526 1109 5566 ntec
1138 5526 1303 5567 verba
1346 5526 1656 5585 ’Πρωτησας
1685 5526 1849 5583 ημας.

801 5581 833 5633 ἐ
880 5581 1161 5663 ἐνεργεῖν.
1206 5583 1359 5663 saepe
1401 5587 1776 5663 yituperautur
1816 5583 1959 5663 apud

372 5655 596 5707 sanctos
635 5647 826 5706 Patres
857 5689 875 5717 ,
923 5647 1207 5724 qui'sacra
1254 5647 1310 5710 iii
1334 5647 1563 5723 privatis
1590 5653 1801 5711 aedibus
1837 5647 1957 5710 sive

1998 2841 2141 2892 nibus
2159 2841 2328 2905 lapsis,
2351 2841 2413 2891 de
2440 2841 2678 2901 baptism
2697 2841 3191 2887 hwreticornmumec
3223 2846 3285 2881 nu

1998 2907 2203 2956 tulerunt
2224 2901 2401 2953 Basilii
2417 2907 2611 2952 mortuis
2631 2913 2690 2949 ac
2709 2896 3044 2948 ministrorum
3064 2892 3285 2958 penuria.

2159 2840 2413 2905 ἀφῆκας
2440 2835 2678 2901 baptismo
2697 2835 3191 2905 meminerunt-ch
3223 2839 3631 2902 nutanresponu

2404 3010 2770 3081 Ἀμςριλοχίφ
2802 3005 2938 3076 περὶ
2976 3004 3269 3058 κανόνων.
3552 3062 3563 3071 θ

2106 3106 2283 3161 Πάλαι
2308 3104 2465 3176 ’πρὸς
2516 3104 2617 3166 τὰς
2660 3100 2812 3172 παρὰ
2838 3100 2937 3169 τῆς
2965 3095 3252 3159 εὐλαϐείας
3280 3109 3376 3147 σου
3416 3107 3631 3163 προτα-

2038 3196 2225 3260 θείσατ,¹
2248 3195 2364 3266 (69)
2385 3196 2518 3266 ἡμῖν
2549 3193 2848 3265 ἐρωτήσεις
2869 3187 3332 3260 ἀποκρινάμενος,
3357 3184 3460 3237 οὐκ
3515 3184 3629 3236 ἀπ-

2044 3289 2261 3343 έστειλα
2282 3288 2345 3341 τὺ
2375 3286 2632 3358 γράμμα,
2655 3282 2811 3336 τοῦτο
2839 3282 2938 3353 μὲν
2967 3279 3071 3332 ὑπὸ
3089 3281 3188 3350 τῆς
3209 3274 3632 3349 ἀρῤωστίαςτῆς

2043 3381 2260 3452 μακράς
2310 3377 2404 3432 καὶ
2463 3374 2808 3429 ἐπικινδύνου
2843 3371 3184 3442 ἀσχοληθεὶς,
3237 3368 3397 3422 τοῦτο
3436 3365 3495 3418 δέ
3521 3363 3633 3416 ύπδ

2038 3471 2139 3540 τῆς
2178 3468 2412 3540 ἀπορίας
2449 3465 2559 3520 τῶν
2589 3463 3035 3533 διακονουμένων.
3093 3460 3292 3528 Ὀλίγοι
3327 3457 3436 3527 γὰρ
3483 3454 3621 3523 παρ’

2041 3562 2173 3632 ἡμῖν
2214 3559 2310 3613 καὶ
2344 3558 2465 3612 ὁδοῦ
2501 3556 2778 3627 ἔμπειροι,
2815 3556 2909 3608 καὶ⁵
2934 3550 3448 3626 παρεσκευασμένοι
3490 3546 3643 3620 πρὸς.

2041 3653 2140 3714 τὰς
2163 3650 2420 3713 τοιαύτας
2469 3647 2795 3719 ὑπηρεσίας.
2828 3647 3011 3712 Ὥστε,
3061 3641 3249 3716 μαθὼν
3295 3642 3395 3706 τὰς
3447 3644 3633 3704 αἰτίας

2040 3745 2141 3815 τῆς
2184 3742 2541 3814 βραδυτῆτος,
2578 3741 2668 3804 δὸς
2709 3741 2840 3811 ἡμῖν
2878 3739 2978 3809 τὴν
3023 3736 3375 3806 συγγνώμην.
3439 3733 3635 3787 Ἐθαυ-

2045 3837 2300 3908 μάσαμεν
2344 3834 2404 3887 δέ
2458 3850 2553 3886 σου
2580 3833 2681 3904 τὴν
2726 3829 3083 3901 φιλομάθειαν
3110 3826 3245 3898 ὁμοῦ
3290 3826 3387 3879 καὶ
3418 3825 3519 3895 τὴν
3542 3841 3635 3876 ταρ

2045 3926 2507 3999 πεινοφροσύνην·
2549 3926 2631 3979 ὃτι
2672 3924 2769 3977 καὶ
2820 3921 3011 3995 μαθεῖν
3055 3920 3348 3990 καταδέχη,
3395 3918 3499 3990 τὴν
3534 3916 3633 3970 τοῦ

2044 4021 2313 4075 διδάσκειν
2358 4019 2513 4085 τάξιν
2558 4015 3010 4083 πεπιστευμένος,
3038 4013 3133 4066 καὶ
3155 4011 3446 4082 μανθάνειν
3501 4012 3633 4081 παρ’

2032 4111 2221 4182 ἡμῶν,
2244 4105 2325 4173 οἷς
2353 4108 2503 4162 οὐδὲν
2547 4107 2689 4178 μέγα
2740 4105 3003 4176 πρόσεστι
3037 4101 3173 4173 πρὸς
3217 4099 3442 4169 γνῶσιν.
3491 4097 3632 4151 Ἀλλ’

2046 4203 2232 4274 ὅμως,
2285 4200 2473 4270 ἐπειδὴ
2521 4198 2794 4269 καταδέχῃ
2855 4196 2944 4250 διὰ
2972 4195 3065 4247 τὸν
3116 4192 3280 4262 φόϐον
3338 4191 3433 4245 τοῦ
3493 4188 3631 4243 Θεοῦ

2048 4297 2220 4348 ποιεῖν
2278 4295 2514 4366 πρᾶγμα
2552 4294 2612 4346 ού
2662 4291 2863 4363 ῥᾳδίως
2910 4290 3040 4358 παρ’
3089 4286 3277 4357 ἐτέρου
3316 4285 3631 4355 γινόμενον,

1973 4387 2026 4447 Ι)
2052 4387 2156 4458 χρὴ
2180 4386 2274 4439 καὶ
2298 4386 2446 4455 ἡμᾶς
2472 4387 2538 4455 τῇ
2564 4382 2845 4455 προθυμίᾳ.
2875 4398 2968 4434 σου
2996 4380 3090 4433 καί⁵
3114 4381 3181 4449 τῇ
3208 4376 3387 4448 ἀγαθῇ
3422 4376 3631 4447 σπουδῇ

2044 4478 2402 4550 συναίρεσθαι
2432 4478 2528 4531 καὶ
2549 4477 2689 4548 ὑπὲρ
2717 4475 2970 4545 δύναμιν.

2119 4572 2219 4626 IZ'.
2266 4569 2584 4642 Ἠρώτησας
2623 4569 2773 4638 ἡμᾶς
2806 4567 2935 4638 περὶ
2974 4565 3231 4635 Βιάνορος
3258 4558 3352 4614 τοῦ
3388 4557 3635 4632 πρεσόυ-

2050 4663 2233 4733 τέρου,
2262 4664 2311 4715 εί
2331 4662 2518 4724 δεκτός
2544 4663 2691 4714 ἐστιν
2722 4661 2801 4723 εἰς
2829 4658 2920 4712 τὸν
2949 4656 3175 4727 κλῆρον,
3206 4652 3296 4707 διὰ
3328 4653 3422 4706 τὸν
3449 4654 3636 4724 ὅρκον.

2064 4752 2206 4822 Ἐγὼ
2223 4753 2281 4807 δέ
2302 4752 2403 4824 ήδη
2436 4750 2560 4805 τινὰ
2586 4750 2768 4804 κοινὸν
2797 4749 2923 4820 ὅρον
2956 4748 3086 4819 περὶ
3110 4746 3331 4799 πάντων
3352 4744 3493 4814 ὁμοῦ
3525 4743 3637 4796 τῶν

2037 4846 2172 4917 μετ’
2205 4842 2370 4898 αὑτοῦ
2415 4842 2782 4914 ὀμωμοκότων
2812 4842 2933 4903 τοῖς
2982 4839 3103 4891 κατ’
3144 4837 3478 4907 Ἀντιόχειαν
3502 4836 3640 4907 κλη-

2057 4939 2227 5010 ρικοῖς
2267 4932 2383 4990 οἶδα
2444 4933 2801 4999 ἐκτεθεικὼς·
2855 4933 2996 4988 ὥστε
3050 4931 3159 4984 τῶν
3211 4930 3311 5001 μὲν
3360 4929 3641 5000 δημοσίων

2039 5026 2250 5089 αὐτοὺς
2269 5025 2570 5096 ἀπέχεσθαι
2593 5024 2889 5093 συλλόγων,
2928 5022 3037 5091 ἰδία
3072 5020 3131 5074 δέ
3155 5021 3401 5091 ἐνεργεῖν
3423 5019 3538 5091 (70)
3566 5019 3641 5072 τὰ

2055 5161 2374 5219 domesticis
2414 5160 2672 5217 oratoriis
2715 5160 3022 5216 celebrant.
3074 5157 3214 5212 Hinc
3245 5156 3506 5223 lrenaus,
3538 5155 3638 5210 lib.

2057 5249 2133 5295 iv,
2172 5248 2295 5301 cap.
2330 5232 2423 5299 26,
2468 5242 2723 5303 oportere
2751 5232 2967 5296 aiteos,
2997 5232 3089 5303 qui
3129 5227 3395 5303 absistunt
3427 5243 3460 5279 α
3495 5227 3644 5294 prin-

2056 5304 2217 5371 cipali
2237 5299 2564 5357 successione
2586 5312 2636 5356 et
2674 5316 2978 5371 quocunque
3003 5302 3116 5354 loco
3149 5299 3426 5371 colligunt,
3456 5312 3639 5371 suspe-

2050 5369 2170 5427 ctos
2217 5373 2426 5433 habere,
2452 5373 2529 5427 vel
2556 5369 2710 5442 quasi
2738 5373 3012 5442 hwreticos
3060 5381 3109 5424 et
3143 5369 3301 5422 malle
3327 5370 3638 5429 sententia,

2058 5445 2137 5498 vel
2147 5445 2298 5512 quasi
2308 5441 2603 5498 scindentes
2614 5452 2662 5496 et
2674 5442 2840 5495 elatos
2852 5441 3013 5495 etsibi
3028 5442 3328 5512 placentes;
3345 5448 3437 5512 aut
3452 5453 3639 5491 rursus

2060 5525 2118 5567 ut
2144 5508 2448 5583 hypocrita;
2471 5523 2701 5582 quwstus
2733 5515 2910 5583 gratia
2938 5520 2986 5564 et
3018 5526 3167 5583 vain}
3191 5508 3382 5583 glorier
3404 5508 3501 5583 lioc
3526 5523 3643 5576 ope-

2061 5567 2255 5638 γαηιὲίς.
2276 5567 2532 5650 Basilius,
2553 5584 2607 5638 in
2625 5567 2818 5652 psalm.
2842 5596 3009 5652 um,
3039 5597 3099 5636 ιι.
3118 5567 3348 5634 5ῘΝωι
3362 5581 3529 5652 igitur
3550 5567 3615 5631 ex

2061 5666 2147 5708 tra
2174 5665 2412 5709 sanctam
2446 5648 2582 5710 hanc
2612 5648 2799 5708 bulam
2836 5651 3062 5707 adorare
3090 5658 3330 5718 oportet,
3371 5648 3465 5704 sed
3496 5650 3642 5703 intra
