3852 6220
351 273 453 328 719

1666 261 1723 316 S.
1763 257 2007 315 BASlLll
2046 258 2260 314 MAGNI

3506 262 3608 318 720

344 386 551 458 judicio
599 385 888 455 suajicltur
918 383 1248 456 gravissimo
1283 422 1298 447 ,
1359 395 1420 438 ut
1473 397 1596 452 qua:
1657 381 1816 436 iidem
1874 380 1927 434 in

2038 379 2100 432 Εί
2127 381 2309 434 τοίνυν
2333 383 2480 452 χήρα
2511 382 2739 452 κρίματι
2769 381 3050 435 ὑπόκειται
3083 378 3387 451 βαρυτάτῳ,
3417 377 3494 443 ὡς
3511 379 3608 450 τὴν

347 479 629 535 Christum
686 477 901 532 irritam
950 475 1178 540 fecerit,
1217 475 1348 547 quid
1402 475 1562 530 nobis
1622 473 1926 546 putandum

347 570 416 625 de
447 569 679 640 virgine,
715 582 837 637 quae
878 582 1079 638 sponsa
1105 575 1191 623 est
1215 566 1456 632 Christi,
1491 575 1545 621 et
1579 579 1798 621 sacrum
1833 580 1926 619 vas

347 660 580 715 Domino
622 657 988 715 dedicatum?
1039 656 1296 730 Magnum
1333 658 1562 730 quidem‘
1601 665 1686 712 est
1734 671 1927 728 pecca-

347 757 508 815 tum,
561 749 648 805 vel
693 749 951 804 ancillam
975 749 1354 817 [clandestinis
1399 748 1773 805 matrimoniis
1803 763 1926 803 sese

349 841 592 907 dantem,
627 849 818 911 stupro
866 840 1088 896 domum
1133 842 1359 912 implere
1381 881 1398 908 ,
1428 850 1483 896 et
1525 841 1796 897 deteriore
1816 841 1926 895 vita

349 932 607 1004 iniuriam
656 934 968 1004 possessori
1028 932 1256 989 facere:
1302 935 1465 1006 longe
1502 941 1682 988 autem
1707 933 1927 1004 gravius

350 1032 435 1081 est
470 1039 733 1096 sponsam
765 1024 884 1080 fieri
940 1025 1277 1094 adulteram,
1312 1040 1377 1080 ac
1408 1040 1522 1082 sua:
1550 1041 1676 1080 cum
1723 1039 1927 1095 sponso

349 1117 724 1187 conjunctioni
775 1118 1015 1174 dedecus
1076 1118 1339 1175 ferentem
1373 1158 1389 1185 ,
1453 1117 1745 1189 impudicis
1771 1117 1928 1172 volu-

349 1211 590 1282 ptatibus
638 1226 698 1267 se
758 1210 982 1267 dedere.
1035 1209 1272 1267 Proinde
1335 1210 1500 1266 vidua
1550 1210 1769 1282 quidem
1803 1249 1820 1275 ,
1869 1217 1930 1264 ut

349 1308 607 1371 corrupta
637 1302 874 1366 ancilla,
909 1302 1308 1358 condemnatur
1341 1321 1355 1369 ;
1391 1303 1545 1373 virgo
1583 1317 1716 1357 vero
1771 1300 1930 1356 adul-

349 1402 480 1451 tera:
501 1395 712 1464 judicio
737 1396 900 1467 292
933 1397 1246 1467 subjicitur.
1267 1395 1737 1463 Quemadmodum
1763 1393 1930 1465 igitur

347 1503 474 1544 eum
506 1490 604 1560 qui
654 1502 781 1543 cum
815 1489 994 1546 aliena
1025 1499 1112 1546 est
1146 1491 1376 1545 muliere
1405 1531 1420 1556 ,
1465 1488 1779 1544 adulterum
1829 1503 1930 1542 no-

350 1580 652 1645 minamus,
698 1595 807 1636 non
860 1580 1011 1651 prius
1059 1581 1410 1637 admittentes
1470 1578 1536 1632 ad
1587 1577 1929 1634 communio-

349 1687 496 1737 nem,
535 1686 700 1742 quam
745 1686 776 1725 a
810 1680 1036 1742 peccato
1087 1672 1429 1729 cessaverit:
1470 1671 1546 1726 ita
1604 1668 1848 1740 profecto
1871 1677 1927 1725 et

2035 473 2115 534 είς
2169 471 2400 542 Χριστὸν
2462 471 2776 542 ἀθετήσασα
2827 471 3028 533 πίστιν,
3068 469 3120 522 τί
3157 469 3261 541 χρὴ
3297 466 3610 536 λογίζεσθαι

2035 564 2181 632 ἡμᾶς
2214 564 2340 633 περὶ
2367 564 2464 634 τῆς
2515 562 2804 634 παρθένου,
2834 563 2957 632 ἥτις
2983 561 3170 632 νύμφη
3199 560 3316 614 ἐστὶ
3353 558 3448 612 τοῦ
3475 560 3613 630 Χρι-

2037 654 2183 718 στοῦ,
2217 655 2310 709 καὶ
2349 652 2542 718 σκεῦος
2573 655 2715 726 ἱερὸν
2748 653 3007 709 ἀνατεθὲν
3037 653 3116 724 τῷ
3143 652 3420 725 Δεσπότῃ;
3450 650 3611 718 Μέγα

2037 748 2134 820 μὲν
2165 749 2468 820 ἁμάρτημα
2521 750 2614 803 καὶ
2642 747 2836 819 δούλην
2869 746 3149 819 λαθραίοις
3176 744 3374 815 γάμοις
3409 743 3610 812 ἑαυτὴν

2035 838 2374 894 ὲπιδιδοῦσαν
2422 840 2625 911 φθορᾶς
2671 840 2982 910 ἀναπλῆσαι
3011 837 3101 890 τὸν
3130 832 3299 899 οἷκον,
3351 833 3449 887 καὶ⁸
3483 831 3613 885 καθ·

2036 931 2276 1003 υ6ρίζειν
2303 931 2391 987 διὰ
2411 932 2504 986 τοῦ
2536 932 2771 1004 πονηροῦ
2796 931 2912 1001 βίου
2942 931 3033 984 τὸν
3053 928 3406 1000 κεκτημένον·
3431 922 3611 993 πολλῷ
3649 932 3655 971 ῖ

2033 1025 2090 1079 δὲ
2116 1025 2289 1096 δήπου
2326 1024 2704 1097 χαλεπώτερον
2743 1024 2840 1096 τὴν
2883 1023 3098 1094 νύμφην
3150 1018 3430 1092 μοιχαλίδα
3457 1015 3613 1087 γενέ-
3651 1081 3654 1084 λ

2037 1117 2181 1181 σθαι,
2217 1117 2310 1171 καὶ
2468 1117 2604 1189 πρὸς
2635 1117 2726 1170 τὸν
2760 1115 2991 1187 νυμφίον
3023 1114 3216 1166 ’ἐνωσιν
3241 1111 3609 1181 ἀτιμάσασαν,
3650 1105 3653 1112 ⁵

2035 1208 2246 1280 ἡδοναῖς
2277 1207 2596 1270 ἀκολάστοις
2629 1206 2826 1277 ἑαυτὴν
2867 1204 3164 1258 ἐπιδοῦναι.
3206 1202 3412 1256 Οὐκοῦν
3441 1202 3475 1272 ἡ
3511 1200 3614 1270 μὲν

2035 1298 2199 1368 χήρα,
2229 1297 2305 1360 ὡς
2336 1297 2494 1368 δούλη
2558 1296 2952 1368 διεφθαρμένη,
2987 1293 3440 1358 καταδικάζεται·
3477 1294 3512 1362 ἡ
3552 1290 3610 1343 δὲ

2035 1389 2300 1461 παρθένος
2345 1388 2424 1460 τῷ
2479 1390 2704 1460 κρίματι
2767 1388 2868 1459 τῆς
2935 1386 3237 1458 μοιχαλίδος
3303 1384 3607 1438 ὑπόκειται.

2037 1482 2245 1553 ’Ὥσπερ
2304 1477 2397 1536 οὖν
2433 1481 2524 1534 τὸν
2569 1481 2825 1553 ἀλλοτρία
2867 1479 3085 1549 γυναικὶ
3137 1477 3384 1532 συνιόντα
3423 1474 3611 1546 μοιχὸν

2035 1575 2392 1646 ὀνομάζομεν,
2443 1573 2504 1626 ού
2558 1573 2820 1645 πρότερον
2857 1570 3286 1643 παραδεξάμενοι
3309 1570 3388 1633 είς
3418 1587 3612 1623 κοινω-

2034 1668 2173 1732 νίαν,
2209 1668 2335 1738 πρὶν
2368 1664 2737 1738 ἢπαύσασθαι
2767 1665 2865 1736 τῆς
2907 1664 3214 1735 ἁμαρτίας·
3247 1663 3388 1716 οὕτω
3419 1662 3609 1732 δηλον-

307 1812 310 1816 .
349 1765 417 1820 de
444 1779 510 1820 eo
547 1741 643 1834 qui
679 1741 946 1836 virginem
995 1764 1162 1820 habet
1211 1772 1542 1820 statuemus.
1573 1761 1710 1816 Illud
1739 1768 1926 1817 autem

2038 1758 2111 1812 ότι
2136 1759 2230 1810 καὶ
2256 1758 2347 1810 ἐπὶ
2372 1756 2465 1810 τοῦ
2494 1758 2594 1829 τὴν
2617 1756 2885 1827 παρθένον
2910 1756 3123 1826 ἔχοντος
3156 1753 3607 1826 διατεθησόμεθα.

347 1872 496 1912 nunc
542 1859 598 1912 in
645 1865 993 1914 antecessum
1053 1868 1292 1913 statuere
1348 1857 1508 1912 nobis
1539 1870 1766 1911 necesse
1798 1863 1923 1920 est,

347 1946 613 2018 virginem
659 1947 891 2012 vocari,
940 1962 1062 2018 qua:
1117 1963 1178 2004 se
1224 1963 1323 2004 sua
1356 1953 1550 2016 sponte
1591 1945 1791 2000 obtulit
1823 1943 1928 1999 Do-

350 2042 522 2104 mino,
562 2056 628 2096 ac
653 2041 910 2098 nuntium
955 2040 1164 2110 nuptiis
1192 2039 1438 2105 remisit,
1469 2050 1522 2094 et
1552 2037 1930 2094 sanctimoniae

351 2133 665 2190 institutum
719 2133 971 2202 amplexa
1048 2141 1152 2187 est.
1207 2130 1588 2187 Professiones
1632 2138 1814 2185 autem
1859 2129 1930 2185 ab

348 2237 415 2278 eo
467 2232 709 2292 tempore
737 2222 1117 2288 admittimus,
1173 2237 1284 2292 quo
1312 2231 1444 2277 aatas
1497 2220 1728 2276 rationis
1772 2235 1928 2274 com-

349 2314 683 2384 plementum
736 2311 1015 2366 habuerit.
1064 2309 1252 2381 Neque
1303 2309 1448 2365 enim
1483 2308 1723 2379 pueriles
1766 2321 1928 2362 voces

347 2405 576 2461 omnino
630 2412 782 2461 ratas
841 2404 898 2458 in
944 2403 1217 2474 ejusmodi
1262 2403 1424 2457 rebus
1480 2401 1679 2455 habere
1727 2414 1926 2454 conve-

346 2496 430 2551 nit
476 2512 509 2550 τι
541 2496 638 2553 sed
697 2512 820 2568 quae
853 2512 1021 2567 supra
1069 2493 1343 2550 sexdecim
1403 2491 1488 2548 vel
1538 2490 1928 2561 septemdecim

348 2602 525 2644 annos
571 2597 701 2642 nata
731 2627 748 2654 ,
800 2588 1282 2644 ratiocinationum
1309 2601 1532 2643 suarum
1563 2585 1767 2641 arbitra
1791 2626 1806 2652 ,
1835 2585 1928 2639 diu

347 2679 657 2734 examinata
707 2695 772 2735 ac
801 2680 1030 2752 probata
1060 2722 1075 2746 ,
1131 2678 1393 2749 deinceps
1437 2677 1843 2749 perseveravit,
1875 2683 1929 2732 et

349 2778 412 2825 ut
462 2771 785 2825 admittatur
835 2778 1154 2826 constanter
1210 2769 1527 2841 rogaverit,
1560 2778 1677 2823 tum
1707 2769 1925 2824 demum

349 2863 494 2919 inter
542 2864 784 2935 virgines
841 2862 1166 2930 referenda,
1226 2862 1460 2933 ejusque
1508 2869 1627 2916 rata
1675 2860 1926 2916 habenda

348 2954 640 3026 professio,
675 2970 740 3009 ac
768 2954 919 3011 illius
963 2955 1189 3010 violatio
1217 2953 1655 3018 ,inexorabiliter
1698 2953 1930 3024 punien-

349 3046 440 3102 da.
473 3045 670 3102 Multas
700 3047 847 3102 enim
897 3053 1149 3117 parentes
1198 3047 1478 3101 adducunt
1525 3055 1579 3101 et
1635 3044 1832 3100 fratres
1874 3050 1928 3100 et

349 3139 786 3209 propinquorum
848 3139 1098 3193 nonnulli
1160 3145 1286 3194 ante
1348 3147 1606 3204 aetatem,
1664 3153 1776 3193 non
1829 3153 1929 3194 sua

351 3237 546 3301 sponte
599 3229 668 3284 ad
703 3229 950 3286 caelibem
985 3231 1152 3285 vitam
1201 3231 1493 3296 incitatas,
1550 3229 1646 3286 sed
1708 3238 1768 3284 ut
1824 3230 1930 3285 sibi

349 3323 458 3395 ipsi
508 3322 728 3393 aliquod
753 3323 810 3377 in
854 3323 968 3378 vita
989 3324 1340 3379 commodum
1391 3323 1736 3395 provideant.
1769 3322 1928 3378 Tales

349 3432 462 3473 non
519 3417 680 3473 facile
750 3417 1138 3486 admittendaa,
1205 3419 1381 3475 donec
1448 3427 1635 3490 aperte
1687 3420 1927 3491 ipsarum

349 3506 681 3578 perscrutati
727 3505 993 3563 fuerimus
1019 3509 1363 3563 sententiam.

419 3596 561 3654 XIX.
606 3597 868 3655 Virorum
895 3607 1078 3655 autem
1104 3599 1473 3670 professiones
1492 3602 1617 3670 [non
1653 3601 1926 3665 novimus,

347 3699 714 3762 praeterquam
772 3691 820 3748 si
867 3691 963 3761 qui
1015 3707 1076 3747 se
1108 3693 1234 3763 ,ipsi
1285 3693 1682 3748 monachorum
1749 3692 1928 3748 ordini

348 3782 708 3854 ascripserint
771 3800 783 3836 :
851 3785 947 3854 qui
1009 3785 1233 3852 quidem
1297 3787 1461 3841 tacite
1517 3786 1688 3840 vitam
1776 3786 1926 3840 caeli-

347 3876 474 3932 hem
546 3875 802 3930 videntur
857 3876 1190 3947 suscepisse.
1243 3876 1630 3934 Verumtamen
1708 3879 1764 3932 in
1820 3878 1929 3934 illis

347 3982 570 4039 quoque
617 3967 789 4038 _illud
869 3969 1068 4040 opinor
1158 3971 1417 4039 praemitti
1494 3980 1746 4040 oportere
1779 4011 1794 4036 ,
1870 3978 1930 4025 ut

347 4059 455 4132 ipsi
521 4061 930 4133 interrogentur
959 4103 975 4129 ,
1047 4062 1464 4133 accipiaturque
1541 4076 1733 4117 eorum
1799 4079 1930 4132 pro-

348 4153 519 4210 fessio
567 4154 717 4210 clara
765 4167 830 4209 ac
872 4154 1164 4224 perspicua
1220 4172 1233 4206 :
1293 4163 1396 4220 ut,
1455 4171 1584 4212 cum
1637 4171 1697 4212 se
1746 4155 1812 4209 ad
1865 4157 1929 4209 li-

347 4245 661 4302 bidinosam
725 4254 781 4304 et
848 4246 1215 4316 voluptariam
1280 4248 1448 4302 vitam
1516 4249 1926 4315 converterint,

346 4353 537 4394 eorum
580 4337 675 4408 qui
739 4337 1086 4394 fornicantur
1116 4340 1390 4409 punitioni
1429 4340 1817 4411 subjiciantur.

414 4427 536 4483 XX.
575 4428 932 4498 Quaecunque
961 4429 1242 4496 mulieres,
1273 4445 1399 4484 cum
1421 4439 1607 4488 essent
1628 4433 1684 4487 in
1713 4431 1925 4496 haaresi,
1961 4434 2005 4489 D

347 4521 718 4593 virginitatem
747 4520 1011 4590 professae
1049 4530 1222 4586 sunt,
1264 4523 1362 4578 sed
1413 4532 1606 4595 postea
1649 4526 1930 4580 matrimo-

347 4610 502 4666 nium
547 4611 947 4682 praatulerunt,
1001 4627 1113 4667 non
1168 4613 1408 4669 arbitror
1449 4629 1543 4670 eas
1576 4615 1930 4670 condemnari

348 4711 619 4774 oportere.
679 4701 1012 4772 Quacumque
1083 4705 1222 4758 enim
1277 4706 1408 4760 dicit
1457 4708 1578 4774 (ex,
1639 4709 1707 4762 iis
1743 4709 1833 4778 qui
1878 4709 1931 4761 in

351 4797 457 4867 lege
500 4806 624 4850 sunt
665 4794 794 4849 dicit
824 4795 890 4850 “.
923 4796 1056 4863 Quae
1103 4804 1289 4853 autem
1333 4799 1526 4870 jugum
1567 4798 1771 4856 Christi
1796 4815 1933 4854 non-

349 4886 479 4941 dum
508 4887 834 4954 subierunt,
869 4903 947 4943 eae
1000 4902 1103 4942 nec
1152 4887 1367 4944 Domini
1409 4891 1555 4962 leges
1605 4901 1930 4963 agnoscunt.

349 4977 531 5044 Quare
562 4986 693 5034 sunt
725 4980 782 5032 in
823 4978 1127 5036 Ecclesiam
1159 4983 1532 5052 recipiendae;
1569 4998 1698 5039 cum
1756 4987 1934 5039 omni-

349 5071 454 5127 bus
496 5069 664 5126 etiam
711 5069 908 5128 horum
966 5074 1353 5131 remissionem
1407 5075 1675 5131 habentes
1728 5091 1794 5133 ex
1830 5076 1934 5132 ﬁde

421 5203 466 5236 “
489 5203 650 5258 Rom.
675 5219 756 5268 ιιι,
781 5204 870 5260 i9.

423 5340 535 5410 (75)
571 5342 682 5407 Τὰς
707 5342 776 5396 δὲ
805 5347 1193 5414 ὁμολογίας...
1226 5347 1688 5468 συέπξλοήρωσιν.
1721 5347 1800 5400 Ita
1837 5363 1930 5401 co-

423 5425 503 5465 :es
544 5427 678 5468 mss.
714 5429 928 5468 summo
966 5431 1260 5468 consensu.
1353 5417 1451 5468 diti
1489 5416 1602 5468 Τὴν
1648 5417 1706 5468 δὲ
1736 5417 1930 5468 ὁμολο-

352 5411 503 5498 dices
544 5411 928 5498 mssas'um—mo
966 5411 1602 5498 οὲιιεεξιειιτηβάριὶ’Τὴν
1648 5417 1932 5498 δὲιὸμολο-

351 5479 546 5546 γίαν...
577 5482 949 5554 ἐμπλήρωσιν.
988 5485 1103 5540 Hoc
1131 5485 1319 5540 Basilii
1366 5479 1648 5542 decretum
1683 5479 1929 5556 de'pro-

355 5550 611 5626 fessionis
667 5563 824 5626 ae_tate
874 5558 1074 5626 citatur
1122 5556 1179 5610 in
1233 5571 1445 5612 canone
1502 5555 1928 5626 quadragesimo

353 5621 546 5706 synodi
580 5621 636 5674 in
689 5622 899 5706 Trullo,
935 5633 992 5706 e_t
1030 5625 1229 5706 decem
1263 5597 1556 5706 εει-δεδιεῶ
1601 5597 1752 5694 ιιιιιιί

353 5689 589 5746 Basilius
623 5689 890 5763 requirit,
914 5695 981 5749 ad
1011 5695 1197 5750 decem
1228 5689 1569 5767 rediguntur.

2043 1849 2249 1901 Ἐκεῖνο
2294 1849 2349 1902 δὲ
2388 1848 2484 1901 νῦν
2525 1847 3070 1920 προδιομολογεῖσθαι
3112 1849 3244 1918 ἡμῖν
3287 1847 3607 1915 ἀναγκαῖον,

2032 1941 2114 1994 ὃτι
2148 1941 2413 2013 παρθένος
2462 1942 2790 2012 ὀνομάζεται
2828 1945 2859 2013 ή
2907 1942 3170 2004 ἑκουσίως
3208 1943 3406 2012 ἑαυτὴν
3438 1957 3608 2010 προσ-

1997 2017 2312 2106 ἀγαγοῦσα
2366 2033 2444 2104 τῷ
2502 2033 2704 2106 Κυρίῳ,
2754 2035 2848 2086 καὶ
2893 2033 3278 2104 ἀποταξαμένη
3308 2032 3386 2102 τῷ
3419 2033 3605 2102 γάμῳ,

2031 2131 2123 2183 καὶ
2149 2130 2238 2183 τὸν
2258 2131 2314 2182 ὲν
2348 2127 2604 2198 ἁγιασμῷ
2642 2127 2755 2196 βίον
2789 2128 3198 2198 προτιμήσασα.
3237 2124 3347 2188 Τὰς
3379 2125 3436 2178 δὲ
3476 2127 3609 2195 ὀμο-

2029 2221 2216 2291 λογίας
2245 2221 2364 2274 τότε
2395 2219 2739 2291 ὲγκρίνομεν,
2784 2221 2875 2286 ἀφ’
2906 2214 3076 2288 οὗπερ
3104 2217 3169 2270 ἂν
3199 2220 3231 2288 ή
3269 2217 3454 2288 ἡλικία
3508 2216 3609 2286 τὴν

2031 2314 2123 2368 τοῦ
2150 2313 2309 2383 λόγου
2338 2313 2732 2384 συμπλήρωσιν
2760 2312 2873 2383 (75)
2895 2311 3014 2383 ἔχῃ.
3048 2311 3183 2364 Οὐδὲ
3207 2312 3314 2382 γὰρ
3339 2311 3438 2374 τὰς
3477 2328 3607 2363 παι-

2029 2405 2185 2470 δικὰς
2215 2405 2399 2475 φωνὰς
2434 2403 2651 2467 πάντως
2699 2404 2895 2474 κυρίας
2930 2402 3152 2456 ἐπὶτῶν
3174 2403 3429 2456 τοιούτων
3457 2405 3611 2472 ἡγεῖ-

2032 2497 2154 2551 σθαι
2217 2499 2513 2568 προσῆκεν,
2558 2495 2695 2550 ἀλλὰ
2739 2496 2836 2566 τὴν
2868 2495 3010 2565 ὑπὲρ
3037 2495 3104 2548 τά
3133 2495 3266 2548 δέκα
3299 2494 3359 2559 ἓξ
3387 2495 3418 2565 ἢ
3476 2495 3612 2548 δέκα

2031 2589 2125 2642 καὶ
2148 2588 2285 2642 ἑπτὰ
2306 2588 2606 2658 γενομένην
2635 2586 2752 2656 ἔτη,
2777 2587 2971 2658 κυρίαν
2999 2583 3166 2639 οὖσαν
3184 2586 3291 2640 τῶν
3310 2585 3608 2656 λογισμῶν,

2030 2680 2415 2752 ἀνακριθεῖσαν
2473 2681 2565 2734 ἐπὶ
2617 2679 2820 2741 πλεῖον,
2880 2676 2999 2734 εἶτα
3025 2681 3461 2752 παραμείνασαν,
3514 2680 3611 2733 καὶ¹

2033 2771 2368 2844 λιπαροῦσαν
2401 2771 2488 2825 διὰ
2515 2772 2732 2826 ἱκεσιῶν
2763 2773 2898 2844 πρὸς
2930 2772 2990 2826 τὸ
3029 2772 3452 2844 παραδεχθῖψαι,
3485 2772 3608 2824 τότε

2034 2865 2496 2934 ὲγκαταλέγεσθαι
2527 2865 2630 2936 χρὴ
2666 2868 2784 2929 ταῖς
2820 2863 3131 2937 παρθένοις,
3157 2865 3250 2918 καὶ⁵
3287 2867 3386 2936 τὴν
3415 2865 3610 2936 ὁμολο-

2033 2958 2158 3026 γίαν
2203 2957 2303 3028 τῆς
2353 2957 2610 3028 τοιαύτης
2661 2957 2881 3028 κυροῦν,
2918 2958 3012 3010 καὶ
3045 2958 3142 3028 τὴν
3166 2959 3422 3029 ἀθέτησιν
3439 2961 3610 3030 αὐτῆς

2035 3052 2422 3122 ἀπαραιτήτως
2471 3049 2739 3114 κολάζειν.
2777 3051 2984 3114 Πολλὰς
3039 3052 3147 3123 γὰρ
3207 3055 3384 3121 γονεῖς
3437 3072 3609 3125 προσ-

2035 3144 2226 3210 άγουσι
2279 3144 2374 3196 καὶ
2424 3142 2664 3212 ἀδελφοὶ,
2724 3145 2818 3197 καὶ
2867 3144 2977 3196 τῶν
3034 3146 3419 3215 προσηκόντων
3462 3147 3612 3210 τινὲς

2033 3236 2138 3308 πρὸ
2168 3236 2268 3305 τῆς
2303 3236 2538 3306 ἡλικίας,
2575 3237 2674 3290 οῦκ
2698 3236 2907 3290 οἴκοθεν
2939 3238 3274 3308 ὁρμηθείσας
3303 3238 3438 3308 πρὸς
3465 3240 3609 3307 ἀγα-

2035 3330 2186 3400 μίαν,
2210 3330 2346 3384 ἀλλά
2373 3347 2426 3382 τι
2454 3329 2702 3400 βιωτικδν
2740 3331 2952 3393 ἑαυτοῖς
2993 3329 3371 3401 διοικούμενοι.
3409 3331 3508 3394 Ἀς
3547 3333 3609 3384 ού

2033 3419 2231 3491 ῥᾳδίως
2263 3418 2656 3490 προσδέχεσθαι
2692 3419 2791 3484 δεῖ,
2839 3418 2941 3483 ἕως
2978 3420 3042 3473 ἂν
3071 3419 3319 3491 φανερῶς
3344 3419 3443 3492 τήν
3471 3420 3611 3474 ἰδίαν

2031 3513 2209 3566 αὐτῶν
2253 3513 2630 3584 ἐρευνήσωμεν
2657 3512 2902 3583 γνώμην.

2102 3602 2204 3660 1Θ’.
2245 3602 2479 3673 Ἀνδρῶν
2526 3602 2582 3654 δὲ
2609 3602 2899 3673 ὁμολογίας
2940 3603 3040 3655 οὐκ
3081 3602 3347 3674 ἔγνωμεν,
3377 3604 3518 3676 πλὴν
3561 3609 3612 3660 ει

2034 3695 2109 3765 μή
2145 3711 2290 3756 τινες
2309 3695 2535 3757 ἑαυτοὺς
2567 3694 2643 3764 τῷ
2656 3693 3015 3764 τάγματιτῶν
3043 3694 3387 3764 μοναζόντων
3412 3698 3614 3764 ἐγκατ-

2029 3785 2376 3857 ηρίθμησαν·
2407 3785 2457 3838 οἳ
2517 3785 2658 3839 κατά
2699 3787 2758 3838 τὸ
2787 3783 3142 3856 σιωπώμενον
3177 3785 3393 3841 δοκοῦσι
3433 3805 3612 3859 παρα-

2030 3877 2275 3947 δεδέχθαι
2329 3879 2428 3950 τὴν
2473 3878 2736 3948 ἀγαμίαν.
2780 3878 2925 3946 Πλὴν
2955 3877 3050 3931 καὶ
3074 3879 3160 3931 ἐπ’
3183 3880 3406 3933 ἐκείνων
3435 3881 3614 3934 ἐκεῖνο

2033 3969 2274 4042 ἡγοῦμαι
2340 3970 2697 4041 προηγεῖσθαι
2749 3972 3049 4041 προσήκειν
3100 3971 3246 4041 (76),
3300 3972 3613 4042 ἐρωτᾶσθαι

2031 4067 2248 4131 αὐτοὺς,
2297 4066 2392 4119 καὶ
2422 4064 2794 4135 λαμϐάνεσθαι
2823 4065 2921 4134 τὴν
2951 4065 3080 4132 παρ’
3107 4062 3285 4116 αὐτῶν
3319 4063 3612 4134 ὁμολογίαν

2031 4156 2256 4226 ἐναργῆ,
2307 4154 2470 4220 ὥστε,
2501 4153 2722 4207 ἐπειδὰν
2761 4152 3143 4224 μετατίθενται
3175 4152 3313 4224 πρὸς
3337 4154 3428 4206 τὸν
3463 4154 3616 4221 φιλό-

2032 4265 2233 4321 σαρκον
2277 4248 2373 4301 καὶ
2417 4246 2664 4317 ὴδονικὸν
2721 4245 2858 4315 βίον,
2890 4245 3122 4314 ὑπάγειν
3152 4245 3351 4308 αὐτοὺς
3379 4245 3460 4315 τῷ
3500 4246 3616 4301 τῶν

2031 4339 2401 4412 πορνευόντων
2425 4339 2703 4410 ἐπιτιμίῳ.

2104 4435 2190 4486 K'.
2224 4434 2387 4486 Ὅσαι
2438 4435 2716 4501 γυναῖκες,
2757 4433 2815 4485 ὲν
2858 4432 3065 4504 αἱρέσει
3088 4429 3266 4499 οὖσαι,
3312 4433 3617 4504 παρθενίαν

2032 4527 2411 4600 ὡμολόγησαν,
2446 4521 2564 4578 εἶτα
2599 4525 2737 4596 μετὰ
2762 4524 2936 4578 ταῦτα
2965 4525 3142 4596 γάμον
3163 4524 3491 4591 ἀνθείλοντο,
3513 4527 3616 4596 οὐκ

2033 4620 2271 4692 ἡγοῦμαι
2320 4622 2516 4691 χρῆναι
2546 4617 3004 4682 καταδικάζεσθαι
3039 4617 3265 4681 ταύτας.
3304 4619 3453 4672 Ὅσα
3502 4619 3618 4688 γὰρ

2034 4715 2066 4765 ὁ
2093 4712 2276 4780 νόμος
2303 4709 2484 4779 λέγει,
2513 4709 2639 4776 τοῖς
2666 4710 2832 4774 ἐντῷ
2875 4711 3036 4779 νόμῳ
3054 4709 3246 4763 λαλεῖ.
3271 4710 3336 4762 Δί
3362 4709 3419 4763 δὲ
3445 4711 3614 4781 μήπω

2035 4793 2362 4859 ύπελθοῦσαι
2417 4806 2509 4857 τὸν
2559 4804 2721 4874 ζυγὸν
2771 4803 2865 4856 τοῦ
2899 4802 3134 4874 Χριστοῦ
3166 4803 3287 4856 οὐδὲ
3331 4804 3430 4874 τὴν
3455 4821 3617 4874 νομο-

2035 4895 2223 4950 θεσίαν
2276 4895 2696 4965 ἐπιγινώσκουσι
2751 4894 2848 4946 τοῦ
2894 4896 3186 4947 Δεσπὸτου.
3224 4896 3388 4948 Ὥστε
3428 4895 3618 4950 δεκταί

2036 4992 2139 5044 εἰσι
2171 4993 2236 5062 τῇ
2271 4990 2585 5061 Ἐκκλησία,
2616 4989 2755 5060 μετὰ
2787 4990 3001 5043 πάντων
3033 4991 3127 5043 καὶ⁸
3150 4990 3248 5061 τὴν
3281 4991 3375 5044 ἐπὶ
3404 4991 3617 5053 τούτοις

2035 5085 2230 5153 ἄφεσιν
2263 5084 2484 5154 ἔχουσαι
2511 5083 2625 5154 (77)
2647 5085 2712 5136 ὲκ
2737 5082 2839 5152 τῆς
2859 5083 3094 5147 πίστεως
3113 5083 3215 5154 τῆς
3243 5085 3323 5148 είς
3354 5085 3614 5154 Χριστόν.

2105 5351 2218 5423 (76)
2252 5349 2608 5423 Προᾳήκειν.
2634 5348 2783 5423 Editi
2817 5357 2872 5406 et
2915 5366 3164 5408 nonnum
3211 5368 3432 5410 comees
3476 5372 3612 5412 mss.

2033 5420 2332 5497 προσῆκεν.
2367 5420 2474 5476 Sed
2511 5421 2568 5476 in
2596 5421 2849 5492 pluribus
2877 5430 2932 5478 et
2977 5424 3386 5494 antiquioribus
3414 5425 3618 5497 legitur

2030 5495 2564 5686 :P(°7°7’“)x3§§ovm
2604 5561 2697 5619 Sic
2722 5577 2860 5620 mss.
2900 5578 3116 5621 summo
3141 5579 3438 5624 consensu.
3471 5567 3615 5622 Editi

2059 5650 2244 5686 νουσιν

2059 5650 2244 5704 χουσιν
