3852 6220
232 323 332 389 nt

1082 318 1583 386 EPISTOLARUM
1621 329 1908 390 CLASSlS
1945 336 2012 391 ll.
2050 334 2270 391 EPIST.
2320 332 2554 390 CXCIX.

3403 331 3507 385 7‘22

229 435 345 490 Καὶ
361 432 593 490 καθόλου
615 430 687 487 τὰ
707 433 766 487 ὲν
789 431 868 504 τῷ
884 449 1122 504 κατηχου
1129 433 1278 505 μένῳ
1297 437 1403 510 βίῳ
1428 438 1697 511 γενόμενα
1715 440 1827 513 (78)

1946 460 1988 497 ιιι
2034 441 2332 499 Christum.
2369 444 2448 497 Ac
2507 440 2731 497 omnino
2775 455 2900 511 quae
2943 440 2999 497 in
3052 439 3504 499 catechumenica

243 529 314 593 :l;
339 526 569 591 εὐθύνας
629 526 732 579 οὐκ
761 523 977 596 ἄγεται.
1036 524 1278 594 Τούτους
1321 528 1379 582 δὲ
1412 530 1654 602 δηλονότι
1698 531 1825 586 ἄνευ

241 619 611 691 βαπτίσματος
657 618 693 690 ἡ
757 616 1058 690 Ἐκκλησία
1109 617 1172 670 οὐ
1241 621 1631 694 παραδέχεται.
1663 625 1826 678 ’Ὥστε

242 711 665 782 ἅναγκαιότατον
692 706 804 782 (79)
828 709 924 763 ἐπὶ
956 708 1168 773 τούτοις,
1200 712 1273 766 τὰ
1313 713 1579 784 πρεσϐεῖα
1609 715 1712 787 τῆς
1737 733 1828 785 γε-

243 802 458 867 θέσεως.

304 895 439 949 KA'.
476 895 540 949 Et
572 894 713 968 ἀνὴρ
744 894 858 967 (80)
886 893 1116 965 γυναικὶ
1158 898 1443 964 συνοικῶν,
1472 899 1716 965 ἐπειδὰν,
1753 899 1828 973 μὴ

210 986 527 1071 ,ἀρκεσθεὶς
571 986 651 1059 τῷ
709 988 895 1059 γάμῳ,
936 988 1016 1052 είς
1061 990 1324 1062 πορνείαν
1352 992 1584 1065 ἐκπέσῃ,
1631 993 1823 1064 «om».

238 1077 500 1151 κρίνομεν
528 1078 620 1133 τὸν
648 1080 895 1134 τοιοῦτον
915 1097 929 1111 ·
971 1080 1071 1137 καὶ
1105 1083 1289 1139 πλεῖον
1314 1085 1477 1139 αὐτὸν
1505 1087 1801 1158 παρατείνο

238 1186 342 1239 μεν
392 1171 453 1224 ὲν
499 1173 614 1234 τοῖς
666 1172 1004 1242 ἐπιτιμίοις·
1047 1175 1109 1228 οὐ
1142 1176 1326 1247 μέντοι
1365 1177 1563 1249 ἔχομεν
1605 1179 1825 1243 κανόνα,

236 1259 317 1330 τῷ
353 1262 454 1333 τῆς
503 1262 749 1335 μοιχείας
801 1264 967 1320 αὐτὸν
1011 1268 1317 1337 ὑπαγαγεῖν
1359 1268 1471 1340 (81)
1499 1269 1825 1342 ἐγκλήματι,

236 1351 336 1405 ἐὰν
366 1353 448 1417 είς
476 1352 770 1427 ἐλευθέραν
796 1355 979 1428 γάμου
1015 1360 1049 1430 ἡ
1079 1359 1323 1434 ἁμαρτία
1347 1360 1571 1431 γένηται
1596 1377 1609 1391 ·
1633 1360 1765 1415 διότι
1793 1363 1827 1434 ὴ

240 1443 497 1515 μοιχαλὶς
530 1445 651 1516 μὲν,
685 1450 1080 1519 Μιαινομένη,
1114 1451 1269 1521 φησὶ,
1289 1452 1707 1521 μιαν-θήσεται,
1736 1454 1829 1508 καὶ

235 1538 342 1589 οὐκ
370 1535 702 1609 ἀναστρέψει
721 1539 860 1611 πρὸς
884 1540 974 1595 τὸν
997 1540 1168 1613 ἄνδρα
1225 1542 1398 1613 αὐτῆς
1419 1559 1431 1572 ·
1461 1545 1558 1597 καὶ
1608 1545 1660 1597 Ὀ
1699 1562 1831 1599 κατ-

236 1626 401 1695 έχων
422 1627 748 1696 μοιχαλίδα
781 1629 987 1700 ἄφρων
1019 1631 1359 1699 καὶὰσεϐἠς
1378 1649 1391 1662 ’
1418 1635 1447 1686 ὁ
1484 1633 1667 1703 μέντοι
1693 1651 1829 1705 πορ-

238 1715 441 1780 νεύσας
466 1717 567 1770 οὐκ
595 1718 1086 1790 ἀποκλεισθήσεται
1102 1723 1201 1792 τῆς
1222 1721 1362 1793 πρὸς
1377 1726 1611 1791 γυναῖκα
1633 1723 1827 1777 ἑαυτοῦ

1934 537 2044 590 vita
2069 534 2215 590 facta
2270 543 2420 601 sunt,
2450 533 2506 588 in
2552 532 2825 603 judicium
2858 548 2969 588 nou
2998 540 3291 589 vocantur.
3345 528 3502 588 Tales

1934 635 2114 683 autem
2149 626 2401 700 videlicet
2431 626 2554 683 sine
2579 625 2907 696 baptismate
2930 623 3177 682 Ecclesia
3208 639 3322 680 non
3366 622 3501 679 reci-

1933 720 2031 790 pit.
2073 718 2256 785 Quare
2293 717 2664 791 generationis
2686 716 2814 788 jura
2842 723 2974 773 sunt
3006 717 3063 772 in
3091 716 3232 788 ipsis
3274 715 3502 770 maxime

1935 809 2270 866 necessaria.

2004 900 2145 957 XXI.
2190 899 2249 956 Si
2281 903 2364 957 vir
2403 916 2509 956 una
2564 915 2689 955 cum
2745 915 2916 956 uxore
2976 899 3231 956 habitans
3258 937 3275 964 ,
3319 903 3505 969 postea

1935 992 2290 1049 matrimonio
2322 1008 2434 1048 non
2465 1000 2780 1059 contentus,
2818 992 2874 1047 in
2917 990 3335 1047 fornicationem
3367 987 3481 1044 inci

1935 1084 2115 1152 derit;
2146 1084 2531 1140 fornicatorem
2561 1099 2687 1139 eum
2714 1083 3052 1153 judicamus,
3076 1081 3367 1154 ipsumque
3395 1080 3508 1135 lon-

1939 1177 2056 1248 gius
2087 1176 2441 1247 producimus
2491 1175 2546 1228 in
2602 1174 2874 1245 impositis
2929 1174 3109 1246 pomis
3136 1193 3150 1229 :
3182 1172 3279 1230 sed
3323 1180 3507 1229 tamen

1936 1282 2200 1323 canonem
2228 1282 2340 1322 non
2367 1266 2674 1337 habemus,
2716 1267 2809 1337 qui
2856 1282 2980 1322 eum
3013 1265 3264 1322 adulterii
3295 1265 3508 1321 crimini

1940 1359 2205 1428 subjiciat
2231 1398 2246 1424 ,
2306 1359 2353 1414 si
2399 1359 2455 1413 in
2504 1359 2738 1414 solutam
2768 1373 2798 1413 a
2827 1359 3175 1413 matrimonio
3197 1356 3360 1428 293
3387 1371 3488 1427 pec

1937 1460 2122 1507 catum
2177 1452 2535 1507 commissmn
2593 1453 2711 1508 sit:
2767 1452 3203 1523 proptereaquod
3264 1451 3509 1507 adultera

1935 1543 2154 1614 quidem
2187 1582 2202 1607 ,
2242 1544 2470 1614 inquit,
2519 1541 2745 1597 Polluta
2785 1543 3052 1611 polluetur
3103 1550 3159 1598 et
3211 1541 3282 1598 ad
3332 1541 3510 1598 virum

1937 1650 2095 1690 suum
2127 1651 2236 1690 non
2262 1644 2566 1690 revertetur
2588 1635 2654 1700 ‘7,
2691 1645 2768 1701 et,
2828 1635 2933 1702 Qui
2965 1634 3265 1689 adulteram
3292 1632 3510 1700 detinet,

1935 1725 2130 1780 stultus
2162 1733 2322 1779 estet
2375 1725 2565 1793 impius
2600 1725 2645 1756 ⁸⁸
2696 1741 2712 1779 :
2770 1724 2866 1780 sed
2897 1725 2990 1795 qui
3035 1723 3338 1781 fornicatus
3386 1731 3511 1791 est,

241 1810 633 1881 συνοικήσεως.
673 1811 837 1864 Ὥστε
879 1814 912 1883 ἡ
950 1812 1049 1883 μὲν
1086 1812 1224 1884 γυνὴ
1249 1813 1357 1867 ἀπὸ
1379 1815 1634 1887 πορνείας
1665 1817 1832 1871 ἐπαν-

1946 1833 2045 1873 uon
2119 1816 2446 1873 excludetur
2520 1817 2818 1888 quominus
2888 1832 3012 1872 cum
3072 1831 3242 1873 uxore
3284 1815 3512 1872 habitet.

241 1901 397 1954 ιόντα
439 1900 533 1954 τὸν
578 1901 749 1973 ἄνδρα
790 1903 961 1975 αὐτῆς
991 1905 1379 1977 παραδέξεται,
1415 1909 1445 1960 ὁ
1468 1907 1525 1960 δὲ
1546 1907 1683 1981 ἀνὴρ
1717 1907 1830 1980 (82)

237 1994 343 2064 τὴν
398 1991 721 2065 μιανθεῖσαν
761 1994 873 2049 τῶν
922 1996 1088 2049 οἴκων
1127 1997 1323 2051 ἑαυτοῦ
1350 1998 1688 2070 ἀποπέμψει.
1724 2001 1833 2053 Καὶ

239 2083 451 2138 τούτων
489 2083 547 2137 δὲ
588 2086 618 2138 ὁ
660 2085 820 2154 λόγος
869 2087 930 2139 οὐ
983 2087 1197 2158 ῥᾴδιος·
1232 2091 1266 2159 ὴ
1294 2089 1350 2142 δὲ
1388 2089 1647 2160 συνήθεια
1692 2089 1834 2143 οὕτω

242 2174 561 2247 κεκράτηκε

316 2268 449 2323 KB’.
490 2268 633 2332 Τοὺς
679 2270 739 2334 ἐξ
781 2270 1040 2342 ἁρπαγῆς
1074 2270 1295 2342 ἔχοντας
1337 2274 1623 2341 γυναῖκας,
1654 2274 1702 2326 εί
1734 2273 1835 2344 μὲν

242 2358 430 2424 ἄλλοις
458 2350 1062 2434 προμεμνηστευμένας
1078 2360 1188 2418 εἷεν
1222 2365 1589 2438 ἀφῃρημένοι,
1612 2367 1673 2420 οὐ
1704 2368 1836 2439 πρό-

241 2468 405 2523 τερον
454 2452 560 2525 χρὴ
606 2453 1030 2525 παραδέχεσθαι,
1062 2455 1191 2527 πρὶν
1234 2455 1267 2527 ἢ
1306 2455 1600 2525 ἀφελέσθαι
1633 2456 1834 2524 αὐτῶν,

244 2542 345 2594 καὶ
378 2542 468 2597 ἐπ’
502 2540 723 2615 ἐξουσίᾳ
756 2543 871 2615 (85)
910 2542 1021 2598 τῶν
1056 2544 1117 2609 ἐξ
1144 2544 1322 2617 ἀρχῆς
1347 2546 1836 2617 μνηστευσαμένων

245 2633 498 2705 ποιῆσαι,
541 2636 650 2689 εῐτε
697 2634 971 2705 βούλοιντο
1020 2636 1209 2690 λαϐεῖν
1242 2637 1433 2701 αὐτὰς,
1465 2637 1576 2690 εἴτε
1597 2638 1838 2710 ἀποστῆ⁶

245 2743 338 2779 ναι
360 2743 371 2757 '
405 2728 458 2779 εί
492 2727 550 2780 δὲ
593 2727 960 2800 ηολὰζουσάν
1002 2747 1087 2794 τις
1124 2729 1300 2797 λάϐοι,
1352 2730 1704 2803 ἀφαιρεῖσθαι
1735 2731 1836 2803 μὲν

243 2817 351 2883 δεῖ,
387 2818 482 2872 καὶ
508 2821 622 2885 τοῖς
648 2821 871 2886 οἰκείοις
909 2822 1307 2892 ἁποκαθιστᾷν,
1352 2822 1669 2894 ἐπιτρέπειν
1687 2824 1745 2877 δὲ
1768 2827 1834 2896 τῇ

245 2907 446 2981 γνώμῃ
490 2910 600 2965 τῶν
657 2913 897 2978 οἰκείων,
932 2914 1043 2967 εἴτε
1086 2917 1264 2982 γονεῖς
1296 2909 1427 2978 εἷεν,
1458 2914 1567 2967 εἴτε
1598 2914 1836 2984 ἀδελφοὶ,

244 3002 363 3056 εἴτε
410 3003 708 3058 οίτινεσοῦν
769 3006 1116 3077 προεστῶτες
1163 3007 1263 3077 τῆς
1328 3006 1533 3079 κόρης’
1584 3006 1688 3061 κᾶν
1741 3007 1839 3079 μὲν

245 3088 483 3143 Ξλωνται
510 3092 660 3162 αὐτῷ
688 3092 1046 3163 παραδοῦναι,
1090 3095 1342 3149 ἵστασθαι
1375 3096 1439 3151 τὸ
1472 3098 1802 3151 συνοικέσιον
1822 3115 1836 3131 ·

1935 1910 2118 1977 Quare
2171 1926 2311 1967 uxor
2367 1910 2587 1982 quidem
2653 1925 2685 1964 a
2729 1909 3095 1965 fornicatione
3148 1914 3512 1965 revertentem

1935 2004 2116 2060 virum
2166 2018 2327 2058 suum
2379 2002 2662 2073 excipiet:
2710 2002 2792 2055 vir
2822 2015 2953 2056 vero
3006 2000 3272 2071 pollutam
3321 2014 3354 2055 e
3396 1997 3513 2055 suis

1935 2094 2146 2150 aedibus
2185 2093 2387 2165 ejiciet.
2436 2094 2616 2162 Atque
2688 2092 2888 2147 horum
2940 2091 3161 2162 quidem
3210 2090 3355 2146 ratio
3401 2102 3513 2146 non

1951 2186 2155 2251 facilis,
2182 2184 2279 2240 sed
2313 2184 2651 2240 consuetudo
2685 2185 2766 2240 sic
2795 2182 3047 2238 invaluit.

2008 2274 2173 2331 XXII.
2214 2276 2321 2343 Qui
2381 2292 2448 2333 ex
2479 2283 2637 2347 raptu
2667 2276 2924 2331 mulieres
2976 2276 3212 2340 habent,
3244 2273 3513 2345 siquidem

1939 2370 2072 2426 aliis
2093 2369 2207 2440 jam
2234 2369 2534 2440 desponsas
2589 2368 2970 2439 abripuerint,‘,
3008 2376 3137 2423 ante
3192 2366 3515 2423 admittendi

1939 2476 2049 2515 non
2092 2469 2240 2523 sunt,
2288 2476 2450 2531 quam
2480 2461 2548 2515 ab
2576 2461 2659 2517 eis
2689 2460 2885 2516 ablatae
2915 2459 3026 2517 sint
3049 2468 3105 2515 et
3156 2473 3347 2514 eorum
3393 2458 3515 2530 qui-

1938 2552 2042 2607 bus
2092 2550 2162 2623 ab
2209 2552 2366 2606 initio
2394 2549 2681 2621 desponsa:
2724 2558 2903 2617 erant,
2958 2550 3221 2620 potestati
3266 2547 3515 2614 redditae,

1940 2652 2124 2699 utrum
2150 2658 2245 2699 eas
2275 2643 2440 2698 velint
2460 2643 2733 2714 accipere,
2756 2657 2826 2697 an
2857 2642 3146 2698 desistere.
3176 2638 3235 2695 Si
3263 2639 3390 2710 quis
3419 2654 3516 2694 au-

1940 2742 2047 2790 tem
2101 2742 2386 2790 vacantem
2421 2735 2720 2805 acceperit,
2758 2732 2977 2789 auferre
3005 2731 3227 2803 quidem
3263 2737 3515 2802 Oportet,

1941 2827 2165 2897 suisque
2211 2824 2526 2891 restituere,
2585 2834 2640 2881 et
2698 2826 2942 2896 ipsorum
2969 2821 3240 2878 voluntati
3290 2821 3519 2893 permit-

1938 2923 2053 2972 tere
2075 2955 2091 2981 ,
2152 2916 2269 2971 sive
2314 2916 2427 2972 sint
2476 2925 2754 2987 parentes,
2791 2917 2906 2971 sive
2932 2913 3155 2980 fratres,
3190 2912 3307 2970 sive
3335 2912 3519 2985 quivis

1941 3007 2031 3061 alii
2078 3007 2274 3078 puellae
2322 3006 2742 3064 moderatores:
2783 3022 2848 3062 ac
2893 3007 2942 3062 si
2969 3006 3020 3062 ei
3052 3004 3272 3076 quidem
3304 3003 3520 3060 tradere

1942 3100 2153 3166 velint,
2214 3108 2434 3172 oportet
2505 3100 2923 3156 matrimonium
2980 3096 3373 3155 constituere:
3435 3096 3521 3152 sin

246 3183 348 3238 ἐὰν
395 3183 454 3237 δὲ
506 3184 845 3239 ἀνανεύσωσι
880 3187 1016 3257 (84),
1059 3188 1136 3258 μὴ
1180 3186 1484 3257 βιάζεσθαι.
1521 3189 1626 3244 Τὸν
1658 3188 1842 3261 μέντοι

1946 3198 2130 3244 autem
2188 3190 2512 3257 renuerint,
2568 3205 2915 3261 nequaquam
2948 3190 3060 3245 vim
3095 3184 3321 3243 inferre.
3382 3185 3521 3245 Eum

325 3339 372 3371 "
402 3337 607 3396 Jerem.
645 3354 731 3406 ιιι,
766 3339 819 3397 1.
894 3339 940 3373 ⁸⁸
991 3340 1148 3395 Prov.
1186 3357 1344 3409 xvm,
1376 3341 1467 3400 2‘2.

327 3493 442 3564 (78)
460 3497 785 3565 Γενόμενα.
804 3494 942 3551 Male
960 3496 1115 3567 Angli
1143 3499 1198 3551 in
1226 3496 1517 3553 Pandectis
1540 3504 1595 3553 et
1623 3497 1716 3551 alii
1744 3498 1831 3551 in-

251 3572 528 3636 terpretes
560 3567 818 3636 reddunt,
846 3582 962 3636 qum
991 3569 1044 3619 in
1077 3569 1501 3621 catechumenica
1536 3568 1646 3621 vita
1673 3568 1832 3636 ﬁunt.

254 3634 377 3690 Non
405 3634 552 3690 enim
579 3634 716 3691 dicit
757 3634 996 3708 Basilius
1022 3653 1088 3690 ea
1125 3654 1234 3693 non
1265 3638 1445 3708 puniri
1478 3652 1600 3708 quae
1625 3634 1682 3708 in
1733 3638 1836 3692 hoc

252 3713 406 3759 statu
457 3716 801 3778 peccantur,
837 3706 932 3761 sed
966 3715 1175 3761 tantum
1224 3706 1447 3778 peccata
1493 3706 1619 3762 ante
1657 3707 1833 3776 bapti-

254 3791 440 3847 smum
467 3777 765 3832 commissa
792 3777 1063 3847 baptismo
1084 3777 1319 3847 expiari,
1347 3792 1451 3831 nec
1470 3778 1582 3847 jam
1608 3792 1731 3847 esse
1746 3778 1837 3847 ju-

254 3846 406 3900 dicio
428 3847 807 3902 ecclesiastico
837 3847 1095 3900 obnoxia.
1137 3846 1277 3903 Hinc
1301 3846 1557 3902 obseWat
1597 3846 1840 3903 Zonaras

254 3930 370 3987 non
421 3931 669 3986 pugnare
721 3917 871 3971 hunc
917 3932 1181 3972 canonem
1216 3934 1340 3972 cum
1390 3932 1600 3973 canone
1646 3918 1841 3987 quinto

253 3984 710 4058 Neocaesarieusi,
738 3988 797 4041 in
831 4003 940 4058 quo
965 4001 1142 4058 poena:
1162 3988 1572 4044 catechumenis
1605 3984 1842 4058 peccan-

256 4057 409 4112 tibus
434 4057 827 4112 decernuntur.

334 4126 450 4200 (79)
493 4128 1012 4200 Ἁναγχαιότατον.
1054 4127 1281 4200 Legitur
1308 4129 1364 4184 in
1400 4127 1573 4200 Regio
1605 4127 1842 4198 quodam

254 4197 459 4251 codice
491 4198 924 4265 ἀναγκαιότατα.

329 4267 448 4338 (80)
470 4268 540 4321 Et
575 4268 751 4339 ἁνήρ.
779 4267 943 4339 Deest
977 4268 1295 4339 coniunctio
1320 4268 1378 4322 in
1397 4266 1613 4323 duobus
1649 4282 1843 4339 recen-

256 4336 520 4410 tioribus
531 4338 840 4410 codicibus.
873 4336 1096 4408 Legitur
1142 4339 1272 4410 ῘΕᾲν
1303 4338 1443 4410 ἀνήρ
1490 4339 1547 4392 in
1577 4338 1846 4410 antiquis-

255 4407 404 4463 sima
438 4407 764 4463 collectione
802 4407 1078 4463 canonum
1127 4407 1467 4464 Coisliniaua
1508 4418 1564 4464 et
1594 4408 1651 4464 in
1698 4408 1844 4463 Pan—

255 4477 456 4533 dectis.
483 4476 840 4549 Commodius
874 4494 1008 4534 sane
1030 4485 1116 4534 est
1144 4479 1591 4549 conjunctionem
1624 4477 1840 4543 tollere,

256 4562 436 4617 eoque
468 4548 706 4617 oonsilio
754 4548 972 4604 videtur
1020 4550 1076 4603 in
1123 4547 1407 4604 codicibus
1452 4547 1617 4603 modo
1658 4549 1842 4604 citatis

495 4616 605 4674 Sed
632 4629 819 4674 tamen
864 4620 990 4690 plus
1025 4617 1375 4675 tribuendum
1403 4627 1483 4673 tot
1525 4619 1650 4676 aliis
1689 4619 1841 4675 codi-

292 4704 309 4741 ι
349 4704 437 4741 us.

255 4703 437 4745 CIDIIS.

327 4758 445 4830 (8|)
490 4756 870 4830 ’ζπαγαγεῒκ
904 4757 1272 4814 Consentium
1302 4760 1358 4815 in
1393 4760 1497 4815 hac
1530 4774 1666 4815 voce
1705 4775 1840 4830 mss.

256 4828 504 4885 codices.
537 4828 685 4883 Editi
716 4830 972 4898 ὑπάγειν.
1007 4830 1186 4898 Supra
1212 4830 1477 4890 vid-imus.
1507 4846 1631 4886 can.
1656 4830 1710 4895 9,
1737 4829 1842 4884 Ba-

259 4899 445 4953 silium
498 4900 556 4955 in
586 4900 810 4971 iisquae
838 4900 908 4971 ad
931 4899 1221 4971 repudium
1247 4901 1501 4966 attinent,
1516 4901 1635 4971 duo
1661 4902 1841 4955 virum

259 4971 403 5024 inter
433 4978 490 5025 et
539 4970 825 5041 mulierem
877 4970 1202 5041 discrimina
1245 4986 1470 5041 ponere.
1513 4970 1614 5025 llic
1658 4979 1842 5028 autem

259 5040 488 5112 tertium
523 5039 732 5109 adjicit,
748 5054 823 5112 ac
848 5042 1027 5112 virum
1065 5039 1286 5112 quidem
1318 5042 1373 5096 in
1407 5043 1528 5111 ipso
1556 5041 1845 5096 matrimo-

259 5110 373 5175 nio,
419 5109 471 5165 si
502 5124 630 5164 cum
682 5110 860 5165 soluta
892 5119 948 5166 et
996 5109 1172 5166 libera
1215 5109 1547 5180 peccaverit,
1590 5112 1843 5167 adulterii

260 5179 486 5236 nomine
512 5194 621 5234 non
649 5180 1001 5247 condemnat,
1032 5182 1130 5237 sed
1157 5179 1539 5238 fornicationis
1567 5200 1582 5237 :
1614 5197 1842 5237 uxorem

257 5258 442 5374 autem
484 5250 551 5373 tin
607 5251 799 5306 eodem
835 5262 1062 5321 peccato
1113 5252 1482 5308 certissimam
1537 5251 1842 5308 adulteram

294 5335 358 5374 ec
383 5334 478 5373 ara
512 5359 528 5374 .

294 5334 528 5375 αξιοι-οι.

330 5389 446 5464 (82)
490 5390 546 5443 '0
572 5389 642 5444 δὲ
672 5390 898 5464 dr'hp...
926 5392 1293 5464 ἀποπέμψει.
1334 5392 1453 5448 Non
1487 5392 1638 5464 solus
1693 5391 1845 5447 Basi-

260 5460 368 5515 lius
392 5460 539 5515 lianc
571 5462 1027 5518 consuetudinem
1059 5460 1303 5518 secutus.
1336 5464 1543 5518 Auctor
1572 5463 1844 5519 Constitu-

260 5531 915 5604 tionum‘apostolicarum
947 5533 1029 5604 sic
1072 5534 1318 5604 loquitur
1363 5535 1458 5590 lib.
1484 5549 1558 5604 Vl,
1584 5546 1706 5604 cap.
1734 5534 1801 5588 14
1828 5555 1840 5588 :

355 5600 605 5676 κατέχων
632 5603 733 5676 τὴν
762 5600 1212 5676 παραφθαρεῖσαν
1247 5603 1463 5674 φύσεως
1505 5600 1706 5676 θεσμὸὖ
1741 5622 1846 5659 πα-

396 5621 605 5672 ατεχων
632 5621 733 5671 την
762 5621 1212 5727 παραφυαέηισαν
1247 5622 1463 5674 φυσεως
1505 5621 1706 5676 υεσμου
1741 5622 1846 5659 πα-

396 5674 815 5746 μοςχὲπείπερ
851 5675 893 5746 ὁ⁸
911 5690 1016 5728 κατ
1047 5692 1158 5744 χων
1195 5676 1479 5746 μοιχαλίδα
1517 5674 1706 5746 ἄφρων
1753 5677 1846 5728 καὶ

254 5741 486 5815 ἇσεόἧς.
537 5741 802 5814 ’Δπότεμε
834 5742 943 5815 γὰρ
973 5741 1163 5816 αὐτὴν,
1197 5741 1381 5818 φησὶν,
1432 5746 1540 5800 ἀπὸ
1568 5741 1681 5801 ’τῶν
1709 5762 1839 5817 σαρ-

1939 3495 2052 3551 κῶν
2082 3512 2198 3549 σου.
2229 3495 2323 3566 oo
2345 3494 2456 3566 γάρ
2497 3495 2637 3566 ὲστιῗ
2659 3493 2872 3566 βοηθὸς,
2903 3492 3016 3566 opif
3050 3492 3351 3557 ἐπίϐουλος,
3385 3492 3523 3566 πρδς

1939 3566 2096 3621 ἄλλον
2128 3564 2466 3619 ἀποκλίνασα
2497 3564 2880 3635 τὴνᾼδιάνοιαν.
2914 3564 3019 3630 Qui
3038 3575 3342 3635 corruptam
3392 3564 3521 3635 reti-

1942 3647 2050 3701 net,
2082 3646 2293 3689 natura:
2324 3635 2485 3704 legem
2508 3631 2670 3688 violat
2700 3650 2718 3688 :
2747 3633 3172 3705 quandoquidem
3197 3631 3521 3705 quiretinet

1942 3706 2269 3766 adulteram,
2322 3701 2524 3760 stultus
2565 3710 2650 3759 est
2696 3701 2769 3759 et'
2793 3701 3013 3766 impius.
3068 3702 3345 3758 Abscinde
3371 3701 3520 3758 enim

1943 3792 2086 3840 eam,
2112 3776 2309 3845 inquit,
2338 3789 2369 3828 a
2391 3774 2653 3829 carnibus
2680 3774 2812 3829 tuis.
2846 3773 2991 3827 Nam
3025 3773 3267 3845 adjutrix
3286 3789 3391 3845 non
3417 3781 3522 3845 est,

1946 3846 2035 3900 sed
2074 3843 2414 3914 insidiatrix,
2461 3860 2580 3914 qua:
2625 3854 2849 3899 mentem
2886 3847 2956 3898 ad
3011 3845 3178 3897 alium
3214 3843 3522 3899 decliuarit.

1947 3916 2136 3972 Canon
2190 3916 2224 3971 8
2275 3913 2738 3970 NeocaeSariensis
2794 3915 2972 3979 laicis,
3030 3929 3270 3984 quorum
3320 3927 3524 3984 uxores

1951 3987 2205 4041 adulterii
2254 3985 2542 4050 convictas,
2586 3985 2791 4039 aditum
2842 3984 2908 4038 ad
2946 3983 3313 4039 ministerium
3346 3983 3523 4039 eccle-

1952 4057 2236 4111 siasticum
2267 4055 2510 4125 claudit;
2552 4054 2768 4125 clericis
2807 4054 3168 4125 depositionis
3197 4052 3523 4125 poenanLir-

1951 4137 2129 4197 rogat,
2154 4126 2203 4181 si
2233 4121 2535 4197 adulteram
2564 4124 2744 4197 nolint
2769 4121 3076 4197 dimittere.
3095 4121 3285 4197 Oarion
3311 4123 3386 4197 65_
3405 4121 3520 4197 Eli-

1951 4193 2232 4252 beritanus
2279 4195 2360 4252 sic
2397 4195 2602 4250 habet:
2635 4194 2697 4250 Si
2743 4195 2894 4264 cujus
2949 4194 3129 4250 clerici
3173 4209 3310 4249 uxor
3359 4193 3524 4263 fuerit

1951 4266 2229 4331 moecham,
2258 4275 2306 4320 et
2348 4266 2526 4319 scierit
2561 4282 2678 4320 eam
2720 4266 2946 4321 maritus
2996 4281 3124 4320 suus
3156 4264 3428 4328 maecltari,
3470 4273 3523 4318 et

1950 4354 2055 4391 non
2082 4353 2201 4391 eam
2234 4336 2418 4391 statim
2445 4335 2757 4405 projecerit,‘
2787 4352 2879 4390 nec
2914 4337 2971 4390 in
2970 4336 3099 4460 {ne
3120 4336 3351 4406 accipiat
3378 4350 3523 4389 com-

1950 4408 2271 4460 munionem.
2302 4405 2533 4460 Hermas
2565 4408 2660 4460 lib.
2702 4423 2741 4460 ι.
2767 4422 2816 4460 c.
2848 4407 2905 4460 2.
2937 4422 2967 4459 a
3010 4407 3241 4460 ulteram
3281 4405 3408 4460 eiici
3436 4404 3523 4460 iu-

1950 4408 2271 4462 munionem.
2302 4404 2545 4462 Hermas
2565 4408 2660 4461 lib.
2702 4423 2741 4472 ι,
2767 4422 2816 4462 c.
2848 4407 2905 4469 2.
2937 4404 3245 4461 adulteram
3281 4405 3408 4476 ejici
3433 4404 3524 4475 ju-

1874 4463 1919 4520 Ῑ)
1947 4479 2059 4539 bet,
2099 4477 2200 4535 sed
2234 4484 2419 4531 tamen
2458 4463 2815 4547 pmnitentem
2855 4463 3045 4546 recipi.
3070 4476 3133 4547 VS.
3180 4463 3523 4547 Augustinus

1944 4546 2604 4616 adulterium‘legitimam
2639 4562 2764 4603 esse
2793 4546 3105 4603 dimittendi
3137 4546 3358 4616 causam
3388 4559 3519 4616 pro-

1943 4620 2180 4685 nuntiat,
2209 4614 2305 4672 sed
2348 4614 2458 4673 non
2505 4618 2896 4681 necessariam,
2940 4618 3037 4671 lib.
3066 4632 3104 4671 ιι
3148 4615 3228 4671 De
3284 4614 3517 4670 adulter.

1942 4690 2163 4759 nuptiis,
2202 4687 2413 4759 capas,
2444 4704 2502 4741 n.
2543 4688 2632 4742 15.

1982 4752 2128 4882 ί(85)
2165 4752 2291 4812 Ἐθ
2324 4756 2596 4829 ἐξουσίᾳ.
2638 4757 2792 4814 Unus
2836 4756 3012 4813 codex
3059 4756 3192 4827 Reg.
3242 4756 3329 4811 ἐπ’
3370 4752 3523 4821 ἐξου-

2001 4848 2085 4882 ας.

1944 4846 2085 4893 σιας.

2016 4901 2129 4972 (84)
2173 4903 2602 4972 Ἀνανεύσῳσι.
2635 4897 2962 4972 Sicveteres
2996 4898 3123 4954 librt
3148 4910 3366 4972 summo
3384 4910 3517 4951 con-

1945 4968 2130 5027 sensu.
2159 4972 2300 5028 Editi
2322 4969 2640 5027 ἁνανεύωσι.
2674 4969 2857 5023 Mirari
2887 4976 3068 5023 autem
3093 4968 3240 5024 subit
3261 4982 3361 5023 cur
3381 4982 3522 5037 quos

1946 5042 2091 5112 leges
2122 5044 2312 5099 civiles
2340 5040 2560 5112 capitali
2591 5039 2862 5112 supplicio
2888 5038 3211 5112 puniebant,
3236 5044 3518 5112 neci-apto

1945 5106 2198 5184 sinebant
2219 5106 2446 5184 perfrui,
2470 5118 2530 5163 ut
2553 5106 2736 5184 videre
2757 5117 2841 5164 est
2859 5106 2981 5164 cod.
3003 5109 3302 5184 Theodos.,
3318 5106 3517 5175 libItx,
3543 5106 3555 5139 "

1948 5183 2032 5235 tit.
2063 5181 2154 5245 25.
2180 5179 2248 5238 iis
2280 5183 2516 5238 Basilius
2556 5187 2666 5233 tam
2699 5182 2845 5235 leves
2877 5194 3068 5249 poenas
3096 5179 3324 5248 irroget,
3356 5192 3458 5232 nec
3485 5194 3515 5231 a

1948 5254 2299 5309 matrimonio
2328 5250 2605 5312 excludat,
2630 5250 2676 5304 si
2713 5257 3000 5318 parentum
3030 5249 3261 5319 virginis
3286 5262 3520 5319 consen-

1947 5339 2044 5377 sus
2073 5323 2320 5387 accedat,
2346 5334 2405 5377 ut
2431 5323 2616 5378 videre
2637 5317 2727 5374 est
2754 5321 2809 5373 in
2848 5334 3059 5375 canone
3089 5317 3179 5372 εἳ.
3219 5317 3327 5373 Sed
3352 5317 3519 5372 credo

1948 5402 2199 5448 sanctum
2233 5395 2513 5449 doctorem
2542 5405 2604 5444 ea
2630 5397 2811 5444 mente
2846 5391 3042 5444 leniter
3072 5390 3271 5459 egisse,
3299 5403 3371 5443 ne
3396 5389 3519 5458 qui-

1946 5465 2050 5519 bus
2070 5464 2201 5535 _ipsa
2227 5460 2773 5535 fuga-impunitatem
2817 5471 2871 5535 et
2903 5458 3180 5514 licentiam
3194 5458 3335 5535 dare
3366 5467 3520 5528 pote—

1948 5545 2052 5601 rat,
2070 5529 2125 5588 hi
2150 5541 2205 5588 et
2226 5529 2556 5588 matrimonii
2581 5530 3034 5601 desperationeet
3058 5529 3327 5600 gravioris
3346 5543 3519 5599 pretia:

1949 5598 2095 5658 metu
2129 5605 2185 5659 in
2219 5606 2425 5661 scelere
2477 5598 2926 5657 obdurescerent.
2962 5598 3098 5655 Hinc
3140 5601 3207 5655 de
3237 5598 3519 5657 sacrarum

1946 5677 2218 5745 virginum
2269 5684 2426 5745 raptu
2459 5688 2569 5727 nou
2609 5671 2882 5745 loquitur,
2937 5671 3032 5745 sed
3074 5671 3143 5745 de
3178 5672 3249 5726 iis
3283 5677 3520 5737 tantum,

1949 5742 2183 5816 quorum
2217 5742 2443 5818 peccato
2464 5743 2875 5799 matrimonium
2905 5742 3114 5801 mederi
3144 5749 3382 5816 poterat.
