3852 6220
336 370 441 430 ’123

1726 367 1784 423 S.
1828 366 2074 423 BASILI!
2114 364 2329 422 MAGNI

3481 354 3583 409 71$

336 494 517 541 autem
565 486 659 557 qui
690 501 755 542 ex
809 495 1021 557 stupro,
1072 499 1186 542 sive
1223 494 1412 541 .atentt
1474 500 1590 542 sure
1647 483 1907 551 violento,

2039 502 2079 538 κ
2112 484 2409 555 διαφθορᾶς
2430 481 2538 535 εἴτε
2571 478 2833 552 λαθραίας
2872 470 2981 531 εἴτε
3020 473 3323 547 βιαιοτέρας
3352 474 3587 543 γυναῖκα

340 592 567 634 uxorem
617 579 782 635 habet
806 619 822 643 ,
861 594 1087 636 necesse
1137 586 1222 634 est
1276 578 1659 637 fornicationis
1697 595 1913 652 poenam

342 685 660 742 agnoscere.
718 670 815 728 Est
860 680 1042 728 autem
1074 672 1131 726 in
1172 680 1412 742 quatuor
1443 673 1602 728 annis
1649 673 1914 743 praefinita

343 762 742 819 fornicantibus
802 778 984 834 poena.
1035 761 1266 834 Oportet
1314 778 1412 819 eos
1471 779 1615 819 anno
1666 765 1846 836 primo
1884 780 1915 819 a

342 852 600 921 precibus
657 853 903 923 expelli,
950 860 1006 908 et
1043 851 1175 909 ﬂere
1224 853 1292 907 ad
1332 852 1479 909 fores
1503 854 1752 909 ecclesiae
1779 875 1793 910 :
1825 870 1915 910 se-

344 943 524 997 cundo
560 943 627 998 ad
677 943 1009 1000 auditionem
1055 945 1265 999 admitti
1296 986 1310 1010 ,
1359 946 1523 1001 tertio
1551 947 1617 1001 ad
1652 950 1918 1018 paeniten-

297 1022 301 1027 ’
342 1035 475 1089 tiam
506 1050 518 1085 :
551 1043 748 1105 quarto
773 1034 841 1089 ad
863 1036 1119 1091 standum
1150 1052 1255 1091 una
1302 1051 1428 1092 cum
1459 1039 1662 1108 popqu
1687 1079 1703 1103 ,
1748 1040 1919 1095 absti-

342 1133 540 1180 nentes
574 1126 644 1179 ah
671 1126 978 1194 oblatione;
1008 1128 1204 1184 deinde
1230 1130 1313 1183 eis
1342 1131 1582 1199 permitti
1611 1131 1738 1186 boni
1769 1147 1919 1187 com-

345 1217 686 1271 munionem.

414 1307 600 1363 XXIII.
655 1309 731 1365 De
781 1311 851 1367 iis
900 1320 1082 1368 autem
1135 1315 1231 1384 qui
1265 1314 1403 1370 duas
1449 1331 1671 1372 sorores
1721 1332 1920 1374 uxores

344 1398 576 1467 ducunt,
603 1401 688 1455 vel
736 1402 805 1456 de
833 1403 915 1458 eis
942 1419 1063 1474 qua:
1090 1404 1304 1462 duobus
1330 1406 1592 1464 fratribus
1623 1408 1857 1473 nubunt,
1888 1423 1921 1464 a

343 1491 505 1546 nobis
555 1492 702 1547 edita
762 1501 847 1549 est
873 1494 1141 1565 epistola,
1172 1498 1332 1568 cujus
1363 1499 1617 1555 misimus
1644 1500 1923 1569 exemplar

342 1589 453 1636 tuae
484 1582 692 1653 pietati.
745 1583 849 1651 Qui
878 1597 1059 1642 autem
1111 1588 1197 1643 sui
1235 1588 1420 1647 fratris
1449 1606 1673 1646 uxorem
1697 1606 1924 1662 accepe-

343 1674 438 1738 rit,
494 1690 603 1730 non
660 1676 814 1747 prius
861 1678 1194 1745 admittetur,
1224 1696 1387 1752 quam
1417 1683 1488 1737 ab
1519 1698 1583 1738 ea
1614 1685 1920 1740 recesserit.

414 1764 603 1823 XXIV.
649 1766 900 1835 Viduam,
928 1786 1050 1841 quae
1087 1772 1143 1826 in
1176 1772 1465 1828 viduarum
1494 1790 1782 1830 numerum
1834 1790 1922 1830 re-

342 1857 452 1911 lata
477 1864 581 1921 est,
610 1857 715 1914 hoc
753 1872 877 1923 est,
911 1837 1035 1933 quae
1067 1864 1136 1917 ab
1174 1862 1422 1920 Ecclesia
1465 1866 1629 1919 alitur
1662 1909 1678 1930 ,
1706 1865 1922 1936 judica—
1951 1837 1994 1891 Β

342 1946 422 1999 vit
448 1945 741 2016 Apostolus
754 1950 1047 2007 nubentem
1072 1954 1347 2009 contemni
1377 1954 1648 2011 debere”.
1668 1952 1800 2012 Viro
1819 1972 1922 2011 att-

342 2042 455 2088 tem
481 2036 649 2092 viduo
700 2039 788 2093 lex
840 2040 1097 2112 imposita
1130 2058 1241 2098 non
1281 2051 1366 2099 est
1398 2087 1413 2111 ,
1453 2046 1549 2100 sed
1584 2045 1681 2100 tali
1726 2047 1923 2103 suflicit

343 2140 506 2197 pmna
540 2129 903 2201 digamorum.
958 2131 1129 2189 Porro
1181 2135 1346 2190 vidua
1402 2137 1687 2207 sexaginta
1744 2152 1922 2196 annos

344 2228 473 2274 nata
497 2260 513 2286 ,
550 2222 596 2277 si
642 2238 837 2279 rursus
889 2216 999 2279 una
1053 2240 1179 2280 cum
1208 2227 1329 2282 viro
1362 2228 1610 2284 habitare
1645 2230 1921 2296 voluerit,

344 2309 475 2364 boni
535 2315 924 2371 communione
953 2332 1066 2372 non
1100 2319 1419 2389 dignabitur
1448 2361 1464 2385 ,
1510 2322 1685 2377 donec
1714 2323 1784 2377 ab
1821 2324 1924 2378 im-

345 2402 606 2471 puritatis
659 2406 795 2461 vitio
851 2407 1147 2465 destiterit.
1223 2407 1329 2466 Sed
1360 2410 1406 2466 si
1465 2419 1592 2466 ante
1638 2413 1920 2484 sexaginta

346 2510 523 2551 annos
562 2512 683 2551 eam
710 2500 1155 2569 'ascripserimus
1186 2543 1201 2569 ,
1235 2510 1425 2557 nostra
1455 2514 1538 2560 est
1562 2544 1579 2570 ,
1636 2520 1748 2559 non
1799 2522 1922 2562 mu-

345 2585 500 2643 lieris
539 2588 719 2659 culpa.

417 2766 584 2822 XXV.
626 2768 730 2835 Qui
760 2785 791 2824 a
817 2784 878 2826 se
905 2779 1207 2841 stupratam
1233 2787 1334 2843 pro
1363 2788 1537 2831 uxore
1562 2775 1789 2842 detinet,
1814 2787 1925 2833 stu-

346 2859 432 2928 pri
459 2859 679 2929 quidem
708 2875 924 2931 pt'enam
953 2863 1181 2929 subibit,
1218 2863 1314 2919 sed
1343 2866 1394 2921 ei
1421 2865 1607 2922 licebit
1639 2883 1757 2923 eam
1781 2886 1921 2925 uxo-

346 2966 461 3006 rem
487 2951 707 3007 habere.

418 3041 583 3114 294
622 3041 808 3097 XXVI.
850 3041 1165 3100 Fornicatio
1209 3046 1618 3103 matrimonium
1656 3066 1767 3106 non
1797 3062 1882 3110 est
1905 3096 1921 3122 ,

2014 573 2206 644 ἔχοντα
2237 573 2450 643 ἀνάγκη
2478 572 2536 625 τὸ
2562 568 2662 642 τῆς
2680 568 2934 642 πορνείας
2969 562 3262 634 ἐπιγνῶναι
3288 563 3585 635 ἐπιτίμιον.

2017 666 2175 718 Ἔστι
2232 665 2287 718 δὲ
2321 665 2379 718 ὲν
2428 663 2720 733 τέσσαρσιν
2772 659 2948 712 έτεσιν
2985 656 3262 729 ὡρισμένη
3294 657 3407 718 τοῖς
3450 671 3592 725 πορ-

2015 756 2261 810 νεύουσιν
2289 757 2322 826 ὴ
2367 754 2702 825 ἐπιτίμησις.
2735 751 2857 823 Χρὴ
2879 747 2958 820 τῷ
2990 747 3191 819 πρώτῳ
3231 746 3593 801 ἐκϐάλλεσθαι

2016 847 2121 901 τῶν
2166 846 2505 919 προσευχῶν,
2562 846 2657 900 καὶ
2697 842 3049 917 προσκλαίειν
3087 841 3284 904 αὐτοὺς
3324 843 3391 912 τῇ
3451 839 3598 912 θύρᾳ

2016 940 2114 1010 τῆς
2143 937 2472 1008 ἐκκλησίας·
2506 936 2584 1007 τῷ
2630 936 2866 1009 δευτέρῳ
2896 932 3150 1005 δεχθῆναι
3178 935 3258 997 είς
3289 932 3552 1004 ἀκρόασιν
3572 947 3594 961 ’
3638 996 3645 1003 _

2015 1030 2094 1101 τῷ
2137 1030 2306 1102 τρίτῳ
2336 1033 2416 1094 εἰς
2459 1030 2781 1101 μετάνοιαν
2815 1027 2892 1099 τῷ
2915 1027 3159 1099 τετάρτῳ
3203 1027 3285 1090 είς
3331 1025 3598 1115 σύστασιν
3638 1055 3647 1115 ὲ

2022 1122 2160 1194 μετά
2207 1121 2301 1175 τοῦ
2351 1121 2502 1187 λαοῦ,
2564 1122 2931 1193 ἀπεχομένους
2956 1120 3055 1191 τῆς
3102 1119 3444 1191 προσφορᾶς·
3472 1114 3602 1170 εἷτα.

2019 1214 2215 1278 αὐτοὺς
2240 1213 2351 1285 (85)
2382 1214 2772 1285 ἐπιτρέπεσθαι
2801 1214 2901 1285 τὴν
2929 1210 3213 1267 κοινωνίαν
3234 1209 3327 1264 τοῦ
3361 1208 3597 1278 ἀγαθοῦ.

2090 1306 2215 1359 ΚΡ.
2253 1306 2390 1378 Περὶ
2407 1306 2464 1359 δὲ
2495 1305 2602 1359 τῶν
2629 1304 2722 1358 δύο
2744 1303 2978 1374 ἀδελφὰς
2999 1302 3339 1375 γαμούντων.
3373 1301 3408 1372 ἢ
3443 1299 3605 1353 ἀδελ-

2022 1399 2143 1468 φοῖς
2202 1397 2321 1451 δυσὶ
2366 1395 2748 1467 γαμουμένων,
2797 1394 3146 1449 ὲπιστολίδιον
3178 1396 3308 1465 ἡμῖν
3340 1389 3602 1461 ἔκπεφὼ-

2022 1506 2204 1561 νηται,
2251 1484 2314 1544 οὗ
2343 1489 2405 1543 τὸ
2429 1489 2762 1560 ἀντίγραφον
2816 1486 3218 1558 ἀπεστείλαμέν
3255 1485 3365 1557 (86)
3407 1502 3501 1538 σου
3527 1487 3604 1555 τῇ

2022 1580 2294 1653 εὐλαϐείᾳ,
2330 1582 2388 1634 Ὀ
2408 1580 2463 1635 δὲ
2485 1580 2711 1650 ἀδελφοῦ
2742 1580 2871 1634 ίδίου
2890 1583 3123 1649 γυναῖκα
3153 1580 3332 1634 λαϐὼν
3362 1580 3423 1634 οὐ
3458 1577 3601 1650 πρᾶον

2023 1689 2181 1744 τερον
2209 1671 2531 1743 δεχθήσεται
2567 1674 2695 1745 πρὶν
2719 1672 3018 1743 ἀποστῆναι
3043 1674 3231 1745 αὐτῆς.

2094 1766 2219 1818 ΚΔ’.
2270 1765 2482 1836 Χήραν,
2529 1763 2627 1835 τὴν
2695 1763 3083 1833 καταλεγεῖσαν
3124 1767 3205 1829 εἰς
3238 1766 3328 1819 τὸν
3366 1761 3605 1836 ἀριθμὸν

2022 1854 2131 1907 τῶν
2189 1852 2396 1926 χηρῶν,
2444 1853 2709 1917 τουτέστι,
2747 1852 2847 1924 τὴν
2892 1852 3314 1926 διακονουμένην
3352 1853 3463 1925 (87)
3494 1852 3606 1906 ὑπὸ

2022 1946 2122 2017 τῆς
2184 1944 2527 2015 Ἐκκλησίας,
2568 1944 2781 2016 ἔκρινεν
2822 1945 2852 1997 ὁ
2894 1944 3212 2008 Ἀπόστολος
3243 1944 3604 2016 γαμουμένην

2024 2037 2390 2111 παρορᾶσθαι.
2439 2037 2617 2108 Ἀνδρὶ
2651 2036 2710 2090 δὲ
2748 2036 3075 2108 χηρεὺσαντι
3115 2036 3290 2101 οὐδεὶς
3327 2037 3605 2095 ἐπίκειται

2024 2132 2208 2202 νόμος,
2235 2130 2349 2185 ἀλλ’
2380 2130 2560 2184 ίκανδν
2593 2129 2670 2200 τῷ
2697 2129 2923 2199 τοιούτῳ
2944 2129 3005 2182 τὸ
3022 2131 3130 2183 τῶν
3153 2129 3399 2201 διγάμων
3422 2130 3603 2183 ἐπιτί-

2027 2240 2166 2292 μιον.
2211 2223 2275 2275 Ἠ
2316 2222 2499 2293 μέντοι
2555 2223 2721 2293 χήρα,
2757 2221 3148 2292 έξηκονταετὴς
3190 2224 3471 2290 γεγονυῖα,
3503 2220 3605 2273 ἐὰν

2022 2313 2212 2385 ἕληται
2259 2313 2422 2367 πάλιν
2477 2313 2632 2384 άνδρὶ
2694 2314 2981 2375 συνοικεῖν,
3026 2312 3085 2365 οὐ
3134 2310 3607 2382 καταξιωθήσεται

2021 2406 2119 2476 τῆς
2168 2405 2259 2458 τοῦ
2293 2404 2497 2473 ἀγαθοῦ
2546 2406 2850 2470 κοινωνίας,
2888 2408 2992 2471 ἕως
3029 2406 3095 2459 ἂν
3126 2402 3219 2457 τοῦ
3264 2402 3470 2467 πάθους
3500 2402 3607 2472 τῆς

2023 2497 2364 2570 ἀκαθαρσίας
2416 2498 2715 2568 παύσηται.
2785 2498 2911 2553 Ἐἀν
2968 2499 3147 2570 μέντοι
3191 2495 3296 2568 πρὸ
3338 2496 3606 2566 ἐξήκοντα.

2023 2582 2159 2636 ἐτῶν
2184 2584 2579 2655 ἀριθμήσωμεν
2596 2584 2706 2658 (88)
2730 2586 2919 2659 αὐτὴν,
2946 2586 3210 2659 ἡμέτερον
3229 2585 3290 2638 τὸ
3327 2583 3605 2655 ἔγκλημα,

2022 2676 2084 2728 οὐ
2113 2674 2206 2729 τοῦ
2230 2675 2474 2745 γυναίου.

2095 2765 2224 2818 ΚΕ’.
2272 2766 2329 2818 ’0
2363 2767 2462 2838 τὴν
2487 2766 2889 2839 διεφθαρμένην
2927 2769 3016 2838 ὑφ’
3040 2765 3234 2822 ἑαυτοῦ
3261 2768 3340 2830 είς
3367 2770 3613 2834 γυναῖκα.

2024 2857 2271 2926 κατέχων
2292 2857 2354 2910 τδ
2376 2858 2473 2928 μὲν
2502 2859 2595 2912 ἐπὶ
2616 2861 2681 2930 τῇ
2710 2859 2886 2931 φθορᾷ
2913 2858 3184 2930 ἐπιτίμιον
3214 2864 3616 2935 ὑποστήσεταιι

2023 2948 2122 3019 τὴν
2155 2947 2211 3000 δὲ
2239 2952 2471 3017 γυναῖκα
2498 2949 2640 3020 ἔχειν
2674 2950 3177 3023 συγχωρηθήσεται.

2095 3041 2241 3108 KG’.
2291 3042 2355 3094 Ἢ
2408 3043 2632 3113 πορνεία
2682 3043 2857 3115 γάμος
2884 3045 2983 3098 οὐκ
3026 3044 3170 3099 ἔστιν
3191 3062 3203 3076 ’
3234 3045 3349 3099 ἀλλ’
3370 3045 3492 3099 οὐδὲ
3511 3044 3590 3113 γά

348 3134 444 3188 sed
478 3149 547 3189 ne
595 3134 929 3188 matrimonii
956 3135 1181 3206 quidem
1233 3137 1474 3197 initium.
1514 3141 1696 3210 Quare
1727 3146 1776 3201 si
1805 3147 1921 3203 fieri

2039 3148 2131 3201 μου
2164 3132 2326 3203 ἀρχή.
2369 3132 2554 3197 Ὥστε,
2584 3131 2679 3184 ἐὰν
2770 3132 2992 3187 δυνατῦν
3020 3136 3146 3199 τοὺς
3168 3134 3311 3188 κατά
3348 3135 3592 3206 πορνεία-

347 3233 575 3297 potest,
645 3236 707 3281 ut
786 3229 884 3298 qui
954 3244 1055 3300 per
1138 3228 1557 3288 fornicationem
1641 3238 1922 3308 conjuncti

2039 3222 2469 3293 συναπτομένους
2518 3227 2866 3297 χωρίζεσθαι,
2913 3226 3072 3279 τοῦτο
3116 3228 3424 3298 κράτιστον.
3478 3227 3612 3281 Ἐὰν

345 3329 476 3374 sunt
508 3360 524 3386 ,
581 3330 944 3391 separentur,
996 3322 1048 3378 id
1084 3324 1305 3394 quidem
1358 3328 1626 3397 optimum
1673 3340 1777 3386 est.
1825 3331 1925 3388 Sin

350 3417 532 3465 autem
591 3411 674 3466 eis
718 3412 944 3467 omnino
996 3413 1209 3483 placeat
1258 3416 1573 3487 conjugium
1607 3459 1622 3484 ,
1684 3418 1927 3476 fornica-

350 3502 519 3559 tionis
548 3505 767 3575 quidem
800 3520 1020 3575 pcenam
1055 3516 1355 3577 agnoscant
1387 3526 1403 3577 ;
1453 3510 1551 3565 sed
1581 3511 1807 3569 minime
1839 3529 1927 3570 se-

351 3605 634 3668 parentur,
667 3615 737 3655 ne
765 3599 896 3669 quid
924 3599 1166 3655 deterius
1191 3601 1426 3655 accidat.

421 3686 635 3742 XXVII.
676 3688 752 3745 De
782 3690 1131 3761 presbytero,
1180 3690 1274 3760 qui
1312 3691 1554 3748 insciens
1580 3692 1789 3750 illicitis
1820 3711 1926 3750 nu-

350 3783 484 3853 ptiis
517 3781 829 3852 implicatus
882 3791 1003 3844 est,
1036 3782 1204 3837 statui
1241 3799 1363 3854 qua:
1391 3786 1701 3855 oportebat.
1735 3788 1926 3843 cathe-

349 3874 466 3928 dra:
515 3873 734 3943 quidem
769 3872 1089 3941 participem
1122 3887 1284 3936 esse,
1321 3875 1417 3930 sed
1465 3891 1495 3929 a
1546 3877 1775 3947 reliquis
1807 3895 1921 3933 mu-

352 3967 459 4021 niis
519 3965 815 4019 abstinere.
872 3963 1009 4018 Nam
1075 3965 1212 4021 satis
1260 3973 1345 4020 est
1397 3968 1667 4038 ejusmodi
1717 3970 1925 4025 homini

350 4054 532 4109 venia.
579 4053 650 4107 Ut
678 4061 857 4109 autem
890 4054 1059 4110 alium
1108 4056 1425 4121 benedicat,
1454 4060 1549 4127 qui
1578 4062 1799 4130 propria
1828 4077 1928 4115 cu-

350 4159 477 4198 rare
526 4143 686 4198 debet
715 4144 944 4198 vulnera
971 4185 986 4211 ,
1055 4146 1282 4201 minime
1332 4157 1785 4204 consentaneum.
1824 4150 1926 4206 Be-

350 4234 595 4290 nedictio
647 4234 793 4288 enim
838 4235 1292 4291 sanctificationis
1342 4240 1772 4293 communicatio
1819 4247 1922 4296 est.

346 4331 526 4397 Quam
581 4327 675 4397 qui
726 4342 837 4380 non
900 4327 1112 4391 habet,
1175 4329 1617 4400 proptereaquod
1685 4330 1928 4388 insciens

349 4421 542 4490 lapsus
580 4424 699 4477 est,
751 4416 1031 4486 quomodo
1074 4417 1198 4472 aliis
1251 4418 1564 4488 impertiet?
1597 4418 1783 4491 Itaque
1825 4438 1929 4478 nec

2029 3314 2088 3368 δὲ
2124 3315 2421 3387 στέργωσιν
2474 3319 2540 3370 ἐκ
2595 3319 2793 3382 παντὸς
2816 3319 3017 3391 τρόπου
3057 3319 3120 3372 τὸ
3160 3318 3515 3382 συνοικέσιον,
3546 3319 3612 3372 τὸ

2035 3406 2134 3476 μὲν
2157 3408 2254 3478 τῆς
2284 3409 2538 3479 πορνείας
2570 3410 2841 3481 ἐπιτίμιον
2858 3410 3299 3483 γνωριζέτωσαν·
3332 3408 3610 3479 ἀφιέσθω-

2034 3514 2132 3553 σαν
2156 3498 2233 3567 δὲ,
2266 3499 2353 3552 ῖνα
2376 3500 2449 3570 μὴ
2482 3500 2662 3572 χεῖρόν
2693 3518 2746 3553 τι
2771 3500 3014 3570 γένηται.
3202 3512 3207 3517 ‘

2101 3703 2229 3755 KZ’.
2288 3701 2426 3775 Περὶ
2477 3701 2572 3756 τοῦ
2622 3702 3016 3774 πρεσϐυτέρου,
3065 3701 3160 3756 τοῦ
3214 3702 3337 3755 κατ’
3384 3700 3616 3771 ἄγνοιαν

2034 3793 2257 3863 ἀθέσμῳ
2306 3794 2471 3865 γάμῳ
2524 3795 2636 3865 (89)
2685 3795 3103 3866 περιπαρέντος,
3139 3794 3314 3866 ὥρισα
3345 3794 3610 3866 ἃὲχρῆν’

2034 3885 2300 3956 καθέδρας
2352 3887 2450 3957 μὲν
2501 3886 2767 3957 μετέχειν.
2818 3887 2928 3941 τῶν
2959 3888 3015 3941 δὲ
3066 3888 3269 3942 λοιπῶν
3316 3888 3614 3961 ἐνεργειῶν

2034 3976 2352 4046 ἀπέχεσθαι.
2395 3979 2648 4050 ’Δρκετδν
2694 3979 2803 4050 γὰρ
2835 3981 2912 4050 τῷ
2960 3980 3188 4052 τοιούτῳ
3219 3983 3251 4052 ἡ
3288 3982 3611 4052 συγγνώμη.

2034 4065 2292 4136 Εὐλογεῖν
2318 4069 2376 4122 δὲ
2408 4071 2615 4141 ἕτερον,
2643 4071 2735 4124 τὸν
2763 4071 2830 4124 τὰ
2851 4074 3027 4126 οίκεία
3047 4074 3303 4142 τημελεῖν
3328 4073 3617 4142 ὀφείλοντα

2035 4156 2344 4227 τραύματα,
2361 4159 2735 4213 ἀνακόλουθον.
2761 4161 2992 4230 Εὑλογία
3016 4161 3123 4233 γὰρ
3149 4162 3422 4233 ἀγιασμοῦ
3447 4163 3616 4234 μετάο

2035 4248 2179 4313 δοσίς
2220 4251 2386 4304 ἐστιν.
2454 4251 2512 4304 '0
2543 4251 2602 4304 δὲ
2640 4252 2798 4306 τοῦτο
2825 4252 2900 4325 μὴ
2953 4253 3111 4324 έχων,
3166 4254 3257 4308 διὰ
3285 4255 3348 4308 τὸ
3398 4256 3464 4309 ἐκ
3509 4256 3617 4325 τῆς

2034 4337 2258 4407 ἀγνοίας
2296 4340 2648 4412 παράπτωμα
2691 4343 2810 4407 πῶς
2855 4345 3025 4416 ἑτέρῳ
3079 4345 3414 4416 μεταδώσει;
3454 4348 3614 4418 Μήτε

2036 4430 2211 4482 τοίνυν
2245 4429 2479 4502 δημοσίᾳ
2506 4432 2644 4502 μήτε
2680 4433 2787 4505 ἰδίᾳ
2828 4433 3136 4504 εὐλογείτω,
3170 4437 3306 4507 μήτε
3345 4435 3404 4489 τὸ
3449 4435 3616 4507 σῶμα

350 4510 572 4582 publice
606 4523 710 4562 nec
742 4507 996 4576 privatim
1028 4507 1336 4575 benedicat,
1372 4525 1473 4566 nec
1500 4512 1924 4582 corpus_Christi

2039 4518 2129 4572 τοῦ
2163 4521 2400 4591 Χριστοῦ
2443 4524 2797 4594 κατανεμέτω
2830 4525 3056 4596 ἑτέροις,
3100 4529 3237 4598 μήτε
3266 4545 3319 4580 τι
3347 4527 3475 4581 ἄλλο
3503 4528 3615 4581 λεια

350 4603 649 4658 distribuat
677 4601 823 4662 aliis,
877 4616 979 4655 nec
1012 4602 1248 4670 quodvis
1275 4603 1424 4658 aliud
1454 4618 1672 4659 sacrum
1729 4623 1928 4664 munus

348 4696 535 4757 obeat,
569 4693 688 4756 sed,
730 4691 1033 4747 honoriﬁca
1068 4693 1198 4748 sede
1242 4702 1535 4751 contentus
1556 4734 1572 4758 ,
1625 4703 1778 4768 roget
1803 4713 1929 4753 cum

350 4787 613 4859 lacrymis
663 4785 957 4841 Dominum
984 4826 1001 4851 ,
1050 4792 1113 4839 ut
1143 4786 1250 4842 sibi
1297 4787 1621 4857 ignorantiae
1642 4798 1929 4859 peccatum

354 4880 685 4936 remittatur.

431 5014 531 5067 "I
577 5013 719 5070 Tim.
758 5030 813 5078 v,
847 5015 935 5081 II,
974 5014 1061 5070 I2.

290 5173 296 5179 ’
385 5170 724 5248 _(85)_EIra_
746 5174 990 5248 αὐτούς.
1024 5171 1221 5228 Plures
1256 5172 1479 5229 codices
1504 5188 1615 5229 non
1657 5174 1931 5246 antiquis-

354 5242 475 5302 simi
511 5242 628 5298 εἶτα
666 5245 871 5307 αὐτοῖς.

426 5315 538 5386 (86)
586 5315 1084 5386 hzso’tsf.zaysr._
1125 5312 1219 5386 Sic
1260 5313 1481 5386 codices
1545 5331 1678 5371 mss.

358 5383 506 5455 quod
539 5396 658 5438 erat
688 5385 743 5439 in
788 5384 952 5455 editis
979 5383 1297 5455 ἀπέστειλα.
1329 5383 1676 5455 Epistolium,

354 5454 447 5511 hic
472 5453 730 5515 Basilius,
753 5465 841 5509 est
866 5454 1097 5521 epistola
1129 5453 1251 5509 l60.

430 5522 541 5594 (87)
572 5522 1078 5594 Διακονρυμένην.
1111 5522 1187 5594 _I_n
1235 5525 1337 5578 hac
1364 5540 1498 5579 voce
1523 5524 1937 5594 interpretanda

357 5591 584 5648 secutus
620 5610 744 5648 sum
780 5591 1075 5646 Zonaram.
1108 5591 1291 5649 Minus
1318 5595 1605 5650 commode
1641 5591 1730 5649 alii
1762 5595 1935 5650 inter-

358 5672 564 5734 pretes.
594 5681 710 5729 qua:
736 5664 799 5717 ab
837 5662 1074 5734 Ecclesia
1105 5663 1160 5716 in
1191 5663 1530 5718 diaconatum
1560 5674 1800 5734 suscepta
1837 5675 1934 5720 est.

357 5733 494 5789 Illud
524 5740 706 5788 autem
740 5732 1082 5803 παρορᾶσθαι
1110 5733 1254 5804 idem
1280 5750 1402 5789 esse
1423 5744 1645 5789 monent
1673 5732 1940 5804 interpre-

357 5812 440 5858 tcs
471 5820 533 5859 ac
571 5800 1007 5869 contemni,’nec
1039 5804 1150 5873 jam
1182 5802 1439 5859 Ecclesiae
1475 5800 1780 5873 sumptibus
1810 5800 1938 5862 sus-

1765 5331 1936 5373 r080

1757 5402 1789 5442 e
1825 5402 1937 5455 quo

2033 4612 2359 4683 τουργείτω,
2416 4612 2553 4667 ἀλλά
2623 4614 2959 4686 ἀρκούμενος
3008 4619 3073 4688 τῇ
3125 4617 3384 4690 προεδρίᾳ
3445 4635 3619 4690 προσ-

2034 4702 2268 4757 κλαιέτω
2300 4703 2409 4774 (90)
2438 4703 2516 4776 τῷ
2556 4706 2768 4779 Κυρίῳ,
2809 4708 3228 4782 συγχωρηθῆναι
3266 4710 3413 4783 αὐτῷ
3449 4711 3512 4764 τὸ
3548 4713 3617 4767 ὲκ

2034 4794 2133 4867 τῆς
2157 4795 2377 4864 ἀγνοίας
2402 4797 2682 4870 ἀνὸμημα.

2131 5165 2258 5221 tari.

2035 5175 2720 5307 ιθΙξῗέέέῗ’Ἀριθέιήοίυιιιενο
2772 5235 2863 5291 δίο
2914 5236 3161 5306 Ρ¹ετί⁴1¹¹θ
3201 5234 3421 5292 “dices
3475 5251 3615 5293 ’³³⁸³⁸

2037 5308 2178 5363 Edili
2213 5307 2614 5378 ἀριθμήσομεν.

2111 5376 2533 5447 (89)]Αθέσμφ
2564 5377 2746 5447 γάμῳ.
2793 5377 3018 5447 .uicitas
3065 5379 3287 5447 nuptias
3345 5378 3621 5447 interpre-

2036 5458 2192 5504 tatur
2220 5446 2535 5512 Balsamon,
2569 5446 2615 5501 Si
2645 5449 2772 5517 quis
2794 5446 2964 5500 ducat
3004 5446 3155 5509 eam,
3175 5447 3338 5515 cujus
3369 5446 3455 5517 vel
3495 5447 3621 5513 ipse

2038 5528 2191 5575 tutor
2218 5526 2325 5580 est,
2360 5518 2443 5572 vel
2476 5519 2650 5587 ipsius
2665 5515 2851 5586 pater,
2887 5517 2974 5571 vel
3020 5517 3337 5578 monialem,
3367 5515 3466 5587 vel
3485 5530 3624 5587 con-

2040 5588 2422 5658 sanguineam.
2451 5585 2695 5641 anaras
2718 5588 3182 5657 consanguineam
3207 5587 3288 5639 vel
3321 5585 3619 5639 monialem

2042 5659 2320 5711 intelligit.
2355 5659 2582 5711 Alexius
2614 5657 2906 5711 Aristenus
2934 5658 3178 5711 viduam.
3210 5664 3308 5710 aut
3339 5655 3619 5711 insanam.

2042 5659 2320 5729 intelligit,
2355 5659 2582 5713 Alexius
2614 5659 2906 5712 Aristenus
2934 5659 3178 5719 viduam,
3210 5664 3308 5710 aut
3339 5659 3619 5721 insanam,

2042 5730 2617 5810 autAe‘sc_enicis,-aut
2647 5727 3188 5810 Deo‘consecratam.
3212 5804 3223 5810 Δ
3276 5804 3288 5810 _

2117 5801 2230 5870 (90)
2269 5797 2708 5866 Προσκλαιέτω.
2754 5797 2978 5854 Addunt
3011 5798 3145 5855 editi
3176 5804 3229 5855 et
3273 5804 3387 5855 tres
3425 5811 3621 5853 recen-
