3852 6220
219 344 321 399 725

1100 336 1592 394 EPISTOLARUM
1629 333 1916 392 CLASSIS
1947 333 2012 394 II.
2055 335 2272 393 EPIST.
2298 335 2526 393 CXCIX.

3376 331 3480 397 726

283 455 412 510 KH’.
473 453 682 508 Ἐκεῖνό
739 470 804 521 γε
864 454 972 525 μὴν
1020 453 1226 522 γελοῖόν
1272 470 1362 524 μοι
1401 453 1702 524 κατεφάνη,
1733 451 1794 503 τὸ

1979 450 2214 507 XXVIII.
2266 449 2403 507 Illud
2430 449 2648 521 quidem
2677 449 2808 504 mihi
2852 449 3029 504 visum
3055 459 3139 506 est
3167 451 3476 522 ridiculum,

212 546 470 612 εὔξασθαί
502 564 623 600 τινα
650 546 816 598 ὐείων
858 545 1154 616 ἀπέχεσθαι
1195 547 1394 618 κρεῶν.
1431 546 1594 598 Ὥστε
1669 561 1801 597 κατ-

215 640 443 706 ιξίωσον
465 637 1057 708 διδάσκειν(91)αὐτοὺς
1078 638 1188 692 τῶν
1207 637 1546 693 ἀπαιδεύτων
1572 645 1802 708 προσευ-

211 726 325 796 -χῶν
356 727 451 780 καὶ
501 724 848 795 ἐπαγγελιῶν
887 726 1189 797 ἀπέχεσθαι
1210 745 1222 758 ·
1258 729 1358 799 τὴν
1392 728 1576 800 μέντοι
1603 727 1800 798 χρῆσιν

216 819 507 890 ἀδιάφορον
529 815 667 873 εἷναι
699 819 1081 893 συγχώρησον.
1109 822 1273 875 Οὐδὲν
1300 821 1407 894 γάρ
1435 821 1641 892 κτίσμα
1663 817 1798 874 Θεοῦ

214 913 524 986 ἀπόϐλητον
559 915 677 983 μετ’
723 913 1077 984 εὐχαριστίας
1121 913 1549 985 λαμϐανόμενον.
1579 915 1740 967 Ὥστε
1767 915 1800 983 ή

213 1008 351 1081 εὐχὴ
379 1007 809 1077 καταγέλαστος,
838 1007 936 1077 οὐχ
964 1009 998 1080 ἡ
1033 1007 1213 1080 ἀποχὴ
1242 1007 1534 1076 ἀναγκαία.

286 1180 417 1236 KB'.
455 1181 757 1254 Ι’.λὶρχοντας
776 1181 961 1254 μέντοι
1002 1183 1244 1255 ὀμνύειν,
1283 1185 1375 1238 ὲπὶ
1405 1184 1466 1237 τό
1489 1188 1800 1240 κακοποιεῖν

212 1275 342 1337 τοὺς
387 1274 760 1346 ἀρχομένους,
813 1275 908 1328 καὶ
961 1275 1104 1329 πάνυ
1169 1276 1566 1347 θεραπεύεσθαι
1631 1295 1800 1350 προσ-

212 1365 471 1437 ἦκε(9ἓ).
523 1367 803 1437 Θεραπεία
836 1367 894 1420 δὲ
933 1367 1137 1421 τούτων
1176 1369 1362 1440 διττή·
1413 1371 1510 1440 μία
1559 1371 1677 1441 μὲν,
1724 1371 1799 1442 μὴ

213 1458 439 1528 ὀμνύειν
491 1460 689 1523 αὐτοὺς
731 1460 1081 1514 διδάσκεσθαι
1111 1462 1418 1533 προχείρως
1447 1477 1460 1490 ·
1518 1463 1678 1535 ἑτέρα
1721 1463 1798 1530 δὲ,

215 1551 294 1621 μὴ
317 1550 599 1621 ἐπιμένειν
625 1553 681 1604 ὲν
705 1553 824 1614 ταῖς
853 1554 1117 1622 πονηραῖς
1147 1553 1410 1626 κρίσεσιν.
1449 1555 1630 1618 Ὥστε,
1652 1556 1800 1626 ὅρκῳ

215 1643 553 1714 προληφθείς
585 1660 670 1706 τις
709 1645 790 1705 είς
838 1644 1161 1697 κακοποιίαν
1200 1645 1410 1717 ἐτέρου,
1451 1646 1550 1719 τὴν
1583 1647 1680 1717 μὲν
1709 1648 1800 1700 ἐπὶ

211 1739 281 1808 τῇ
318 1735 620 1808 προπετείᾳ
647 1733 742 1787 τοῦ
771 1735 936 1805 ὅρκου
967 1735 1254 1806 μετάνοιαν
1280 1737 1692 1801 ἐπιδεικνύσθω,
1723 1740 1796 1812 μὴ

217 1827 406 1899 μέντοι
449 1827 798 1897 προσχήματι
839 1825 1126 1891 εὐλαϐείας
1169 1828 1266 1898 τὴν
1310 1829 1574 1899 πονηρίαν
1604 1829 1794 1883 ἑαυτοῦ

214 1919 538 1989 βεϐαιούτω.
585 1917 720 1971 Οὐδὲ
773 1916 882 1988 γάρ
942 1918 1156 1992 Ἡρώδῃ
1198 1920 1526 1990 συνήνεγκεν
1572 1921 1800 1993 εὐορκή-

213 2028 390 2069 σαντι,
428 2009 508 2073 ὃς,
546 2009 634 2062 ἵνα
681 2011 754 2081 μὴ
787 2011 1096 2083 ὲπιορκήσῃ
1141 2011 1324 2080 δῆθεν,
1362 2015 1556 2082 φονεὺς
1586 2014 1802 2082 ἐγένετο

211 2101 310 2156 τοῦ
341 2103 643 2174 προφήτου.
670 2101 856 2166 Ἀπαξ
879 2102 936 2154 δὲ
959 2103 988 2154 ὀ
1011 2103 1171 2174 ὅρκος
1196 2103 1567 2177 ἀπηγόρευται
1583 2122 1597 2135 ο
1623 2107 1802 2178 πολλῷ

210 2195 269 2249 δὲ
299 2195 474 2265 δήπου
511 2195 661 2258 εἰκὸς
697 2194 788 2247 τὸν
825 2195 919 2248 ἐπὶ
966 2195 1121 2267 κακῴ
1165 2198 1445 2269 γινόμενον
1473 2201 1804 2272 κατακεκρί-

214 2283 360 2338 σθαι.
415 2285 577 2338 Ὥστε
629 2287 988 2356 μεταφρονεῖν
1039 2287 1129 2338 τὸν
1174 2286 1445 2358 ὀμνύοντα
1489 2289 1632 2360 χρὴ,
1683 2291 1804 2362 οὐχὶ

215 2378 540 2444 σπουδάζειν
595 2377 848 2448 βεϐαιοῦν
893 2379 1087 2432 ἑαυτοῦ
1109 2380 1169 2432 τὺ
1213 2381 1450 2435 ἀνόσιον.
1519 2383 1802 2450 Ἐξέτασον

212 2474 325 2546 γὰρ
382 2472 719 2545 πλατύτερον
767 2471 866 2543 τὴν
908 2473 1159 2526 ἀτοπίαν.
1204 2472 1274 2526 Εἴ
1306 2491 1390 2538 τις
1417 2475 1664 2545 ὀμόσειεν
1690 2476 1802 2550 (95)

213 2564 554 2637 ἑνεξορύξειν
612 2565 739 2628 τοὺς
784 2563 1097 2636 ὀφθαλμοὺς
1124 2563 1218 2618 τού
1267 2565 1517 2636 ἀδελφοῦ,
1557 2570 1604 2621 εί
1639 2570 1803 2623 καλὸν

211 2657 276 2710 τὸ
320 2655 566 2710 τοιοῦτον
602 2657 687 2718 είς
735 2654 894 2725 ἔργον
925 2655 1152 2723 ἀγαγεῖν
1190 2654 1379 2727 αὐτῷς
1414 2656 1574 2720 εἴτις
1606 2659 1802 2726 φονεύ·-

213 2765 332 2802 σειν
355 2765 370 2812 ;
398 2748 553 2812 εἴτις
579 2747 716 2811 ὅλως
765 2747 831 2799 δι’
859 2746 1022 2818 ὅρκου
1067 2745 1284 2818 ἐντολήν
1329 2765 1454 2804 τινα
1484 2749 1802 2821 παραϐήσε-

213 2841 385 2906 σθαι;
423 2841 636 2911 Ὧμοσα
681 2839 790 2914 γάρ
817 2839 912 2892 καὶ
951 2837 1178 2910 ἕστησα,
1209 2841 1331 2910 οὐχὶ
1368 2841 1465 2913 τὴν
1501 2843 1799 2915 ἁμαρτίαν,

211 2933 352 2988 ἀλλὰ
408 2930 504 2985 τοῦ
551 2930 890 3002 φυλάξασθαι
921 2931 990 2985 τά
1028 2932 1272 3003 κρίματα
1323 2933 1420 3002 τῆς
1454 2934 1803 3007 δικαιοσύνης

214 3044 332 3080 σου.
368 3027 581 3096 Ὥσπερ
637 3025 692 3078 δὲ
750 3025 848 3096 τὴν
881 3024 1114 3096 ἐντολὴν
1156 3025 1520 3096 ἀμεταθέτοις
1572 3029 1800 3099 κρίμασι

1766 1799 1874 1853 ἑΒ

1903 551 2101 593 vovere
2127 538 2365 607 aliquem
2425 553 2485 592 se
2515 550 2546 589 a
2575 534 2754 591 suillis
2785 534 3045 590 carnibus
3074 535 3474 593 abstenturum.

1904 627 2270 694 Quamobrem
2323 628 2551 698 dignare
2612 641 2709 682 eos
2747 626 2992 691 docere,
3045 634 3106 681 ut
3151 628 3221 683 ab
3277 629 3478 700 ineptis

1903 721 2048 776 votis
2095 727 2151 776 et
2189 719 2478 791 promissis
2535 717 2890 786 abstineant;
2945 719 3041 774 sed
3079 735 3240 774 usum
3277 720 3479 775 nihilo-

1903 810 2085 865 minus
2125 810 2526 864 indifferentem
2597 824 2722 864 esse
2777 809 2921 864 sine.
2984 807 3145 862 Nulla
3197 810 3342 864 enim
3381 808 3478 865 Dei

1902 908 2175 964 creatura,
2214 914 2337 970 quae
2380 913 2506 952 cum
2563 899 2862 970 gratiarum
2907 898 3124 954 actione
3155 901 3477 969 percipitur,

1901 992 2200 1065 rejicienda
2221 1001 2307 1048 est
2327 993 2395 1046 "°.
2428 992 2610 1059 Quare
2633 1000 2820 1048 votum
2845 1001 2930 1048 est
2950 991 3267 1058 ridiculum,
3305 991 3482 1048 absti-

1902 1087 2087 1143 nentia
2127 1099 2237 1139 non
2264 1087 2602 1142 necessaria.

1978 1176 2170 1232 XXIX.
2212 1176 2368 1243 Quod
2421 1179 2673 1233 homines
2705 1184 2975 1248 potestate
3019 1179 3234 1248 praediti
3265 1179 3478 1250 jurant,

1903 1286 1964 1328 se
1992 1271 2133 1324 male
2161 1269 2229 1324 iis
2253 1272 2456 1341 quibus
2499 1279 2746 1341 praesunt
2790 1269 3068 1336 facturos,
3106 1270 3240 1324 illud
3276 1277 3333 1324 et
3367 1285 3483 1324 ma-

1902 1367 2048 1422 xime
2092 1375 2344 1422 curatum
2399 1373 2635 1436 oportet.
2698 1363 2903 1419 Medela
2938 1371 3117 1417 autem
3152 1377 3343 1417 eorum
3395 1369 3482 1417 est

1901 1458 2148 1529 duplex:
2186 1473 2292 1512 una
2343 1456 2612 1528 quidem,
2678 1463 2738 1509 ut
2798 1455 3100 1510 doceantur
3155 1469 3264 1508 non
3323 1452 3482 1508 facile

1895 1549 2086 1619 jurare
2111 1592 2127 1618 ,
2185 1552 2354 1606 altera
2411 1564 2575 1613 vero,
2630 1565 2700 1604 ne
2731 1549 2785 1601 iu
2821 1547 2981 1601 malis
3008 1545 3258 1601 consiliis
3305 1543 3480 1614 persi-

1903 1650 2069 1697 stant.
2110 1641 2320 1696 Idcirco
2369 1641 2463 1711 qui
2491 1639 2852 1710 jurejurando
2896 1637 2969 1692 ad
3021 1637 3246 1692 alterius
3273 1635 3482 1690 maleﬁ-

1903 1741 2048 1796 cium
2079 1749 2493 1810 prazoccupatus
2525 1747 2643 1799 est,
2677 1736 2723 1790 is
2756 1751 2868 1790 suae
2905 1734 2960 1788 in
2987 1731 3225 1803 jurando
3259 1730 3483 1785 temeri-

1904 1837 2036 1891 tatis
2075 1833 2454 1906 pcenitentiam
2481 1829 2757 1896 ostendat,
2816 1844 2925 1883 non
2973 1834 3154 1881 autem
3209 1839 3305 1895 per
3349 1838 3485 1878 cau-

1904 1944 2019 1985 sam
2065 1925 2287 1998 pietatis
2317 1924 2721 1994 improbitatem
2751 1935 2906 1976 suam
2937 1917 3246 1974 confirmet.
3296 1915 3486 1988 Neque

1902 2021 2046 2077 enim
2080 2018 2280 2074 Herodi
2321 2017 2709 2087 jusjurandum
2757 2015 3084 2067 observasse
3120 2009 3346 2080 profuit,
3388 2009 3484 2079 qui

1900 2113 2177 2175 videlicet,
2203 2126 2272 2164 ne
2330 2108 2634 2179 pejeraret,
2669 2105 2990 2175 prophetam
3029 2102 3229 2157 occidit
3254 2101 3321 2154 ".
3357 2098 3485 2154 0m-

1902 2205 2036 2259 nino
2075 2203 2296 2273 quidem
2326 2200 2718 2272 jusjurandum
2763 2196 3104 2267 prohibitum
3153 2199 3237 2249 est
3257 2193 3303 2224 "
3340 2210 3354 2246 :
3387 2192 3485 2247 sed

1905 2297 2080 2351 multo
2126 2295 2304 2364 magis
2359 2299 2790 2348 consentaneum
2833 2295 2954 2353 est,
2994 2294 3053 2340 ut
3091 2285 3238 2356 quod
3263 2283 3330 2338 ad
3368 2298 3486 2336 ma-

1902 2389 2016 2443 lum
2069 2386 2436 2456 interponitur
2463 2424 2478 2449 ,
2517 2381 2932 2438 condemnetur.
2985 2377 3166 2445 Quare
3199 2377 3246 2430 is
3277 2375 3368 2445 qui
3395 2375 3487 2445 ju-

1903 2482 2076 2544 ravit,
2109 2479 2438 2536 sententiam
2462 2485 2676 2530 mutare
2714 2473 2900 2537 debet,
2934 2487 3043 2526 non
3079 2470 3132 2525 id
3165 2469 3349 2524 studio
3379 2468 3482 2520 lia-

1903 2575 2034 2630 bere
2054 2581 2113 2628 ut
2138 2572 2423 2642 proprium
2467 2569 2622 2624 nefas
2655 2566 2962 2623 confirmet.
3003 2563 3114 2618 Fac
3142 2563 3287 2618 enim
3313 2560 3482 2616 latius

1904 2665 2222 2722 consideres
2270 2662 2689 2718 absurditatem.
2733 2657 2789 2712 Si
2819 2658 2944 2728 quis
2981 2655 3481 2726 juretelfossurum

1904 2772 1964 2811 se
1990 2756 2178 2811 oculos
2229 2753 2448 2815 fratris,
2476 2768 2545 2806 an
2575 2749 2897 2822 praeclarum
2927 2757 3009 2803 est
3045 2745 3314 2817 ejusmodi
3367 2745 3483 2812 jus-

1897 2849 2193 2921 jurandum
2235 2848 2300 2903 ad
2333 2862 2472 2917 opus
2517 2843 2862 2916 perducere?
2893 2842 2939 2896 si
2981 2841 3106 2912 quis
3157 2855 3216 2894 se
3261 2837 3486 2892 interfe-

1903 2950 2121 2997 cturum
2151 2941 2175 2994 ?
2208 2940 2254 2996 si
2285 2939 2409 3010 quis
2438 2937 2662 2992 omnino
2695 2934 3011 2989 mandatum
3045 2930 3267 3002 aliquod
3299 2939 3486 2984 trans-

1904 3048 2221 3105 gressur-um
2245 3032 2272 3084 ?-
2315 3030 2504 3085 Juravi
2552 3029 2696 3084 enim
2724 3033 2779 3082 et
2819 3025 3026 3089 statui,
3051 3039 3162 3078 non
3200 3029 3485 3092 peccatum

213 3120 461 3191 προσῆκε
507 3116 878 3188 βεϐαιοῦσθαι,
919 3116 1062 3170 οὕτω
1092 3117 1192 3187 τὴν
1233 3119 1507 3190 ἁμαρτίαν
1532 3121 1800 3186 παντοίως

1907 3133 2141 3196 patrare,
2178 3122 2272 3180 sed
2301 3135 2523 3178 servare
2547 3118 2755 3190 judicia
2793 3116 3025 3184 justitim
3051 3123 3158 3170 tua;
3180 3115 3246 3166 ⁷³.
3283 3112 3486 3178 Quem-

211 3210 456 3282 καθήκει
489 3209 828 3280 ἀκυροῦσθαι
855 3210 949 3262 καὶ
979 3209 1356 3280 ἀφανίζεσθαι.

289 3493 370 3548 Λ’.
420 3491 557 3562 Περὶ
599 3490 708 3543 τῶν
759 3487 1114 3560 ἁρπαζόντων
1163 3489 1364 3544 κανόνα
1415 3490 1514 3560 μὲν
1573 3490 1802 3544 παλαιὸν

215 3585 320 3639 οὐκ
363 3583 580 3655 ἔχομεν,
631 3582 766 3635 ἰδίαν
821 3582 877 3635 δὲ
924 3580 1148 3654 γνώμην
1209 3583 1619 3653 ἐποιησάμεθα·
1677 3584 1803 3656 τρία

216 3680 311 3748 ῑτη
340 3677 473 3747 (94),
499 3677 592 3730 καὶ
626 3677 822 3739 αὐτοὺς
862 3676 955 3729 καὶ
988 3676 1114 3739 τοὺς
1146 3677 1593 3748 συναρπάζοντας
1620 3679 1803 3744 αὐτοῖς

217 3771 323 3836 ῑξω
352 3769 462 3822 τῶν
501 3767 672 3838 εὐχῶν
705 3767 972 3836 γίνεσθαι.
1013 3768 1085 3820 Τὸ
1122 3767 1178 3820 δὲ
1229 3769 1302 3839 μὴ
1358 3769 1542 3839 βιαίως
1583 3770 1799 3842 γινόμε-

217 3880 307 3915 νον
349 3860 487 3931 (95),
540 3859 827 3912 ἀνεύθυνόν
871 3862 1036 3920 ἐστιν,
1085 3861 1215 3913 ὅταν
1262 3860 1336 3930 μὴ
1372 3860 1545 3932 φθορὰ
1667 3865 1803 3935 μηδὲ

216 3954 392 4024 κλοπὴ
437 3951 713 4022 ἡγουμένη
765 3949 859 4003 τοῦ
909 3951 1252 4022 πράγματος.
1293 3951 1623 4017 Αὐτεξουσία
1659 3955 1716 4008 δὲ
1766 3959 1798 4026 ἡ

216 4046 384 4116 χήρα,
416 4043 510 4096 καὶ
544 4045 629 4095 ἐπ’
664 4043 801 4112 αὐτῇ
839 4044 898 4094 τὸ
932 4041 1312 4114 ἀκολουθῆσαι.
1344 4044 1503 4097 Ὥστε
1535 4044 1642 4099 τῶν
1676 4063 1805 4118 σχη-

219 4136 410 4205 μάτων
443 4137 571 4206 ἡμῖν
601 4136 661 4188 οὐ
691 4133 1058 4204 φροντιστέον.

1901 3216 2191 3272 admodum
2219 3215 2361 3269 enim
2394 3218 2728 3282 praeceptum
2765 3208 3204 3264 immutabilibus
3238 3205 3486 3260 consiliis

1901 3307 2340 3364 confirmandum
2371 3311 2456 3360 est
2480 3345 2494 3370 ,
2532 3303 2608 3356 ita
2639 3307 2925 3372 peccatum
2951 3299 3177 3355 omnino
3206 3295 3486 3352 infirmare

1905 3410 1961 3458 et
1996 3401 2182 3455 delere
2213 3396 2488 3452 convenit.

1976 3491 2144 3547 XXX.
2188 3490 2263 3544 De
2297 3491 2365 3544 iis
2381 3489 2472 3559 qui
2505 3487 2746 3556 rapiunt,
2783 3481 3302 3554 canonem‘quidem
3336 3480 3486 3534 anti-

1904 3602 2073 3659 quum
2101 3598 2209 3639 non
2241 3583 2528 3645 habemus,
2553 3581 2646 3635 sed
2669 3578 2945 3649 propriam
2977 3575 3300 3630 sententiam
3321 3571 3484 3644 295

1909 3677 2241 3748 proferimus
2261 3717 2276 3740 ,
2306 3681 2364 3726 ut
2395 3680 2450 3727 et
2479 3673 2583 3744 ipsi
2605 3671 2767 3740 etqui
2787 3684 2892 3722 una
2919 3683 3041 3722 cum
3075 3666 3210 3737 ipsis
3243 3666 3482 3733 rapiunt,

1908 3773 2087 3827 tribus
2115 3771 2272 3824 annis
2300 3769 2411 3823 sint
2437 3775 2591 3822 extra
2615 3778 2822 3835 preces.
2849 3761 3003 3828 Quod
3025 3771 3204 3814 autem
3221 3759 3488 3813 violenter

1908 3880 2018 3920 non
2053 3863 2138 3926 fit,
2170 3877 2345 3932 pacare
2375 3859 2509 3913 nulli
2546 3857 2843 3912 obnoxium
2875 3863 2992 3915 est,
3020 3853 3064 3908 si
3099 3867 3200 3906 nec
3233 3858 3483 3920 stuprum

1910 3971 2012 4013 nec
2039 3955 2245 4009 furtum
2279 3968 2392 4007 rem
2440 3950 2806 4020 praecesserit.
2844 3947 2941 4003 Est
2989 3955 3170 4001 autem
3203 3943 3365 3998 vidua
3398 3943 3485 3997 sui

1905 4049 2085 4119 juris.
2112 4054 2166 4101 et
2201 4043 2465 4114 sequendi
2499 4048 2744 4113 potestas
2768 4056 2934 4111 penes
2966 4039 3140 4110 ipsam
3169 4045 3272 4092 est.
3304 4034 3487 4102 Quare

1909 4137 2326 4194 simulationum
2351 4147 2414 4188 ac
2435 4141 2794 4204 praetextuum
2835 4144 2967 4184 cura
2995 4127 3144 4183 nulla
3183 4125 3344 4182 nobis
3387 4124 3486 4178 lia-

1906 4227 2083 4283 benda
2109 4233 2213 4280 est.

290 4314 337 4345 "
374 4312 394 4365 f
425 4312 564 4367 Tim.
601 4328 676 4374 tv,
722 4311 778 4366 4.
852 4312 897 4342 ⁷⁸
929 4309 1118 4365 Matth.
1170 4325 1279 4373 xw,
1322 4310 1408 4365 It).
1485 4313 1530 4344 τ’
1567 4313 1756 4372 Matth.
1788 4337 1800 4368 γ

1907 4321 1971 4376 ιι.
2050 4321 2097 4352 ’³
2129 4319 2278 4375 Psal.
2308 4334 2499 4380 cxvm,
2531 4315 2653 4371 106.

220 4410 392 4463 tiores
431 4421 561 4459 mss.
591 4408 799 4477 ἑτέροις
826 4408 939 4466 καί,
963 4415 1095 4471 etc.,
1122 4407 1248 4474 ﬂeat
1274 4424 1454 4462 coram
1487 4412 1611 4465 aliis
1640 4424 1689 4466 et
1721 4433 1800 4468 co-

217 4495 337 4532 ram
375 4477 513 4539 Deo;
547 4479 737 4546 sicque
776 4478 974 4546 legitur
1004 4477 1146 4546 apud
1200 4478 1576 4535 Balsamonem
1608 4493 1664 4536 et
1695 4485 1798 4538 Zo-

216 4564 435 4602 naram.
471 4549 575 4601 Sed
608 4549 721 4601 luec
760 4549 962 4600 desunt
995 4548 1048 4601 in
1079 4549 1335 4603 omnibus
1363 4550 1484 4606 aliis
1512 4552 1798 4608 codicibus

218 4634 355 4673 mss.
388 4625 444 4670 et
483 4619 534 4670 in
568 4619 807 4670 concilio
841 4617 1124 4681 Tru'lano,
1157 4619 1247 4672 ιιιιί
1290 4620 1376 4674 hic
1403 4636 1577 4674 canon
1612 4623 1801 4681 Basilii

216 4698 314 4742 est.
339 4690 483 4742 inter
504 4704 743 4743 canones
770 4689 983 4743 concilii
1015 4691 1311 4744 vicesimus
1332 4701 1540 4746 sextus.
1566 4691 1799 4750 Praeter

217 4773 282 4813 ea
321 4765 588 4831 repugnat
623 4766 681 4831 ut
732 4758 966 4813 Basilius
1015 4760 1191 4813 eidem
1241 4761 1560 4831 presbytero
1598 4772 1652 4818 et
1707 4766 1802 4820 ho-

220 4844 412 4900 norem
457 4829 729 4882 cathedrae
759 4837 1068 4891 conservet,
1097 4837 1152 4884 et
1182 4831 1252 4884 ad
1291 4829 1495 4900 januas
1555 4837 1803 4892 ecclesia:

218 4897 349 4954 ﬂere
389 4900 728 4966 pmsrrihat.

291 4969 406 5043 (gl)
439 4968 918 5043 At6d02f£lf.}la_
943 4969 1188 5043 plerique
1232 4986 1368 5026 mss.
1403 4971 1545 5026 Editi
1572 4975 1798 5043 διδάξαι.

292 5038 749 5158 ξξᾷζέῗροσῆκε.
787 5039 879 5094 Sic
909 5038 1112 5111 legitur
1131 5045 1186 5094 in
1209 5043 1466 5098 omnibus
1492 5060 1626 5104 mss.
1660 5038 1802 5102 ΕΗίιὶ

407 5127 512 5162 κει.

290 5181 404 5247 (93)
438 5181 782 5260 λοέιόσειεν.
840 5179 980 5260 Editi
1046 5181 1273 5260 ὀμόσει,
1334 5185 1615 5260 et_paulo_
1676 5196 1803 5260 post

217 5250 392 5330 ἄγειν.
431 5249 664 5330 Codices
715 5267 849 5330 mss.
906 5252 991 5305 vix
1050 5249 1160 5306 ullo
1197 5249 1555 5310 dissentiente
1600 5249 1805 5312 habent.

219 5332 278 5372 ut
311 5322 363 5373 in
399 5328 546 5374 textu
583 5322 892 5390 posuimus.

262 5391 402 5469 .(94)
451 5391 587 5470 Τρία
615 5392 742 5470 em.
773 5390 911 5445 Tres
953 5407 1125 5470 annos
1157 5400 1312 5470 extra
1364 5409 1563 5470 preces
1611 5398 1802 5452 decer-

219 5461 322 5538 pit,
347 5475 413 5514 ac
448 5461 678 5528 proinde
706 5471 941 5538 quartus
971 5464 1202 5516 addetur
1237 5461 1379 5517 inter
1411 5467 1795 5538 consistentes.

219 5527 358 5612 liam.
388 5527 590 5612 supra,
619 5527 742 5612 carl;
777 5532 870 5594 ‘22,
921 5541 1158 5612 quatuor
1204 5549 1378 5588 annos
1421 5536 1692 5601 decernit,
1745 5547 1803 5592 ut

221 5598 670 5679 fornicatoribus.
700 5601 836 5679 Tres
865 5598 1046 5679 auiern
1067 5604 1190 5679 illos
1211 5613 1362 5679 extr}:
1385 5622 1576 5674 preces
1602 5598 1798 5670 annos,

221 5671 365 5725 inter
398 5671 686 5728 audientes
716 5674 928 5728 traduci
961 5673 1281 5728 existimant
1316 5671 1561 5731 Zonaras
1589 5688 1644 5731 et
1679 5679 1801 5732 Bal-

223 5755 418 5794 samon
450 5742 594 5795 inter
627 5744 942 5798 substratus
980 5743 1290 5798 Aristenus.
1329 5744 1558 5801 Zonarte
1588 5760 1642 5800 et
1681 5748 1803 5801 Bal-

227 5812 470 5868 samonis
529 5815 795 5868 sententia
829 5815 953 5870 inde
1008 5815 1211 5870 firmari
1268 5819 1462 5886 possit,
1515 5817 1663 5888 quod
1692 5819 1801 5876 duo

1906 4434 2131 4489 precum
2189 4433 2387 4488 genera
2442 4417 2496 4470 in
2547 4414 2637 4469 his
2696 4410 2886 4489 Basilii
2932 4410 3235 4489 canonihus
3286 4406 3486 4486 distin-

1906 4479 2341 4559 iyumlurfAliae
2384 4489 2530 4559 enim
2578 4493 2706 4539 sunt
2745 4481 3008 4559 fi_cl_e|ium,
3071 4481 3191 4559 alia:
3237 4479 3485 4534 substra-

1907 4551 2086 4614 Ioruni
2133 4574 2345 4628 preces.
2399 4556 2554 4628 Nam,
2589 4571 2713 4628 can.
2759 4553 2847 4613 75,
2872 4552 2938 4606 de
2983 4567 3050 4606 eo
3082 4551 3176 4618 qui
3229 4565 3351 4602 cum
3384 4564 3484 4601 sua

1907 4646 2098 4685 sorore.
2124 4626 2363 4698 pollutus
2379 4636 2464 4682 est
2488 4626 2754 4698 decernit.
2778 4635 2834 4678 ut
2858 4629 3148 4698 postquam
3175 4630 3287 4698 tres
3309 4633 3483 4698 annos

1907 4701 2048 4755 inter
2078 4688 2268 4754 flentes
2306 4697 2627 4755 traduxerit.
2662 4688 3264 4763 postea—alio’triennio
3301 4688 3483 4763 adso-

1907 4774 2013 4824 lam
2037 4771 2360 4823 auditionem
2391 4761 2731 4828 admittatur,
2768 4780 2829 4816 ac
2875 4761 3167 4828 Scripturis
3208 4761 3483 4812 doctrina-

1904 4858 2004 4910 que
2030 4841 2230 4894 auditis
2262 4841 2530 4910 ejiciatur,
2569 4854 2660 4910 uec
2697 4834 3198 4910 dignus_ltabeatur_
3223 4830 3479 4910 oratione.

1907 4900 2042 4966 Vide
2103 4900 2342 4966 caumies
2383 4909 2450 4962 56
2485 4919 2539 4962 et
2569 4907 2656 4960 82.
2699 4900 2906 4974 Eipelli
2949 4920 2976 4956 a
3034 4900 3482 4974 precilrus_idem

1903 4991 1990 5036 est
2019 4983 2071 5035 in
2097 4997 2306 5034 canone
2336 4979 2424 5036 22,
2452 4994 2515 5032 ac
2548 4978 2690 5032 inter
2730 4970 2921 5029 flentes
2951 4970 3256 5026 amandari.
3298 4970 3354 5023 Si
3399 4981 3482 5021 ta—

1905 5067 2027 5106 men
2059 5067 2230 5122 pretia:
2261 5049 2576 5122 raptoribus
2621 5047 2823 5122 eaedem
2879 5045 3233 5122 imponantur
3262 5057 3339 5122 _ac
3370 5039 3481 5092 for--

1905 5111 2266 5182 nicatorihus.
2309 5111 2369 5173 ut
2420 5120 2620 5172 fatetur
2667 5111 2988 5178 Aristenus,
3028 5130 3136 5166 non
3187 5111 3348 5165 video
3381 5123 3482 5164 cur

1903 5204 2144 5262 quatuor
2173 5191 2452 5262 anni_pon
2478 5187 2670 5262 eodem
2709 5187 2868 5240 modo
2908 5186 2962 5237 iu
2992 5195 3224 5262 utroque
3255 5189 3482 5262 peccato

1904 5253 2283 5333 diSponantur.
2318 5259 2450 5313 Nam
2472 5260 2951 5333 fornicatoresper
2975 5254 3265 5333 trienuium
3292 5253 3482 5333 exclu-

1903 5322 2108 5387 duutur
2142 5333 2195 5386 in
2232 5347 2442 5386 canone
2497 5328 2568 5381 22
2609 5343 2637 5380 a
2684 5322 2938 5398 precibus
2992 5325 3260 5398 fidelium,
3301 5322 3376 5375 ita
3425 5328 3483 5374 ut

1905 5407 2081 5474 primo
2124 5417 2269 5456 anno
2325 5403 2467 5454 inter
2506 5394 2701 5474 flentes
2742 5398 2874 5456 sint,
2909 5395 3151 5450 secundo
3196 5394 3342 5473 inter
3385 5407 3482 5445 au-

1904 5463 2137 5533 dientes,
2178 5475 2336 5527 tertio
2368 5475 2513 5525 inter
2555 5472 2902 5531 sulistratos,
2929 5473 3128 5536 quarto
3174 5463 3484 5523 consistant

1905 5559 2028 5599 cum
2061 5543 2328 5597 fidelibus.

1974 5614 2087 5683 (95)
2130 5615 2499 5683 I‘tro'yeror._
2525 5616 2716 5683 mures
2775 5607 2996 5683 codices
3025 5620 3192 5683 _mss.
3259 5603 3486 5683 γενόμε-

1904 5676 2013 5738 νον.
2046 5676 2203 5749 Quod
2236 5676 2416 5738 autem
2468 5680 2536 5736 de
2579 5679 2745 5733 vidua
2787 5676 3130 5749 statuitdlioc
3179 5678 3299 5730 loco
3332 5677 3486 5729 liasi-

1905 5757 2034 5821 lius,
2060 5747 2121 5812 id
2153 5755 2353 5811 clarius
2388 5753 2503 5824 ipsc
2537 5751 2793 5821 explanat
2829 5765 2952 5805 can.
2987 5747 3075 5802 53.
