3852 6220
96 321 207 377 7Ξ9

950 323 1441 381 EPISTOLARUM
1481 325 1770 383 CLASSIS
1808 326 1877 384 II.
1919 327 2138 383 EPIST.
2181 329 2408 384 CXCIX.

3259 339 3362 396 730

101 434 463 506 ῥησιασμινῳ
545 435 708 507 γάμῳ
783 437 1102 507 χρησαμένη
1193 440 1458 510 ἐγήματο.
1527 442 1691 494 Ὥστε

1819 441 1962 512 ξθθ
1989 458 2088 496 usa
2119 451 2224 507 est,
2257 445 2465 513 nupsit.
2503 443 2684 511 Quare
2713 447 2846 502 illud
2872 448 3090 518 quidem
3121 450 3362 507 fornica-

98 527 284 578 ὲκεῑιθο
313 526 413 596 μὲν
445 527 693 598 πορνεία.
726 528 885 582 τοῦτο
919 529 976 582 δὲ
1016 532 1211 600 γάμος.
1245 533 1311 584 Αἱ
1348 531 1458 603 γὰρ
1491 533 1686 603 συνθῆ-

101 633 195 669 και
223 615 337 669 τῶν
367 617 702 682 ὑπεξουσίων
733 618 886 672 οὐδὲν
918 619 1099 689 έχουσι
1133 621 1367 690 βέϐαιον.

173 709 318 761 MA'.
367 709 430 762 Ἡ
469 712 528 763 ὲν
568 714 635 782 τῇ
695 713 891 784 χηρείᾳ.
939 714 1140 784 ἑαυτῆς
1189 713 1440 779 ἐξουσίαν
1491 715 1690 786 ἔχουσα

100 799 262 870 ἀνδρὶ
288 805 552 855 συνοικεῖν
585 804 939 874 ἀνέγκλητος,
986 805 1034 856 εἰ
1079 805 1268 874 μηδείς
1315 807 1462 858 ἐστιν
1503 810 1533 860 ὁ
1572 807 1690 860 δια-

103 891 262 943 σπῶν
319 893 379 946 τὸ
423 895 788 948 συνοικέσιον·
853 893 950 947 τοῦ
1025 896 1351 950 Ἀποστόλου
1411 897 1688 960 εἰπόντος·

116 983 264 1035 Ἐὰν
301 981 372 1035 δὲ
413 982 684 1054 ἀποθάνῃ
736 989 774 1040 ὁ
806 986 962 1054 ἀνὴρ
985 1025 1000 1049 ,
1051 987 1337 1056 ἐλευθέρα
1382 989 1552 1042 ἐστὶν
1584 1031 1598 1054 ,
1647 982 1694 1054 ᾧ

102 1073 292 1138 θέλει,
315 1076 684 1144 γαμηθῆναι·
710 1079 904 1147 μόνον
934 1078 1006 1131 ἐν
1039 1081 1252 1147 Κυρίῳ.

175 1165 319 1220 MB’.
363 1168 425 1220 Οί
457 1168 585 1220 ἄνευ
627 1167 736 1222 τῶν
774 1170 1118 1240 κρατούντων
1150 1173 1317 1240 γάμοι
1356 1173 1697 1243 πορνεῖαίεί-

106 1274 216 1310 σιν.
263 1257 407 1311 Οὔτε
457 1255 552 1313 οὖν
605 1261 810 1330 πατρὸς
857 1261 1092 1325 ζῶντος,
1137 1263 1260 1316 οὔτε
1315 1263 1599 1330 δεσπότου,
1645 1267 1694 1317 οἱ

105 1349 386 1410 συνιόντες
417 1350 699 1405 ἀνεύθυνοι
745 1354 911 1405 εἰσιν·
963 1355 1059 1417 ὡς,
1100 1354 1194 1408 ἐὰν
1226 1355 1301 1422 (2)
1332 1356 1694 1410 ὲπινεύσωσιν

104 1443 152 1493 οἱ
184 1441 373 1512 κύριοι
397 1442 492 1513 τὴν
525 1444 854 1514 συνοίκησιν,
897 1445 1018 1498 τότε
1063 1446 1327 1500 λαυϐάνει
1359 1448 1419 1500 τὸ
1461 1448 1554 1500 τοῦ
1597 1448 1695 1515 γά-

110 1549 215 1602 μου
246 1533 488 1602 βέϐαιον.

175 1720 315 1774 MF’.
352 1721 448 1782 ⁸ος
501 1719 732 1773 θανάτου
799 1721 1015 1791 πληγὴν
1075 1721 1152 1789 τῷ
1212 1720 1440 1790 πλησίον
1493 1720 1694 1783 ἔδωκε,

1792 534 1868 586 tio
1898 539 2016 586 est:
2052 533 2157 587 hoc
2183 549 2313 588 vero
2347 537 2778 591 matrimonium.
2804 537 2938 594 Nam
2968 548 3124 610 pacta
3146 558 3359 612 eorum,

1790 625 1882 694 qui
1925 633 2054 678 sunt
2093 627 2147 680 in
2191 627 2417 683 alterius
2447 637 2737 699 potestate,
2781 632 2921 686 nihil
2962 633 3164 688 habent
3197 635 3360 691 ﬁrmi.

1862 715 1997 771 XLI.
2029 717 2160 783 Quae
2190 719 2245 772 in
2276 720 2541 776 viduitate
2571 722 2732 776 habet
2761 725 2844 778 sui
2874 733 3216 794 potestatem,
3249 744 3360 782 una

1792 821 1918 860 cum
1970 809 2090 862 viro
2137 809 2389 866 habitare
2425 819 2605 880 potest
2648 815 2767 868 sine
2815 816 3273 885 reprehensione,
3309 819 3358 874 si

1792 915 1954 954 nemo
1985 908 2070 954 est
2139 901 2232 970 qui
2277 901 2590 973 conjugium
2619 904 2877 972 divellat,
2913 923 3036 962 cum
3069 909 3365 977 Apostolus

1792 989 1970 1045 dicat:
2007 991 2069 1046 Si
2100 1002 2341 1048 mortuus
2385 996 2455 1048 sit
2491 999 2749 1062 maritus,
2786 998 2952 1052 libera
2997 1009 3075 1053 est
3112 1009 3168 1053 ut
3205 1001 3367 1055 nubat

1795 1081 1880 1134 cui
1915 1082 2073 1146 velit;
2102 1093 2308 1138 tantum
2334 1087 2387 1138 in
2422 1086 2644 1142 Domino
2676 1091 2742 1143 ⁷⁸.

1869 1171 2031 1226 XLII.
2065 1173 2415 1231 Matrimonia
2439 1180 2558 1234 sine
2585 1181 2652 1235 iis
2681 1182 2771 1250 qui
2798 1189 3121 1251 potestatem
3141 1183 3365 1248 habent,

1797 1261 2193 1322 fornicationes
2233 1279 2378 1323 sunt.
2420 1270 2608 1340 Neque
2641 1289 2771 1342 ergo
2799 1275 3015 1329 vivente
3045 1283 3232 1344 patre,
3267 1294 3368 1332 ne-

1795 1370 1903 1422 que
1949 1356 2118 1423 hero,
2163 1360 2258 1428 qui
2303 1363 2637 1417 conveniunt
2689 1373 2844 1420 extra
2887 1367 3368 1434 reprehensionem

1797 1453 1970 1511 sunt,
2017 1449 2475 1517 quemadmodum
2534 1453 2580 1508 si
2639 1465 2884 1508 annuant
2939 1457 3366 1522 cohabitationi,

1799 1551 1941 1603 quos
1986 1552 2155 1606 penes
2185 1539 2350 1610 hujus
2381 1543 2457 1596 rei
2510 1551 2594 1597 est
2623 1545 2928 1610 arbitrium,
2967 1556 3098 1602 tunc
3138 1549 3370 1604 ﬁrmita-

1801 1635 1909 1680 tem
1941 1628 2183 1699 conjugii
2219 1633 2417 1702 accipit
2450 1633 2810 1694 cohabitatio.

1874 1719 2053 1774 XLIII.
2078 1720 2181 1787 Qui
2233 1725 2426 1779 mortis
2467 1724 2635 1779 ictum
2667 1727 2816 1782 dedit
2850 1731 3129 1798 proximo,
3159 1743 3244 1786 est
3272 1735 3373 1786 ho-

106 1809 308 1878 φονεύς
355 1811 530 1862 ἐστιν·
582 1811 691 1863 εἴτε
743 1807 877 1881 ἦρξε
926 1813 1028 1881 τῆς
1075 1811 1326 1882 πληγῆς,
1385 1813 1492 1865 εἴτε
1543 1815 1689 1883 ἠμύ-

1819 1811 2010 1876 nicida,
2033 1813 2148 1868 sive
2173 1823 2454 1882 percutere
2485 1815 2706 1886 incepit,
2739 1819 2853 1874 sive
2884 1820 3030 1875 ultus
3057 1829 3160 1875 est.

104 1918 263 1954 νατο.

175 1993 316 2050 ΜΔ’.
356 1993 421 2046 Ἦ
465 1993 708 2057 διάκονος
759 1995 793 2065 ἡ
846 1993 924 2064 τῷ
973 1993 1196 2064 Ἕλληνι
1242 1995 1695 2067 συμπορνεύσασα

105 2082 272 2155 δεκτή
303 2086 450 2138 ἐστιν
479 2087 557 2147 εἰς
593 2085 883 2154 μετάνοιαν
929 2085 1030 2155 (5),
1070 2086 1147 2148 εἰς
1175 2085 1232 2138 δὲ
1252 2085 1352 2156 τὴν
1384 2089 1695 2159 προσφορὰν

104 2173 432 2246 δεχθήσεται
478 2175 557 2247 τῷ
603 2177 816 2247 ἑϐδόμῳ
866 2176 1010 2240 ἔτει,
1053 2177 1328 2248 δηλονότι,
1385 2179 1445 2231 ὲν
1503 2180 1697 2251 ἁγνείᾳ

106 2265 283 2329 ζῶσα.
329 2267 386 2320 '0
413 2267 468 2320 δὲ
503 2267 642 2338 μετὰ
683 2269 784 2337 τὴν
817 2269 999 2322 πίστιν
1032 2269 1232 2340 Ἕλλην
1261 2270 1424 2324 πάλιν
1450 2274 1517 2342 τῇ
1554 2272 1695 2340 ἱερο-

108 2355 276 2425 συλίᾳ.
303 2356 563 2428 προσιὼν,
613 2357 706 2410 ἐπὶ
734 2358 826 2411 τὸν
856 2358 1050 2429 ἔμετον
1091 2361 1441 2432 ὑποστρέφει.
1504 2361 1696 2431 Ἡμεῖς

104 2449 162 2500 δὲ
195 2449 298 2519 τῆς
324 2448 570 2503 διακόνου
606 2451 667 2504 τὸ
694 2453 875 2521 σῶμα,
919 2452 996 2516 ὡς
1041 2454 1466 2526 καθιερωμένον,
1512 2454 1697 2508 οὐκέτι

106 2539 484 2611 ἐπιτρέπομεν
519 2544 576 2594 ὲν
622 2543 816 2613 χρήσει
839 2539 978 2596 εἶναι
1011 2547 1300 2616 σαρκικῇ.·

179 2716 323 2768 ΜΕ’.
357 2715 482 2770 Ἐάν
521 2734 626 2780 τις,
667 2719 729 2770 τὸ
768 2719 941 2789 ὄνομα
979 2719 1053 2789 (4)
1082 2718 1262 2772 λαϐὼν
1294 2719 1387 2772 τοῦ
1436 2721 1694 2791 Χριστια-

110 2807 338 2879 νιςμοῦ,
377 2808 634 2881 ὲνυϐρέζῃ
677 2809 769 2862 τὸν
820 2811 1078 2882 Χριστὸν,
1131 2811 1284 2864 οὐδὲν
1326 2810 1516 2879 ὄφελος
1548 2810 1697 2881 αὐτῷ

109 2905 223 2959 ἀπὸ
244 2903 346 2973 τῆς
374 2903 764 2973 προσηγορίας.

181 2995 340 3061 Μετ’.
364 2993 431 3045 Ἦ
457 2993 513 3045 δὲ
537 2993 615 3062 τῷ
640 2993 1054 3064 καταλειφθέντι
1080 2995 1215 3065 πρὸς
1240 2995 1430 3066 καιρὸν
1450 2995 1525 3065 (5)
1543 2995 1693 3067 παρὰ

110 3083 215 3153 τῆς
264 3083 524 3151 γυναικὸς
565 3082 706 3135 κατὰ
745 3083 967 3152 ἄγνοιαν
1013 3085 1346 3155 γημαμένη,
1395 3080 1514 3138 εἶτα
1580 3087 1687 3155 ἁφ-

111 3177 324 3242 εθείσα,
351 3175 440 3228 διὰ
472 3175 532 3228 τὸ
569 3177 884 3230 ἐπανελθεῖν
918 3177 1054 3248 πρὸς
1081 3177 1242 3230 αὐτὸν
1262 3179 1360 3248 τὴν
1399 3179 1692 3250 προτέραν,

113 3270 412 3340 ὲπόρνευσε
449 3269 568 3338 μὲν,
608 3270 666 3322 ἐν
687 3269 878 3340 ἀγνοίᾳ.
902 3270 978 3324 δέ.
1012 3271 1192 3340 Γάμου
1222 3267 1315 3324 οὖν
1345 3271 1446 3324 οὐκ
1479 3271 1697 3342 εἱρχθή-

115 3377 291 3415 σεται.
323 3359 552 3413 Κάλλιον
584 3360 660 3425 δὲ,
693 3361 786 3414 ἐὰν
821 3361 978 3435 μείνῃ
1006 3361 1199 3425 οὕτως.

185 3450 326 3504 MZ'.
365 3452 714 3522 Ἐγκρατῖται
747 3453 821 3521 (6)
869 3454 962 3504 καὶ
1013 3452 1340 3522 σακκοφόροι
1367 3492 1381 3514 ,
1426 3453 1519 3506 καὶ
1558 3453 1697 3504 ἀπο-

116 3547 370 3596 τακτῖται
396 3543 472 3614 τῷ
498 3544 644 3614 αὐτῷ
676 3545 751 3614 (7)
787 3545 1101 3597 ὑπόκεινται
1132 3544 1292 3615 λόγῳ,
1319 3539 1363 3613 ᾧ
1392 3546 1486 3598 καὶ
1515 3545 1698 3598 Ναυα-

190 3697 238 3729 ⁷⁸
273 3695 444 3752 ICor.
475 3713 573 3761 vn,
607 3697 694 3752 59.

191 3851 272 3922 (2)
300 3852 419 3924 ('0‘:
451 3852 578 3905 ἐάν.
631 3852 818 3924 Codex
847 3852 1052 3924 Regius
1091 3853 1232 3909 3027
1272 3853 1414 3908 ὥστε
1447 3853 1562 3908 ὲάν.
1594 3851 1698 3908 Le-

121 3921 270 3992 gitur
299 3922 355 3975 in
390 3921 684 3992 Pandectis
711 3922 818 3986 ἒως
847 3924 934 3978 ἄν.

191 3992 270 4116 g3)
307 3995 414 4056 Εις
439 3991 784 4060 μετάνοιαν.
813 3992 966 4047 Hanc
995 3992 1327 4061 scripturam
1361 3993 1607 4048 eruimus
1635 4009 1700 4049 ex

228 4062 317 4116 ice
338 4060 509 4116 Regio
537 4063 678 4116 5027
706 4064 934 4116 antiquo
955 4073 1010 4116 et
1035 4064 1092 4116 in
1107 4064 1444 4116 membranis
1468 4065 1696 4116 scrinto.

121 4060 317 4134 codice
338 4060 509 4134 Regio
537 4063 678 4134 5027
706 4064 1010 4134 antiquoiet
1035 4064 1092 4116 in
1107 4060 1444 4134 membranis
1468 4065 1696 4134 scripto.

126 4131 261 4186 Eam
292 4132 585 4185 conﬁrmat
605 4131 1173 4195 Alexius'Aristenus,
1202 4133 1296 4201 qui
1331 4133 1518 4190 Basilii
1545 4131 1706 4189 voces

121 4201 226 4256 hoc
257 4201 428 4256 verbo
460 4211 783 4262 commutat,
811 4203 1189 4265 ὑποπιπτέτω,
1220 4205 1289 4255 sit
1308 4204 1442 4257 inter
1469 4207 1706 4258 substra-

123 4281 225 4345 ξοδ.
263 4270 572 4345 Legitur_in
601 4273 861 4345 omnibus
899 4272 1339 4345 aliiscodicibus
1368 4289 1502 4345 mss.
1542 4274 1705 4345 δεκτή

119 4341 273 4394 ἐστιν
325 4341 548 4412 ειςᾲτὴν
590 4344 898 4402 κοινωνίαν,
934 4342 1232 4410 recipienda
1262 4352 1341 4395 est
1386 4344 1442 4396 in
1475 4341 1710 4396 comma;

123 4411 358 4482 nionem.
407 4409 514 4464 Sic'
534 4412 739 4482 habent
777 4409 1072 4467 Balsamon
1122 4420 1179 4465 et
1219 4412 1468 4469 Zonaras
1499 4414 1594 4482 qui
1626 4415 1708 4466 Ia-

124 4496 279 4552 psam
323 4481 696 4537 diaconissam
742 4483 810 4536 ad
852 4481 1294 4537 communionem
1345 4469 1568 4552 precum
1614 4483 1710 4537 ad-
1743 4469 1787 4524 Ῑ)

124 4550 270 4604 mitti
317 4552 665 4623 existimant,
702 4552 891 4623 eique,
927 4552 1113 4623 itidem
1149 4550 1470 4616 uticlei-icis
1513 4554 1708 4623 lapsis,

127 4635 236 4692 non
279 4621 651 4692 aliam_quam
685 4621 1048 4692 depositionis
1088 4637 1307 4692 poenam
1342 4621 1580 4692 imponi.‘
1613 4623 1713 4678 Le-

125 4690 276 4757 gitur
319 4691 385 4762 in!
407 4689 834 4762 editionibus—S.
870 4693 1058 4746 Basilii
1088 4689 1150 4745 οὐ
1188 4691 1348 4762 δεκτή
1379 4689 1548 4756 ἐστιν,
1579 4703 1708 4756 etc,

128 4775 230 4811 non
271 4760 581 4832 recipienda
632 4764 686 4815 in
737 4763 1177 4816 communionem.
1221 4760 1504 4832 Scriptura
1547 4778 1710 4832 quam

129 4830 441 4898 sequimur,
477 4839 676 4899 praeter
709 4834 1094 4887 auctoritatem
1127 4830 1463 4887 codicis'ms.
1500 4830 1711 4888 et'Ari-

128 4901 296 4962 steni,
356 4901 551 4955 nititur
602 4901 769 4972 etiam
818 4901 1113 4958 manifesto
1169 4912 1512 4972 argumento.
1575 4902 1710 4956 Nam

130 4971 455 5023 communio
489 4971 630 5040 apud
669 4971 932 5028 Basilium
974 4989 1083 5027 non
1130 4971 1271 5028 idem
1311 4973 1456 5028 valet
1493 4988 1558 5028 ac
1590 4990 1710 5042 pre-

132 5054 258 5111 cum
289 5043 647 5108 communio;
676 5051 732 5096 et
766 5059 889 5098 cum
913 5042 1154 5097 Basilius
1187 5043 1356 5111 lapsa:
1386 5045 1714 5098 diaconissaa

134 5108 543 5184 Eucharistiam
565 5127 672 5166 non
694 5113 963 5184 concedat
991 5114 1096 5184 nisi
1124 5108 1273 5184 anno
1293 5114 1548 5184 septimo,
1577 5129 1715 5184 quo-7

136 5179 302 5253 modo
338 5181 514 5253 videri
555 5182 733 5252 possit
763 5184 953 5238 eadem
990 5183 1044 5237 in
1077 5183 1229 5236 illam
1265 5179 1609 5253 indulgentia
1632 5183 1711 5237 uti

133 5262 198 5301 ac
247 5250 304 5303 in
351 5250 608 5324 clericos,
662 5253 1058 5324 quibusﬁnihil
1115 5250 1711 5324 pmnarum'imponit,

135 5328 336 5386 przeter
379 5320 822 5392 depositionem?
873 5323 1068 5378 Melius
1118 5320 1292 5377 inulto
1331 5320 1558 5379 Διειὶυέ
1590 5325 1714 5376 Ari-

133 5396 327 5464 stenus
365 5391 640 5464 duplicem
695 5409 914 5464 pinnam
957 5395 1084 5447 huic
1112 5394 1440 5449 diaconissa:
1474 5395 1710 5464 irregari

131 5461 856 5534 observat,depositionem
897 5471 952 5518 ct
993 5465 1393 5534 ptenitentiam.

203 5531 284 5603 (4)
334 5532 479 5605 Ἐάν
509 5531 600 5605 in;
629 5535 693 5587 τὸ
726 5534 934 5603 ὄνομα.
969 5531 1116 5589 Satis
1159 5537 1407 5605 apposite
1447 5533 1532 5605 ad
1573 5535 1716 5588 hanc

131 5604 471 5656 aentenliam
527 5603 764 5659 Basilius
821 5607 878 5660 in
933 5603 1344 5660 Commentario
1397 5606 1449 5658 in
1507 5603 1715 5658 Isaiam

132 5685 257 5744 pag.
290 5672 424 5744 ηδ,
453 5689 508 5726 n.
537 5674 605 5728 64
640 5694 652 5728 :
691 5673 861 5729 Nemo
886 5692 940 5728 se
971 5677 1082 5744 ipse
1108 5678 1345 5738 scducat,
1376 5675 1573 5744 inquit,
1601 5677 1717 5728 ina-

133 5742 284 5797 nibus
319 5743 403 5797 his
429 5746 596 5800 verbis
626 5759 644 5798 :
673 5749 881 5800 tametsi
905 5742 1148 5815 peccator
1179 5763 1317 5814 sum,
1352 5757 1404 5800 at
1438 5742 1577 5802 certe
1601 5763 1715 5801 sum

1866 1983 2048 2043 XLIV.
2074 1988 2391 2046 Diaconissa
2419 2007 2540 2062 quae
2575 2009 2698 2048 cum
2733 1999 2926 2050 Graeco
2958 1995 3228 2054 fornicata
3262 2010 3370 2065 est,

1798 2078 1863 2130 ad
1895 2079 2278 2148 paenitentiam
2301 2083 2632 2139 admittenda
2661 2093 2779 2140 est:
2805 2087 2870 2140 ad
2891 2088 3218 2144 oblationem
3244 2106 3374 2146 vero

1797 2166 2113 2224 admittetur
2145 2186 2289 2224 anno
2332 2175 2567 2241 septimo
2593 2213 2608 2238 ,
2656 2176 2703 2230 si
2739 2176 2993 2232 videlicet
3027 2180 3080 2232 in
3122 2179 3376 2235 castitate

1796 2260 1964 2314 vitam
1995 2270 2146 2332 agat.
2178 2260 2400 2319 Graecus
2432 2273 2616 2320 autem
2645 2267 2737 2336 qui
2761 2277 2885 2337 post
2912 2269 3070 2323 fidem
3099 2278 3373 2339 receptam

1796 2367 1991 2407 rursus
2030 2352 2098 2406 ad
2145 2355 2491 2425 sacrilegium
2525 2357 2759 2422 accedit,
2797 2359 2862 2412 ad
2893 2361 3158 2414 vomitum
3189 2375 3375 2416 rever-

1797 2443 1952 2497 titur.
1998 2442 2109 2499 Nos
2145 2462 2310 2515 porro
2336 2448 2660 2505 diaconissaa
2693 2466 2894 2521 corpus
2915 2493 2930 2517 ,
2963 2462 3150 2522 utpote
3179 2467 3376 2509 conse-

1796 2544 2030 2603 cratum,
2059 2553 2168 2592 non
2211 2539 2444 2608 amplius
2483 2543 2849 2610 permittimus
2889 2543 2944 2598 in
2975 2560 3077 2600 usu
3110 2559 3232 2600 esse
3255 2559 3375 2599 car-

1797 2629 1926 2681 nali.

1868 2719 2033 2774 XLV.
2073 2721 2128 2774 Si
2167 2723 2330 2792 quis,
2379 2733 2606 2795 accepto
2656 2729 2879 2783 nomine
2931 2728 3372 2797 Christianismi,

1799 2810 2080 2866 Christum
2112 2815 2442 2869 contumelia
2474 2816 2658 2883 allicit,
2693 2818 2828 2872 nihil
2857 2821 2906 2874 ei
2942 2821 3166 2890 prodest
3193 2823 3378 2893 appel-

1798 2904 1950 2958 latio.

1867 2996 2049 3052 XLVI.
2093 2997 2223 3064 Quae
2273 3000 2391 3055 viro
2434 3013 2500 3058 att
2543 3013 2758 3073 tempus
2802 3004 2869 3059 ab
2903 3019 3075 3059 uxore
3117 3004 3378 3060 derelicto

1801 3088 2042 3144 insciens
2076 3092 2281 3161 nupsit,
2321 3107 2384 3147 ac
2424 3094 2622 3149 deinde
2648 3096 2875 3151 dimissa
2910 3104 3017 3160 est,
3051 3096 3196 3166 quod
3230 3099 3380 3165 prior

1797 3180 1866 3234 ad
1901 3182 2078 3251 ipsum
2107 3198 2326 3238 reversa
2354 3185 2447 3249 sit,
2476 3185 2746 3242 fornicata
2776 3188 2998 3257 quidem
3021 3196 3124 3251 est,
3152 3189 3245 3244 sed
3277 3189 3381 3242 im-

1797 3273 2061 3342 prudens.
2104 3275 2147 3328 A
2194 3277 2546 3332 matrimonio
2596 3294 2728 3347 ergo
2775 3295 2887 3334 non
2935 3280 3241 3348 arcebitur,
3282 3279 3379 3336 sed

1799 3365 1996 3419 melius
2025 3372 2110 3420 est
2155 3366 2200 3420 si
2238 3366 2319 3421 sic
2354 3375 2691 3437 permaneat.

1872 3455 2080 3511 XLVII.
2115 3457 2408 3513 Encratila:
2434 3501 2448 3525 ,
2499 3469 2553 3513 et
2600 3458 2935 3530 Saccophori
2973 3471 3027 3514 et
3061 3460 3381 3530 Apotactitae

1800 3561 1910 3600 non
1952 3547 2322 3618 subjiciuntur
2349 3548 2523 3603 eidem
2559 3548 2792 3610 rationi,
2834 3550 2923 3602 cui
2969 3556 3024 3603 et
3059 3547 3378 3614 Novatiani,

1807 3850 2145 3936 .Clhrisltianus
2177 3867 2203 3936 ί
2249 3867 2354 3904 non
2393 3851 2558 3936 ig'itnr
2579 3851 2828 3933 incidam
2860 3851 2915 3904 in
2942 3851 3251 3936 gehennam,
3275 3853 3384 3936 ,ειὺὶ

1810 3923 2130 3974 idololatrw.
2166 3920 2348 3987 Ipsum
2389 3920 2684 3974 Christiani
2719 3937 2903 3975 nomen
2933 3920 3032 3974 erit
3062 3923 3190 3974 mihi
3218 3921 3383 3987 adju-

1811 4003 2005 4053 mento,
2037 3993 2251 4045 etiamsi
2309 4001 2572 4060 prwcepta
2621 3990 2825 4045 Christi
2871 3991 3196 4046 violaverim.
3245 3990 3385 4049 Vide

1811 4061 1941 4132 Ileg.
1972 4062 2002 4114 7
2030 4061 2246 4126 Μυκη..
2279 4061 2562 4132 pag._2§0.

1885 4130 1962 4202 ('5)
1992 4132 2148 4200 Πρὸς
2180 4130 2406 4198 καιρόν.
2443 4130 2543 4202 Hic
2576 4145 2752 4186 canon
2786 4135 2928 4187 inter
2967 4133 3260 4188 Trullanos
3295 4140 3384 4187 est

1814 4201 2213 4272 nonagesimus
2245 4202 2461 4272 tertius.
2502 4201 2802 4272 Diligenter
2849 4213 3026 4258 autem
3074 4203 3381 4258 observan-

1813 4274 1945 4344 dum
1969 4278 2054 4326 est
2085 4271 2243 4333 illud,
2275 4270 2628 4344 αάηιεηιραδς
2661 4271 2809 4344 Nam
2831 4274 2875 4328 si
2919 4274 3136 4344 penitus
3176 4273 3268 4344 ille
3297 4272 3384 4326 vir

1815 4341 2082 4396 dimissus
2115 4352 2169 4397 et
2195 4341 2512 4410 repudiatus
2543 4341 2738 4396 fuisset
2767 4343 2835 4397 ab
2867 4341 3056 4405 uiore,
3094 4343 3381 4397 mulierem

1819 4413 1965 4465 illam
1995 4427 2102 4466 non
2135 4411 2557 4466 condemnasset
2583 4411 2639 4466 S.
2670 4411 2854 4467 Pater.
2890 4413 2982 4468 Sic
3009 4414 3153 4468 enim
3189 4412 3384 4468 statuit

1814 4498 1936 4536 can.
1969 4482 2024 4537 9.
2059 4480 2163 4535 Sed
2195 4498 2316 4534 cum
2350 4482 2759 4536 matrimonium
2799 4484 3021 4539 minime
3054 4484 3382 4538 dissolutum

1815 4560 2090 4616 censeret,
2123 4552 2250 4620 quia
2285 4551 2460 4627 prima
2496 4567 2632 4606 uxor
2666 4551 2734 4627 ad
2770 4563 2986 4627 tempus
3018 4561 3229 4627 tantum
3263 4553 3380 4606 dis-

1813 4631 2092 4688 cesserat;
2117 4622 2412 4692 secundam
2441 4637 2666 4676 uxorem
2700 4624 2754 4676 in
2779 4622 3163 4678 fornicationis
3186 4635 3382 4692 pecca-

1815 4703 1927 4746 tum
1962 4694 2284 4747 inscientem
2318 4697 2373 4745 et
2402 4691 2804 4761 imprudentem
2836 4693 3099 4748 incidisse
3136 4691 3382 4762 pronun-

1815 4765 1934 4815 tiat.
1964 4762 2022 4815 In
2055 4763 2157 4817 hac
2199 4763 2648 4830 interpretatione
2679 4765 3038 4818 consentiunt
3063 4762 3378 4827 Balsamon,

1815 4833 2059 4886 Zonaras
2089 4843 2144 4886 et
2174 4832 2486 4887 Aristenus.

1885 4905 1960 4972 (li)
2004 4901 2529 4972 Ἑγκρατῖταιλθῑο.
2564 4901 3034 4968 Quemadmodum
3069 4901 3168 4972 has
3201 4908 3381 4958 sectas

1817 4970 2052 5027 BaSilius
2074 4970 2184 5026 hoc
2217 4973 2337 5026 loco
2365 4970 2727 5035 Marcionitis,
2767 4974 2934 5026 veluti
2959 4971 3230 5041 quoddam
3257 4987 3382 5040 ger-

1817 5060 1961 5103 men,
2012 5042 2275 5104 ascribit,
2312 5041 2384 5093 ita
2428 5057 2458 5094 a
2491 5042 2800 5098 Theodosio
2847 5042 3160 5097 Manichaeis
3208 5041 3382 5096 ascri-

1816 5114 2037 5172 buntur,
2083 5111 2209 5167 Cod.
2279 5110 2471 5182 Tlteod.
2531 5121 2663 5166 tom.
2699 5111 2788 5178 VI,
2826 5129 2878 5182 p.
2922 5112 3046 5166 121.
3077 5113 3211 5182 Cum
3235 5111 3380 5182 enim

1815 5183 1924 5238 duo
1961 5183 2227 5252 principia
2252 5181 2610 5252 admitterent
2641 5181 2950 5251 impiaa’illae
2979 5189 3162 5245 sectae,
3196 5181 3384 5252 itidem

1818 5263 1876 5306 ut
1900 5249 2234 5307 hlarcionita:
2256 5262 2310 5306 et
2334 5249 2639 5313 Manichazi,
2674 5249 2897 5306 minimc
2932 5253 3131 5305 mirum
3169 5251 3214 5306 si
3238 5266 3384 5304 nunc

1817 5324 1882 5377 ad
1907 5324 2028 5377 illos
2053 5322 2382 5390 referuntur.
2416 5320 2744 5390 Saccophori
2768 5323 2822 5375 in
2851 5322 2975 5376 cod.
2997 5321 3386 5376 Theodosiano

1821 5401 2089 5447 vocantur
2123 5392 2290 5460 etiam
2323 5389 2822 5460 Iiydroparastatar.

1889 5464 1966 5532 (7)
1998 5462 2080 5527 Ίῷ
2113 5459 2293 5524 αὐτῷ.
2333 5459 2587 5532 sanando
2640 5461 2820 5532 hujus;
2853 5461 2959 5515 loci
3013 5461 3230 5532 vulneri
3283 5475 3386 5514 nec

1818 5530 2040 5588 codices
2086 5548 2220 5588 mss.
2277 5531 2610 5590 conducunt.
2664 5547 2764 5585 nec
2799 5530 3110 5594 Balsamon,
3142 5530 3386 5586 Zonaras

1818 5614 1872 5657 et
1903 5604 2213 5672 Aristenus.
2242 5602 2549 5666 Quinetiam
2578 5601 2835 5656 Basilium
2863 5602 2999 5672 adeo
3027 5602 3188 5672 lippis
3208 5601 3384 5672 oculis

1820 5675 2067 5745 legerunt
2114 5671 2360 5745 Zonaras
2402 5679 2464 5745 (ct.
2511 5672 2822 5734 Aristenus,
2863 5681 2921 5725 ut
2957 5670 3289 5745 Novatianos
3332 5670 3386 5724 in

1822 5742 1924 5801 hoc
1975 5760 2186 5800 canone
2235 5742 2707 5798 Marcionistarum
2741 5759 2948 5808 aermcn
2979 5743 3239 5806 appellari
3288 5756 3387 5798 vu-
