3852 6220
488 266 585 322 731

1864 262 1926 318 S.
1966 260 2213 317 BASILII
2266 254 2484 315 MAGNI

3689 255 3792 307 πε

483 384 614 455 quia
643 381 711 439 de
734 381 839 438 illis
863 379 1044 437 editus
1073 392 1251 435 canon
1272 417 1290 444 ,
1321 377 1426 435 etsi
1467 393 1695 447 vanus;
1728 394 1853 450 quae
1883 388 2061 436 autem

2186 377 2362 440 rtavol,
2398 376 2482 429 ὃτι
2530 373 2658 446 περὶ
2695 371 2795 444 μὲν
2834 385 3061 427 εκεινων
3103 368 3285 424 κανὼν
3324 368 3707 441 ὲξιφωυήθη,
3742 370 3792 423 εί

482 474 552 530 ad
582 474 718 530 istos
748 471 1048 544 pertinent,
1091 471 1313 527 silentio
1355 481 1487 526 sunt
1528 472 1916 541 praetermissa.
1955 471 2068 528 Nos

481 574 665 621 autem
716 580 826 620 una
874 564 1089 619 ratione
1144 564 1285 618 tales
1344 563 1767 633 rebaptizamus.
1807 564 1965 630 Quod
2021 564 2068 620 si

481 657 623 729 apud
656 673 751 713 vos
780 656 1056 728 prohibita
1089 663 1176 711 est
1215 655 1580 724 rebaptizatio
1602 695 1618 719 ,
1652 655 1794 710 sicut
1832 665 1887 710 et
1923 654 2068 726 apud

481 748 784 812 Romanos,
831 748 1153 802 mconomia:
1190 747 1351 818 297
1387 746 1621 816 alicujus
1653 749 1849 818 gratia,
1881 756 2068 803 nostra

480 852 663 897 tamen
710 840 852 895 ratio
903 841 1012 894 vim
1060 840 1328 895 obtineat.
1378 838 1647 905 Quoniam
1699 841 1846 894 enim
1905 840 2067 895 veluti

480 946 702 1002 germen
737 930 1187 985 Marcionitarum
1221 939 1307 985 est
1361 944 1554 984 eorum
1591 928 1841 993 haeresis,
1874 936 1936 984 ut
1971 930 2066 1000 qui

479 1025 704 1094 nuptias
731 1024 1086 1087 abhorreant,
1119 1031 1175 1078 et
1206 1023 1394 1077 vinum
1424 1033 1767 1085 aversentur,
1790 1038 1855 1076 ac
1880 1022 2068 1077 dicant

478 1114 575 1169 Dei
623 1122 933 1170 creaturam
984 1114 1323 1184 inquinatam
1372 1129 1534 1177 esse,
1568 1113 1776 1168 idcirco
1808 1113 1959 1183 ipsos
2011 1112 2068 1167 in

479 1206 780 1262 Ecclesiam
815 1222 926 1261 non
961 1207 1328 1270 admittimus,
1366 1206 1473 1260 nisi
1526 1206 1582 1259 in
1613 1212 1865 1260 nostrum
1890 1204 2071 1275 bapti-

479 1312 597 1353 stna
630 1297 833 1352 fuerint
865 1298 1142 1368 haptizati.
1167 1296 1379 1352 Etenim
1407 1313 1477 1352 ne
1505 1297 1691 1351 dicant
1716 1316 1729 1352 :
1761 1296 1830 1351 In
1854 1296 2068 1352 Patrem

479 1399 531 1443 et
556 1387 603 1441 F
608 1390 760 1442 ilium
788 1398 839 1444 et
869 1388 1135 1459 Spiritum
1160 1398 1405 1442 sanctum
1435 1388 1697 1458 baptizati
1723 1404 1942 1452 sumus;
1970 1387 2067 1458 qui

480 1481 737 1537 videlicet
765 1480 935 1537 Deum
962 1497 1086 1537 esse
1110 1482 1375 1536 malorum
1402 1481 1710 1536 eﬂcctorem
1729 1480 2067 1548 existimant,

478 1576 728 1645 exemplo
757 1574 1057 1629 Marcionis
1087 1573 1501 1642 et,reliquarum
1538 1574 1832 1627 haeresum.
1858 1571 2060 1638 Quam-

478 1668 689 1731 obrem,
719 1668 766 1721 si
797 1668 901 1722 hoc
927 1667 1444 1736 placuerit,oportet
1470 1665 1759 1734 episcopos
1789 1664 1976 1734 plures
2008 1664 2064 1718 in

2168 471 2265 523 καὶ
2311 467 2600 539 διάφορος’
2638 465 2709 520 τά
2742 464 2800 517 δὲ
2842 462 2984 518 κατά
3018 461 3240 526 τούτους
3282 461 3788 532 damnastis-ranam.

2179 561 2374 629 Ἡμεῖς
2410 559 2594 630 μέντοι
2624 556 2706 610 ἑνὶ
2729 555 2875 626 λόγῳ
2904 552 3348 624 ἀναὸαπτίζομεν
3379 552 3457 623 (8)
3485 554 3645 617 τοὺς
3671 570 3793 606 τοι-

2167 650 2381 714 ούτους.
2408 650 2474 703 Εί
2506 648 2565 702 δὲ
2590 648 2721 720 παρ’
2746 648 2876 718 ὑμῖν
2908 646 3285 718 ἀπηγόρευται
3315 644 3378 699 τὸ
3414 644 3510 699 τοῦ
3558 644 3801 699 ἁναὸα-

2169 740 2438 813 πτισμοῦ,
2474 740 2665 812 ὥσπερ
2705 734 2800 794 οὖν
2846 739 2942 792 καὶ
2974 736 3126 808 παρά
3178 736 3506 807 Ῥωμαίοις,
3551 738 3801 789 οἰκονο-

2170 836 2301 906 μίας
2323 834 2469 898 τινὸς
2492 834 2654 887 ἕνεκα
2672 848 2686 862 ·
2733 830 2848 885 ἀλλ’
2876 833 2907 884 ὁ
2935 830 3207 901 ἡμέτερος
3237 828 3397 895 λόγος
3443 828 3623 898 ίσχίιν
3670 826 3803 896 ἐχέ-

2166 944 2265 981 τω.
2318 926 2439 980 Ὅτι
2484 924 2695 996 ἐπειδὴ,
2734 921 2923 993 ὥσπερ
2969 919 3399 991 Μαρκιωνιστῶν
3438 920 3606 972 ἐστιν
3649 919 3803 971 dm-

2168 1018 2457 1091 ϐλάστημα
2488 1020 2522 1089 ή
2557 1018 2678 1071 κατ’
2707 1014 2908 1077 αὐτοὺς
2933 1013 3166 1084 αἵρεσις,
3197 1010 3677 1082 βδελυσσομένων
3700 1009 3801 1063 τὸν

2166 1109 2368 1181 γάμον,
2401 1108 2497 1162 καὶ
2526 1105 3031 1178 ἀποστρεφομένων
3051 1103 3143 1157 τὸν
3161 1099 3324 1168 οἶνον,
3365 1103 3462 1156 καὶ
3507 1101 3633 1170 τὴν
3671 1100 3800 1153 κτί-

2169 1218 2252 1254 σιν
2276 1198 2372 1253 τοῦ
2410 1198 2544 1252 Θεοῦ
2579 1196 2954 1269 μεμιασμένην
2988 1189 3125 1248 εἶναι
3163 1191 3451 1261 λεγόντοιν,
3495 1191 3566 1244 οὐ
3616 1190 3799 1260 δεχόο

2169 1290 2313 1363 μεθα
2338 1290 2534 1353 αὐτοὺς
2566 1291 2645 1354 είς
2678 1288 2778 1360 τὴν
2815 1287 3163 1359 Ἐκκλησίαν,
3200 1284 3297 1338 ὲάν
3332 1284 3406 1355 μὴ
3443 1281 3803 1353 βαπτισθῶ-

2168 1398 2254 1435 σιν
2284 1383 2364 1445 εἰς
2391 1382 2454 1434 τὸ
2492 1380 2763 1452 ἡμέτερον
2815 1379 3121 1449 βάπτισμα.
3157 1376 3248 1448 Μὴ
3293 1376 3402 1448 γάρ
3443 1375 3800 1444 λεγέτωσαν

2166 1471 2248 1524 ὃτι
2281 1473 2385 1535 Εις
2409 1470 2642 1537 Πατέρα
2661 1470 2760 1523 καί
2804 1469 2944 1524 Υὶὸν
2983 1470 3081 1524 καὶ
3128 1468 3303 1539 ἄτιον
3337 1466 3592 1536 Πνεῦμα
3639 1467 3796 1521 ἐὸαο

2168 1562 2532 1632 πτίσθημεν,
2560 1562 2718 1632 οἵγε,
2756 1562 2945 1617 κακῶν
2985 1563 3216 1634 ποιητὴν
3249 1560 3657 1631 ὑποτιθέμενοι
3692 1561 3793 1613 τὸν

2166 1655 2319 1719 Θεὸν,
2345 1654 2660 1725 ἐφαμίλλως
2704 1654 2782 1725 τῷ
2812 1655 3100 1729 Μαρκίωνι
3145 1657 3239 1709 καὶ
3271 1657 3388 1719 ταῖς
3431 1653 3674 1717 λοιπαῖς
3706 1655 3781 1708 αι

479 1777 647 1816 ιιηιιιη
671 1759 987 1825 convenire,
1019 1767 1076 1813 et
1110 1760 1186 1812 ita
1214 1757 1436 1812 demum
1466 1771 1732 1813 canonem
1775 1756 1972 1821 edere,
2003 1763 2061 1810 ut

2186 1746 2401 1800 ›έσεσιν.
2436 1748 2623 1811 Ὥστε,
2645 1747 2741 1802 ἐὰν
2772 1748 2949 1821 ἀρέσῃ
2997 1747 3178 1812 τοῦτο,
3219 1747 3301 1799 δεῖ
3348 1746 3613 1809 πλείονας
3664 1749 3775 1798 ὲπι

477 1861 533 1909 et
564 1854 611 1908 is
649 1854 740 1923 qui
772 1854 924 1923 agit,
963 1850 1209 1922 periculo
1242 1857 1447 1915 careat,
1495 1857 1550 1905 et
1583 1850 1678 1919 qui
1722 1847 2018 1919 respondet
2041 1887 2057 1911 ,

479 1945 537 2000 in
575 1944 759 1999 dando
791 1942 1064 2012 ejusmodi
1105 1941 1503 2014 quaestionibus
1527 1953 1791 2010 responso
1818 1939 2060 1993 auctori-

478 2044 646 2092 tatem
680 2036 897 2091 habeat.

550 2212 784 2267 XLVlll.
814 2212 947 2280 Qua:
987 2228 1018 2267 a
1051 2212 1253 2267 marito
1293 2211 1481 2267 relicta
1518 2219 1625 2274 est,
1676 2225 1796 2266 mea
1841 2209 2059 2281 quidem

479 2308 774 2368 sententia,
812 2320 1035 2359 manere
1064 2304 1245 2359 debet.
1300 2302 1357 2357 Si
1394 2304 1539 2358 enim
1588 2302 1854 2358 Dominus
1899 2303 2059 2368 dixit,

479 2398 542 2458 Si
567 2400 683 2470 quis
705 2399 964 2468 relinquat
989 2414 1226 2459 uxorem,
1250 2408 1464 2466 excepta
1482 2396 1854 2465 fornicationis
1877 2412 2059 2460 causa,

483 2491 611 2545 racit
636 2507 753 2546 eam
783 2490 1030 2545 maechari
1047 2490 1124 2555 ἠς
1152 2505 1218 2545 ex
1235 2488 1461 2559 eoquod
1487 2503 1606 2543 eam
1631 2488 1936 2542 adulteram
1964 2502 2063 2541 vo-

479 2591 597 2648 cet,
640 2584 919 2653 praeclusit
967 2583 1020 2637 ei
1072 2581 1516 2650 conjunctionem
1556 2596 1681 2635 cum
1729 2581 1859 2634 alio.
1910 2578 2064 2647 Quo-

481 2674 646 2729 modo
672 2674 816 2728 enim
843 2674 1015 2744 possit
1048 2674 1133 2727 vir
1161 2673 1381 2743 quidem
1420 2688 1542 2728 esse
1575 2688 1725 2738 rcus,
1758 2682 1819 2728 ut
1850 2673 2064 2727 adulte-

479 2764 549 2819 rii
587 2778 791 2822 causa.
827 2764 1019 2818 mulier
1052 2779 1181 2818 vero
1232 2764 1527 2833 inculpata,
1569 2780 1690 2834 quze
1733 2764 1981 2817 adultera
2032 2777 2062 2816 a

482 2855 716 2913 Domino
744 2857 817 2913 ob
860 2857 1307 2927 conjunctioncm
1354 2872 1479 2913 cum
1508 2857 1616 2911 alio
1647 2857 1914 2928 appellata
1943 2856 2065 2911 est?

472 3128 477 3137 ’
555 3124 742 3180 XLIX.
781 3124 977 3195 Stupra
1007 3140 1129 3194 quae
1157 3139 1254 3194 per
1282 3124 1393 3178 vim
1426 3123 1739 3180 inferuntur
1762 3164 1777 3188 ,
1805 3141 1916 3180 non
1949 3127 2061 3181 sint

485 3217 826 3271 accusationi
857 3217 1115 3272 obnoxia.
1151 3218 1332 3283 Quare
1361 3220 1524 3274 etiam
1554 3234 1733 3278 serva,
1760 3218 1807 3274 si
1837 3218 1921 3274 vis
1947 3219 1996 3274 ei
2029 3236 2061 3274 a

486 3308 711 3377 praprio
734 3308 866 3361 hero
896 3308 1042 3361 illata
1068 3310 1159 3371 sit,
1198 3310 1366 3364 libera
1393 3320 1476 3365 est
1497 3325 1527 3362 a
1557 3311 1740 3380 culpa.

494 3420 501 3425 -
554 3394 620 3451 L.
662 3394 951 3465 Trigamiae
984 3399 1067 3453 lex
1096 3414 1205 3452 non
1251 3406 1357 3453 est.
1399 3398 1578 3464 Quare
1628 3401 1745 3470 lege
1774 3401 2060 3456 matrimo-

481 3489 635 3544 nium
669 3490 888 3544 tertium
925 3505 1034 3544 non
1064 3491 1427 3545 contrahitur.
1464 3492 1539 3547 Ac
1565 3493 1693 3547 talia
1717 3493 1959 3562 quidem,
1998 3502 2059 3549 ut

484 3579 745 3636 Ecclesia:
774 3582 1183 3651 inquinamenta
1204 3622 1219 3645 ,
1268 3583 1550 3639 habemus.
1587 3582 1692 3639 Sed
1726 3585 2060 3639 condemna-

482 3674 726 3728 tionibus
756 3674 989 3744 publicis
1010 3689 1118 3728 non
1148 3674 1475 3745 subjicimus
1503 3684 1564 3731 ut
1599 3677 1778 3732 soluta
1813 3675 2058 3731 fornica-

482 3765 634 3821 tione
666 3767 841 3835 magis
870 3766 1137 3838 eligenda.

458 3961 470 4009 Δ.
552 3921 601 3953 ⁷⁸
650 3920 844 3978 Matth.
896 3922 1086 4021 v,‘32.

482 4087 621 4135 teut.
649 4078 792 4135 Luce
823 4079 1030 4134 clarius
1073 4087 1158 4134 est
1197 4079 1488 4149 legendum
1529 4095 1653 4135 esse
1676 4079 1737 4133 οὐ
1772 4076 1851 4149 τῷ
1881 4077 2052 4149 αὐτῷ,

740 4132 1483 4220 in,iiiiterpretand‘oqsumr
1522 4132 1767 4204 secutus.
1822 4132 2053 4219 Vulgata

483 4219 650 4276 lectio
689 4220 817 4273 ferri
854 4236 963 4274 non
996 4229 1194 4288 potest.
1226 4219 1514 4285 Quomodo
1552 4221 1695 4273 enim
1736 4220 1920 4275 dicere
1956 4236 2054 4289 po-

482 4292 681 4345 tuisset
717 4290 955 4345 Basilius
1007 4290 1335 4350 Eucratitas,
1390 4288 1773 4360 Saccophorns
1810 4298 1864 4346 et
1903 4288 2050 4359 Apo-

482 4364 706 4415 tactitas
740 4361 913 4414 eidem
970 4360 1165 4427 subjici
1210 4361 1429 4425 rationi,
1460 4362 1547 4414 cui
1576 4359 1651 4415 et
1694 4359 2049 4423 Novatiauos.

483 4432 613 4501 quia
646 4446 900 4499 magnum
934 4430 1077 4483 inter
1112 4438 1374 4499 utrosque
1401 4432 1720 4491 discrimen,
1755 4447 1819 4485 ac
1845 4431 1911 4487 de
1942 4430 2052 4484 No-

483 4500 722 4557 ratianis
755 4515 932 4554 canon
963 4500 1148 4554 editus
1183 4502 1282 4553 fuit
1311 4503 1434 4555 licet
1454 4504 1660 4556 varius.
1687 4501 1754 4554 de
1778 4502 1901 4557 aliis
1922 4516 2055 4556 vero

483 4570 873 4641 nequaquam?
907 4572 1283 4641 Conlirmatur
1311 4572 1424 4641 ha‘c
1452 4572 1777 4626 emendandi
1816 4574 1958 4626 ratio
1987 4589 2053 4626 ex

484 4639 699 4695 canone
727 4641 922 4712 primo,
957 4642 1048 4693 ubi
1074 4639 1307 4695 Basilius
1329 4640 1759 4695 Novatiauoruin
1786 4643 2055 4712 baptisma

483 4722 662 4767 ratum
715 4711 899 4774 habet,
943 4711 1189 4778 quoniam
1236 4712 1505 4765 nonnullis
1550 4712 1802 4766 Asiaticis
1843 4711 2055 4767 omnino

484 4783 655 4837 visum
687 4790 786 4852 est,
829 4782 1410 4852 pluribusgconsalendi
1456 4800 1621 4837 causa
1666 4783 2058 4852 suscipiendum

483 4868 642 4908 esse:
678 4851 1032 4923 rejicitrvero
1085 4850 1509 4923 Encratitarum.
1553 4850 1968 4923 quoniam-nihil
1996 4854 2059 4908 de

483 4923 594 4978 illis
629 4932 809 4994 aperte
849 4922 1051 4976 dictum
1077 4931 1175 4994 est.
1231 4922 1594 4994 Ιιιιριιοῢειιιίιε
1645 4938 1776 4994 ergo
1829 4940 2058 4994 prorsus

485 5002 591 5066 est.
621 4993 829 5066 quibus
855 4995 1039 5066 causis
1070 4992 1341 5066 adductus
1367 4994 1467 5046 fuit
1496 4992 1733 5048 Basilius
1764 4992 2060 5066 in'canone

527 5062 685 5120 rimo.
720 5073 779 5116 ut
820 5063 1085 5133 baptisma
1132 5062 1558 5118 Novatianornm
1599 5074 1779 5117 ratum
1812 5064 2056 5123 haberet.

513 5133 893 5188 incratitarum
925 5145 1108 5188 autem
1144 5134 1418 5201 rejiceret,
1450 5134 1645 5189 iisdem
1678 5135 1832 5187 illum
1860 5135 2060 5190 adduci

487 5204 544 5259 in
573 5220 784 5258 canone
812 5204 901 5266 47,
936 5214 995 5259 ut
1026 5214 1318 5271 utrumque
1346 5206 1616 5273 baptisma
1646 5205 1881 5271 rejiciat.

557 5274 636 5345 (8)
682 5273 1191 5343 Ἆγαϐαπτίζομεν.
1220 5274 1442 5330 Dicebat
1474 5275 1531 5328 S.
1557 5274 1866 5345 Cyprianus
1889 5275 2063 5329 haere-

489 5344 633 5414 ticos
679 5360 786 5398 non
825 5347 1178 5414 rebaptizari,
1229 5347 1323 5399 sed
1372 5344 1661 5414 baptizari,
1703 5346 1868 5413 epist.
1905 5346 1968 5398 71
2009 5354 2066 5399 et

490 5413 581 5470 75.
620 5414 773 5469 Unde
804 5413 1103 5483 Adelphius
1129 5431 1158 5469 a
1204 5413 1499 5472 Thasvalte
1547 5419 1602 5469 in
1648 5417 1887 5470 concilio
1927 5415 2065 5469 Car-

487 5484 802 5557 thaginensi
838 5503 854 5557 ι
893 5486 1018 5539 Sine
1043 5503 1208 5540 causa
1233 5486 1469 5556 quidam.
1500 5487 1699 5557 inquit,
1732 5486 1874 5555 falso
1902 5496 1952 5540 et
1980 5486 2067 5538 in-

491 5555 692 5628 oidioso
739 5556 890 5609 verbo
930 5555 1253 5628 impugnavit
1281 5555 1586 5628 ceritatem.
1627 5566 1684 5609 ut
1738 5557 2069 5628 rebaptizare

492 5639 587 5677 nos
621 5624 825 5686 dicant,
860 5624 1093 5692 quando'
1117 5627 1355 5681 Ecclesia
1394 5627 1669 5681 luereticos
1704 5644 1804 5681 non
1839 5624 2069 5694 rebapti-

490 5703 593 5761 ut,
631 5696 722 5748 sed
770 5694 1020 5765 bnptizet,
1071 5714 1123 5768 p.
1161 5698 1268 5754 554
1314 5713 1466 5753 nova:
1497 5699 1629 5753 edit.
1682 5697 1817 5753 Cum
1867 5697 2069 5754 Basilio

2086 4402 2131 4456 D

2165 1839 2481 1903 σκόπους’ὲν
2504 1839 2686 1912 ταυτῷ
2723 1839 3002 1909 γενέσθαι,
3035 1842 3130 1893 καί⁵
3165 1839 3339 1903 οὕτως
3374 1838 3651 1892 ἐκθέσθαι
3686 1839 3789 1892 τὸν

2163 1931 2385 1997 κανόνα,
2416 1931 2504 1985 ἵνα
2549 1933 2642 1986 καὶ
2680 1931 2759 2003 τῷ
2791 1933 3075 2002 ποιήσαντι
3112 1931 3175 1985 τὸ
3218 1931 3496 1985 ἀκίνδυνον
3534 1926 3601 2003 ᾖ,
3678 1932 3792 1983 καὶ

2161 2023 2192 2074 ὁ
2224 2023 2654 2094 ἀποκρινόμενος
2687 2024 2749 2078 τὸ
2809 2023 3125 2091 ἀξιόπιστον
3159 2022 3258 2097 ἔχῃ
3287 2026 3345 2077 ὲν
3380 2025 3447 2095 τῇ
3486 2023 3627 2094 περὶ
3661 2021 3791 2077 τῶν

2161 2113 2419 2168 τοιούτων
2451 2116 2760 2185 ἀποκρίσει.

2235 2207 2377 2261 MH’.
2434 2207 2582 2261 Ἡδὲ
2634 2209 3127 2278 ὲγκαταλειφθεῖσα
3183 2208 3336 2281 παρὰ
3393 2208 3486 2262 τοῦ
3532 2209 3784 2279 ἀνδρὸς,

2164 2299 2306 2354 κατὰ
2337 2301 2438 2371 τὴν
2471 2302 2611 2373 ἐμὴν
2636 2299 2884 2372 γνώμην,
2910 2302 3092 2373 μένειν
3123 2300 3198 2371 (9)
3234 2300 3462 2370 ὀφείλει.
3489 2301 3557 2353 Εἰ
3594 2300 3731 2370 γὰρ
3750 2301 3783 2352 ὁ

2164 2390 2369 2463 Κύριος
2399 2387 2574 2453 εἶπεν,
2601 2392 2684 2445 ὅτι
2722 2392 2857 2445 Ἐάν
2902 2410 2994 2458 τις
3033 2393 3336 2460 καταλίπῃ
3368 2390 3637 2461 γυναῖκα
3668 2394 3773 2448 ἐκ.

2163 2483 2266 2549 τὸς
2286 2484 2471 2553 λόγου
2495 2484 2799 2551 πορνείας,
2845 2484 3006 2538 ποιεῖ
3031 2484 3229 2552 αὐτὴν
3262 2482 3601 2554 μοιχᾶσθαι
3622 2500 3640 2515 ⁸
3709 2488 3783 2543 ἐκ

2163 2573 2259 2626 τοῦ
2303 2571 2583 2643 μοιχαλίδα
2641 2573 2814 2645 αὐτὴν
2864 2575 3159 2645 ὀνομάσαι,
3210 2576 3537 2630 ἀπέκλεισεν
3584 2580 3780 2651 αὐτὴν

2165 2662 2266 2732 τῆς
2294 2663 2432 2735 πρὸς
2476 2663 2663 2735 ἕτερον
2697 2665 3000 2730 κοινωνίας.
3038 2667 3163 2730 Πῶς
3190 2668 3299 2737 γάρ
3345 2667 3572 2722 δύναται
3603 2671 3635 2723 ὁ
3668 2671 3777 2740 μὲν

2166 2757 2306 2828 ἀνὴρ
2336 2757 2636 2826 ὑπεύθυνος
2654 2754 2825 2821 εἶναι,
2855 2759 2930 2822 ὡς
2955 2758 3198 2829 μοιχείας
3222 2758 3413 2823 αἴτιος,
3445 2762 3480 2831 ἠ
3524 2760 3589 2814 δὲ
3616 2763 3775 2830 γυνὴ

2166 2848 2495 2919 ἀνέγκλητος
2532 2844 2691 2911 εἶναι,
2723 2853 2756 2921 ὴ
2786 2849 3034 2920 μοιχαλὶς
3067 2851 3214 2921 παρά
3267 2850 3360 2905 τοῦ
3412 2853 3632 2922 Κυρίου
3678 2854 3772 2908 διὸ

2167 2940 2266 3012 τὴν
2338 2942 2476 2996 ποὺς
2532 2942 2719 2996 ἓτερον
2785 2943 2954 2997 ἄνδρα
3022 2944 3307 2998 κοινωνίαν
3373 2962 3742 3019 προσαγορευ

2171 3034 2324 3088 θεῖσα
2348 3078 2363 3101 ,

2236 3127 2371 3181 MG’.
2400 3127 2467 3180 Ai
2493 3127 2633 3199 πρὸς
2654 3126 2901 3198 ἀνάγκην
2928 3128 3039 3199 (10)
3061 3129 3350 3201 γενόμεναι
3366 3130 3567 3202 φθοραὶ
3601 3132 3757 3188 ἀνεύ

2161 3218 2311 3272 θυνοι
2337 3218 2604 3273 ἔστωσαν.
2636 3220 2799 3274 ’Ὥστε
2829 3221 2922 3275 καὶ
2949 3224 2981 3292 ή
3007 3222 3191 3294 δούλη,
3230 3224 3279 3276 εί
3322 3223 3553 3296 ἐϐιάσθη
3607 3227 3771 3299 παρὰ

2158 3309 2253 3362 τοῦ
2288 3309 2491 3363 οίκείου
2523 3310 2805 3375 δεσπότου,
2840 3312 3134 3377 ἀνεύθυνός
3178 3316 3345 3368 ἐστιν.

2234 3402 2318 3455 N'.
2387 3402 2699 3473 Τριγαμίας
2744 3403 2908 3474 νόμος
2974 3407 3075 3459 οὐκ
3140 3405 3307 3462 ἔστιν.
3373 3407 3537 3462 Ὠστε
3605 3410 3770 3481 νόμῳ

2161 3492 2337 3563 γάμος
2365 3494 2550 3565 τρίτος
2578 3494 2679 3547 οὐκ
2706 3494 2919 3563 ἄγεται.
2950 3497 3030 3550 Τά
3066 3498 3249 3568 μέντοι
3285 3499 3511 3553 τοιαῦτα
3538 3500 3627 3566 ὡς
3663 3505 3768 3574 ῥυ-

2166 3587 2427 3655 πάσματα
2460 3588 2558 3657 τῆς
2596 3588 2918 3660 Ἐκκλησίας
2945 3591 3194 3662 ὁρῶμεν)
3234 3592 3524 3664 δημοσίαις
3549 3594 3632 3649 δὲ
3661 3612 3778 3649 κιι⁶

2164 3679 2407 3743 ταδίκαις
2451 3681 2561 3752 (li)
2597 3682 2695 3751 οὐχ
2740 3681 3133 3754 ὑποϐάλλομεν,
3186 3684 3262 3750 ὡς
3299 3686 3400 3755 τῆς
3451 3688 3769 3759 ἀνειμένης

2169 3772 2422 3843 πορνείας
2450 3773 2808 3846 αἱρετώτερα.

2161 4078 2437 4149 consentit
2468 4092 2645 4133 canon
2674 4078 2740 4133 19
2770 4078 3049 4140 Niczenus,
3088 4078 3141 4132 in
3196 4095 3307 4149 quo
3351 4082 3617 4135 statuitur
3657 4100 3764 4142 eos

2161 4150 2255 4219 qui
2284 4165 2347 4203 ex
2385 4148 2668 4203 Paulianis
2715 4149 2780 4202 ad
2827 4149 3129 4204 Ecclesiam
3175 4148 3504 4208 catholicam
3544 4155 3761 4210 confu-

2162 4221 2339 4290 giunt,
2375 4219 2702 4290 rebaptizari
2736 4221 2957 4275 debere.

2230 4291 2307 4360 (9)
2335 4290 2574 4362 Μένειν.
2620 4288 2762 4343 Editi
2802 4290 3017 4362 ἄγαμος
3062 4292 3266 4362 μένειν,
3296 4291 3391 4347 sed
3430 4292 3609 4361 prima
3642 4311 3761 4351 vox

2161 4360 2214 4414 in
2250 4361 2404 4413 nullo
2439 4362 2711 4429 reperitur
2741 4376 2844 4415 ms.
2879 4360 3091 4423 codice,
3122 4379 3223 4418 nec
3257 4360 3569 4417 necesSaria
3599 4374 3720 4422 est.

2240 4431 2355 4497 (l0)
2386 4430 2543 4499 Πρὸς
2583 4429 2879 4498 ἀνάγκην.
2920 4431 3167 4488 Zonaras
3203 4444 3393 4501 stupro
3421 4449 3515 4500 per
3549 4434 3660 4485 vini
3689 4437 3765 4490 il-

2162 4503 2273 4556 lato
2308 4502 2388 4555 sic
2421 4502 2633 4555 veniam
2684 4502 2908 4555 concedi
2963 4505 3259 4564 existimat.
3297 4512 3356 4555 ut
3402 4504 3757 4567 diacnnissa,

2161 4574 2206 4627 si
2239 4573 2385 4644 hanc
2418 4572 2811 4626 contumeliam
2845 4588 3006 4640 passa
3035 4574 3107 4644 sit
3130 4614 3145 4634 ,
3177 4574 3504 4644 ili-ponatur.
3538 4571 3759 4630 Probat

2159 4642 2474 4711 opinionem
2506 4657 2661 4711 suam
2694 4656 2761 4695 ex
2806 4656 3019 4697 canone
3055 4643 3126 4698 28
3172 4642 3356 4699 Basilii
3386 4652 3441 4698 et
3470 4659 3536 4697 ex
3562 4646 3763 4711 primo

2160 4710 2474 4785 A’ncyrano.
2507 4710 2613 4785 Sed
2649 4720 2827 4785 tamen
2866 4730 3120 4785 magnum
3156 4716 3371 4769 videtur
3395 4728 3516 4767 esse
3544 4710 3759 4768 discri-

2163 4782 2293 4835 men
2334 4782 2476 4835 inter
2513 4782 2905 4854 diaconissam,
2932 4782 3055 4853 qua:
3102 4786 3309 4839 nullum
3348 4799 3577 4852 prorsus
3615 4800 3755 4854 pec-

2161 4862 2284 4925 cato
2312 4867 2643 4925 consensum
2672 4853 2951 4925 praebuit,
2987 4865 3036 4910 et
3071 4856 3448 4925 presbyterum
3480 4856 3573 4923 qui
3617 4853 3756 4910 illea

2163 4922 2369 4993 gitimis
2430 4923 2991 4994 nuptiisitnprudens
3059 4922 3367 4994 implicatus
3409 4922 3527 4987 est,
3567 4933 3629 4977 ut
3692 4927 3754 4980 in

2162 4992 2456 5047 canonc28
2476 4992 2663 5048 Basilii
2700 4992 2927 5061 legitur;
2955 5003 3049 5047 aut
3072 4992 3426 5053 sacriﬁcavit,
3452 5003 3507 5049 et
3543 5003 3750 5063 postea

2164 5065 2466 5120 reluctatus
2503 5072 2609 5125 est,
2644 5069 2704 5115 ut
2736 5065 2975 5119 refertur
3012 5067 3066 5119 in
3110 5081 3322 5120 canone
3355 5065 3533 5135 primo
3562 5065 3755 5136 Ancy-

2163 5149 2323 5189 rano.

2264 5202 2761 5272 11)Καταδι’καις.
2822 5205 3007 5261 Mirari
3057 5206 3207 5260 subit
3258 5220 3360 5259 cur
3405 5204 3458 5259 id
3509 5204 3754 5261 Basilius

2166 5273 2386 5345 publice
2437 5273 2792 5346 condemnari
2826 5285 3010 5346 neget,
3045 5276 3191 5345 quod
3239 5278 3291 5329 in
3317 5290 3444 5330 can.
3474 5275 3604 5346 {ab
3634 5275 3752 5329 Eu-

2167 5346 2431 5400 charistia
2463 5345 2916 5413 quinquennium
2939 5347 3160 5401 excludi
3194 5347 3460 5400 decernit.
3499 5345 3607 5400 Sed
3647 5347 3748 5400 ob-

2171 5416 2502 5471 servandum
2558 5424 2643 5468 est
2698 5417 2983 5485 trigainos,
3034 5417 3137 5471 etsi
3185 5417 3346 5471 annis
3380 5417 3627 5485 quinque
3675 5418 3752 5471 ab

2172 5485 2514 5540 Eucharistia
2570 5495 3005 5549 removerentur,
3047 5503 3153 5541 non
3189 5495 3369 5540 tamen
3403 5487 3456 5539 in
3493 5485 3750 5541 ﬂentium

2171 5569 2265 5611 aut
2297 5557 2704 5627 substratorum
2729 5557 2931 5627 locum,
2959 5557 3107 5612 velut
3141 5558 3193 5611 in
3223 5557 3462 5625 graviori
3495 5569 3746 5627 peccato,

2172 5627 2494 5682 amandatos
2555 5625 2747 5680 fuisse.
2790 5626 2955 5680 Erant
2992 5628 3138 5681 enim
3190 5628 3242 5681 hi
3272 5627 3382 5680 duo
3422 5625 3650 5682 ordines
3678 5628 3749 5682 ad

2174 5698 2509 5769 ptenitenliaz
2548 5706 2733 5753 notam
2791 5699 3030 5753 maxime
3077 5698 3338 5769 insignes,
3382 5697 3457 5751 ita
3514 5705 3573 5751 ut
3616 5698 3750 5753 sub-
