3852 6220
481 330 587 386 735
1784 320 1845 377 s.
1883 318 2128 375 essum
2168 318 2386 374 nam
3654 326 3756 381 πε

477 454 575 496 eos
603 454 697 511 qui
740 453 848 494 una
888 452 1017 493 cum
1065 444 1157 492 tua
1206 442 1501 494 sanctitate
1548 441 1715 502 sunt,
1745 442 1803 490 et
1848 436 1998 491 cleru

2267 436 2343 498 οῖς
2362 432 2522 488 τοῦτο
2547 434 2684 507 πρὸς
2716 436 2896 489 πᾶσαν
2921 435 3247 507 ἀσφάλειαν.
3287 437 3452 491 Ὥστε
3488 440 3593 493 καὶ
3630 444 3759 505 τοὺς
3784 432 3787 479 ἰ

477 545 719 597 omnem,
750 530 1124 601 populumque
1156 531 1251 599 qui
1282 543 1313 582 a
1342 536 1396 585 te
1435 528 1704 598 pascitur,
1740 534 1796 583 et
1840 526 1994 599 religi

2269 526 2424 589 όντας
2467 528 2535 597 τῇ
2581 526 2823 597 ὁσιότητι
2871 544 2993 594 σου,
3039 528 3135 582 καὶ
3194 528 3371 583 πάντα
3407 529 3501 583 τὸν
3530 518 3789 603 κλῆρσν,¹

478 616 732 673 sissimos
760 615 963 671 fratres
1009 624 1234 672 nostros
1283 631 1348 671 ac
1389 616 1799 672 comministros
1830 616 1996 687 digna

2279 615 2372 668 τὸν
2407 614 2535 669 λαὸν
2568 615 2660 668 τὸν
2702 616 2809 669 ὑπὸ
2850 615 2946 670 σοῦ
2991 618 3439 687 ποιμαινόμενον,
3488 618 3592 671 καὶ
3632 621 3767 682 τοὺς

479 717 670 763 nostro
700 708 921 761 nomine
959 708 1224 762 salutare.
1262 705 1538 761 Memoria:
1573 705 1879 762 beatissimi
1912 721 2000 760 ma

2271 706 2610 776 ριλεστάτους
2647 707 2911 777 ἀδελφοὺς
2943 708 3103 781 ἡμῶν
3131 710 3244 780 (17)
3272 710 3368 764 καὶ
3406 710 3766 780 συλλειτουρ-

479 798 615 870 tyris
642 796 939 870 Eupsychii
979 797 1341 863 memineris,
1375 812 1480 853 nec
1524 807 1809 868 exspectes
1848 804 1909 850 ut
1941 812 2000 850 ml

2273 816 2292 861 ;
2327 801 2647 869 προσειπεῖν
2683 801 2813 871 παρ’
2848 801 3007 871 ἡμῶν
3040 801 3399 866 καταξίωσον.
3442 803 3565 873 Τῆς
3617 805 3766 874 μνή-

477 905 637 945 neam
679 898 735 946 te
775 892 1009 947 iterum:
1057 905 1237 960 neque
1281 891 1378 947 des
1412 903 1636 961 operam
1677 898 1737 943 ut
1766 889 1834 944 ad
1875 890 1997 960 ipso

2302 889 2395 943 τοῦ
2426 892 2845 963 μακαριωτάτου
2878 894 3154 965 μάρτυρος
3182 893 3454 964 Εὺψυχίου
3480 896 3768 967 μέμνησο,
3794 876 3795 885 γ

477 982 842 1052 prastitutum
878 983 1021 1038 diem
1049 983 1317 1038 accedas:
1350 982 1446 1038 sed
1478 989 1538 1036 ut
1564 981 1709 1036 hunc
1728 980 1998 1052 praeveniat

2249 1002 2257 1035 ι
2291 984 2367 1056 μὴ
2395 984 2694 1056 ἀναμείνῃς
2727 986 2985 1057 δευτέραν
3015 986 3340 1057 ὑπόμνησιν,
3376 985 3514 1057 μηδὲ
3550 987 3770 1057 ἐμπρό-

476 1086 687 1143 nosque
708 1073 1004 1137 exhilares,
1024 1073 1072 1128 si
1098 1071 1259 1128 modo
1288 1072 1471 1127 adhuc
1493 1072 1549 1125 in
1577 1080 1997 1135 terra,versemu

2248 1090 2361 1145 τμον
2390 1075 2703 1148 σπουδάσῃς
2742 1076 3070 1146 ποιήσασθαι
3107 1076 3205 1146 τὴν
3245 1078 3583 1147 ἀπάντησιν,
3618 1078 3769 1130 ἀλλά

475 1161 693 1220 Interim
720 1166 908 1221 valens
940 1166 993 1219 in
1022 1164 1277 1232 Domino,
1308 1179 1375 1219 ac
1405 1179 1505 1234 pro
1530 1163 1691 1218 nobis
1714 1177 1903 1229 orans,
1930 1178 1996 1218 se}

2279 1165 2454 1220 λαϐεῖν
2481 1167 2578 1220 καὶ
2624 1168 2893 1239 εὐφρᾶναι
2943 1169 3113 1239 ἡμᾶς,
3169 1167 3267 1220 ἐὰν
3318 1168 3425 1238 ἄρα
3465 1167 3552 1219 ἐτι
3607 1161 3769 1238 ὦμεν

475 1254 622 1310 veris
654 1255 813 1310 nobis
850 1264 905 1310 et
938 1254 1035 1311 Dei
1060 1254 1324 1310 Ecclesiis
1364 1254 1543 1311 sancti
1575 1254 1771 1325 gratia.

2281 1258 2374 1328 τῆς
2406 1257 2531 1328 γῆς.
2567 1260 2713 1323 Ἕως
2741 1260 2863 1312 τότε
2898 1260 3210 1331 ἐρρωμένος
3242 1261 3300 1312 ἐν
3339 1259 3552 1331 Κυρίῳ,
3590 1259 3771 1330 ὑπερ-

474 1346 762 1419 ευχόμενος
792 1348 904 1419 (18)
939 1349 1119 1419 ἡμῶν,
1157 1349 1576 1424 διαφυλαχθείης
1597 1356 1726 1425 ἡμῖν
1757 1357 1851 1410 καὶ
1889 1361 2009 1421 ταῖς
2044 1358 2137 1412 τοῦ
2166 1359 2303 1413 Θεοῦ
2342 1362 2692 1434 Ἐκκλησίαις
2720 1364 2903 1434 χάριτι
2928 1363 3022 1416 τοῦ
3060 1362 3231 1431 ἁγίου.

966 1520 979 1580 ι
994 1509 1328 1566 EPISTULA
1368 1513 1524 1570 (ΖΕΓ.

2697 1523 3043 1578 ΕΠΙΣΤΟΛΗ
3079 1522 3199 1577 ΣΔ’.

474 1622 708 1676 Pluribus
727 1622 790 1675 de
808 1623 971 1675 conisis
992 1626 1223 1691 congredi
1249 1641 1359 1679 cum
1378 1628 1974 1747 Amphilochionng

1747 1710 1803 1747 as
1845 1711 1921 1748 ius
1951 1712 1995 1749 αι

2246 1653 2255 1697 ξ
2292 1641 2380 1692 sed
2535 1647 2791 1705 utrumque
2822 1639 3017 1690 morbus
3058 1636 3354 1698 detinuisset,
3397 1633 3595 1687 veniant
3640 1635 3767 1699 ράὶε

2246 1716 2422 1754 ιοοηεε
2499 1740 2513 1754 .
3054 1728 3057 1729 ν

813 1796 1176 1866 Amphilochia
1195 1840 1212 1866 ,
1245 1800 1417 1856 Iconii
1449 1805 1689 1876 episcopo
2086 1821 2128 1874 Β

2086 1821 2128 1874 Β
2447 1814 2828 1884 Ἀμφιλοχιῳ,
2858 1811 3172 1874 ἐπισκόπφ
3212 1817 3468 1865 ικονιου.

549 1906 732 1963 Multis
772 1909 843 1965 de
880 1913 1067 1967 causis
1116 1914 1282 1984 cupio
1334 1924 1515 1971 tecum
1565 1920 1851 1991 congredi,
1892 1931 1955 1977 ut
2001 1930 2056 1979 et

2243 1929 2450 1983 Πολλῶν
2468 1930 2656 1983 ἕνεκεν
2682 1925 2933 1998 ἐπιθυμῶ
2959 1924 3070 1997 (19)
3095 1925 3374 1994 συντυχεῖν
3403 1939 3505 1989 σοι,
3531 1922 3628 1975 tv:
3662 1923 3764 1976 καὶ

477 2007 531 2055 te
565 2000 882 2055 consiliario
918 2009 1043 2058 utar
1082 2004 1150 2059 de
1180 2007 1345 2062 rebus
1374 2024 1496 2077 quae
1535 2012 1590 2064 in
1621 2012 1874 2068 manibus
1902 2029 1998 2069 sun

2248 2021 2453 2093 αὸούλῳ
2484 2023 2775 2094 χρήσωμαι
2803 2019 2931 2091 περὶ
2964 2018 3073 2071 τῶν
3104 2019 3162 2071 ἐν
3190 2016 3349 2090 χερσὶ
3382 2016 3769 2087 πραγμάτων,

478 2106 543 2145 ac
575 2092 800 2147 omnino
836 2100 899 2147 ut
939 2103 995 2149 te
1041 2095 1205 2166 longo
1235 2097 1427 2153 videns
1470 2100 1757 2158 intervallo
1797 2105 1996 2160 solatiu

2251 2134 2258 2164 ι
2283 2092 2440 2178 ὅλως,
2588 2111 2677 2165 διὰ
2710 2109 2923 2183 μακροῦ
2956 2108 3291 2179 θεασάμενός
3324 2124 3404 2173 σε,
3433 2106 3546 2178 ἔχω
3574 2124 3772 2177 παρα-

478 2183 701 2254 aliquod
738 2184 967 2239 habeam
1013 2187 1298 2243 absentiae.
1329 2189 1437 2245 Sed
1469 2208 1593 2247 cum
1622 2196 1809 2250 eadem
1842 2207 1999 2252 utrun

2250 2203 2365 2257 θίαν
2402 2203 2525 2257 τινὰ
2565 2206 2665 2273 τῆς
2709 2200 3069 2270 ἀπολείψεως.
3120 2197 3339 2266 Ἐπειδὴ
3393 2198 3449 2252 δὲ
3491 2197 3565 2251 τὰ
3614 2199 3771 2251 αὐτὰ

476 2290 586 2345 que
626 2275 1004 2342 distinuerint,
1039 2287 1165 2335 tum
1202 2298 1324 2352 qua:
1360 2284 1460 2338 tibi
1502 2286 1694 2340 incidit
1739 2286 1997 2343 inﬁrmita

2247 2292 2505 2364 φοτὲρους
2548 2292 2799 2362 ἐπέσχεν,
2842 2291 2878 2361 ἥ
2922 2307 2982 2343 τε
3020 2291 3145 2361 ὑμῖν
3182 2287 3434 2360 συμϐᾶσα
3474 2289 3768 2353 ἀσθένεια,

477 2374 594 2420 tum
640 2381 763 2422 mea
811 2368 905 2422 illa
953 2371 1222 2426 vetustior
1280 2377 1589 2444 aegrotatio,
1646 2394 1767 2448 qua:
1812 2381 1997 2435 nondu

2247 2401 2257 2435 ι
2306 2385 2339 2455 ή
2387 2382 2717 2453 παλαιοτέρα
2758 2381 2916 2452 ήμῶν
2964 2380 3271 2451 ἀρρωστία,
3322 2383 3489 2450 μήπω
3533 2379 3768 2432 ἀπολεί-

477 2462 748 2517 abscessit
780 2462 1037 2528 ;veniam
1078 2464 1318 2534 utrique,
1366 2465 1413 2518 si
1460 2466 1661 2539 placet,
1694 2477 1929 2539 uterque
1960 2471 1992 2525 d

2246 2490 2331 2539 σα,
2366 2475 2697 2547 ἀμφοτέροις
2730 2474 2908 2546 δῶμεν
2941 2470 3292 2541 συγγνώμην,
3327 2474 3376 2523 εί
3410 2470 3615 2541 βούλει,
3646 2472 3767 2541 ἅμα

480 2569 626 2617 nius,
670 2563 731 2609 ut
783 2569 880 2626 per
918 2557 1284 2627 nosmetipsos
1328 2557 1544 2628 cuipam
1587 2560 1820 2617 invicem
1869 2561 2001 2617 dimi

2245 2581 2401 2636 ιεροι·
2428 2564 2569 2618 ὥστε
2589 2566 2656 2619 δι’
2682 2563 2890 2618 ἑαυτῶν
2913 2561 3174 2632 ἀλλήλους
3195 2561 3408 2630 ἀφεῖναι
3431 2559 3525 2613 τοῦ
3551 2559 3766 2631 ἐγκλή-

479 2653 681 2701 tamus.

2167 2672 2353 2726 ματος.
3010 2666 3018 2674 ·

889 2802 1055 2874 299
1092 2801 1430 2858 EPISTULA
1467 2802 1669 2858 ceu".

2693 2811 3041 2865 ΕΠΙΣΤΟΛΗ
3077 2811 3195 2864 ΣΒ’.

479 2914 693 2969 Basilius
712 2916 867 2968 morbi
888 2916 1108 2982 reﬁquiis
1140 2919 1354 2970 deierans
1375 2919 1772 3031 Ampliilocliiui‘r‘i‘
1788 2929 1944 2986 rogat,
1969 2937 2000 2973 u

1775 2998 2000 3049 nquunip

2243 2925 2534 3040 wife-ratur
2554 2928 2602 2977 in
2620 2941 2803 2987 paucos
2825 2926 2934 2980 dies
2957 2943 2975 2979 :
2999 2933 3100 2989 aut,
3136 2924 3182 2978 si
3198 2931 3371 2990 urgent
3404 2921 3617 2990 ηεροιὶα,
3642 2923 3764 2987 ipse

2243 3025 2245 3034 ,
2313 3003 2410 3040 iere
2465 3004 2509 3039 r.

794 3088 1125 3156 Amphilochi
1140 3107 1192 3153 ο,
1240 3088 1413 3143 Iconii
1462 3092 1723 3161 episcopo.
2087 3118 2129 3172 υ

2087 3118 2129 3172 c
2441 3102 2820 3171 Ἀμφιλοχίῳ,
2855 3102 3168 3164 ἐπισκόπῳ
3192 3099 3470 3155 Ἰκονίου.

548 3200 615 3255 Ει
664 3200 802 3258 alias
842 3202 1063 3272 quidem
1098 3218 1197 3272 pro
1243 3218 1442 3272 magno
1476 3204 1731 3257 ducerem
1772 3220 1897 3259 cum
1934 3222 2059 3276 gra-

2249 3213 2346 3267 Καὶ
2375 3213 2550 3279 ἄλλως
2578 3216 2677 3287 μέν
2715 3232 2805 3285 μοι
2842 3214 3037 3268 πολλοῦ
3077 3213 3225 3279 ἀξιον
3257 3214 3318 3267 τὸ
3364 3229 3770 3284 συντυγχάνειν

478 3295 646 3348 vitate
691 3302 785 3347 tua
824 3294 1110 3363 congredi,
1164 3293 1260 3348 sed
1302 3310 1447 3348 nunc
1485 3297 1740 3361 maxime,
1770 3312 1894 3351 cum
1936 3301 1999 3351 ta!

2257 3305 2542 3378 σεμνότητί
2570 3323 2695 3371 σου,
2729 3306 2825 3360 νῦν
2860 3305 2916 3359 δέ
2949 3305 3044 3359 καὶ
3081 3304 3345 3376 μάλιστα,
3384 3305 3473 3356 ὅτε
3509 3303 3770 3358 τοιοῦτόν

479 3388 552 3441 sit
593 3386 955 3441 conveniendi
999 3400 1189 3440 causa.
1242 3382 1350 3439 Sed
1403 3387 1533 3455 quia
1582 3387 1830 3457 reliquiae
1878 3404 1998 3441 mor

2246 3409 2277 3443 τι
2312 3392 2371 3444 τὸ
2410 3394 2641 3461 συνάγον
2676 3395 2824 3465 ἡμᾶς
2861 3396 3113 3465 πρᾶγμα.
3157 3392 3294 3445 Ἀλλ’
3325 3393 3512 3464 ἐπειδὴ
3546 3393 3621 3447 τὰ
3648 3393 3767 3447 λεξ-

479 3479 586 3533 mei
615 3478 751 3533 tales
779 3486 929 3544 sunt,
977 3487 1037 3530 ut
1081 3494 1147 3531 ne
1189 3477 1478 3530 minimum
1521 3478 1741 3547 quidem
1777 3478 1909 3531 milii
1943 3494 2000 3531 ml

2239 3498 2302 3533 να
2335 3482 2431 3551 τῆς
2466 3483 2776 3553 ἀρρωστίας
2811 3499 2913 3551 μου
2946 3481 3188 3545 τοιαῦτα,
3215 3480 3291 3544 ὡς
3324 3479 3459 3551 μηδὲ
3484 3480 3586 3551 τὴν
3611 3478 3760 3551 βρα-

478 3576 595 3621 ιιιω
636 3569 980 3639 permittant,
1026 3567 1229 3637 quippe
1279 3567 1395 3636 qui,
1448 3575 1738 3637 postquam
1774 3582 1939 3621 curru
1990 3584 1999 3619 :

2244 3571 2398 3643 τάτην
2429 3588 2517 3641 μοι
2552 3572 2761 3642 κίνησιν
2792 3573 3114 3641 συγχωρεῖν,
3143 3571 3200 3633 ὃς
3220 3586 3306 3638 γε,
3343 3569 3428 3622 ἵνα
3453 3568 3553 3639 τὴν
3582 3570 3765 3641 μέχρι

479 3668 749 3730 martyres
801 3675 977 3729 usque
1038 3658 1318 3728 profectus
1365 3672 1526 3722 sum,
1581 3674 1775 3715 rursus
1822 3661 1937 3714 fere

2247 3681 2266 3714 ν
2311 3662 2602 3734 μαρτύρων
2647 3661 2759 3734 (20)
2809 3661 2927 3715 ὁδὸν
2978 3661 3213 3733 ὀχήματι
3257 3658 3529 3729 πορευθῶ,
3589 3660 3768 3714 πάλιν

478 3751 730 3806 eumdem
773 3753 1064 3807 reciderim
1107 3750 1399 3816 morbum;
1440 3751 1563 3806 ideo
1608 3757 1824 3806 veniam
1864 3754 1997 3806 mihi

2243 3753 2360 3825 ιροῦ
2403 3754 2539 3826 πρὸς
2590 3754 2689 3825 τὴν
2734 3754 2903 3825 αὐτὴν
2948 3754 3266 3825 ὑπέστρεψα
3305 3754 3479 3817 νόσον,
3532 3752 3764 3824 ἀνάγκη

483 3843 637 3898 vobis
665 3841 786 3897 dari
816 3858 1047 3899 necesse
1085 3851 1189 3897 est.
1227 3844 1384 3910 Quod
1411 3846 1458 3901 si
1488 3846 1604 3901 ﬁeri
1651 3853 1831 3916 potest
1874 3853 1936 3900 ut
1969 3862 2004 3899 re

2245 3845 2491 3919 γγνὼμης
2536 3850 2717 3919 τυχεῖν
2755 3848 2886 3918 παρ’
2931 3847 3108 3918 ὑμῶν.
3149 3847 3266 3900 Κᾶν
3310 3847 3408 3918 μὲν
3526 3845 3766 3902 δυνατὸν

480 3935 536 3989 in
567 3949 773 4005 paucos
815 3934 933 3991 dies
955 3935 1259 4003 diﬂeratur,
1297 3948 1351 3993 et
1401 3939 1569 3994 adero
1606 3939 1916 4005 vobiscum,
1949 3938 2001 3991 Di

2244 3938 2524 4009 ερτεθῆναι
2550 3939 2611 3991 τὸ
2640 3942 2870 4011 πρᾶγμα
2893 3939 3101 4008 ὀλίγαις
3119 3938 3343 4009 ὕστερον
3368 3937 3629 4010 ἡμέρας,
3656 3942 3765 3994 καὶ

481 4028 782 4098 largiente,
849 4036 906 4083 et
958 4028 1363 4085 sollicitudines
1425 4030 1660 4099 partiar.
1715 4027 1816 4084 Sin
1868 4039 1999 4084 aute

2244 4029 2454 4099 ιέσομαι
2488 4030 2616 4099 ὑμῖν
2643 4032 2709 4100 τῇ
2746 4030 2837 4082 τοῦ
2871 4028 3007 4083 Θεοῦ
3051 4030 3264 4101 χάριτι,
3305 4029 3398 4082 καὶ
3432 4031 3765 4100 κοινωνήσω

480 4126 675 4189 urgent
714 4122 954 4191 negotia,
1005 4122 1270 4191 peragite,
1316 4120 1427 4176 Deo
1468 4121 1781 4191 adjuvante,
1845 4137 1968 4192 quae

2242 4136 2267 4170 ν
2318 4119 2631 4191 φροντίδων.
2672 4120 2797 4174 Ἐὰν
2834 4120 2892 4173 δὲ
2942 4121 3138 4192 ἐπείγῃ
3180 4119 3250 4173 τὰ
3296 4119 3763 4191 σπουδαζόμενα,

481 4210 736 4266 manibus
806 4223 937 4267 sunt
998 4229 1013 4266 :
1072 4226 1161 4267 me
1214 4220 1395 4267 autem
1453 4213 1596 4268 inter
1646 4229 1743 4268 vos
1796 4222 1999 4284 tanqua

2242 4207 2402 4272 άξατε
2456 4210 2555 4280 μὲν
2597 4212 2663 4280 τῇ
2702 4207 2796 4262 τοῦ
2841 4209 2977 4262 Θεοῦ
3031 4207 3292 4281 συνεργίᾳ
3341 4208 3413 4260 τὰ.
3458 4210 3517 4261 ἐν
3566 4212 3757 4281 χερσί·

481 4309 831 4372 przesentem,
898 4309 952 4357 et
997 4318 1213 4368 eorum,
1258 4318 1381 4373 quae
1441 4305 1705 4375 praeclare
1775 4313 2001 4374 gerentu

2247 4301 2603 4372 ραριθμήσατε
2635 4301 2690 4354 δέ
2730 4318 2796 4372 με
2829 4303 3062 4367 ἑαυτοῖς,
3096 4301 3172 4365 ὡς
3210 4301 3484 4373 παρόντα,
3514 4303 3614 4355 καὶ
3643 4304 3768 4359 τῶν

483 4399 695 4453 socium
755 4408 1134 4454 annumerate.
1194 4397 1373 4454 Sanus
1433 4408 1490 4455 et
1551 4400 1605 4453 in
1671 4376 2004 4454 Dominouii

2244 4395 2340 4458 λῶς
2379 4395 2679 4465 γινομένων
2725 4395 3218 4466 συνεφαπτόμενον.
3263 4394 3610 4466 Ἐρῤωμένος
3657 4397 3765 4451 καὶ

483 4498 594 4553 tus,
626 4496 680 4545 et
707 4504 807 4560 pro
842 4505 929 4544 me
962 4504 1131 4545 orans
1180 4490 1420 4546 serveris
1467 4489 1560 4545 Dei
1601 4489 1877 4556 Ecclesiae,
1924 4505 2004 4547 sai

2244 4492 2394 4559 Ιυμος
2425 4489 2485 4540 ἐν
2522 4486 2738 4558 Κυρίῳ,
2774 4465 3210 4559 ὑπερευχόμενός
3245 4465 3377 4558 μου,
3419 4486 3765 4561 φυλαχθείης

481 4581 556 4637 cli
586 4583 776 4654 gratia.

2158 4583 2227 4652 τῇ
2256 4579 2349 4634 τοῦ
2380 4577 2516 4632 Θεοῦ
2541 4579 2838 4650 Ἐκκλησία.
2867 4580 3050 4650 χάριτι
3069 4577 3161 4632 τοῦ
3188 4580 3366 4647 ἁγίου.

567 4744 587 4761 ’
610 4738 759 4795 Alias
782 4736 1197 4809 CCll.,_Scripta
1229 4753 1376 4793 anno
1403 4735 1526 4792 375.
1580 4805 1682 4809 __‘_
2175 4735 2293 4791 haec
2318 4734 2550 4806 epistola
2580 4742 2665 4809 est
2701 4726 2876 4809 multo
2907 4741 3036 4809 ante
3050 4733 3764 4809 mensem-Septembrem,

560 4812 596 4832 “
622 4804 1123 4880 AliasCCCXCVII
1155 4810 1370 4880 Scripta
1400 4823 1545 4880 anno
1579 4805 1719 4880 575.
1863 4877 1876 4880 _
1954 4877 1964 4880 _
2173 4822 2284 4880 quo
2337 4804 2524 4880 mense
2577 4807 2696 4861 dies
2738 4805 2914 4860 festus
2952 4804 3013 4861 S.
3049 4804 3349 4880 Eupsycbii
3382 4804 3760 4880 recolebatur.

555 4879 671 4952 (l7)_
706 4873 1299 4952 'A581500ﬁq__1}ﬂ@?.-
1321 4879 1428 4933 Pro
1464 4879 1548 4931 his
1582 4876 1810 4952 vocibus
1863 4877 2064 4952 legitur
2176 4876 2357 4931 Multa:
2388 4877 2507 4952 aliae
2531 4884 2688 4952 erant
2717 4883 3035 4952 martyrum
3066 4873 3341 4952 Memoriae
3373 4890 3548 4952 prope
3569 4873 3766 4952 Caesi-

482 4943 814 5014 ἐπισκόπους
865 4943 919 5005 ἷιι
943 4943 1137 5005 codice
1176 4950 1631 5004 Claromontano.
1676 4946 1892 5001 Revera
1920 4943 2063 5017 'epi-
2170 4962 2341 5009 ream,
2374 4949 2523 5001 velut
2553 4945 2611 5000 S.
2644 4944 2850 5000 Julitta:
2879 4943 2956 5001 ‘et
2990 4946 3050 5017 S_.
3089 4945 3300 5017 Gordii,
3337 4943 3569 5017 tomfll.
3603 4961 3661 5015 p.
3684 4946 3763 5003 δι

484 5036 680 5091 scapos
708 5020 959 5087 designat
981 5020 1255 5085 Basilius;
1292 5017 1536 5091 sedqbaec
1565 5018 1842 5087 scriptura
1868 5015 2064 5071 emar-
2168 5028 2223 5071 et
2259 5018 2382 5091 HI.
2421 5017 2684 5091 Neutrum
2736 5024 2917 5091 tamen
2948 5015 3222 5091 aBasilio
3266 5015 3544 5091 designari
3579 5025 3761 5091 puto;

483 5083 859 5163 ginevidetur'
887 5091 942 5145 in
980 5098 1185 5163 textum
1224 5083 1534 5163 irrepsisse.
1680 5083 1699 5087 ⁷
1888 5156 1901 5163 _
2179 5088 2308 5163 quia
2341 5088 3072 5163 utriusqueanniversarius
3112 5086 3231 5163 dies
3266 5083 3454 5163 mense
3479 5083 3761 5163 Januario

555 5160 665 5231 (18)
688 5161 1213 5231 ίΎπερευκόμενος.
1249 5156 1400 5213 Hanc
1438 5173 1669 5231 vocem,
1705 5172 1829 5231 qua:
1870 5156 2062 5211 deerat

2241 5158 2413 5231 dibat.
2444 5158 2550 5212 Sed
2578 5157 2804 5231 minime
2836 5158 3065 5231 dubium
3092 5157 3449 5231 _quin__plures
3478 5158 3622 5231 alios
3657 5157 3762 5231 ba-

485 5232 539 5285 in
563 5225 756 5303 editis.
792 5225 1098 5303 reperimus
1129 5225 1185 5284 in
1217 5240 1349 5303 octo
1376 5244 1511 5303 mss.
1550 5225 1864 5282 codicibus.
2168 5227 2658 5303 bneritcmsarea.
2700 5225 2846 5303 _Nam
2876 5225 3177 5303 gregarius
3216 5225 3502 5303 Eyssenus
3541 5226 3599 5280 in
3634 5228 3764 5303 epi-

556 5301 665 5371 (19)
702 5297 1015 5371 Ἐπιθυμῷ.
1054 5299 1179 5355 Vat.
1226 5298 1559 5371 ἐπεθύμουν.
1603 5367 1614 5371 _
1671 5364 1775 5371 ____
1974 5366 1983 5371 _

2339 5299 2407 5353 de
2435 5300 2504 5371 iis
2532 5299 2626 5371 qui
2649 5297 2854 5353 adeunt
2884 5297 3287 5371 Hierosolyma,
3306 5297 3565 5371 declarat
3593 5297 3763 5371 plura
3827 5327 3833 5341 -

555 5364 668 5439 (eo)
698 5372 886 5439 Μέχρι
904 5364 1032 5424 τῶν
1048 5371 1383 5441 μαρτύρων.
1402 5364 1644 5441 coniicit
1671 5364 2059 5441 Tillemontius

2239 5364 2567 5439 npemodum'
2598 5383 2722 5441 esse
2758 5371 2957 5422 altaria
2986 5369 3060 5441 in
3099 5364 3469 5441 Cappadocia,
3500 5364 3671 5436 quam
3700 5370 3760 5423 in

487 5435 746 5496 BaSilium
776 5435 943 5497 curru
963 5435 1180 5497 vectqu
1213 5435 1384 5496 fuisse
1413 5438 1480 5492 ad
1512 5435 1831 5510 Memoriam
1867 5437 1923 5490 S.
1946 5435 2056 5510 Eu-
2165 5435 2286 5494 toto
2321 5447 2593 5495 terrarum
2633 5440 2787 5503 orbe,
2821 5449 2951 5492 tum.
2986 5437 3073 5507 Ill,
3106 5456 3158 5510 p.

488 5511 721 5584 psycbii.
758 5511 861 5567 Sed
898 5527 1006 5567 non
1031 5512 1303 5583 quadrant
1337 5519 1607 5580 tempora.
1655 5506 1874 5577 Scripta
1903 5509 2051 5563 enim
