3862 6220
1836 247 1897 304 S.
1938 248 2021 303 BA
2031 247 2183 304 διιιι
2226 246 2442 305 ΜΑΟΝΙ

3734 256 3833 310 7.

548 366 743 421 dicens
774 380 787 415 :
816 365 899 418 An
928 380 1010 419 me
1047 380 1153 420 non
1190 364 1469 432 timebitis,
1498 382 1587 437 qui
1618 382 1834 420 arenam
1867 368 2006 420 πιατὶ
2031 377 2124 422 ter-

2238 369 2525 440 προφήτης
2573 370 2636 420 ὲκ
2676 366 2969 439 προσώπου
3015 367 3222 438 Κυρίου
3263 364 3457 434 λέγων·
3506 366 3581 421 Ἦ
3627 366 3739 435 ἐμὲ
3763 370 3829 419 οὐ

551 458 754 511 minum
779 455 936 525 posui
959 455 1047 509 "3
1074 471 1198 509 nam
1228 456 1477 511 omnium
1504 457 1880 513 inﬁrmissima
1899 472 1964 512 ac
1990 457 2137 511 vilis-

548 550 689 604 sima
747 563 828 613 re,
888 563 1083 612 arena,
1141 550 1336 621 ingens
1389 564 1454 604 ac
1503 564 1670 621 grave
1724 550 1949 621 pelagus
2002 565 2138 605 con-

547 634 773 688 strinxit
798 632 1182 706 Omnipotens.
1231 636 1504 703 Quoniam
1537 639 1706 709 igitur
1739 648 1795 694 et
1821 655 1911 695 res
1936 648 2138 695 nostra:

551 727 636 782 sic
669 743 729 781 se
762 727 1006 796 habent;
1035 743 1134 797 par
1160 738 1282 785 erat
1321 745 1353 784 a
1407 740 1589 786 vestra
1617 732 1891 787 eharitate
1921 733 2137 802 aliquos

545 830 612 871 ex
657 820 937 887 germinis
995 819 1267 875 fratribus
1313 822 1661 876 continenter
1712 823 1879 888 mitti,
1908 824 2003 893 qui
2035 839 2137 877 nos

547 909 779 966 amiclos
825 912 1151 978 inviserent,
1199 924 1253 968 et
1300 920 1505 970 amicas
1548 916 1760 971 litteras
1794 915 1860 970 ad
1906 933 2006 973 nos
2041 932 2135 972 ve-

548 1002 671 1057 nire
705 1003 981 1071 crebrius,
1023 1022 1146 1077 quae
1195 1008 1395 1076 partim
1440 1008 1685 1063 studium
1725 1017 1976 1064 nostrum
2004 1023 2138 1063 con-

548 1094 854 1159 ﬁrmarent,
906 1101 1108 1167 partim
1157 1116 1311 1168 vero,
1363 1101 1549 1173 siqua
1594 1105 1647 1155 in
1693 1116 1752 1156 re
1785 1101 2134 1166 olTendimus,

547 1190 913 1257 corrigerent.
972 1190 1091 1245 Non
1141 1193 1289 1247 enim
1344 1209 1612 1264 negamus
1669 1210 1774 1249 nos
1831 1195 2138 1249 innumeris

546 1283 744 1337 erratis
785 1284 1058 1340 obnoxios
1098 1301 1246 1354 esse,
1299 1302 1426 1342 cum
1480 1288 1739 1344 homines
1779 1288 1957 1344 simus
1992 1288 2137 1343 etin

546 1387 715 1428 carne
738 1390 1011 1432 νινσιιιυε.

621 1643 677 1698 2.
735 1643 844 1700 Scd
892 1646 1020 1716 quia
1070 1647 1342 1717 superiori
1387 1654 1654 1719 tempore,
1696 1651 1780 1704 vel
1811 1651 1995 1706 minus
2052 1652 2128 1707 vi-

2237 460 2681 531 φοόηθήσεσθε,
2728 461 2837 514 τὸν
2877 459 3113 514 τιθέντα
3159 458 3356 528 ἅμμον
3401 456 3568 526 ὅριον
3609 457 3692 525 τῇ
3738 462 3832 512 θα-

2236 550 2445 621 λάσσῃ
2465 568 2484 614 ;
2502 551 2582 623 τῷ
2609 551 2719 624 γὰρ
2743 551 3122 622 ἀσθενεστάτῳ
3149 552 3366 606 πάντων
3396 549 3510 621 (27)
3535 550 3638 605 καὶ
3666 551 3833 603 εὐκα-

2236 648 2561 717 ταφρονήτῳ
2593 646 2911 717 πράγματι,
2943 648 3008 717 τῇ
3040 644 3281 715 ψάμμῳ,
3313 643 3414 714 τὴν
3451 643 3712 714 μεγάλην
3744 645 3835 696 καὶ

2240 736 2464 807 βαρεῖαν
2511 736 2789 792 θάλασσαν
2841 737 3105 809 ἐπέδησεν
3152 736 3182 788 ό
3230 735 3471 800 δυνατός.
3524 735 3685 788 Ἐπεὶ
3747 731 3835 788 οὖν

2236 829 2478 884 τοιοῦτόν
2526 831 2579 883 τί
2617 831 2735 883 ἐστι
2797 830 2892 883 καὶ
2936 830 2996 884 τὸ
3037 828 3161 883 καθ’
3207 831 3377 900 ἡμᾶς,
3427 827 3731 882 ἀκόλουθον
3770 823 3835 897 ἦν

2239 922 2391 995 παρά
2416 922 2516 993 τῆς
2551 923 2821 993 ὑμετέρας
2860 923 3081 992 ἀγάπης
3117 922 3213 976 κα)⁸
3248 921 3356 974 τῶν
3393 922 3639 992 γνησίων
3683 920 3837 983 τινὰς

2198 1048 2209 1061 ι
2240 1013 2665 1069 ἀποστέλλεσθαι
2699 1014 2938 1085 συνεχῶς
2968 1016 3047 1077 είς
3077 1014 3365 1083 ἐπίσκεψιν
3400 1013 3559 1083 ἡμῶν
3586 1012 3707 1065 τῶν
3734 1031 3832 1066 κα-

2239 1109 2692 1179 ταπονουμένων,
2750 1108 2844 1162 καὶ
2896 1108 3200 1180 γράμματα
3252 1104 3574 1177 ἀγαπητικά
3640 1107 3832 1174 φοιτᾷν

2239 1199 2375 1271 πρὸς
2417 1202 2562 1271 ἡμᾶς
2596 1200 2709 1270 (28)
2742 1201 3145 1270 συνεχέστερον,
3179 1198 3335 1252 τοῦτο
3368 1198 3464 1269 μὲν
3500 1198 3832 1269 στηρίζοντα

2238 1294 2395 1365 ἡμῶν
2416 1297 2514 1364 τὴν
2540 1294 2871 1369 προθυμίαν,
2892 1294 3049 1349 τοῦτο
3076 1295 3153 1357 δὲ,
3183 1296 3277 1348 καὶ
3304 1293 3357 1347 εἰ
3375 1312 3427 1346 τι
3452 1293 3829 1365 σφαλλόμεθα,

2239 1385 2683 1459 ἐπανορθούμενα
2734 1385 2867 1455 (‘29).
2924 1387 3036 1439 Οὑκ
3084 1384 3394 1456 ἀρνούμεθα
3442 1384 3552 1456 γάρ
3615 1384 3830 1456 μυρίοις

2241 1479 2551 1548 σφάλμασιν
2581 1479 2927 1544 ὑποκεῖσθαι,
2962 1476 3238 1550 ἄνθρωποι
3264 1478 3418 1538 ὄντες
3447 1479 3542 1530 καὶ
3566 1479 3630 1529 ἐν
3666 1477 3833 1546 σαρκὶ

2239 1571 2457 1636 ζῶντες.

2309 1662 2363 1717 2.
2394 1662 2531 1715 Ἀλλ’
2558 1662 2747 1735 ἐπειδὴ
2779 1661 2869 1716 τὸν
2896 1662 3001 1733 πρὸ
3019 1661 3207 1715 τούτου
3234 1660 3444 1731 χρόνον,
3472 1661 3505 1732 ἦ
3536 1659 3633 1714 διὰ
3665 1660 3731 1713 τὸ
3756 1660 3825 1730 μὴ

546 1735 739 1792 dentes
782 1736 915 1807 quid
962 1738 1203 1806 deceret,
1260 1756 1370 1795 non
1427 1743 1765 1811 praestitistis
1809 1760 1932 1814 qua:
1973 1744 2124 1800 nobis

2242 1757 2473 1811 συνιδεῖν
2496 1757 2558 1810 τὸ
2591 1723 2825 1829 πρέπον,
2866 1723 3197 1827 παρελίπετε
3234 1723 3346 1824 (50)
3389 1755 3459 1807 τὰ
3495 1723 3827 1825 όφειλόμένα

522 1836 911 1902 debebantur,
964 1837 1165 1891 fratres
1195 1836 1248 1889 in
1282 1837 1477 1906 primis
1497 1837 1743 1904 colendi,
1778 1839 1863 1892 vel
1900 1837 2137 1892 nonnul-

546 1929 726 1985 lorum
775 1930 833 1985 in
889 1945 994 1985 nos
1038 1930 1337 1985 calumniis
1386 1931 1754 2001 pmoccupati
1796 1931 1991 2003 dignos
2027 1946 2137 1985 non

541 2023 877 2093 iudicastis,
927 2038 1068 2094 quos
1120 2038 1187 2077 ex
1240 2021 1515 2077 charitate
1573 2023 1931 2091 inviseretis;
2004 2039 2137 2079 ecce

546 2132 693 2171 nunc
732 2117 946 2188 priores
998 2115 1299 2171 scribimus
1338 2135 1352 2170 :
1387 2131 1451 2170 ac
1480 2116 1630 2170 illata
1677 2116 1838 2173 nobis
1875 2117 2134 2181 crimina,

546 2209 871 2280 profitemur
887 2216 1109 2280 paratos
1131 2225 1274 2274 esse,
1295 2224 1485 2263 coram
1508 2209 1666 2265 vobis
1688 2209 1902 2264 diluere
1928 2226 1943 2273 ;
1972 2210 2134 2266 modo

546 2310 762 2357 tantum
797 2301 1145 2357 adducantur
1176 2302 1271 2371 qui
1320 2301 1483 2355 nobis
1514 2300 1777 2371 injuriam
1812 2301 2045 2368 faciunt,
2077 2310 2137 2357 ut

546 2400 741 2448 contra
783 2408 887 2447 nos
943 2390 1175 2446 adversa
1234 2390 1417 2446 fronte
1462 2406 1652 2445 coram
1702 2400 1885 2447 vestra
1933 2394 2136 2463 pietate

545 2484 834 2556 prodeant.
869 2483 1004 2538 Nam
1052 2491 1108 2538 et
1155 2499 1257 2539 nos
1287 2484 1525 2538 convicti
1556 2494 1839 2553 peccatum
1883 2493 2133 2539 nostrum

545 2592 910 2647 agtmscemus
939 2595 953 2631 :
979 2586 1033 2631 et
1063 2575 1221 2630 vobis
1246 2584 1538 2646 Postquam
1564 2576 1802 2630 convicti
1838 2575 2131 2641 fuerimus,

543 2667 706 2722 venia
759 2667 864 2721 erit
915 2668 1060 2739 apud
1115 2665 1432 2732 Dominum,
1473 2666 1621 2737 quod
1675 2681 1775 2721 vos
1822 2682 1890 2722 ex
1937 2678 2133 2721 nostra

544 2766 899 2831 peccatorum
946 2759 1341 2813 communione
1396 2758 1784 2813 subtraxeritis
1848 2779 1861 2813 :
1923 2768 1979 2814 et
2033 2776 2129 2830 qui

543 2851 905 2913 convicerint,
948 2850 1259 2905 mercedem
1302 2850 1598 2913 habebunt,
1633 2861 1691 2904 ut
1730 2852 1823 2921 qui
1856 2851 2131 2907 occultam

543 2951 799 2998 nostram
855 2943 1122 2997 malitiam
1175 2944 1559 3014 patefecerint.
1605 2940 1714 2998 Sed
1747 2944 1793 2999 si
1839 2952 2132 3015 antequam

544 3038 969 3105 convincamur,
1008 3052 1112 3092 nos
1141 3037 1522 3093 condemnetis
1550 3054 1566 3104 ;
1601 3053 1703 3093 nos
1732 3036 1951 3107 quidem
1994 3036 2129 3091 nihil
2158 3075 2200 3133 ε

542 3129 831 3194 lademur,
865 3131 974 3185 nisi
1027 3131 1175 3201 quod
1221 3130 1299 3185 rei
1348 3131 1595 3185 omnium
1648 3130 1811 3185 nobis
1849 3131 2131 3200 pretiosis-

541 3226 731 3288 simae,
767 3224 1055 3278 charitatis
1081 3223 1367 3278 vobiscum
1401 3222 1818 3286 intercedentis,
1852 3222 2127 3291 jacturam

540 3313 812 3369 faciemus
850 3331 863 3368 :
899 3328 1000 3368 vos
1031 3327 1162 3368 vero
1204 3321 1258 3367 et
1300 3313 1403 3365 hoc
1434 3310 1574 3365 idem
1620 3312 1755 3382 pati,
1795 3312 1839 3366 si
1883 3326 1983 3365 nos
2016 3327 2128 3365 non

538 3405 817 3469 habeatis,
858 3412 912 3459 et
953 3419 1079 3458 cum
1119 3403 1278 3474 301
1334 3402 1628 3475 Evangelio
1673 3403 1995 3458 videbimini
2028 3419 2129 3473 pu-

539 3515 715 3572 gnare
758 3499 963 3555 dicenti
1021 3516 1035 3551 :
1079 3496 1336 3569 Nunquid
1383 3497 1469 3551 lea:
1516 3506 1699 3550 nostra
1722 3496 1935 3565 judicat
1964 3495 2130 3551 homi-

538 3605 681 3654 nem,
735 3590 840 3644 nisi
884 3590 1035 3658 prius
1096 3587 1350 3653 audierit,
1412 3599 1461 3643 et
1516 3589 1809 3658 cognouerit
1856 3588 1985 3660 quid
2039 3589 2127 3659 fa-

536 3683 647 3738 ciat
676 3683 761 3737 ³⁸⁸2
798 3682 865 3736 Ει
912 3683 1006 3753 qui
1052 3683 1108 3737 in
1156 3697 1259 3737 nos
1301 3681 1609 3735 calumnias
1650 3680 1899 3745 eiTundit,
1932 3698 2122 3737 eorum

537 3790 665 3849 quae
694 3776 830 3831 dicit
878 3784 1204 3846 argumenta
1249 3790 1359 3829 non
1408 3774 1719 3844 proferens,
1753 3774 2125 3844 comperietur

535 3868 645 3923 sibi
696 3868 815 3938 ipse
862 3883 1065 3921 nomen
1109 3881 1338 3937 pravum
1390 3865 1669 3921 asciscere
1728 3881 1796 3921 ex
1838 3866 2123 3936 illegitimo

536 3960 837 4015 verborum
888 3975 1014 4014 usu.
1049 3957 1495 4012 Calumniantem
1530 3958 1675 4012 enim
1718 3960 1998 4028 quomodo
2026 3974 2122 4013 vo-

536 4067 668 4106 care
698 4052 978 4114 convenit,
1008 4050 1115 4105 nisi
1151 4050 1199 4103 ei
1245 4063 1575 4117 cognomen,
1611 4049 1758 4118 quod
1799 4065 1869 4105 ex
1913 4050 2029 4129 ipsa
2062 4064 2121 4104 re

536 4143 847 4216 profitetur,
886 4140 1268 4213 imponendo?
1311 4138 1498 4208 Neque
1548 4140 1715 4209 igitur
1755 4141 1801 4195 is
1840 4141 1932 4211 qui
1961 4141 2119 4195 nobis

536 4235 902 4296 conviciatur,
932 4232 1189 4287 diabolus
1230 4231 1324 4293 sit,
1351 4231 1447 4285 sed
1476 4238 1771 4285 accusator
1799 4250 1813 4286 ε
1846 4231 1958 4285 imo
1990 4246 2119 4287 vero

604 4406 652 4439 "
699 4404 812 4461 Jer.
853 4420 908 4471 ν,
950 4402 1041 4459 22.
1117 4402 1163 4434 ⁸⁸
1191 4400 1350 4457 Joan.
1389 4418 1486 4466 vn,
1530 4403 1618 4457 51.

604 4563 718 4637 (27)
738 4562 1017 4637 [hirter
1038 4561 1197 4637 Deest
1220 4559 1416 4637 in_Vat.
1448 4567 1502 4613 et
1527 4560 1744 4637 dnuobus
1772 4560 1916 4637 aliis.
1948 4561 2117 4637 Paulo

531 4630 660 4706 post
702 4630 835 4706 editi
872 4632 1082 4706 τοιοῦτό
1128 4649 1200 4686 τι.
1247 4632 1488 4700 Uterque
1540 4630 1713 4684 Coisl.
1764 4640 1821 4685 ct
1875 4630 2026 4686 Harl.
2064 4644 2120 4689 et

534 4703 764 4775 uterque
792 4705 924 4774 Reg.
959 4703 1108 4775 ut-in
1136 4710 1312 4775 textu.

603 4769 716 4848 (28)
739 4769 1273 4848 def_1iya’,q._l‘lditi
1308 4769 1516 4848 addunt
1540 4769 1963 4848 ἐπι-τρέψασθαι.
2000 4771 2118 4828 1)υο

531 4842 664 4903 mss.
700 4842 1049 4916 ἐπιτρέψατε.
1088 4842 1192 4897 Sed
1243 4842 1954 4916 mn_l_to__commodi_us‘hoc
1994 4860 2118 4916 ver-

531 4919 660 4974 bum
703 4911 857 4972 dees't
892 4911 945 4969 in
979 4915 1284 4974 Harl-mana,
1322 4911 1579 4966 Medicam
1606 4918 1660 4964 et
1704 4911 1921 4968 duobus
1966 4914 2112 4971 aliis.

602 4988 715 5059 (‘29)
764 4986 1301 5059 ‘Enezropdodusra.
1344 4984 1422 5035 lta
1464 4981 1641 5046 Μαι-1.,
1678 4980 1820 5038 Med.
1857 4994 1911 5039 et
1941 4983 2110 5041 Coisl.

530 5054 761 5129 prinnis.
789 5054 1337 5129 Εαίιὶδιορθούμενα.
1369 5122 1411 5129 __
1482 5124 1496 5129 _
1691 5122 1721 5129 _
1767 5125 1778 5129 _
1817 5124 1830 5129 -
1973 5126 1982 5129 _
2035 5076 2045 5089 .

602 5130 713 5201 (50)
765 5122 1313 5201 llapsﬂnégq‘Sic
1369 5122 1519 5201 Harl.
1573 5133 1627 5179 ct
1682 5122 1853 5201 quisi.
1901 5126 2113 5201 pijmus

528 5194 653 5254 cun;
684 5194 865 5253 tribus
896 5199 1041 5251 aliis.
1068 5194 1673 5266 Εᾱίιὶηπαραλείπεται.
1706 5194 1915 5249 Ibidem
1941 5197 2110 5261 Coisl.

528 5286 738 5339 primus
778 5276 834 5339 et
878 5270 970 5322 alii
1003 5264 1370 5339 nonnullich
1417 5265 1743 5334 ὀφειλόμενα
1801 5266 1949 5339 ὑμῖν.
2006 5266 2113 5322 Sed

527 5336 865 5409 praeferenda
942 5339 1159 5393 videtur
1219 5336 1452 5390 aliorum
1516 5352 1652 5392 mss.
1712 5345 1768 5391 et
1838 5338 2111 5391 editorum

526 5420 821 5465 εει-ιοιυτα.

597 5426 969 5549 adiutam.
1001 5476 1077 5549 ita
1110 5495 1243 5535 mss.
1278 5487 1422 5533 octo.
1458 5476 1601 5530 Editi
1630 5475 2104 5549 Epwsgibidem

524 5547 657 5607 editi
691 5547 867 5621 μόνως
889 5551 1002 5603 ἐάν.
1035 5548 1212 5614 Harl.,
1252 5550 1423 5605 Coisl.
1458 5547 1688 5618 primus
1715 5558 1770 5603 et
1814 5547 1909 5600 alii
1960 5565 2103 5603 non-

525 5622 662 5675 nulli
688 5629 745 5674 ut
769 5624 823 5674 in
856 5629 1031 5675 textu.

595 5690 704 5762 (52)
747 5689 869 5746 Τῶν
894 5690 1277 5760 ἁμαρτωλῶν.
1308 5688 1457 5743 Harl.
1508 5689 1614 5742 τῶν
1651 5687 1959 5761 ἁμαρτιῶν.

2239 1852 2391 1923 ἡμῖν,
2453 1849 2675 1921 ἀδελφοὶ
2727 1848 3139 1921 τιμιώτατοι,ῆ
3194 1849 3392 1902 διά⁶τδ
3439 1848 3823 1920 προληφθῐψαι

2237 1942 2391 2015 παρά
2420 1959 2581 1996 τινων
2607 1943 2687 2005 είς
2720 1942 2818 2005 τὰς
2857 1941 2978 1995 καθ’
3005 1940 3160 2011 ἡμῶν
3195 1939 3474 2004 διαϐολὰς,
3506 1940 3610 1992 οὑκ
3644 1940 3828 2010 ἐνομί-

2238 2051 2368 2088 σάτε
2416 2035 2564 2104 ἡμᾶς
2621 2032 2805 2099 ἀξίους
2859 2028 2998 2086 εἶναι
3050 2032 3399 2102 ἀγαπητικῆς
3452 2030 3826 2101 ἐπισκέψεως·

2240 2124 2348 2178 ἰδοὺ
2388 2122 2483 2176 νῦν
2512 2123 2608 2176 καὶ
2643 2122 2992 2192 κατάρχομεν
3025 2120 3119 2173 τοῦ
3152 2120 3478 2190 γράμματος
3508 2120 3705 2187 αὑτοὶ,
3737 2121 3832 2173 καὶ

2234 2215 2335 2278 τάς
2374 2214 2780 2285 ἐπιφερομένας
2816 2215 2946 2285 ἡμῖν
2979 2213 3157 2271 αἰτίας
3188 2211 3555 2284 ὁμολογοῦμεν
3590 2212 3832 2283 ἑτοίμως

2234 2306 2379 2378 ἔχειν
2403 2306 2515 2376 (51)
2544 2304 2633 2373 ὑφ’
2659 2305 2812 2375 ὑμῶν
2838 2300 3228 2356 ἀποδύσασθαι·
3266 2303 3427 2374 μόνον
3456 2302 3553 2355 ἐὰν
3589 2302 3826 2356 καταδέ-

2234 2416 2432 2470 χωνται
2470 2398 2520 2450 οἱ
2555 2395 2868 2469 ὑϐρίζοντες
2905 2396 3075 2467 ἡμᾶς,
3107 2395 3512 2467 ἀντιπρόσωποι
3550 2396 3689 2464 ἡμῖν
3735 2395 3824 2447 ἐπὶ

2232 2492 2333 2561 τῆς
2380 2489 2652 2561 ὑμετέρας
2700 2487 2988 2550 εὐλαϐείας
3033 2488 3390 2558 καταστῆναι.
3443 2486 3825 2558 Ἐλεγχθέντες

2239 2584 2337 2653 μὲν
2377 2581 2485 2654 γὰρ
2531 2581 2625 2635 καὶ
2663 2582 2822 2652 ἡμεῖς
2860 2579 2959 2651 τὴν
3005 2580 3280 2653 ἁμαρτίαν
3328 2579 3483 2651 ἡμῶν
3522 2580 3826 2647 ἐπιγνωσό-

2238 2673 2397 2744 μεθα·
2449 2672 2545 2725 καὶ
2591 2675 2749 2742 ὑμεῖς
2808 2670 2946 2742 μετά
2999 2672 3124 2734 τοὺς
3179 2673 3435 2742 ἐλέγχους
3488 2672 3824 2744 συγγνώμην

2234 2767 2384 2834 ἕξετε
2419 2765 2570 2837 παρά
2609 2765 2686 2836 τῷ
2718 2765 2929 2836 Κυρίῳ,
2966 2767 3030 2819 ἐκ
3068 2766 3167 2837 τῆς
3196 2765 3304 2817 τῶν
3338 2764 3680 2837 ἁμαρτωλῶν
3712 2766 3821 2831 (52)

2236 2858 2392 2931 ⁴ἡμῶν
2416 2858 2700 2921 κοινωνίας
2730 2859 2958 2921 ἑαυτοὺς
2978 2856 3415 2920 ὑποστέλλοντες’
3457 2857 3550 2909 καὶ
3584 2859 3636 2910 οἱ
3672 2857 3821 2925 ἐλέγ-

2238 2948 2447 3016 ξαντες,
2492 2947 2683 3018 μισθδν
2717 2946 2948 3011 ἕξουσιν,
2990 2946 3065 3010 ὡς
3100 2947 3198 3018 τὴν
3237 2947 3633 3018 κεκρυμμένην
3667 2946 3820 3017 ἡμῶν

2235 3040 2433 3095 κακίαν
2481 3038 2959 3111 δημοσιεύσαντες.
3001 3038 3126 3092 Ἐὰν
3163 3037 3221 3091 δὲ
3268 3036 3373 3109 πρὸ
3418 3036 3528 3089 τῶν
3579 3036 3815 3108 ἐλέγχων

2237 3132 2636 3204 καταδικάζητε
2670 3134 2842 3205 ἡμᾶς,
2890 3135 3055 3203 ἡμεῖς
3096 3132 3195 3202 μὲν
3234 3131 3383 3184 οὑδέν
3427 3131 3668 3202 ἐσόμεθα
3710 3132 3819 3203 ηδι-

2236 3226 2486 3299 κημένοι,
2524 3227 2681 3291 ἐκτὸς
2720 3226 2814 3279 τοῦ
2851 3223 3194 3297 ζημιωθῆναι
3224 3223 3285 3277 τδ
3319 3224 3538 3278 πάντων
3572 3227 3706 3296 ἡμῖν
3745 3244 3816 3278 τι-

2239 3319 2509 3390 μιώτατον
2548 3318 2734 3389 κτῆμα
2764 3317 2861 3389 τὴν
2886 3318 3024 3389 πρὸς
3044 3317 3186 3387 ὑμᾶς
3213 3317 3433 3387 ἀγάπην
3462 3318 3599 3388 (55).
3629 3317 3818 3387 Ὑμεῖς

2233 3411 2310 3474 δὲ,
2343 3409 2437 3464 καὶ
2466 3409 2626 3463 τοῦτο
2657 3409 2788 3462 αὑτὸ
2815 3408 3097 3462 πείσεσθαι
3135 3408 3243 3478 (54)
3277 3409 3424 3481 ἡμᾶς
3451 3409 3553 3461 οὑκ
3581 3409 3815 3480 ἔχοντες,

2234 3502 2328 3556 καὶ
2354 3499 2432 3571 τῷ
2462 3499 2783 3568 Εὑαγγελίῳ
2819 3498 2999 3565 δόξετε
3043 3496 3309 3568 μάχεσθαι
3341 3495 3418 3566 τῷ
3451 3496 3682 3549 εἰπόντι·
3721 3496 3814 3565 Μὴ

2232 3597 2266 3647 ὀ
2281 3596 2462 3663 νόμος
2481 3591 2652 3663 ἡμῶν
2669 3592 2856 3660 κρίνει
2878 3591 2985 3644 τὸν
2999 3589 3331 3659 ἄνθρωπον,
3348 3589 3457 3643 ἐὰν
3471 3589 3559 3658 μὴ
3577 3590 3812 3659 ἀκούσῃ

2231 3685 2486 3753 πρῶτον,
2528 3683 2627 3737 καὶ
2663 3681 2783 3754 γνῷ
2818 3683 2877 3735 τί
2915 3681 3105 3744 ποιεῖ;
3142 3681 3198 3734 ‘0
3230 3680 3287 3733 δὲ
3327 3681 3613 3750 καταχέων
3656 3682 3809 3751 ἡμῶν

2228 3777 2329 3841 τὰς
2374 3776 2663 3844 λοιδορίας,
2710 3775 2801 3827 τὸν
2851 3773 2908 3827 δὲ
2953 3773 3061 3827 τῶν
3105 3772 3413 3842 λεγομένων
3469 3772 3696 3843 ἔλεγχον
3740 3774 3810 3844 μὴ

2229 3869 2484 3937 ἐπάγων,
2544 3868 2844 3939 φανήσεται
2903 3866 3146 3936 πονηρὰν
3201 3862 3381 3934 ἐαυτῷ
3437 3866 3810 3937 προσηγορίαν

2228 3958 2560 4029 ἐπενεγκὼν,
2602 3962 2665 4012 ἐκ
2693 3958 2796 4028 τῆς
2828 3957 3029 4011 ἀτόπου
3057 3956 3163 4009 τῶν
3195 3956 3367 4025 λόγων
3405 3960 3674 4027 χρήσεως.
3709 3958 3810 4012 Τὸν

2226 4052 2337 4124 γὰρ
2381 4049 2736 4105 διαϐάλλοντα
2779 4047 2895 4112 πῶς
2949 4046 3123 4111 ἄλλως
3178 4046 3451 4117 προσῆκεν
3502 4046 3804 4117 ὀνομάζειν,

2225 4141 2259 4214 ἢ
2290 4143 2410 4213 οὐχ).
2440 4142 2506 4213 ἢν
2529 4142 2588 4208 ἐξ
2623 4139 2787 4193 αὑτοῦ
2813 4138 2908 4191 τοῦ
2943 4138 3269 4209 πράγματος
3300 4136 3609 4208 ἐπιτηδεύει
3641 4155 3804 4211 προσ-

2226 4234 2455 4306 ηγορίαν
2506 4230 2655 4301 αὑτῷ
2706 4229 3059 4301 τιθεμένους;
3120 4229 3276 4298 Μήτε
3327 4223 3422 4281 οὖν
3477 4229 3509 4282 ό
3559 4227 3803 4300 λοιδορῶν

2296 4564 2408 4635 (55)
2455 4560 2577 4635 Τὴν
2609 4560 2761 4629 πρὸς
2792 4558 2945 4635 ὑμᾶς
2969 4559 3232 4635 ἀγξάπιηνξἶ
3274 4560 3638 4635 coi_nl)_elisius
3678 4575 3801 4629 pro-

2224 4630 2443 4689 nuntiat
2468 4633 2624 4701 plane
2648 4634 2922 4703 legeudum
2952 4633 3088 4703 πρὸς
3113 4631 3283 4701 ἡμᾶς.
3342 4630 3446 4683 Sed
3481 4632 3617 4703 nihil
3650 4647 3799 4703 pror-

2220 4722 2316 4761 sus
2365 4703 2709 4757 mutandnm.
2743 4701 2839 4757 His
2886 4701 3031 4756 enim
3080 4704 3285 4765 verbis,
3323 4703 3422 4771 τὴν
3466 4701 3605 4772 πρὸς
3658 4702 3798 4772 ὑμᾶς

2217 4775 2468 4846 ἀγάπην,
2521 4775 2793 4846 designat
2826 4773 3062 4846 Basilius
3119 4773 3450 4846 charilalem
3515 4773 3621 4846 sibi
3674 4788 3793 4825 eum

2217 4841 2506 4900 niaritiinis
2553 4841 2830 4913 episcopis
2889 4843 3336 4897 intercedentem.
3397 4841 3577 4913 Simili
3633 4858 3793 4897 sensu

2213 4919 2447 4987 legimus
2495 4917 2549 4987 in
2583 4912 2745 4985 epist.
2802 4913 2929 4977 245,
2967 4914 3064 4987 τὴν
3104 4913 3236 4985 πρὸς
3271 4912 3331 4987 σε
3371 4912 3618 4987 ἀγάπην,
3664 4915 3792 4987 ᾳηιὶτ

2212 4980 2396 5040 εἱῖἱαηι
2428 4986 2554 5039 mihi
2590 4980 2757 5039 tecum
2808 4980 3229 5038 intercedentem.
3282 4980 3434 5038 Unde
3466 4980 3633 5037 etiam
3665 4984 3791 5037 illud

2213 5058 2488 5112 Plutarchi
2533 5058 2586 5109 in
2621 5057 2762 5109 libro
2801 5055 2937 5126 Περὶ
2980 5054 3443 5126 πολυφιλίας-,ηδ
3474 5055 3680 5124 σφόδρα
3712 5070 3791 5121 φι-

2211 5129 2323 5182 λεῖν
2355 5129 2448 5180 καὶ
2478 5127 2748 5196 φιλεῖσθαι
2774 5124 2908 5197 πρὸς
2945 5125 3173 5189 πολλοὺς
3202 5126 3301 5178 οὐκ
3329 5124 3496 5183 ἐστιν.
3533 5132 3763 5180 vellemet:

2213 5209 2292 5253 ter
2316 5198 2536 5269 diligrre
2563 5214 2624 5250 ac
2655 5198 2970 5269 diligipinter
2999 5197 3193 5269 multus
3226 5213 3329 5249 non
3355 5197 3633 5269 contingit.

2282 5270 2393 5340 (54)
2417 5264 2775 5321 ’Πείσεσθαιζ
2797 5267 2899 5340 Sic
2930 5282 3054 5340 cum
3090 5266 3274 5340 _Harl.
3311 5306 3326 5330 ,
3376 5264 3498 5318 Vat.
3532 5274 3587 5340 et
3623 5266 3784 5322 Cois].

2213 5336 2390 5409 primo
2421 5340 2672 5409 legimus,
2717 5336 3005 5409 referendo
3038 5337 3103 5409 ad
3146 5341 3372 5409 verbum
3416 5336 3563 5405 quod
3616 5340 3787 5409 sequi-

2211 5408 2322 5475 tur,
2349 5408 2543 5480 nempe
2572 5409 2774 5474 δόξετε.
2808 5408 2954 5480 Editi
2987 5408 3261 5480 πείσεσθε.
3299 5408 3470 5480 Paulo
3496 5419 3619 5475 pUSl
3644 5408 3782 5480 Med.

2209 5490 2265 5536 et
2318 5477 2494 5551 CoislI
2551 5483 2760 5551 primus
2814 5481 2843 5533 ὁ
2894 5479 3059 5551 νόμος
3122 5478 3296 5551 ὑμῶν,
3355 5477 3581 5551 Legitur
3636 5478 3782 5551 ἡμῶν

2204 5548 2603 5676 ἱιιίΗαιθιωειιὶο
2642 5550 2853 5608 codice.
2910 5548 3171 5617 Quatuor
3206 5549 3301 5605 alii
3359 5565 3496 5633 mss.
3551 5548 3582 5600 ὁ
3632 5550 3782 5617 νόμος

2206 5640 2276 5676 κο
2307 5640 2405 5676 νει.

2206 5640 2405 5678 κοινει.
