3852 6220
39 242 139 296 ’μί
966 243 1462 301 EPISTOLARUM
1500 245 1788 303 CLASSIS
1824 246 1889 304 Il.
1928 247 2148 305 EPIST.
2186 248 2368 306 CCIII.
3228 254 3333 308 τη

38 358 193 429 ἡμᾶς
245 356 500 422 διάὸολος
548 356 711 423 ἔστω,
763 357 900 412 ἀλλὰ
954 362 1285 432 κατήγορος⁸
1339 360 1540 433 μᾶλλον
1589 360 1630 415 δι

1748 377 1929 432 neque
1976 363 2322 418 accusatoris
2366 359 2606 431 accipiat
2639 375 2864 429 nomen,
2911 360 3008 419 sed
3051 362 3223 419 frater
3256 367 3329 422 sit

46 450 184 521 μηδὲ
210 449 285 503 τὸ
312 447 408 505 τοῦ
428 449 736 522 κατηγόρου
768 450 1007 522 δεχέσθω
1034 451 1227 523 ὄνομα,
1270 453 1386 507 ἀλλ’
1416 453 1630 523 ἁδελφὸς

1748 453 2057 510 admonens
2106 454 2164 509 in
2208 454 2500 517 cbaritate,
2551 462 2607 508 et
2648 453 2719 509 ad
2763 455 3199 511 emendationem
3234 471 3326 512 ar-

42 540 187 594 εστω
216 540 287 594 ὲν
309 540 496 613 ἀγάπη
528 540 793 595 νουθετῶν
814 580 830 604 ,
867 542 963 596 κα)⁵
994 545 1085 597 ἐπὶ
1111 543 1394 616 διορθώσει
1419 546 1630 614 ἐπάγων

1747 561 1921 616 gneus
1946 564 1962 613 ;
1987 561 2165 617 neque
2195 561 2295 602 vos
2332 547 2710 602 conviciorum
2746 546 3028 604 auditores
3058 549 3202 614 sitis,
3230 549 3325 608 sed

40 630 133 683 τὸν
182 630 437 701 ἔλεγχον·
495 632 631 702 μήτε
686 632 845 703 ὑμεῖς
901 635 1182 706 λοιδοριῶν
1256 636 1488 707 γένησθε
1525 638 1630 707 (55]

1747 646 2198 707 argumentorum
2225 637 2442 706 judices
2482 656 2496 693 :
2531 653 2713 708 neque
2750 654 2853 693 nos
2885 640 3124 694 incurati
3158 640 3328 696 relin-

42 723 347 793 ἀκροαταὶ,
413 722 531 777 ἀλλ’
586 724 823 795 ἐλέγχων
874 726 1200 798 δοκιμασταί
1221 746 1235 760 ·
1285 731 1420 801 μήτε
1476 732 1640 801 ἡμεῖς

41 814 401 885 ἀνιάτρευτοι
431 815 911 890 καταλειφθῶμεν,
947 820 1022 891 μὴ
1055 821 1465 892 φανερουμένης
1501 825 1635 894 ημῖν

40 907 140 977 τῆς
160 907 451 977 ἁμαρτίας
498 907 679 979 ἡμῶν.

90 999 166 1053 .3.
203 999 308 1069 Μὴ
328 998 439 1070 γάρ
476 999 686 1064 ἐκεῖνος
708 1001 853 1073 ὑμᾶς
883 1002 912 1053 ὁ
938 1001 1197 1073 λογισμὸς
1222 1005 1519 1075 κατεχέτω,
1553 1005 1637 1058 ὅτι

39 1090 91 1142 oi
119 1090 225 1160 τὴν
250 1091 529 1161 παραλίαν
548 1092 823 1156 οἰκοῦντες
849 1092 955 1157 ἔξω
984 1096 1149 1166 ἐσμὲν
1177 1095 1272 1149 τοῦ
1300 1097 1501 1162 πάθους
1530 1097 1637 1151 τῶν

41 1181 287 1247 πολλῶν,
313 1184 409 1237 καὶ⁵
427 1183 580 1238 οὐδὲν
611 1187 711 1255 τῆς
752 1187 881 1256 παρ’
915 1187 1116 1258 ἐτέρων
1159 1189 1474 1260 ἐπικουρίας
1519 1190 1636 1243 δεό-

44 1271 206 1342 μεθα·
243 1271 394 1327 ὥστε
421 1276 504 1338 τίς
535 1277 665 1346 ἡμῖν
697 1277 856 1347 χρεία
891 1281 989 1348 τῆς
1024 1279 1160 1350 πρὸς
1190 1280 1410 1352 ἑτέρους
1446 1298 1636 1335 κοινω-

41 1363 189 1428 νίας;
223 1364 291 1417 Ὀ
315 1364 427 1436 γὰρ
448 1365 653 1438 Κύριος
672 1368 774 1432 τὰς
803 1370 900 1439 μὲν
922 1371 1122 1440 νήσους
1145 1371 1244 1441 τῆς
1272 1371 1380 1443 (56)
1405 1372 1634 1443 ἠπείρου

41 1453 128 1506 διὰ
162 1454 450 1524 θαλάσσης
480 1456 747 1529 διέστησε,
774 1461 901 1524 τοὺς
929 1460 985 1514 δὲ
1026 1460 1296 1531 νησιώτας
1332 1465 1443 1526 τοῖς
1480 1464 1636 1533 ήπει-

45 1545 251 1616 ρώταις
270 1548 364 1601 διὰ
375 1549 475 1618 τῆς
493 1549 715 1621 ἀγάπης
735 1551 1045 1622 συνέδησεν.
1066 1553 1231 1609 Οὐδὲν
1246 1556 1278 1624 ή
1289 1555 1394 1623 μᾶς
1414 1553 1636 1625 χωρίζει

41 1638 135 1691 ἀπ’
161 1638 442 1709 ἀλλήλων,
474 1640 715 1711 ἀδελφοὶ,
749 1642 843 1696 ἐὰν
869 1641 944 1713 μὴ
972 1645 1037 1714 τῇ
1068 1644 1382 1714 προαιρέσει
1414 1645 1502 1697 τὸν
1531 1662 1638 1715 χω-

1743 746 2002 799 quamur,
2036 738 2232 785 nostro
2253 730 2416 785 nobis
2452 744 2563 784 non
2584 731 2826 787 indicato
2856 731 3087 788 delicto.

1820 1012 1875 1067 ὅ.
1909 1009 2031 1066 Νοιι
2060 1012 2206 1066 enim
2235 1028 2335 1069 vos
2370 1014 2459 1068 illa
2487 1015 2746 1085 cogitatio
2773 1016 3016 1071 detineat
3049 1035 3064 1073 :
3095 1015 3206 1074 Nos
3231 1020 3325 1089 qui

1747 1102 2022 1156 maritima
2062 1104 2186 1158 loca
2230 1106 2543 1171 incolimus,
2586 1115 2743 1160 extra
2778 1109 3076 1161 multorum
3120 1111 3324 1164 malum

1746 1208 1959 1257 sumus,
2009 1210 2110 1248 nec
2156 1196 2391 1251 aliorum
2444 1197 2755 1268 indigemus
2810 1199 3018 1252 auxilio
3070 1217 3084 1253 :
3130 1216 3327 1270 quam-

1744 1284 1933 1339 obrem
1971 1285 2106 1355 quid
2150 1287 2313 1341 nobis
2346 1302 2486 1357 opus
2520 1298 2605 1343 est
2638 1298 2764 1342 cum
2802 1290 2925 1345 aliis
2964 1291 3325 1346 communio?

1746 1374 2015 1432 Dominus
2060 1377 2206 1432 enim
2256 1380 2470 1434 insulas
2511 1380 2735 1449 quidem
2788 1396 2819 1435 a
2867 1383 3184 1437 continente
3231 1398 3326 1453 per

1745 1483 1896 1522 mare
1925 1469 2116 1523 divisit
2147 1485 2160 1522 :
2208 1470 2512 1525 insularum
2542 1487 2671 1526 vero
2709 1472 2920 1527 incolas
2955 1489 3054 1543 per
3083 1476 3325 1530 charita—

1744 1568 1852 1615 tem
1884 1575 2010 1614 cum
2047 1562 2250 1618 incolis
2289 1562 2625 1617 continentis
2670 1562 2877 1632 junxit.
2922 1562 3069 1618 Nihil
3118 1582 3219 1621 nos
3256 1568 3325 1621 ab

1742 1651 2000 1716 invicem,
2059 1652 2281 1717 fratres,
2338 1663 2587 1724 separat,
2652 1655 2755 1709 nisi
2814 1656 2985 1710 animi
3041 1661 3324 1727 proposito

43 1729 244 1799 ρισμδν
268 1728 618 1800 ὑποστῶμεν.
642 1726 738 1794 Εἷς
765 1733 922 1803 ἡμῶν
947 1732 1171 1817 Κύριος,
1198 1734 1295 1805 μία
1321 1734 1521 1800 πίστις,
1550 1734 1630 1788 ἐλ-

1743 1745 2135 1800 dissociemur.
2162 1745 2319 1801 Unus
2340 1747 2501 1802 nobis
2527 1754 2612 1803 est
2639 1745 2925 1815 Dominus,
2964 1765 3070 1803 una
3099 1751 3232 1806 fides
3254 1752 3323 1819 ⁸¹,

39 1821 133 1884 πὶς
161 1824 195 1892 ή
232 1822 401 1894 αὐτή.
435 1823 560 1878 Εἴτε
585 1825 827 1897 κεφαλὴν
859 1828 1087 1891 ἑαυτοὺς
1115 1827 1214 1898 τῆς
1249 1828 1479 1883 καθόλου
1516 1829 1638 1882 Ἐκ-

40 1911 278 1982 κλησίας
306 1911 611 1982 λογίζεσθε,
632 1916 701 1969 οὐ
738 1914 960 1971 δύναται
1000 1919 1033 1987 ή
1075 1918 1285 1989 κεφαλὴ
1318 1918 1491 1972 εἰπεῖν
1524 1921 1636 1982 τοῖς

41 2004 187 2069 ποσὶ,
230 2004 444 2075 Χρείαν
472 2005 626 2077 ὑμῶν
663 2008 764 2061 οὐκ
795 2007 923 2079 ἔχω’
949 2010 1061 2063 εἴτε
1101 2010 1194 2063 καὶ
1226 2011 1284 2063 ἐν
1313 2009 1446 2082 ἄλλῃ
1483 2010 1634 2077 τάξει

40 2095 149 2149 τῶν
177 2097 663 2167 ἐκκλησιαστικῶν
694 2099 873 2170 μελῶν
902 2100 1129 2165 ἑαυτοὺς
1153 2101 1420 2167 πάσσετε,
1448 2102 1509 2155 ού
1547 2103 1637 2156 δύ-

40 2189 204 2243 νασθε
235 2190 423 2258 λέγειν
450 2193 564 2255 τοῖς
592 2193 650 2244 ἐν
677 2191 758 2263 τῷ
785 2191 936 2263 αὐτῷ
976 2192 1187 2265 σώματι
1223 2195 1636 2266 κατατεταγμέ-

40 2300 151 2345 νοις
174 2281 294 2351 (57)
316 2284 449 2353 ἡμῖν
470 2282 551 2350 τὸ,
573 2284 779 2354 Χρείαν
809 2284 962 2354 ὑμῶν
993 2286 1094 2339 οὐκ
1121 2285 1333 2357 ἔχομεν.
1356 2287 1426 2339 Αἵ
1449 2304 1507 2339 τε
1527 2286 1636 2358 γὰρ

35 2376 227 2445 χεῖρες
287 2372 536 2445 ἀλλήλων
594 2373 837 2439 δέονται,
902 2376 997 2428 καὶ
1051 2376 1102 2429 οἰ
1156 2376 1316 2442 πόδες
1374 2376 1637 2447 ἀλλήλους

40 2464 395 2538 στηρίζουσι,
453 2466 546 2519 καὶ
596 2466 648 2518 οἱ
693 2466 964 2538 ὀφθαλμοὶ
1012 2469 1069 2521 ὲν
1115 2470 1183 2540 τῇ
1244 2467 1533 2541 συμφωνίᾳ
1575 2469 1637 2523 τὸ

41 2556 269 2627 ἱναργὲς
315 2556 417 2627 τῆς
453 2557 813 2629 καταλήψεως
854 2557 1092 2630 ἔχουσιν.
1148 2559 1343 2630 Ἡμεῖς
1385 2560 1483 2631 μὲν
1527 2559 1636 2632 γὰρ

41 2648 414 2720 ὁμολογοῦμεν
455 2649 517 2702 τὸ
562 2650 772 2704 ἑαυτῶν
816 2650 1069 2715 ἀσθενές·
1126 2652 1218 2704 καὶ
1267 2650 1636 2722 ἐπιζητοῦμεν

42 2739 131 2810 τὴν
167 2740 481 2810 σύμπνοιαν
506 2739 680 2811 ὑμῶν.
711 2741 944 2813 Οἴδαμεν
967 2743 1095 2814 γὰρ,
1118 2743 1220 2807 ὅτι,
1245 2742 1347 2797 κᾶν
1381 2742 1456 2813 μὴ
1491 2759 1637 2813 παρ-

43 2830 136 2900 ἦτε
172 2830 258 2902 τῷ
296 2831 546 2902 σώματι,
584 2834 651 2903 τῇ
703 2833 791 2887 διὰ
828 2834 937 2889 τῶν
989 2834 1162 2906 εὐχῶν
1214 2835 1437 2907 βοηθείᾳ
1494 2834 1635 2905 μέγα

44 2921 307 2992 παρέξετε
338 2924 471 2994 ἡμῖν
495 2925 554 2977 ἐν
577 2927 690 2988 τοῖς
710 2924 1161 2994 ἀναγκαιοτάτοις
1190 2929 1401 2997 καιροῖς
1424 2925 1631 2995 ὄφελος.

50 3013 227 3084 ’Υμᾶς
258 3013 317 3067 δὲ
352 3015 455 3069 οὐκ
484 3015 631 3069 ἔστιν
660 3014 786 3070 οὔτε
817 3018 969 3089 παρὰ
1001 3017 1307 3089 ἀνθρώποις
1339 3018 1631 3091 εὐπρεπὲς,

44 3104 159 3159 οὔτε
205 3105 286 3177 τῷ
329 3105 451 3177 Θεῷ
494 3107 789 3179 εὐάρεστον
836 3112 956 3173 ταῖς
1005 3110 1281 3176 τοιαύταις
1326 3111 1627 3183 κεχρῆσθαι

44 3199 273 3265 φωναῖς.
314 3191 402 3261 αἷς
442 3199 564 3252 οὐδὲ
597 3199 667 3253 τὰ
707 3199 838 3270 ἔθνη
880 3200 1180 3272 κέχρηνται
1220 3201 1288 3255 τά
1331 3201 1406 3273 μὴ
1449 3201 1629 3256 εἰδότα

46 3286 128 3340 τὸν
177 3286 335 3341 Θεὸν.
380 3287 543 3340 Ἀλλὰ
584 3289 814 3343 κάκεῖνα
852 3290 1144 3361 ἀκούομεν,
1189 3290 1294 3347 κᾶν
1335 3293 1417 3355 εἰς
1451 3292 1630 3345 πάντα

46 3380 291 3451 αὐτάρκη
316 3378 416 3450 τὴν
448 3378 632 3451 χώραν
660 3381 960 3452 νέμωνται,
986 3382 1087 3453 τῆς
1112 3381 1245 3451 γοῦν
1272 3382 1381 3435 τῶν
1407 3382 1630 3454 μελλόν-

49 3485 146 3523 των
182 3470 372 3523 ἕνεκεν
418 3470 642 3541 ἀδηλίας
682 3471 779 3543 τὴν
828 3473 964 3543 πρὸς
1005 3473 1270 3546 ἀλλήλους
1313 3474 1630 3547 συμμαχίαν

46 3561 403 3627 ἀσπάζεσθαι,
434 3562 530 3615 καὶ
556 3562 656 3633 τὴν
694 3562 974 3634 ἐπιμιξίαν
1001 3565 1077 3629 ὡς
1105 3565 1333 3636 ἔχουσάν
1361 3585 1413 3620 τι
1439 3567 1631 3639 κέρδος

46 3653 417 3724 μεταδιώκειν.
440 3655 633 3725 Ἡμεῖς
660 3656 738 3721 δὲ,
775 3657 999 3711 ἐκείνων
1032 3658 1182 3723 ὄντες
1214 3659 1322 3713 τῶν
1358 3660 1629 3732 πατέριον,

46 3744 89 3797 οἱ
118 3745 518 3818 ἐνομοθέτησαν
547 3747 635 3800 διὰ
669 3747 883 3820 μικρῶν
905 3753 1270 3822 χαρακτήρων
1297 3751 1366 3807 τά
1390 3752 1492 3823 τῆς
1520 3770 1633 3807 κοιυ

46 3836 233 3899 νωνίας
258 3835 371 3907 (58)
400 3836 646 3906 σύμϐολα
669 3837 778 3890 ἀπὸ
803 3837 1057 3907 περάτων
1077 3840 1174 3911 τῆς
1197 3844 1301 3915 γῆς
1323 3845 1402 3906 εἰς
1423 3843 1632 3917 πέρατα

46 3926 458 3998 πριφέρεσθαι,
482 3929 579 3982 καὶ
608 3927 817 3993 πάντας
852 3931 988 3983 πᾶσι
1021 3931 1245 3996 πολίτας
1276 3934 1369 3993 καὶ
1400 3936 1632 4001 οἰκείους

44 4016 205 4088 εἶναι,
232 4020 331 4073 νῦν
363 4021 744 4091 άποτέμνομεν
776 4024 1002 4087 ἑαυτοὺς
1030 4024 1132 4094 τῆς
1157 4026 1512 4097 οἰκουμένης,
1538 4030 1631 4082 καὶ

42 4111 161 4166 δῦτε
187 4111 629 4184 ὲπαισχυνόμεθα
659 4115 725 4183 τῇ
761 4113 1024 4185 μονώσει,
1057 4113 1181 4170 οὗτε
1214 4116 1417 4188 ζημίαν
1446 4118 1632 4190 φέρειν

45 4202 127 4256 τὸν
148 4201 496 4272 διασπασμὸν
520 4203 621 4273 τῆς
649 4204 906 4274 ὁμονοίας
938 4205 1219 4277 τιθέμεθα·
1257 4207 1380 4261 οὔτε
1409 4209 1632 4280 φρίσσο-

41 4312 163 4366 μεν,
188 4297 273 4349 ὅτι
298 4296 380 4359 είς
406 4296 553 4368 ἡμᾶς
576 4294 766 4366 φθάνει
795 4298 828 4368 ἡ
853 4297 1059 4370 φοϐερὰ
1096 4298 1191 4352 τοῦ
1225 4301 1429 4372 Κυρίου
1476 4302 1632 4373 ἡμῶν

1740 1852 1867 1907 spes
1896 1836 2109 1894 eadem.
2148 1837 2276 1893 Sive
2321 1845 2489 1908 caput
2523 1841 2778 1909 vosipsos
2822 1841 3097 1896 universae
3131 1841 3324 1897 Eccle-

1738 1935 1833 1986 siae
1864 1932 2222 1999 existimatis,
2251 1948 2363 1987 non
2403 1940 2587 2001 potest
2625 1944 2784 2002 caput
2813 1933 2998 1989 dicere
3026 1936 3261 2005 pedibus
3306 1954 3320 1988 :

1735 2019 1856 2075 Non
1909 2030 1996 2077 est
2020 2022 2156 2077 mihi
2207 2038 2347 2093 opus
2380 2024 2561 2079 vobis.
2606 2023 2733 2078 Sive
2761 2040 2862 2079 vos
2901 2025 2956 2079 in
2990 2027 3099 2079 alio
3147 2042 3322 2081 tuem-

1738 2114 1966 2170 brorum
2021 2116 2531 2171 ecclesiasticorum
2586 2117 2778 2171 ordine
2830 2119 3118 2188 reponitis,
3164 2120 3324 2175 nobis

1736 2207 1792 2261 in
1821 2206 2014 2263 eodem
2048 2221 2283 2279 corpore
2312 2208 2639 2262 constitutis
2672 2224 2783 2261 non
2810 2209 3049 2279 potestis
3091 2210 3276 2266 dicere
3305 2229 3318 2266 :

1740 2297 1921 2353 Vestri
1957 2314 2068 2353 non
2115 2300 2422 2371 indigemus
2448 2301 2515 2356 ⁸³.
2545 2298 2682 2353 Nam
2721 2310 2776 2357 et
2823 2317 3021 2357 manus
3047 2303 3217 2357 altera
3244 2305 3321 2356 al-

1737 2391 1914 2446 terius
1960 2399 2102 2462 eget,
2145 2398 2201 2447 et
2251 2407 2348 2462 pes
2383 2393 2523 2447 alter
2570 2394 2805 2446 alterum
2854 2393 3055 2458 tit-mat,
3089 2402 3145 2449 et
3173 2397 3321 2450 oculi

1742 2497 1842 2554 per
1883 2484 2241 2539 concordiam
2289 2485 2438 2540 clare
2489 2499 2555 2540 ac
2598 2486 2890 2556 perspicue
2944 2486 3153 2544 vident.
3210 2486 3323 2544 Nos

1737 2575 1886 2629 enim
1919 2584 2168 2630 nostram
2202 2575 2452 2645 ipsorum
2488 2576 2925 2631 imbecillitatem
2968 2578 3319 2647 confitemur,

1738 2680 1805 2719 ac
1848 2666 2318 2734 conspirationem
2372 2675 2610 2721 vestram
2643 2667 3018 2738 esposcitnus.
3056 2667 3320 2725 Novimus

1736 2758 1883 2813 enim
1931 2758 2069 2824 fore,
2094 2767 2152 2812 ut
2183 2760 2400 2814 etiamsi
2428 2774 2659 2829 corpore
2688 2776 2798 2815 non
2832 2760 3049 2823 adsitis,
3084 2776 3317 2831 precum

1737 2850 1994 2906 subsidio
2040 2867 2153 2907 non
2211 2867 2404 2921 parum
2447 2853 2608 2908 nobis
2631 2854 3011 2919 emolumenti,
3059 2856 3321 2925 tempori-

1736 2943 1840 2999 bus
1871 2945 2107 3000 maxime
2143 2944 2501 3010 necessariis,
2539 2944 2802 3000 alTeratis.
2838 2944 2948 3001 Vos
2985 2952 3167 3001 autem
3217 2962 3320 3003 nec

1736 3051 1922 3095 coram
1965 3038 2283 3092 hominibus
2319 3040 2582 3092 decorum
2619 3047 2726 3102 est,
2765 3054 2868 3093 nec
2902 3038 3011 3093 Deo
3055 3040 3321 3109 placitum

1735 3126 2010 3197 ejusmodi
2063 3128 2141 3181 uti
2178 3129 2429 3191 vocibus,
2482 3128 2683 3199 quibus
2739 3144 2809 3184 ne
2853 3137 3046 3201 gentes
3095 3131 3317 3202 quidem

1731 3228 1985 3285 utuntur,
2025 3235 2147 3290 quae
2189 3219 2363 3275 Deum
2399 3222 2675 3292 ignorant.
2712 3222 2855 3288 Quin
2902 3229 2956 3277 et
3002 3224 3127 3278 illas
3169 3224 3323 3278 audi-

1729 3327 1876 3377 mus,
1901 3313 2117 3368 etiamsi
2153 3314 2415 3368 omnibus
2440 3314 2815 3369 abundantem
2846 3314 3125 3384 regionem
3159 3314 3320 3368 ineo-

1730 3401 1866 3464 lant,
1899 3403 2094 3457 saltem
2126 3402 2198 3457 ob
2234 3403 2507 3458 incertum
2555 3404 2867 3457 futurorum
2899 3412 3180 3465 eventum,
3219 3396 3338 3461 fa}?

1730 3491 1837 3547 dus
1874 3494 2019 3547 inter
2065 3509 2126 3548 se
2173 3495 2408 3550 libenter
2455 3496 2617 3560 inire,
2658 3511 2723 3551 ac
2765 3496 3157 3551 commercium
3195 3506 3318 3549 tan-

1730 3599 1896 3654 quam
1929 3585 2095 3639 alicui
2135 3586 2214 3641 rei
2252 3588 2386 3642 utile
2421 3588 2698 3658 persequi.
2730 3586 2843 3642 Nos
2876 3597 3059 3643 autem
3102 3604 3168 3643 ex
3208 3588 3319 3643 illis

1730 3674 1838 3727 orti
1860 3674 2130 3743 patribus,
2159 3677 2253 3746 qui
2283 3677 2453 3747 legem
2483 3678 2750 3740 tulerunt,
2787 3687 2845 3731 ut
2876 3678 3134 3732 brevibus
3169 3679 3318 3736 notis

1731 3768 2139 3821 communionis
2210 3770 2368 3838 signa
2430 3784 2461 3822 a
2520 3770 2771 3824 terminis
2829 3770 2981 3824 orbis
3040 3778 3317 3824 terrarum

1731 3875 1906 3930 usque
1940 3860 2008 3915 ad
2045 3862 2312 3918 terminos
2359 3862 2877 3928 circumferrentur,
2911 3873 3077 3935 atque
3120 3881 3316 3921 omnes

1731 3953 1992 4009 omnibus
2019 3954 2170 4011 cives
2201 3964 2256 4011 et
2293 3956 2586 4026 propinqui
2629 3964 2859 4011 essent:
2897 3972 3046 4011 nunc
3076 3973 3178 4012 nos
3211 3958 3316 4028 ipsi

1732 4043 2115 4101 abscindimus
2172 4046 2242 4101 ab
2294 4046 2428 4101 orbe
2480 4056 2792 4111 terrarum,
2846 4063 2949 4102 nec
2998 4062 3100 4102 nos
3151 4050 3318 4117 pudet

1734 4136 2053 4193 solitudinis
2125 4156 2138 4193 :
2201 4153 2302 4193 nec
2359 4137 2622 4192 damnum
2687 4136 2834 4193 ferre
2890 4139 3310 4195 distractionem

1731 4229 2042 4285 concordiae
2084 4228 2338 4285 ducimus
2396 4248 2408 4284 :
2453 4246 2631 4299 neque
2677 4231 2986 4296 horremus,
3040 4233 3188 4302 quod
3246 4233 3316 4288 ad

1731 4334 1833 4375 nos
1858 4321 2172 4389 pervenerit
2193 4321 2542 4376 formidanda
2566 4323 2849 4392 prophetia
2871 4323 3086 4379 Domini
3115 4326 3310 4388 nostri,

41 4388 371 4459 προφητεία,
402 4389 682 4453 εἰπόντος,
716 4388 801 4442 ὅτι
832 4391 935 4444 Διὰ
966 4390 1033 4444 τὸ
1054 4392 1473 4462 πληθυνθῆναι
1505 4392 1620 4463 τὴν

1738 4409 1815 4479 ιιιί
1846 4388 1984 4465 dixit
2014 4430 2027 4466 :
2062 4412 2328 4479 Quoniam
2362 4388 2966 4487 abundavit-iniquitas,
3013 4420 3316 4491 refrigescet

41 4479 310 4549 ἀνομίαν,
342 4481 683 4550 ψυγήσεται
717 4481 757 4548 ἡ
784 4480 986 4550 ἀγάπη
1018 4482 1137 4537 τῶν
1160 4484 1429 4542 πολλῶν.

104 4570 159 4624 4.
190 4572 285 4643 Μὴ
316 4570 512 4638 ταῦτα,
542 4571 762 4641 ἀδελφοὶ
805 4573 1143 4645 τιμιώτατοι,
1198 4578 1275 4649 μὴ
1309 4579 1619 4652 ἀνάσχησθε

47 4662 191 4718 τοῦτο
220 4666 356 4736 (39),
384 4664 519 4718 ἀλλὰ
548 4665 641 4718 καὶ
677 4666 771 4719 ἐπὶ
802 4669 918 4731 τοῖς
943 4668 1271 4738 παρελθοῦσι
1309 4674 1622 4743 παρακαλέ-

45 4770 167 4808 sats
200 4756 350 4828 ἡμᾶς
395 4758 721 4829 γράμμασιν
766 4761 1060 4831 εἰρηνικοῖς
1107 4762 1202 4815 καὶ
1249 4763 1620 4837 ἀγαπητικαῖς

31 4852 520 4951 ³κριισενιιιυνήσεσιν,
558 4854 722 4906 οἱονεὶ
770 4855 972 4928 πραείᾳ
1015 4856 1123 4911 τινὶ
1176 4858 1361 4930 ἐπαφῇ
1410 4859 1471 4912 τὸ
1518 4859 1619 4930 τῆς

43 4941 262 5012 καρδίας
286 4942 445 5015 ήμῶν
466 4944 643 5023 ἕλκος,
670 4944 700 4998 δ
728 4946 793 4999 ὲκ
820 4946 922 5017 τῆς
952 4946 1330 5021 παρελθούσης
1358 4950 1620 5021 ἀμελείας

42 5032 385 5107 ὶνεποιήσατε
426 5037 580 5107 ἡμῖν,
610 5037 1114 5110 παραμυθούμενοι.
1158 5040 1269 5094 Kal
1319 5042 1426 5095 εἴτε
1466 5043 1620 5097 αὐτοὶ

1724 4500 1960 4555 Charitas
1984 4503 2275 4558 multarunt
2291 4505 2357 4560 ³³.

1797 4580 1854 4648 ἰ.
1911 4592 2126 4660 Nolite,
2186 4596 2385 4653 fratres
2450 4598 2921 4662 reverendissimi,
2980 4603 3148 4658 nolite
3206 4604 3311 4659 hoc

1727 4681 1895 4746 ferre,
1937 4684 2035 4741 sed
2089 4702 2193 4742 nos
2240 4691 2425 4758 potius
2464 4690 2531 4745 de
2581 4691 2873 4759 praeteritis
2919 4695 3307 4758 consolemiui,

1728 4777 1971 4844 pacificis
2026 4778 2224 4834 litteris
2273 4792 2329 4836 et
2385 4784 2578 4840 amicis
2643 4786 3085 4852 salutationibus,
3141 4790 3309 4843 veluti

1725 4866 1888 4938 302
1936 4869 2042 4924 leni
2092 4872 2330 4940 quodam
2364 4883 2646 4939 contactu,
2698 4880 2942 4947 pectoris
2968 4879 3147 4933 nostri
3191 4881 3310 4934 vul-

1727 4973 1853 5023 nus,
1883 4960 2027 5029 quod
2064 4962 2222 5015 nobis
2253 4979 2350 5033 per
2383 4967 2715 5035 praeteritam
2757 4968 3027 5022 incuriam
3072 4968 3304 5034 fecistis,

1726 5045 2118 5106 demulcentes.
2162 5051 2241 5108 Ac
2280 5055 2397 5109 sive
2433 5056 2537 5125 ipsi
2570 5057 2735 5112 vultis
2771 5057 2839 5112 ad
2874 5074 2977 5114 nos
3023 5059 3305 5128 accedere,

108 5190 149 5221 "
192 5190 394 5262 Ephes.
432 5207 509 5256 tv,
541 5193 596 5248 5.
670 5193 717 5225 “
756 5191 778 5246 1
820 5192 952 5249 Cor.
993 5210 1095 5258 xu,
1129 5195 1321 5250 14-21.
1392 5195 1441 5229 ⁸³
1457 5195 1627 5252 Matth

1738 5215 1833 5265 ttv,
1870 5201 1957 5255 12.

112 5306 218 5381 (ἓξ)
246 5308 547 5381 (erucas.
581 5307 733 5381 Harl.
759 5319 814 5365 et
845 5310 982 5367 Med.
1014 5312 1254 5381 γίνεσθε.

112 5377 219 5447 (56)
260 5378 382 5445 Τὰς
409 5379 526 5447 μὲν
563 5380 800 5448 νήσους
847 5381 976 5449 τῆς.
1026 5377 1107 5437 Ita
1154 5399 1252 5440 sex
1302 5399 1436 5440 mss.
1462 5383 1609 5440 Editi

44 5444 363 5519 taivﬁsou;
383 5444 484 5519 μὲν
516 5444 638 5503 ἀπο
655 5444 778 5519 τῆςέ

1716 5319 2297 5397 qui_ta_mien~habet_in
2324 5326 2573 5397 margine
2602 5327 2903 5397 ἐπιμιξίας,
2927 5338 2987 5383 ιιι
3015 5330 3171 5385 editi.

1788 5388 1899 5460 (59)
1938 5393 2139 5448 Τοῦτο.
2189 5392 2358 5467 Hanc,
2396 5388 2584 5451 vocem
2644 5388 3003 5467 apptisuiintts
3050 5417 3118 5456 ex
3169 5417 3303 5456 mss.

1715 5470 1951 5529 septeni,
1986 5478 2086 5534 pro
2116 5479 2181 5518 eo
2215 5465 2361 5534 quod
2421 5477 2537 5521 erat
2581 5469 2637 5522 in
2684 5465 2845 5524 editis
2894 5470 3088 5525 ταῦτα.
3141 5471 3305 5527 Deest

115 5516 840 5614 (37i1Kaiaffffﬂléf0tf.
891 5519 984 5614 ΙιίιΙ
1017 5537 1161 5614 mss.“
1200 5530 1430 5614 septem.
1474 5523 1618 5580 Editi

1738 5516 1960 5612 primum
1986 5516 2162 5614 ταῦτα
2184 5516 2248 5614 ἰιιι
2272 5535 2487 5614 duobus
2515 5539 2803 5614 codicibus
2837 5556 2946 5595 non
2985 5543 3304 5614 antiquissi-

43 5587 409 5675 cetﬂpé-vmc.
446 5587 823 5675 tumemus";
848 5603 912 5675 let
939 5592 1077 5675 sled:
1108 5593 1220 5675 ούξ
1240 5587 1372 5675 ἔχω.

114 5656 222 5730 (58)
246 5660 596 5729 Κοινωνίας.
637 5661 904 5730 ltaliarl.,
944 5663 1084 5720 Med.
1107 5672 1161 5721 et
1180 5656 1350 5721 Coisl.
1374 5664 1609 5737 primus,

1722 5601 1848 5665 niis,
1880 5619 2074 5677 nempe
2111 5604 2278 5678 Regio
2310 5608 2490 5677 primo
2516 5619 2571 5665 et
2590 5609 2759 5666 Coisl.
2792 5611 3056 5668 secundo.
