3862 6220
137 297 249 352 745

1059 297 1552 356 ΕΡιδτοιΑιιωι
1584 282 1872 352 crassis
1911 296 1974 352 ιι.
2018 296 2236 354 EPIST.
2265 299 2444 356 ccrv.

3295 307 3397 364 746

135 416 643 484 συμπαρεκτεῖναι;
686 416 749 499 ’ρ
794 417 923 485 περὶ
966 418 1112 487 ἡμᾶς
1150 416 1295 471 ἔστιν
1340 417 1467 470 ἰδεῖν
1500 415 1707 487 γινόμε-

1824 421 2038 469 aetatem
2079 417 2375 473 extendat?
2414 417 2568 483 Quod
2612 426 2792 477 tamen
2822 420 3007 476 videre
3039 431 3123 478 est
3157 439 3260 479 usu
3301 440 3402 479 no-

134 520 229 556 νον
272 504 512 572 (4647),
533 504 785 574 οὐδεμιᾶς
804 506 899 559 τοῦ
920 505 1224 579 διεζεῦχθαι
1241 509 1455 572 δικαίας
1474 510 1726 582 ἀφορμῆς

135 598 511 670 ὑπαρχούσης.
537 600 729 654 οὐκοῦν
750 603 773 655 ἔ
782 619 847 655 σα
870 619 933 670 γε
966 602 1121 673 ἴσμεν
1147 603 1318 658 αὐτοί·
1348 604 1482 657 ἀλλὰ
1493 605 1552 657 τὸ
1574 607 1728 659 ἐναν-

135 690 271 751 τῖον,
292 691 499 745 πολλῶν
526 696 619 745 καὶ
644 695 892 764 μεγάλων
913 697 1048 767 πρὸς
1079 696 1176 768 τὴν
1198 697 1369 769 ἄκραν
1392 701 1521 768 ἡμῖν
1545 699 1725 767 φιλίαν

137 783 233 835 καὶ
260 782 453 839 ἕνωσιν
486 786 899 856 ἐνυπαρχόντων
924 786 984 839 τὸ
1018 789 1076 854 ἐξ
1111 789 1283 859 ἀρχῆς
1305 807 1316 819 ·
1346 789 1463 853 ἐνὸς
1498 790 1596 860 μὲν
1629 790 1722 843 τοῦ

138 875 397 945 μεγίστου
434 877 525 930 καὶ
561 878 800 947 πρώτου.
835 880 934 950 τῆς
966 880 1183 951 ἐντολῆς
1217 882 1308 934 τοῦ
1340 884 1546 953 Κυρίου
1568 886 1722 957 διαρ-

136 967 309 1037 ῥήδην
339 968 600 1032 εἰπόντος,
630 971 711 1022 ὅτι
753 972 854 1024 Ἐν
886 973 1074 1037 τούτῳ
1104 973 1434 1040 γνώσονται
1477 975 1718 1041 πάντες,

134 1055 227 1110 ὅτι
263 1057 393 1126 ἐμοὶ
429 1061 689 1127 μαθηταί
731 1061 893 1125 ἐστε,
936 1063 1046 1115 ἐὰν
1073 1063 1340 1131 ἀγαπᾶτε
1371 1065 1716 1134 ἀλλήλους·

134 1145 235 1199 καὶ
280 1148 442 1201 πάλιν
488 1148 582 1202 τοῦ
622 1150 945 1205 Ἀποστόλου
999 1154 1184 1223 σαφῶς
1238 1155 1296 1208 τὸ
1343 1157 1442 1228 τῆς
1500 1158 1719 1229 ἀγάπης

131 1238 299 1294 καλὸν
329 1240 699 1312 παριστῶντος
732 1245 885 1314 ἡμῖν,
915 1244 1070 1297 τοῦτο
1101 1246 1199 1315 μὲν
1226 1248 1284 1298 ὲν
1314 1242 1394 1311 οἷς
1423 1250 1718 1317 ἀποφαίνε-

132 1344 225 1381 ται
286 1328 556 1402 πλήρωμα
605 1332 769 1402 νόμου
818 1328 958 1386 εἶναι
1002 1334 1101 1404 τὴν
1151 1335 1404 1406 ἀγάπην,
1454 1338 1613 1390 τοῦτο
1661 1339 1718 1391 δὲ

131 1420 261 1474 ὅταν
288 1422 575 1494 προτίθησι
621 1425 836 1478 πάντων
887 1425 1021 1495 ὁμοῦ
1074 1426 1181 1479 τῶν
1229 1429 1478 1498 μεγάλων
1516 1431 1577 1483 τὸ
1617 1432 1718 1502 τῆς

134 1512 357 1582 ἀγάπης
390 1512 573 1579 καλὸν,
610 1515 666 1568 ἐν
703 1509 783 1577 οἷς
825 1533 1020 1587 φησιν·
1073 1518 1213 1570 Ἐὰν
1247 1518 1377 1585 ταῖς
1411 1520 1717 1589 γλώσσαις

131 1601 255 1655 τῶν
283 1604 608 1671 ἀνθρώπων
636 1606 801 1660 λαλῶ
855 1608 952 1660 καὶ
1000 1606 1117 1661 τῶν
1150 1610 1438 1678 ἀγγέλων,
1473 1612 1717 1683 ἀγάπην

130 1693 199 1747 δὲ
238 1696 328 1765 μὴ
378 1698 517 1765 ἔχω,
564 1699 781 1767 γέγονα
822 1701 1051 1769 χαλκὸς
1095 1700 1282 1770 ἠχῶν,
1325 1704 1363 1770 ἢ
1405 1706 1715 1773 κύμϐαλον

128 1788 453 1849 ἀλαλάζον.
484 1792 591 1844 Καὶ
638 1792 747 1846 ἐὰν
774 1792 891 1859 ἔχω
923 1796 1306 1862 προφητείαν,
1335 1798 1431 1849 καὶ
1469 1796 1604 1850 εἰδῶ
1643 1799 1716 1853 τὰ

124 1879 437 1949 μυστήρια
459 1882 673 1945 πάντα,
702 1884 801 1938 καὶ
829 1883 1037 1939 πᾶσαν
1061 1885 1177 1954 τὴν
1200 1887 1442 1958 γνῶσιν,
1473 1891 1568 1943 καὶ
1598 1891 1716 1960 ἔχω

131 1970 340 2025 πᾶσαν
371 1973 487 2042 τὴν
517 1976 726 2028 πίστιν
755 1975 912 2030 ὥστε
944 1977 1050 2046 ὅρη
1075 1979 1370 2049 μθιστᾷν
1397 1981 1529 2052 (48),
1571 1983 1714 2051 ἀγά-

131 2080 254 2133 πην
279 2065 351 2118 δὲ
373 2067 461 2136 μὴ
497 2068 635 2137 ἔχω,
665 2068 845 2123 οὐδέν
872 2073 1009 2140 εἰμι.
1055 2071 1182 2126 Κᾶν
1221 2075 1472 2142 ψωμίσω
1520 2075 1716 2131 πάντα

129 2153 205 2206 τὰ
236 2155 583 2225 ὑπάρχοντά
603 2175 743 2226 μου,
781 2159 877 2212 καί
905 2160 1149 2228 παραδῶ
1177 2159 1243 2213 τὸ
1279 2160 1451 2231 σῶμα
1472 2181 1587 2232 μου
1615 2165 1715 2219 ἵνα

129 2242 346 2311 παυθῇ,
375 2245 615 2313 ἀγάπην
665 2245 734 2298 δὲ
781 2246 866 2315 μὴ
922 2247 1061 2317 ἔχω,
1114 2248 1297 2303 οὐδὲν
1338 2250 1708 2321 ὡςελοῦμαιτ

128 2335 228 2406 οὐχ
254 2336 331 2399 ὡς
358 2335 654 2407 δυναμένου
683 2340 809 2391 ποτὲ
840 2339 946 2393 τῶν
984 2341 1453 2412 ἀπηριθμημένων
1481 2345 1711 2397 ἑκάστου

128 2426 254 2497 δίχα
282 2427 383 2497 τῆς
422 2428 639 2500 ἀγάπης
682 2430 1063 2501 ἐνεργηθῐψαι,
1099 2433 1235 2487 ἀλλὰ
1266 2435 1588 2507 βουλομένου
1616 2436 1711 2490 τοῦ

128 2518 307 2585 ἁγίου,
352 2520 428 2584 ὡς
463 2522 624 2585 αὐτὸς
666 2519 820 2586 εἷπε,
868 2523 946 2594 τῷ
993 2524 1114 2578 καθ’
1173 2528 1477 2602 ὑπερϐολὴν
1528 2533 1711 2603 τρόπῳ

125 2609 225 2679 τὴν
273 2610 413 2663 κατὰ
441 2612 657 2666 πάντων
701 2616 971 2676 ὑπεοογὴν
1010 2622 1499 2693 προσμαρτυρῆσαι
1528 2625 1593 2694 τῇ
1624 2626 1710 2676 ὲν-

127 2699 255 2771 τολῇ
265 2740 277 2753 .

193 2790 250 2844 2.
272 2792 532 2865 Δεύτερον
569 2795 647 2860 δὲ,
681 2799 785 2863 ὅτι,
832 2802 886 2852 εἴ
910 2819 961 2855 τι
997 2803 1141 2872 μέγα
1179 2805 1542 2875 συμϐάλλεται
1575 2808 1707 2879 πρὸς

130 2884 425 2952 συνάφειαν
458 2889 551 2942 καὶ
575 2890 636 2943 τὸ
673 2891 780 2944 τῶν
817 2893 996 2949 αὐτῶν
1028 2899 1317 2968 μετασχεῖν
1352 2898 1704 2964 διδασκάλων,

125 2976 175 3028 οἱ
219 2977 374 3030 αὐτοὶ
418 2979 546 3049 ὑμῖν
584 2981 643 3034 τέ
691 2986 794 3037 εἰσι
842 2985 938 3038 καὶ
989 2989 1119 3058 ἡμῖν
1162 2989 1470 3042 διδάσκαλοί
1516 3008 1574 3043 τε
1600 2992 1706 3045 τῶν

1831 504 1914 559 bis
1942 508 2191 567 evenisse
2234 526 2248 564 :
2283 513 2536 579 quamvis
2573 512 2723 566 nulla
2765 514 2838 567 sit
2885 512 3037 582 justa
3071 515 3398 587 disjunctio-

1827 599 1915 652 nis
1967 613 2169 664 causa,
2217 601 2365 670 quod
2419 602 2640 672 quidem
2698 604 2986 672 sciamus;
3034 607 3132 662 sed
3183 617 3398 679 contra,

1825 690 1993 744 multa
2034 698 2087 744 et
2122 707 2318 761 magna
2373 694 2439 748 ad
2486 710 2755 750 summam
2808 697 2968 754 nobis
3005 700 3307 756 amicitiam
3345 712 3401 757 et

1824 782 2269 849 conjunctionem
2304 787 2618 841 exstiterint
2672 788 2744 842 ab
2804 788 3002 850 initio:
3063 807 3232 847 unum
3278 794 3401 864 qui-

1822 871 1967 938 dem,
2011 872 2257 944 illudque
2289 877 2587 930 maximum
2620 884 2675 932 et
2706 878 2968 949 primum,
3002 879 3216 937 Domini
3259 900 3399 954 pra:-

1822 973 2042 1034 ceptum
2084 966 2289 1022 diserte
2315 966 2554 1024 dicentis
2583 988 2596 1023 :
2627 968 2691 1023 In
2716 970 2811 1024 hoc
2845 985 3156 1043 cognoscent
3195 993 3394 1044 omnes,

1818 1054 1958 1124 quod
1999 1056 2249 1126 discipuli
2301 1060 2403 1113 mei
2439 1061 2587 1124 estis,
2623 1062 2670 1114 si
2708 1078 2794 1115 vos
2835 1075 3017 1118 mutuo
3063 1065 3288 1137 diligitis
3328 1070 3398 1126 “.

1820 1147 1977 1214 Quod
2020 1150 2239 1220 quidem
2278 1151 2567 1208 citaritatis
2612 1153 2816 1209 bonum
2859 1173 3055 1214 rursus
3100 1161 3398 1230 Apostolus

1820 1241 2111 1311 perspicue
2152 1242 2313 1297 nobis
2349 1246 2594 1312 exponit,
2629 1244 2792 1300 modo
2826 1247 3071 1317 quidem,
3105 1267 3230 1306 cum
3267 1269 3395 1323 pro-

1820 1335 2037 1387 nuntiat
2062 1334 2523 1404 complementum
2551 1337 2686 1407 legis
2707 1354 2826 1394 esse
2858 1341 3205 1412 charitatem,
3234 1350 3396 1402 modo

1822 1440 1969 1490 vero,
2002 1439 2125 1477 cum
2159 1425 2449 1480 charitatis
2484 1426 2689 1481 bonum
2714 1431 2972 1486 omnibus
2993 1433 3155 1487 simul
3182 1438 3395 1507 magnis

1818 1515 1980 1570 bonis
2010 1515 2250 1585 praefert,
2284 1516 2412 1570 dum
2444 1518 2520 1570 ait
2551 1535 2566 1573 :
2605 1518 2668 1573 Si
2698 1519 2889 1590 linguis
2915 1523 3179 1577 hominum
3208 1525 3395 1596 loquar

1816 1617 1865 1660 et
1905 1608 2230 1676 angelorum,
2264 1610 2577 1663 charilatem
2603 1622 2780 1666 autem
2820 1630 2921 1668 non
2947 1614 3187 1682 habeam,
3219 1618 3394 1688 factus

1817 1716 1932 1753 sum
1968 1717 2039 1755 ws
2068 1717 2285 1763 sonans,
2312 1710 2370 1753 ut
2397 1702 2694 1771 cymbalum
2722 1705 2972 1761 tinniens.
3005 1707 3073 1760 Et
3099 1709 3143 1761 si
3172 1708 3395 1764 habeam

1817 1793 2163 1861 prophetiam,
2201 1803 2251 1847 et
2288 1796 2520 1848 noverim
2567 1800 2822 1865 mysteria
2865 1801 3066 1865 omnia,
3107 1811 3157 1855 et
3188 1820 3393 1858 omnem

1821 1885 2099 1939 scientiam
2139 1901 2158 1939 :
2186 1895 2233 1940 et
2255 1887 2302 1939 si
2322 1886 2543 1941 habeam
2572 1888 2731 1957 [idem
2756 1907 2979 1956 omnem,
3005 1893 3080 1946 ita
3111 1904 3168 1947 ut
3192 1906 3393 1952 montes

1817 1978 2160 2047 transferam.
2184 1978 2497 2034 charitatem
2513 1991 2689 2036 autem
2711 2000 2813 2038 non
2835 1984 3074 2054 habeam,
3104 1989 3235 2043 nihil
3252 2006 3389 2047 sum.

1814 2066 1884 2120 Et
1934 2070 1983 2123 si
2050 2071 2318 2124 insumam
2366 2071 2422 2124 in
2464 2073 2777 2127 alimoniam
2841 2093 3018 2151 omnes
3073 2079 3391 2147 facultates,

1814 2178 1959 2215 meas
1985 2169 2036 2216 et
2075 2164 2288 2217 tradam
2318 2181 2508 2234 corpus
2549 2183 2720 2220 meum
2751 2176 2807 2220 ut
2834 2169 3194 2239 comburatur,
3223 2172 3395 2228 chari-

1816 2266 1976 2310 tatem
2018 2267 2193 2310 autem
2236 2274 2339 2312 non
2376 2259 2619 2324 habeam,
2664 2259 2795 2313 nihil
2830 2261 3082 2316 utilitatis
3121 2265 3274 2335 capio
3303 2266 3388 2333 ⁸⁸;

1813 2362 1924 2401 non
1955 2348 2099 2418 quod
2133 2349 2348 2418 possint
2395 2348 2694 2418 aliquando
2733 2350 2971 2422 singula,
3007 2368 3128 2425 quae
3166 2371 3393 2411 enume-

1813 2447 1929 2492 rata
1969 2446 2121 2504 sunt,
2169 2441 2288 2494 sine
2332 2440 2627 2496 dilectione
2658 2441 2845 2511 perlici
2881 2462 2893 2498 :
2924 2444 3021 2499 sed
3065 2446 3213 2515 quod
3252 2446 3389 2501 San-

1811 2538 1933 2584 ctus
1974 2531 2243 2594 voluerit,
2283 2538 2342 2585 ut
2396 2533 2514 2604 ipse
2559 2533 2716 2599 dixit,
2769 2535 3014 2591 adhibita
3076 2537 3389 2609 byperbola:

1812 2620 2006 2692 ﬁgura,
2045 2624 2419 2692 prtestantiam
2460 2625 2644 2680 omnia
2686 2638 3036 2697 superantem
3066 2630 3195 2686 huic
3228 2648 3389 2688 man-

1811 2714 1941 2769 dato
1973 2715 2240 2771 tribuere.

1877 2807 1930 2862 2.
1981 2809 2225 2864 Alterura
2277 2810 2384 2865 huc
2426 2812 2659 2880 accedit,
2714 2815 2884 2885 quod,
2940 2817 2987 2872 si
3030 2818 3162 2888 quid
3205 2821 3388 2891 magni

1809 2900 1966 2956 affert
2009 2903 2078 2957 ad
2124 2905 2597 2974 conjunctionem,
2635 2909 2800 2963 etiam
2841 2911 3037 2966 iisdem
3085 2913 3163 2967 uti
3211 2915 3388 2985 magi-

1809 2994 2154 3069 stris,_iidem
2192 2997 2351 3052 nobis
2391 2998 2504 3054 siut
2538 3014 2602 3053 ac
2638 3001 2790 3057 vobis
2822 3004 3071 3073 magistri
3099 3006 3389 3076 mysterio-

128 3069 444 3140 μυστηρίων
483 3071 576 3124 τοῦ
611 3073 746 3127 Θεοῦ
767 3116 780 3139 ,
831 3078 925 3130 καὶ
959 3081 1194 3150 πατέρες
1245 3086 1624 3153 πνευματικοὶ,
1655 3087 1703 3137 οἱ

1815 3102 1929 3140 rum
1955 3086 2072 3153 Dei,
2094 3096 2149 3144 et
2177 3099 2363 3161 patres
2394 3092 2736 3163 spirituales,
2768 3094 2862 3165 qui
2891 3069 3050 3150 initio
3083 3069 3385 3153 Ecclesiam

124 3158 182 3212 ἐξ
212 3160 389 3230 ἀρχῆς
419 3163 515 3231 τὴν
566 3164 889 3237 Ἐκκλησίαν
913 3169 1009 3241 τὴν
1046 3172 1315 3243 ὑμετέραν
1346 3173 1707 3244 θεμελιώσαν-

121 3265 236 3311 ·.ε;·
258 3249 297 3302 Γ
304 3252 557 3321 ρηγόριον
569 3254 713 3323 λέγω
732 3258 821 3310 τὸν
848 3261 1010 3324 πάνυ,
1032 3263 1125 3315 καὶ
1146 3264 1259 3316 ὅσοι
1282 3265 1483 3335 ἐφεξῆς
1512 3267 1706 3337 ἐκείνῳ

122 3339 222 3410 τῆς
261 3342 393 3412 παρ’
426 3343 554 3413 ὑμῖν
597 3347 709 3416 (49)
743 3351 1050 3420 ἐπισκοπῆς
1094 3353 1183 3406 τὸν
1228 3354 1415 3426 Θρόνον
1464 3355 1707 3423 διαδεξά-

127 3445 297 3498 μενοι,
332 3430 489 3495 ἄλλος
536 3436 619 3487 ἐπ’
648 3437 810 3507 ἄλλῳ,
841 3440 1029 3512 ὥσπερ
1062 3445 1202 3506 τινὲς
1249 3446 1475 3517 ἀστέρες
1500 3448 1704 3502 ἐπανα-

124 3522 421 3588 τέλλοντες,
467 3529 608 3581 κατὰ
653 3531 760 3584 τῶν
800 3534 977 3588 αὐτῶν
1027 3536 1186 3607 ἰχνῶν
1230 3539 1528 3610 ἐπέϐησαν,
1564 3541 1705 3596 ὥστε

122 3613 425 3683 διαγνωστα
442 3621 759 3676 καταλιπεῖν
783 3626 881 3695 τῆς
914 3630 1036 3680 κατ’
1052 3630 1277 3699 οὐρανὸν
1293 3632 1404 3700 (50)
1430 3633 1706 3698 πολιτείας

122 3707 189 3757 τὰ
235 3712 435 3779 σημεῖα
472 3714 580 3776 τοῖς
624 3713 987 3786 βουλομένοις.
1022 3721 1084 3773 El
1135 3722 1192 3774 δὲ
1234 3724 1327 3776 καὶ
1368 3728 1425 3778 al
1468 3743 1707 3798 σωματι-

123 3799 216 3850 καί
245 3800 575 3872 οἰκειότητες
617 3806 716 3858 οὐκ
762 3808 1082 3880 ἀπόϐλητοι,
1111 3812 1248 3866 ἀλλὰ
1287 3818 1380 3869 καὶ
1422 3819 1562 3888 μέγα
1592 3820 1702 3892 (5|)

123 3888 562 3962 συμϐαλλόμεναι
601 3897 736 3968 πρὸς
767 3900 987 3973 ἁῤῥαγῆ
1034 3905 1327 3976 συνάφειαν
1370 3909 1466 3963 καὶ
1511 3888 1704 3964 κοινωέ

120 3979 238 4033 νίαν
275 3981 426 4051 βίου’
472 3988 567 4039 καὶ
611 3991 782 4043 ταῦτα
831 3993 961 4063 ἡμῖν
1005 3996 1214 4067 ὑπῆρξε
1259 3999 1394 4070 πρὸς
1448 4002 1593 4071 ὑμᾶς
1636 4004 1706 4056 τὰ

117 4073 321 4128 δίκαια.
359 4077 512 4142 Τίνος
543 4076 635 4133 οὖν
681 4080 887 4148 ἕνεκεν,
938 4080 982 4138 ὦ
1025 4091 1325 4163 σεμνοτάτη
1369 4093 1576 4147 πόλεων
1617 4096 1704 4167 (δι’

117 4165 273 4234 ὑμῶν
310 4168 419 4239 γὰρ
466 4173 529 4241 τῇ
576 4173 728 4227 πόλει
770 4178 921 4250 πάσῃ
960 4179 1329 4252 διαλέγομαι),
1361 4187 1422 4239 οὐ
1469 4165 1704 4260 γράμμα

112 4258 325 4328 ἥμερον
353 4260 464 4330 (52)
510 4263 753 4332 αὐτόθεν,
788 4270 849 4321 οὐ
896 4270 1046 4341 φωνὴ
1085 4272 1266 4341 δεξιὰ,
1310 4276 1422 4330 ἀλλ’
1457 4258 1703 4348 meum

118 4350 220 4418 μὲν
274 4351 428 4421 ὑμῶν
483 4355 551 4408 τὰ
601 4351 716 4410 ὦτα
771 4363 882 4422 τοῖς
927 4362 1232 4419 διαϐάλλειν
1298 4365 1700 4443 ὲπιχεῖροῦσιν;

114 4437 258 4493 ὥστε
289 4442 541 4498 τοσοῦτον
575 4447 735 4501 πλέον
786 4452 1061 4517 στενάζειν
1095 4457 1295 4525 ὀφείλω
1317 4498 1330 4522 ,
1381 4464 1599 4536 ὅσῳπερ
1635 4467 1701 4520 ἂν

1815 4469 1874 4527 ad
1929 4437 2135 4526 exituin
2186 4437 2416 4542 perduci
2469 4473 2617 4543 quod
2674 4437 2969 4530 intendulnt

188 4639 236 4670 ”
265 4637 422 4697 Joan.
462 4660 583 4711 xm,
619 4647 707 4702 '55.
783 4649 829 4679 ⁸⁸
866 4648 883 4701 1
924 4649 1050 4705 Cor.
1094 4670 1213 4717 xm,
1269 4658 1384 4714 1-5.

196 4841 427 4916 (ιϐ-47)(
450 4847 798 4914 Γινόμενον.
849 4851 924 4904 lla
957 4860 1070 4905 tres
1093 4855 1454 4909 vetustissimi
1480 4857 1699 4916 codices

115 4914 517 4992 compluribus
546 4917 705 4992 aliis:
717 4920 859 4992 Editi
889 4921 1198 4992 γενόμενον.
1512 4984 1513 4987 η

322 4984 644 5060 Μεθισζτᾷν.
674 4986 765 5060 S_ic
795 4997 854 5043 ut
867 4981 1035 5060 eique
1058 4991 1253 5059 Coisl.,
1284 4992 1433 5049 Harl.
1464 4984 1519 5050 et
1545 4999 1691 5053 Med.

116 5051 862 5131 Εὰἰιῇμεθιστάνεινερευίο
906 5051 1031 5131 ρὸει
1078 5051 1251 5117 Harl:
1290 5073 1343 5118 et
1396 5064 1564 5120 Coisl.
1606 5051 1694 5123 se-

114 5122 335 5207 candus
362 5124 466 5177 κᾶν
493 5122 1098 5207 παραδῷ-ινο-ηηρηεθ
1124 5131 1266 5188 Med.
1306 5141 1361 5189 et
1389 5136 1560 5192 Coisl.
1589 5122 1698 5207 pri-

114 5197 592 5271 mus_pug'5nplwv
617 5198 710 5271 τοῦ
745 5200 1006 5271 Χριστοῢτ

182 5262 475 5342 (49)..Τῆξ
504 5262 839 5342 παρίύμζῆ,
865 5269 1149 5342 lIaCoisl.
1190 5273 1404 5342 primus
1445 5285 1500 5330 et
1534 5275 1685 5333 Harl.

112 5334 396 5413 (κιρξηἰὲ
412 5334 718 5413 nonnullis;
744 5338 893 5413 Editi
905 5341 1009 5413 τῆς
1030 5342 1159 5409 παρ’
1192 5334 1361 5413 ὖμῶν.

184 5403 301 5486 (ξρ)
344 5401 489 5486 Κατ’
540 5408 834 5486 adparer
862 5401 1128 5486 δὶς-’ᾐδὲ
1186 5401 1430 5486 εξιιλρτρ-
1445 5430 1510 5469 eo
1540 5417 1685 5486 quod

109 5475 317 5555 eratin
347 5475 510 5555 editis
539 5479 658 5555 ita?
697 5478 895 5534 αὐτῶν.
931 5479 1134 5535 Ibidem
1169 5475 1339 5555 editio
1385 5475 1594 5555 Hagali.
1630 5496 1685 5541 et

110 5539 447 5620 _Basileens_is
486 5547 662 5614 prima
687 5558 741 5620 et
769 5558 976 5620 septem
1011 5566 1144 5607 mss.
1168 5539 1498 5620 δύσγνωπέ
1515 5539 1684 5610 πατάξ

109 5611 311 5679 λιπεῖν,
344 5611 1087 5692 obscaracatastis-instituti
1125 5611 1482 5678 monumenta.
1521 5625 1677 5692 Quod

108 5693 358 5740 erratum
384 5686 557 5739 miror
587 5686 643 5740 in
676 5696 754 5742 tot
783 5689 1000 5746 codices
1040 5691 1347 5761 irrepsisse.
1408 5686 1677 5752 Caeterum

485 5779 754 5844 Ρλτιιοι..
784 5781 903 5846 Gn.
949 5784 1217 5848 XXXII.

1809 3188 2044 3235 vestram
2088 3180 2429 3238 fundarunt:
2464 3183 2790 3256 Gregorium
2832 3188 2956 3244 dico
2994 3205 3270 3246 summum
3314 3191 3385 3246 il-

1807 3272 1920 3329 lum
1948 3275 2164 3341 .virum,
2211 3286 2265 3331 et
2304 3287 2578 3348 quotquot
2605 3289 2729 3350 post
2767 3297 2892 3338 eum
2941 3284 3057 3340 sedi
3099 3288 3245 3357 apud
3284 3303 3387 3345 vos

1806 3364 2103 3435 episcopali
2155 3371 2537 3438 succedentes,
2589 3373 2734 3430 alius
2783 3384 2909 3445 post
2961 3378 3154 3438 alium.
3216 3380 3385 3435 veluti

1807 3456 1979 3511 stella:
2022 3457 2269 3527 quaadam
2305 3462 2639 3527 exorientes,
2669 3463 2863 3520 iisdem
2891 3468 3137 3538 vestigiis
3164 3469 3383 3524 instite-

1807 3554 1956 3612 runt,
1999 3550 2137 3603 adeo
2168 3558 2230 3605 ut
2258 3554 2465 3608 nemini
2516 3555 2753 3610 obscura
2787 3557 3115 3627 reliquerint
3143 3561 3384 3615 caelestis

1808 3639 2045 3695 instituti
2080 3653 2455 3699 monumenta.
2489 3646 2642 3712 Quod
2675 3647 2723 3702 si
2758 3656 2814 3702 et
2842 3664 3123 3720 corporeae
3148 3652 3388 3708 necessi-

1809 3732 2028 3788 tudines
2053 3738 2468 3803 contemnenda:
2496 3754 2605 3794 non
2636 3747 2785 3805 sunt,
2828 3740 2925 3797 sed
2959 3742 3190 3797 multum
3217 3744 3382 3799 etiam

1806 3826 1874 3880 ad
1911 3826 2122 3881 lirmam
2156 3829 2599 3899 conjunctionem
2629 3832 2868 3903 vitaeque
2898 3834 3217 3890 societatem
3248 3852 3351 3893 con

1805 3920 2039 3988 ducunt,
2091 3920 2208 3976 haec
2250 3938 2470 3992 quoque
2517 3924 2677 3979 nobis
2719 3925 2846 3994 jura
2889 3926 3172 3981 vobiscum
3211 3928 3384 3985 inter-

1805 4014 2028 4068 cedunt.
2077 4014 2258 4081 Quare
2306 4031 2459 4087 ergo,
2505 4031 2539 4071 ο
2580 4017 2799 4071 urbium
2843 4019 3199 4074 ornatissima
3252 4028 3383 4092 (per

1804 4116 1904 4157 vos
1959 4102 2105 4157 enim
2156 4105 2349 4160 urbem
2412 4112 2584 4160 totam
2640 4107 2959 4179 alloquor),
3020 4110 3186 4165 nullae
3218 4113 3381 4168 istinc

1804 4204 2111 4252 mansuetae
2144 4197 2360 4260 litterae,
2408 4199 2560 4253 nulla
2594 4214 2699 4255 vox
2742 4200 3022 4270 optabilis,
3055 4202 3151 4259 sed
3180 4216 3382 4275 apertae

1805 4297 1936 4342 sunt
1975 4303 2137 4344 aures
2177 4299 2392 4354 vestrae,
2435 4292 2522 4347 his
2560 4292 2653 4362 qui
2703 4292 3031 4349 calumniari
3066 4300 3381 4354 conantur?

1804 4380 1951 4437 uade
1986 4394 2052 4434 eo
2082 4381 2208 4450 plus
2239 4382 2606 4452 ingemiscere
2645 4383 2844 4449 debeo,
2877 4400 2987 4455 quo
3017 4387 3191 4458 magis
3221 4389 3380 4445 video

3026 4491 3039 4528 :
3105 4476 3376 4546 siquidem

1807 4871 1953 4915 recte
1994 4860 2342 4935 emendatum
2372 4869 2458 4918 est
2483 4863 2538 4917 in
2564 4863 2899 4919 editionibus
2951 4868 3371 4935 recentioribus,

1805 4947 1953 5002 quas
1972 4933 2145 5002 secuti
2180 4947 2393 5002 sumus.

1876 5000 1988 5080 (εξι)
2017 5002 2129 5055 Καὶ
2148 5001 2323 5080 μέγας
2369 5002 2464 5080 lta_
2497 5017 2590 5080 sex
2617 5019 2773 5080 _m§s.
2812 5003 2955 5080 Editi
3010 5008 3105 5080 καὶ
3140 5009 3369 5080 μεγάλα.

1801 5068 1977 5125 Paulo
2016 5068 2163 5149 post
2189 5068 2320 5125 editi
2364 5073 2493 5142 ὑμῖν
2538 5073 2748 5145 ὑπῆρξε
2800 5076 2936 5145 πρὸς
2986 5068 3156 5149 ἠμᾶςξ
3206 5068 3370 5135 Iidem

1801 5155 1937 5196 mss.
1969 5148 2028 5194 ut
2056 5142 2110 5194 in
2145 5149 2316 5195 textu.

1873 5211 1983 5286 (52)
2018 5211 2290 5286 ᾝμερον.
2327 5208 2590 5286 Quamvis
2630 5211 2801 5286 hanc“
2833 5214 3161 5286 scripturam
3220 5217 3371 5273 solus

1800 5279 1974 5360 codex
2023 5279 2154 5360 Reg:
2229 5280 2509 5360 secundus
2579 5279 2961 5360 suppeditet;
2994 5302 3132 5360 eam,
3187 5297 3370 5343 tamen

1797 5352 2106 5428 adsciscere
2139 5352 2191 5428 i_n
2223 5358 2431 5405 textum
2472 5365 2579 5428 non
2612 5353 2878 5428 dubitavi,
2904 5365 3020 5428 tum
3046 5359 3173 5428 quia
3208 5359 3367 5419 illud.

1796 5422 2032 5491 γράμμα
2063 5419 2344 5498 ὑμέτερον,
2375 5420 2747 5498 quod‘habent
2785 5424 2941 5498 editi,
2966 5419 3107 5498 idem
3141 5444 3369 5498 prorsus

1792 5490 1956 5545 sonat
1987 5505 2051 5544 ac
2103 5491 2341 5561 γράμμα
2384 5490 2630 5555 αὐτόθεν,
2677 5503 2790 5547 tum
2818 5490 2944 5560 quia
2999 5490 3184 5553 faverit
3217 5498 3365 5554 Harl.

1789 5569 1847 5614 et
1878 5570 2107 5628 uterque
2144 5560 2313 5615 Coisl.
2337 5560 2390 5612 in
2422 5562 2619 5629 quibus
2655 5562 2855 5633 legitur
2891 5566 3131 5639 γράμμα
3166 5568 3373 5640 ἡμέτε-

1788 5645 1907 5751 ρον,
1961 5630 2159 5685 Ibidem
2216 5629 2409 5685 vocula
2462 5631 2558 5701 μὲν
2621 5633 2803 5689 addita
2847 5652 2915 5691 ex
2966 5647 3172 5722 septem
3231 5654 3371 5696 mss.

1812 5699 1937 5751 dem
1975 5701 2107 5751 Rea.
2143 5700 2313 5751 codex
2347 5714 2457 5751 non
2482 5701 2655 5751 multo
2681 5714 2805 5751 nasi
2835 5724 3074 5751 manum
3114 5709 3295 5751 a-Umr,

1812 5699 1845 5755 d

1846 5715 1937 5756 em
1974 5701 2107 5772 Reg.
2143 5700 2313 5757 codex
2347 5714 2457 5755 non
2482 5701 2655 5759 multo
2681 5714 2805 5774 post
2835 5700 3074 5781 τοσούτῖρ
3114 5709 3299 5767 πλέον.

2936 5801 3014 5860 et
