3862 6220
503 290 603 347 ’ΤΠ

1823 298 1881 354 S.
1923 299 2163 356 BASILII
2218 300 2433 357 MAGNI

3659 314 3760 370 ’με

503 411 794 467 calumniae
836 427 978 483 opus
1021 418 1302 467 auctorem
1325 412 1678 470 manifestum
1715 415 1879 471 habet
1910 437 1923 473 :
1956 419 2047 488 qui

2178 421 2379 491 μᾶλλον
2411 421 2506 475 ῐδω
2539 421 2602 475 τὸ
2646 421 3076 494 σπουδαζόμενον
3099 440 3112 455 ο
3141 424 3328 498 ἐπειδὴ
3363 426 3423 480 τὸ
3459 426 3560 498 τῆς
3581 426 3761 482 διαϐο-

501 519 626 557 cum
680 518 744 557 ex
800 502 989 558 multis
1035 502 1341 560 malefactis
1390 513 1552 561 notus
1600 507 1694 572 sit,
1735 516 1918 563 tamen
1974 509 2049 563 bal

2177 511 2273 583 λῆς
2304 511 2464 584 ἔργον
2493 512 2725 585 φανερὸν
2768 512 2880 584 ἔχει
2921 513 3012 568 τόν
3055 514 3495 587 καθηγούμενον·
3533 518 3610 583 ὃς,
3649 519 3761 572 ἀπὸ

499 593 738 648 maxime
797 593 1042 662 nequitia
1097 591 1461 664 dignoscitur.
1522 596 1598 651 ita
1658 604 1717 652 nt
1773 614 1971 655 nomen
2026 601 2075 654 ei

501 682 708 737 factum
768 683 934 739 fuerit
983 693 1288 754 peccatum.
1349 684 1456 741 Sed
1498 693 1680 742 tamen
1728 687 1863 744 ferte
1897 704 2072 744 meam

499 774 721 829 dicendi
764 775 1070 830 libertatem
1121 793 1135 830 :
1189 784 1481 847 utramque
1515 794 1703 834 aurem
1743 781 1879 836 meis
1913 797 2073 853 syco-

498 866 720 936 phontis
775 868 1121 936 aperientes,
1174 868 1357 921 omnia
1422 869 1606 924 animo
1663 872 1800 924 citra
1843 887 2070 928 examen

496 957 772 1029 recipitis,
808 975 908 1014 nec
946 961 1235 1029 quisquam
1270 960 1434 1032 304
1466 968 1550 1015 est
1599 964 1691 1031 qui
1727 965 2069 1020 mendacium

497 1065 529 1104 a
561 1053 792 1105 veritate
823 1063 1090 1106 sea-ornat.
1126 1051 1262 1116 Quis
1294 1069 1531 1121 unquam
1583 1056 1847 1109 malarum
1886 1058 2072 1111 crimi-

504 1140 791 1194 nationum
852 1142 1079 1208 penuria
1144 1142 1434 1205 laboravit,
1491 1145 1642 1198 solus
1693 1148 2072 1203 contendens?

495 1234 623 1304 quis
662 1235 932 1289 mentiens
970 1236 1279 1299 convictus,
1314 1238 1541 1291 absente
1568 1253 1633 1291 eo
1660 1237 1750 1307 qui
1779 1240 2069 1297 calumniis

494 1325 807 1394 appetitur?
834 1341 1081 1394 quasnam
1115 1328 1294 1380 oratio
1321 1343 1430 1380 non
1463 1329 1763 1398 probabilis
1795 1330 2069 1386 audienti-

493 1417 640 1479 bus,
694 1418 740 1472 si
790 1418 1091 1472 maledicus
1134 1426 1407 1473 asseveret
1450 1435 1563 1474 rem
1610 1420 1681 1474 ita
1727 1437 1787 1476 se
1843 1422 2063 1490 habere,

462 1508 542 1564 “is
584 1515 765 1562 autem
830 1510 916 1562 cui
966 1510 1334 1575 maledicitur,
1386 1525 1488 1564 nec
1538 1509 1701 1575 adsit,
1745 1528 1845 1568 nec
1870 1522 2066 1568 contu-

460 1600 682 1654 <melias
728 1601 951 1654 audiat?
998 1599 1189 1655 Nonne
1227 1610 1283 1657 et
1331 1601 1452 1671 ipsa
1501 1603 1683 1656 saeculi
1721 1605 2064 1660 consuetudo

460 1689 605 1746 'r'btec
654 1707 751 1746 vos
806 1691 1017 1753 edocet,
1065 1707 1210 1755 eum,
1265 1693 1359 1761 qui
1404 1708 1594 1762 arquus
1648 1699 1721 1747 et.
1752 1696 2062 1751 communis

2177 602 2386 656 πολλῶν
2423 605 2682 676 ὑπάρχων
2727 605 3079 676 ἀδικημάτων
3123 606 3418 678 γνώριμος,
3475 609 3584 662 ἀπὺ
3626 610 3760 664 ταύ-

2172 709 2271 762 της
2321 694 2553 764 μάλιστα
2605 695 2707 766 τῆς
2748 697 3010 768 πονηρίας
3068 701 3564 771 χαρακτηρίζεται,
3614 700 3760 755 ὥστε

2173 785 2267 838 καὶ
2297 784 2468 856 ὄνομα
2514 786 2662 857 αὐτῷ
2695 788 2945 855 γενέσθαι
2982 788 3079 859 τὴν
3122 791 3412 861 ἁμαρτίαν.
3463 793 3605 863 Πλὴν
3636 793 3759 846 ἀλλ’

2173 876 2329 947 ὑμεῖς
2360 878 2659 947 ἀνάσχεσθέ
2687 896 2787 949 μου
2817 879 2914 950 τῆς
2939 880 3250 951 παρρησίας
3270 898 3285 910 ο
3314 882 3631 954 ἀμφοτέρας
3656 885 3762 946 τὰς

2170 972 2338 1035 ἀκοὰς
2365 973 2478 1034 τοῖς
2508 971 2880 1025 διαϐάλλουσιν
2910 973 3054 1042 ἡμᾶς
3084 974 3544 1037 ἀναπετάσαντες,
3576 975 3763 1030 πάντα

2169 1063 2535 1129 ἀνεξετάστως
2551 1066 2670 1126 ταῖς
2685 1063 2882 1133 ψυχαῖς
2899 1081 2974 1116 πα
2980 1063 3169 1134 ραδέχε
3177 1063 3289 1117 oes-
3311 1065 3404 1117 καὶ
3416 1066 3587 1129 οὐδεὶς
3614 1068 3647 1120 ό
3660 1068 3760 1120 τοῦ

2168 1154 2400 1224 ἀληθοῦς
2423 1155 2484 1208 τὸ
2506 1155 2697 1225 ψεῦδος
2726 1155 3060 1228 φυλοκρινῶν
3083 1156 3215 1225 (55).
3235 1156 3329 1218 Τίς
3352 1157 3596 1229 ἠπόρησε
3620 1176 3761 1212 ποτε

2170 1246 2419 1318 πονηρῶν
2435 1245 2794 1317 ἐγκλημάτων
2834 1246 2994 1317 μόνος
3033 1247 3459 1318 ἀγωνιζόμενος;
3492 1249 3575 1312 τίς
3589 1249 3761 1320 ἠλέγ-

2167 1337 2270 1410 χθη
2300 1338 2646 1409 ψευδόμενος,
2678 1340 2751 1410 μὴ
2786 1339 3053 1412 παρόντος
3079 1339 3173 1392 τοῦ
3207 1340 3757 1411 συκοφαντουμένους

2168 1432 2317 1481 ποῖον
2352 1429 2501 1501 ῥῆμα
2536 1430 2635 1481 οὑκ
2674 1430 2789 1481 ἔστι
2838 1427 3063 1481 πιθανὸν
3103 1430 3213 1490 τοῖς
3256 1427 3560 1492 ἀκούουσιν,
3597 1428 3699 1482 ἐὰν
3729 1432 3761 1482 ό

2169 1523 2267 1592 μὲν
2297 1522 2531 1592 λοίδορος
2567 1520 2920 1591 διατείνηται,
2969 1516 3005 1592 ἦ
3050 1519 3155 1590 μὴν
3204 1519 3377 1583 οὕτως
3428 1519 3592 1590 ἔχειν,
3627 1522 3660 1573 ὀ
3697 1521 3758 1575 δὲ

2165 1614 2569 1687 λοιδορούμενος
2606 1617 2742 1687 μήτε
2787 1618 2957 1686 παρῇ,
2995 1618 3129 1685 μήτε
3157 1614 3400 1685 ὲπακούῃ
3447 1614 3555 1667 τῶν
3583 1613 3757 1684 βλασ-

2167 1706 2417 1778 φημιῶν;
2471 1706 2606 1761 om
2652 1708 2789 1779 αὑτὴ
2836 1710 2868 1778 ἠ
2906 1706 3000 1760 τοῦ
3040 1707 3153 1777 βίου
3204 1705 3463 1776 συνήθεια
3501 1706 3755 1759 παιδεύει

488 1781 707 1836 auditor
761 1782 979 1836 futurus
1027 1789 1133 1843 est,
1179 1798 1288 1835 non
1329 1783 1527 1837 debere
1566 1790 1739 1836 totum
1786 1785 1980 1839 abduci
2030 1801 2049 1838 ε

2164 1800 2307 1868 ὑμᾶς
2341 1798 2474 1869 πρὸς
2504 1798 2695 1863 ταῦτα,
2727 1801 2808 1853 ὅτι
2837 1799 2918 1851 δεῖ
2956 1798 3046 1850 τὸν
3079 1797 3340 1868 μέλλοντα
3368 1796 3478 1849 ἴσον
3508 1796 3603 1850 καὶ
3637 1814 3757 1850 κοι-

458 1885 918 1944 τρτωοςοιιρτιηιε,
946 1874 1039 1927 sed
1074 1885 1126 1927 et
1159 1873 1529 1928 defensionem
1557 1883 1880 1943 exspectare
1911 1872 2059 1945 ejus,

488 1966 579 2034 qui
631 1981 757 2020 reus
810 1967 1009 2035 agitur,
1064 1973 1123 2017 ut
1183 1966 1262 2019 sic
1308 1980 1371 2019 ex
1418 1965 1711 2020 collatione
1767 1968 2058 2037 utriusque

487 2057 787 2118 sermonis,
828 2057 1029 2111 Veritas
1057 2055 1374 2111 elucescat?
1413 2054 1629 2110 Iustum
1665 2057 1933 2127 judicium
1970 2058 2059 2127 ju-

462 2147 660 2199 dicate
691 2146 738 2177 ⁸⁸
773 2155 1147 2215 τηριωοερῑιιηι
1183 2155 1270 2203 est
1309 2163 1475 2202 unum
1503 2164 1569 2204 ex
1600 2149 1833 2204 maxime
1866 2166 2057 2207 neces-

486 2239 653 2294 sariis
684 2239 749 2294 ad
784 2240 1039 2294 salutem.

555 2440 606 2492 3.
642 2441 817 2510 Atque
851 2440 964 2495 inec
1007 2440 1151 2501 dico,
1184 2455 1289 2494 non
1334 2439 1538 2494 oblitus
1583 2438 1877 2493 verborum
1910 2438 2055 2509 Apo-
2116 2476 2120 2481 »

482 2531 633 2592 stoli,
690 2532 783 2600 qui
841 2530 1052 2600 fugiens
1101 2530 1338 2583 humana
1384 2529 1615 2599 judicia,
1674 2538 1845 2584 totam
1897 2546 2052 2585 suam

480 2624 650 2677 vitam
701 2623 850 2676 illius
893 2622 1108 2691 judicii,
1138 2621 1285 2690 quod
1330 2621 1505 2690 decipi
1549 2637 1658 2675 non
1694 2631 1895 2691 potest,
1924 2637 2055 2675 exa~

480 2715 617 2770 mini
659 2716 995 2776 reservabat,
1031 2715 1120 2767 ubi
1152 2715 1227 2767 ait
1264 2732 1285 2767 γε
1328 2713 1460 2767 Mihi
1501 2725 1676 2767 autem
1710 2731 1805 2780 pro
1835 2716 2052 2768 miul'mo

476 2794 565 2860 ἀπ’
584 2815 640 2859 ut
669 2823 700 2859 a
746 2805 887 2858 vobis
918 2804 1148 2873 judicer,
1194 2813 1286 2857 aut
1329 2804 1394 2857 ab
1444 2804 1674 2858 humano
1718 2805 1803 2858 die
1845 2805 1913 2861 ".
1949 2803 2051 2860 Sed

477 2906 659 2952 tamen
698 2898 823 2967 quia
857 2911 1019 2951 aures
1048 2904 1261 2950 vestras
1291 2895 1438 2951 falsze
1470 2896 1883 2950 criminationes
1914 2914 2052 2967 pra:-

476 2970 847 3058 occuparunt,
892 3003 960 3042 ac
1004 2989 1295 3043 calumniis
1340 2988 1519 3057 petita
1564 2999 1649 3043 est
1698 2990 1807 3041 vita
1838 2998 2049 3053 nostra,

476 3081 644 3151 petita
686 3080 846 3133 etiam
870 3091 1075 3133 nostra
1108 3078 1161 3131 in
1196 3077 1364 3132 Deum
1406 3077 1539 3133 ﬁdes
1568 3096 1585 3145 ;
1617 3079 1757 3133 haud
1793 3080 2051 3149 ignorans

475 3180 588 3226 tres
622 3171 785 3225 simul
826 3174 1097 3239 personas
1135 3184 1163 3221 a
1212 3170 1610 3225 calumniatore
1654 3171 1773 3226 laedi
1816 3191 1828 3224 :

438 3304 441 3307 ς
472 3265 616 3319 enim
657 3270 712 3317 et
753 3264 801 3317 ei
840 3278 999 3333 quem
1037 3263 1425 3326 calumniatur,
1456 3272 1510 3317 et
1552 3264 1619 3318 iis
1649 3281 1786 3335 quos
1812 3266 2045 3336 alloqui-

471 3364 582 3421 tur,
617 3366 671 3410 et
715 3355 818 3410 sibi
863 3356 979 3425 ipse
1017 3375 1029 3409 ε
1060 3356 1140 3409 ιάο
1171 3371 1293 3410 meo
1322 3356 1576 3425 equidem
1617 3358 1816 3411 damno
1846 3361 2046 3413 tacuis-

471 3461 609 3507 sem,
636 3448 805 3515 probe
847 3445 1061 3508 sciatis,
1091 3460 1201 3498 non
1222 3449 1369 3515 quod
1408 3453 1644 3500 vestram
1680 3449 2045 3503 existimatio-

440 3552 593 3594 ~nem
654 3545 1001 3593 contemnam
1054 3536 1350 3607 (quomodo
1406 3538 1552 3592 enim
1606 3541 1735 3608 qui,
1797 3557 1865 3596 ne
1921 3557 2042 3596 eam

448 3633 736 3695 amittam,
771 3631 885 3685 haec
916 3632 1102 3686 scribo
1138 3639 1191 3685 et
1224 3646 1371 3686 nunc
1402 3632 1676 3687 contendo
1691 3633 1756 3696 ἲ),
1780 3635 1873 3689 sed
1899 3636 2040 3703 quod

464 3722 679 3777 videam
730 3739 797 3777 ex
841 3724 1017 3777 tribus
1058 3723 1151 3791 qui
1200 3723 1496 3787 laeduntur,
1548 3739 1672 3778 eum
1718 3726 1811 3794 qui
1858 3727 2043 3781 minus

465 3816 703 3878 laeditur,
741 3830 826 3871 me
860 3831 1000 3870 esse.
1036 3814 1147 3885 Ego
1182 3816 1327 3870 enim
1358 3816 1529 3871 vestri
1564 3817 1836 3885 jacturam
1876 3817 2039 3881 facio,

463 3907 619 3962 vobis
649 3909 850 3963 veritas
888 3908 1121 3977 eripitur
1153 3925 1168 3972 ;
1230 3915 1285 3961 et
1334 3910 1427 3977 qui
1464 3908 1656 3963 borum
1702 3920 1895 3962 auctor
1932 3919 2037 3970 est,

457 4013 553 4054 me
590 3999 819 4070 quidem
861 4014 889 4051 a
922 3999 1079 4053 vobis
1129 3999 1391 4069 sejungit,
1442 4000 1559 4069 ipse
1603 4016 1733 4054 vero
1769 4015 1827 4054 se
1862 4016 1891 4053 a
1930 4000 2037 4055 Do-

465 4090 617 4145 mino
670 4091 943 4145 abalienat
992 4106 1005 4141 :
1062 4090 1180 4144 fieri
1225 4091 1373 4145 enim
1429 4107 1537 4147 non
1590 4100 1772 4160 potest
1819 4099 1877 4144 ut
1912 4092 2038 4160 quis

463 4180 595 4246 Deo,
645 4182 811 4236 vetita
858 4182 1147 4251 patrando,
1198 4182 1583 4253 conjungatur.
1631 4181 1824 4236 Vestra
1873 4184 2038 4253 igitur

462 4258 627 4329 causa
664 4276 838 4342 magis
869 4290 1032 4345 quam
1069 4292 1190 4330 mea
1235 4277 1452 4345 loquor,
1495 4287 1547 4331 et
1594 4285 1654 4330 ut
1693 4293 1792 4333 vos
1834 4278 2035 4332 damno

441 4367 793 4421 aintolerabili
844 4369 1099 4423 eximam.
1150 4369 1306 4434 Quod
1353 4371 1501 4425 enim
1559 4370 1737 4439 majus
1774 4371 2032 4440 cuiquam

461 4457 664 4511 malum
699 4458 936 4520 accidat,
969 4474 1131 4528 quam
1175 4460 1223 4514 si
1254 4476 1370 4515 rem
1402 4462 1648 4516 omnium
1693 4462 2031 4531 pretiosissi-

457 4561 604 4602 mam
631 4550 846 4603 amittat
866 4549 1151 4605 veritatem
1173 4550 1197 4592 ν

527 4726 581 4780 ι.
622 4724 763 4793 Quid
801 4726 969 4796 igitur
1003 4726 1148 4791 dico,
1176 4727 1417 4783 fratres?
1449 4728 1567 4783 Non
1594 4731 1805 4800 peccati
1840 4746 2037 4801 exper-

454 4821 564 4869 tem
597 4830 683 4870 me
720 4830 866 4878 esse,
902 4830 1004 4870 nec
1039 4816 1204 4870 vitam
1254 4833 1430 4873 meam
1472 4820 1728 4874 refertam
1764 4836 1869 4875 non
1911 4838 2035 4878 esse

455 4907 759 4964 innumeris
790 4907 1026 4961 delictis.
1057 4907 1193 4962 Nam
1239 4925 1327 4964 me
1364 4911 1483 4980 ipse
1525 4912 1676 4976 novi,
1729 4927 1831 4967 nec
1878 4927 2036 4969 cesso

455 4996 725 5067 lacrymas
765 4999 835 5053 ob
867 5009 1092 5069 peccata
1142 5001 1499 5070 perfundere.
1541 5004 1588 5060 si
1626 5003 1769 5058 forte
1823 5005 2034 5074 possim

519 5170 568 5201 “
599 5169 760 5226 Joan.
802 5169 1023 5235 vinei.
1098 5174 1143 5205 ⁸⁷
1193 5172 1212 5226 ι
1258 5174 1387 5231 Cor.
1430 5191 1504 5229 iv.
1542 5176 1595 5230 '5.

523 5329 635 5402 (55)
663 5332 1061 5402 Φυλσκρινῶν.
1097 5333 1173 5387 ita
1217 5342 1329 5389 tres
1373 5333 1733 5388 vetustissimi
1785 5331 2023 5397 codices,

450 5401 557 5455 nisi
585 5401 753 5475 good!
780 5404 837 5475 in
857 5401 1015 5457 "Med.
1050 5404 1246 5473 legitur
1276 5402 1844 5475 φυλλοκρινῶνηΕὰιῑί
1875 5403 2026 5471 φιλο-

450 5470 670 5595 κςινῶν.
724 5473 1003 5542 Scriptura
1060 5470 1309 5528 codicum
1374 5470 1508 5528 inss'.
1549 5470 1903 5527 confirmatur
1957 5488 2024 5527 ex

450 5540 485 5593 li
531 5555 591 5593 ro
620 5540 693 5593 De
721 5540 928 5599 Spiritu
960 5555 1142 5597 sancto
1169 5559 1219 5597 c.
1256 5544 1347 5599 29.
1379 5560 1433 5599 ι).
1481 5545 1566 5599 75.
1600 5553 1654 5598 et
1682 5544 1841 5597 eoist.
1894 5542 2019 5595 257.

450 5540 591 5595 libro
620 5540 693 5593 De
721 5540 928 5610 Spiritu
960 5555 1142 5597 sancto
1169 5559 1219 5597 c.
1256 5544 1347 5606 29,
1379 5560 1433 5613 p.
1481 5545 1566 5606 75,
1600 5553 1654 5598 et
1682 5544 1841 5613 epist.
1894 5542 2019 5595 257.

521 5611 633 5683 (54)
654 5610 1051 5683 reg-naccam.
1068 5613 1224 5683 Med.
1250 5622 1304 5668 et
1330 5614 1497 5668 Coisl.
1520 5614 1728 5683 primus
1743 5612 2019 5683 γενέσθαι.

674 5672 955 5751 Τῆς’πσρ’
979 5682 1137 5752 ὑμῖν.
1165 5684 1243 5738 Ita
1272 5693 1384 5739 tres
1408 5672 1769 5740 vetustissimi
1797 5682 2020 5738 codices

2160 1890 2247 1943 νὺν
2292 1891 2564 1963 ἀκροατὴν
2593 1889 2919 1961 γενήσεσθαι
2967 1888 3111 1958 (54),
3155 1889 3229 1958 μὴ
3276 1888 3394 1941 ὅλον
3437 1888 3756 1957 ἀπάγεσθαι

2159 1980 2309 2051 παρά
2331 1981 2424 2034 τοῦ
2461 1982 2842 2053 προλαϐόντος,
2878 1979 2992 2031 ἀλλ’
3022 1978 3312 2049 ἀναμένειν
3355 1978 3448 2030 καὶ
3481 1981 3578 2048 τὴν
3610 1980 3759 2032 ἀπο-

2158 2073 2340 2142 λογίαν
2362 2073 2454 2127 τοῦ
2480 2074 2829 2144 ὲναγομένου,
2858 2074 2923 2125 ἵν“
2943 2072 3115 2135 οὕτως
3142 2074 3205 2123 ἐκ
3232 2072 3333 2141 τῆς
3360 2070 3751 2142 παραθέσεως,

2160 2166 2430 2238 ἑκατέρων
2466 2166 2573 2218 τῶν
2618 2164 2790 2233 λόγων
2846 2162 3119 2233 διαδειχθῇ
3169 2165 3201 2234 η
3251 2161 3510 2233 ἀλήθειας
3555 2161 3756 2229 Κρῒμα

2158 2256 2391 2310 δίκαιον
2443 2258 2713 2326 κρίνατε’
2754 2256 3078 2326 πρόσταγμά
3130 2256 3274 2307 ἐστιν
3319 2252 3376 2305 ἒν
3422 2254 3531 2307 τῶν
3574 2254 3755 2324 ἀναγ-

2158 2350 2457 2402 καιοτάτων
2491 2350 2570 2413 είς
2603 2350 2897 2421 σωτηρίαν.

2227 2441 2278 2493 5.
2318 2441 2425 2493 Καὶ
2458 2439 2629 2493 ταῦτα
2658 2439 2819 2509 λέγω,
2864 2441 2963 2493 οῦκ
3014 2438 3434 2509 ἐπιλελησμένος
3467 2439 3575 2491 τῶν
3605 2441 3753 2494 ἁπο-

2158 2532 2417 2586 στολικῶν
2469 2533 2748 2603 ῥημάτων,
2776 2534 2878 2595 ὅτι,
2920 2532 3134 2601 φεύγων
3171 2533 3377 2593 ἐκεῖνος
3416 2533 3485 2584 τὰ
3525 2532 3749 2603 ἀνθρώ-

2157 2642 2286 2679 πινα
2334 2627 2608 2698 κριτήρια,
2639 2626 2757 2678 ὅλον
2798 2625 2993 2678 ἑαυτοῦ
3034 2625 3124 2677 τὸν
3177 2624 3290 2693 βίον
3332 2626 3450 2687 ταῖς
3491 2624 3751 2689 εὐθύναις

2154 2718 2247 2771 τοῦ
2277 2720 2684 2789 ἀνεξαπατήτου
2711 2717 3057 2787 δικαστηρίου
3091 2715 3407 2786 ὲταμιεύετο
3435 2716 3492 2767 ὲν
3522 2711 3604 2779 οἷς
3636 2734 3747 2785 φη-

2156 2827 2267 2863 σιν·
2313 2811 2475 2879 Ἐμοὶ
2505 2809 2573 2862 δὲ
2605 2812 2691 2874 εὶς
2728 2807 3057 2878 ἐλάχιστόν
3088 2809 3257 2861 ἐστιν
3289 2808 3390 2861 ἵνα
3434 2807 3537 2874 ὑφ’
3574 2807 3749 2877 ὑμῶν

2154 2899 2473 2969 ἀνακριθῶ,
2508 2902 2546 2968 ἢ
2573 2900 2691 2955 ὑπὸ
2720 2899 3096 2967 ἀνθρωπίνης
3117 2896 3360 2967 ἡμέρας.
3403 2895 3548 2950 Ἀλλ’
3590 2899 3748 2967 ὅμως

2153 2992 2339 3062 ἐπειδὴ
2370 2992 2734 3062 προλαϐοῦσαι
2766 2990 3007 3043 διαϐολαὶ
3037 2990 3251 3059 ψευδεῖς
3286 2989 3551 3059 κατέσχον
3578 2990 3741 3059 ὑμῶν

2152 3084 2250 3147 τὰς
2279 3085 2465 3148 ἀκοὰς,
2501 3084 2594 3135 καὶ
2633 3082 2984 3154 διαϐέϐληται
3024 3081 3124 3151 μὲν
3153 3080 3308 3151 ἡμῶν
3336 3082 3364 3133 ὁ
3397 3080 3534 3150 βίος,
3562 3081 3746 3135 διαϐέ-

1886 3181 2044 3227 nocet
2073 3165 2114 3223 C
2149 3173 2339 3245 ϐληται
2369 3175 2425 3228 δὲ
2460 3177 2490 3242 ή
2529 3176 2655 3245 περὶ
2702 3175 2793 3227 τὸν
2834 3173 2964 3225 Θεὸν
3013 3172 3170 3242 ἡμῶν
3198 3171 3400 3236 πίστις,
3448 3171 3626 3236 εἰδὼς,
3658 3173 3744 3225 ὅτι

2145 3268 2320 3341 τρισὶν
2362 3266 2496 3337 ὁμοῦ
2547 3264 2857 3336 προσώποις
2892 3265 2992 3334 τὴν
3032 3263 3233 3334 βλάϐην
3285 3263 3685 3333 προστρίϐεται
3713 3268 3748 3317 ὁ

2144 3357 2472 3412 διαϐάλλων·
2514 3357 2606 3411 τόν
2634 3373 2693 3409 τε
2729 3355 2835 3426 γάρ
2868 3351 3367 3422 συκοφαντούμενον
3402 3352 3603 3415 ἀδικεῖ,
3641 3353 3745 3406 καὶ

2147 3452 2282 3523 πρὸς
2310 3450 2403 3513 οὓς
2440 3452 2468 3502 ό
2517 3449 2672 3517 λόγος
2711 3447 2858 3500 ἐστὶν
2902 3445 3070 3515 αὐτῷ,
3115 3445 3206 3497 καὶ
3253 3443 3476 3496 ἑαυτόν·
3507 3444 3609 3513 τῆς
3638 3445 3749 3513 μὲν

2144 3537 2380 3609 ἐμαυτοῦ
2414 3536 2616 3607 βλάϐης
2655 3535 2756 3589 κᾶν
2784 3533 3166 3605 ἀπεσιώπησα,
3197 3529 3255 3587 εὖ
3288 3533 3422 3595 ῖστε,
3456 3531 3518 3585 ού
3563 3549 3748 3585 κατα-

2143 3629 2354 3701 φρονῶν
2385 3630 2485 3700 τῆς
2516 3631 2646 3699 παρ’
2674 3630 2800 3697 ὑμῖν
2832 3625 2945 3696 (55)
2971 3624 3311 3695 ὑπολήψεως,
3352 3623 3492 3694 (πῶς
3532 3623 3649 3696 γὰρ
3678 3627 3746 3689 ὃς

2142 3739 2225 3789 γε,
2275 3723 2361 3776 ἵνα
2410 3722 2483 3793 μὴ
2537 3719 2741 3791 ταύτην
2766 3717 3046 3789 ζημιωθῶ,
3087 3716 3260 3772 ταῦτα
3294 3715 3596 3768 ἐπιστέλλω
3638 3720 3748 3772 καὶ

2140 3813 2474 3883 ἀγωνίζομαι
2507 3811 2602 3864 νῦν
2627 3813 2664 3877 ;)
2699 3811 2812 3864 ἀλλ’
2838 3809 2999 3882 ὁρῶν,
3031 3809 3112 3861 ὃτι
3168 3809 3225 3861 ὲν
3258 3807 3403 3878 τρισὶ
3448 3808 3559 3869 τοῖς
3596 3807 3742 3877 βλα-

2140 3906 2467 3976 πτομένοιςό
2491 3904 2560 3958 τὰ
2590 3903 2845 3956 ἐλάττονα
2863 3900 3249 3972 ζημιούμενος,
3278 3897 3393 3967 είμὶ
3415 3895 3546 3965 ἐγώ.
3582 3898 3744 3966 Ἐγὼ

2142 3995 2242 4066 μὲν
2273 3995 2381 4065 γὰρ
2410 3995 2553 4066 ὑμᾶς
2595 3992 3020 4063 ἀποστεροῦμαι,
3051 3990 3208 4060 ὑμεῖς
3241 3988 3299 4041 δὲ
3328 3988 3429 4059 τὴν
3462 3986 3744 4058 ἀλήθειαν

2139 4086 2486 4159 ἀφαιρεῖσθε·
2526 4086 2619 4140 καὶ
2662 4088 2691 4138 ὁ
2735 4084 2939 4137 τούτων
2974 4083 3144 4144 αἴτιος
3171 4080 3269 4150 ἐμὲ
3312 4079 3408 4150 μὲν
3441 4078 3599 4148 ὑμῶν
3652 4081 3742 4134 δι-

2141 4179 2383 4250 ίστησιν,
2427 4177 2617 4230 ἑαυτὸν
2660 4177 2715 4229 δὲ
2744 4175 3012 4245 ἀλλοτριοῖ
3052 4172 3146 4226 τοῦ
3188 4172 3422 4243 Κυρίου·
3453 4171 3587 4225 διότι
3629 4175 3743 4228 οὐκ

2138 4270 2251 4324 ἔστι
2278 4269 2395 4340 Θεῷ
2425 4272 2489 4323 ἐκ
2513 4268 2621 4322 τῶν
2651 4267 3115 4339 ἀπηγορευμένων
3145 4263 3517 4334 οἰκειωθῆναι.
3535 4264 3743 4335 ’Υμῶν

2135 4359 2227 4417 οὖν
2264 4363 2460 4434 μᾶλλον
2493 4362 2677 4415 ἕνεκεν
2709 4362 2743 4432 ἢ
2777 4358 3013 4431 ἐμαυτοῦ
3049 4357 3309 4427 ποιοῦμαι
3342 4357 3476 4420 τοὺς
3506 4355 3738 4425 λόγους,

2136 4454 2347 4508 καὶτοῦ
2378 4455 2522 4525 ὑμᾶς
2555 4452 2829 4517 ἐξελέσθαι
2863 4449 3066 4521 βλάϐης
3093 4449 3194 4502 οὑκ
3232 4449 3484 4518 ἀνεκτῆς.
3508 4447 3575 4499 Τί
3613 4447 3742 4520 γὰρ

2134 4545 2201 4601 ἂν
2244 4547 2339 4601 καὶ
2382 4545 2563 4617 μεῖζον
2608 4544 2768 4598 πάθοι
2808 4543 2919 4614 (56)
2958 4541 3126 4595 κακόν
3156 4558 3241 4604 τις
3281 4540 3345 4592 τὸ
3394 4536 3744 4608 τιμιώτατον

2134 4639 2244 4693 τῶν
2273 4638 2440 4691 ὄντων
2465 4636 2781 4709 ζημιωθεὶς,
2818 4635 2916 4705 τὴν
2944 4633 3238 4703 ἀλήθειαν;

2202 4730 2258 4785 4.
2286 4729 2350 4782 Τί
2393 4724 2487 4783 οὖν
2537 4746 2702 4799 φημι,
2750 4725 3001 4795 ἀδελφοῖς
3057 4724 3171 4793 Οὑχ
3211 4723 3292 4774 ὃτι
3333 4719 3741 4791 ἀναμάρτητός

2133 4839 2217 4885 τις
2246 4819 2378 4889 ἐγὼ,
2409 4818 2521 4874 οὔθ’
2549 4820 2632 4873 ὅτι
2680 4819 2709 4870 ό
2742 4817 2854 4888 βίος
2876 4819 2905 4870 ὁ
2929 4815 3059 4886 ἐμὸς
3087 4813 3207 4883 οὑχ).
3229 4810 3443 4881 πλήρης
3469 4807 3587 4860 ἐστὶ
3613 4823 3736 4876 μυ-

2137 4915 2266 4985 ρίων
2311 4911 2709 4982 ἐλαττωμάτων
2729 4927 2743 4941 ·
2780 4904 2895 4962 οῖδα
2935 4908 3044 4978 γὰρ
3077 4903 3334 4976 ἐμαυτὸν,
3373 4900 3470 4953 καὶ
3505 4898 3569 4951 οῦ
3599 4898 3738 4950 δια-

2132 5005 2303 5059 λείπω
2356 5021 2421 5075 γε
2462 5003 2675 5067 στάζων
2704 5002 2761 5056 τὸ
2805 5001 3042 5072 δάκρυον
3077 4998 3218 5069 ὑπὲρ
3245 4994 3353 5049 τῶν
3383 4989 3739 5064 ἁμαρτημά-

2133 5330 2355 5405 etﬁeg.
2395 5330 2949 5405 primusLEditieﬁ;
2980 5333 3127 5405 παρ’Δ
3153 5332 3336 5405 ὑμῶν.
3387 5330 3510 5384 Mox
3547 5330 3734 5386 editio

2129 5402 2165 5454 2
2201 5401 2376 5456 Paris.
2431 5403 2566 5472 εἰμί.
2606 5402 2748 5470 Ἐγὼ
2792 5403 2890 5473 μὲν
2907 5401 3237 5474 ’γάρζΑΙίεε
3281 5410 3336 5457 et
3376 5416 3516 5454 mss.
3560 5410 3625 5453 ut
3667 5419 3731 5457 in

2130 5480 2658 5614 ιθῖἓϐδ-Πάθοιηιιο
2686 5550 2798 5596 tres
2827 5542 3190 5598 vetustissimi
3211 5556 3360 5614 mss.
3383 5539 3553 5614 et__alii
3584 5554 3731 5595 non-

2129 5608 2456 5669 nullifEditi
2482 5611 2653 5684 πάθῃ,
2688 5621 2916 5682 excepta
2940 5622 3124 5668 tamen
3159 5612 3403 5667 editione
3428 5608 3645 5682 Hagan.
