3862 6220
156 251 260 309 749

1077 243 1569 303 EPISTULARUM
1609 239 1897 297 CLASSIS
1936 240 2000 297 ll.
2043 237 2263 296 EI’IST.
2304 235 2481 295 CCIV.

3311 231 3418 287 750

155 382 287 428 των,
345 363 400 417 εἴ
434 380 551 427 πως
604 361 892 433 δυνηθείην
939 359 1291 427 ἐξιλάσασθαι
1323 379 1423 433 μου
1458 360 1548 414 τὸν
1582 357 1736 421 Θεδν,

1857 354 2012 410 Deum
2062 369 2243 409 meum
2291 350 2544 423 placare,
2591 355 2645 402 et
2698 345 3029 417 supplicium
3086 344 3418 400 intentatum

156 460 253 513 καὶ
270 459 551 528 διαφυγεῖν
571 456 669 528 τὴν
690 453 1074 526 ἀπειληθεῖσαν
1097 454 1318 508 κόλασιν
1338 472 1349 484 ·
1389 452 1502 507 ἀλλ’
1527 452 1607 504 ὅτι
1624 453 1651 503 ὁ
1669 449 1735 503 τὰ

158 551 405 621 ἡμέτερα
433 549 657 620 κρίνων,
683 548 730 599 εί
758 546 856 617 μὲν
885 546 1124 618 καθαρὸν
1167 546 1310 617 ἔχειν
1338 542 1735 598 διαϐεϐαιοῦται

155 641 246 694 τδν
308 640 605 710 ὀφθαλμὸν,
662 638 1064 710 καρφολογείτω
1106 637 1262 708 ήμῶν
1310 636 1369 689 τὸ
1407 636 1560 706 ὄμμα
1599 631 1734 701 (57).

168 733 572 804 Ὀμολογοῦμεν
605 734 712 802 γάρ
728 731 935 784 δεῖσθαι
970 729 1172 799 πολλῆς
1201 729 1300 798 τῆς
1333 729 1399 781 ἐκ
1425 727 1531 781 τῶν
1559 728 1739 793 ὑγιαι-

159 823 361 875 νόντων
408 821 757 891 ἐπιμελείας·
810 822 858 873 εἰ
910 819 966 872 δὲ
1015 818 1171 872 τοῦτο
1224 820 1321 890 μὲν
1355 820 1455 870 οὐκ
1486 817 1549 870 ἂν
1574 816 1736 877 εῐποι,

158 915 254 966 καὶ
284 913 521 983 τοσούτῳ
553 929 616 980 γε
666 910 826 963 πῖέον
862 912 963 963 οὐκ
990 912 1126 981 ἐρεῖ,
1166 912 1384 980 ὅσῳπερ
1433 907 1498 961 ἂν
1542 905 1740 978 μᾶλλον

157 996 192 1074 ᾖ
211 1000 451 1071 καθαρὸς
470 1001 623 1065 (διότι
643 1001 771 1053 ἴδιον
788 999 894 1052 τῶν
920 999 1140 1051 τελείων
1157 999 1216 1051 τὸ
1235 999 1307 1069 μὴ
1327 998 1552 1059 ἑαυτοὺς
1582 998 1741 1066 ὑπερ-

160 1095 337 1167 αίρειν
360 1116 369 1124 ·
389 1095 508 1146 ἐπεὶ
538 1093 756 1157 πάντως
785 1091 1029 1144 ὑπόδικοι
1054 1094 1117 1162 τῇ
1146 1090 1431 1159 ἀλαζονείᾳ
1456 1088 1548 1142 τοῦ
1576 1089 1743 1157 Φαρι-

160 1187 320 1242 σαίου
333 1192 673 1257 γενήσονται,
691 1185 769 1249 ὃς,
790 1184 979 1236 ἑαυτὸν
998 1182 1243 1253 δικαιῶν,
1260 1182 1546 1252 κατέκρινε
1559 1181 1650 1232 τὸν
1663 1195 1746 1230 τε-

158 1277 386 1351 λώνην),
404 1279 517 1349 μετ’
545 1276 679 1347 ἐμοῦ
702 1275 811 1341 (58)
834 1274 1066 1346 ζητείτω
1087 1274 1177 1327 τὸν
1202 1273 1406 1344 ἰατρὸν,
1433 1273 1527 1325 καὶ
1548 1271 1620 1341 μή
1640 1268 1744 1339 πρὸ

160 1371 359 1441 καιροῦ
386 1370 633 1442 κρινέτω,
661 1369 766 1433 ἕως
788 1368 1002 1441 ἀνέλθῃ
1029 1369 1057 1419 ὁ
1090 1365 1307 1437 Κύριος,
1330 1364 1387 1427 ὃς
1404 1363 1743 1430 ἀποκαλύψει

158 1462 231 1515 τὰ
247 1461 467 1532 κρυπτά
487 1459 578 1512 τοῦ
599 1460 842 1524 σκότους,
872 1460 966 1512 καὶ
989 1455 1293 1527 φανερώσει
1310 1455 1408 1519 τὰς
1431 1454 1623 1525 βουλὰς
1638 1454 1745 1507 τῶν

160 1553 415 1626 καρδιῶν.
445 1554 640 1624 Μεμνή
650 1553 758 1606 σθω
773 1552 828 1605 δὲ
856 1552 950 1606 καὶ
966 1550 1060 1603 τοῦ
1080 1550 1342 1612 εἰπόντος·
1376 1549 1471 1615 Μὴ
1493 1549 1743 1616 κρίνετε,

161 1646 378 1717 ἵναμὴ
418 1644 687 1714 κριθῆτε·
742 1645 866 1708 καί,
911 1644 1007 1712 Μὴ
1050 1640 1487 1705 καταδικάζετε,
1519 1641 1619 1693 ἵνα
1658 1638 1744 1708 μὴ

1842 444 2101 514 eﬂ‘ugere.
2150 442 2257 499 Sed
2293 442 2398 497 hoc
2442 440 2606 495 dico:
2642 438 2690 492 is
2737 438 2830 508 qui
2878 444 3069 493 nostra
3100 435 3336 508 judicat,
3374 435 3421 489 si

1843 552 2040 607 purum
2076 535 2297 607 quidem
2326 534 2526 588 habere
2557 547 2617 587 se
2645 531 2863 585 oculum
2895 529 3148 594 amrmat,
3178 528 3422 584 festucas

1844 631 1900 683 in
1925 631 2133 684 nostris
2171 627 2349 683 oculis
2390 627 2700 694 investiget.
2753 623 3095 678 Conﬁtentur
3129 622 3277 677 enim
3321 634 3423 675 nos

1845 721 2078 791 plurima
2106 721 2244 776 bene
2271 720 2569 775 valentium
2600 733 2733 774 cura
2762 717 3027 789 indigere.
3056 717 3211 784 Quod
3242 716 3290 773 si
3318 716 3424 771 hcc

1845 829 1955 867 non
1986 812 2186 867 dixerit
2214 816 2268 868 et
2296 821 2446 869 certe
2475 821 2629 867 tanto
2665 812 2848 867 minus
2882 811 3050 877 dicet,
3082 818 3290 882 quanto
3318 826 3423 882 pu-

1846 903 1961 956 rior
1985 902 2149 972 fuerit
2174 904 2469 975 (siquidem
2494 904 2776 975 proprium
2804 911 2889 958 est
2906 903 3277 974 perfectorum
3302 918 3427 959 sese

1847 1012 1957 1051 non
1989 996 2217 1061 elTerre;
2258 998 2503 1068 alioquin
2547 996 2779 1051 omnino
2822 997 3049 1051 obnoxii
3093 997 3427 1067 arrogantia:

1847 1087 2107 1144 Pharisaai
2156 1097 2364 1153 essent,
2415 1090 2512 1160 qui
2563 1105 2689 1145 sese
2729 1090 3046 1160 justiﬁcans
3072 1089 3427 1161 publicanum

1849 1179 2296 1249 condemnabat),
2324 1194 2538 1234 mecum
2577 1189 2787 1250 quaerat
2822 1179 3130 1243 medicum;
3168 1194 3269 1234 nec
3300 1185 3431 1234 ante

1849 1277 2067 1340 tempus
2089 1271 2325 1340 judicet,
2359 1272 2535 1327 donec
2562 1276 2746 1327 veniat
2782 1271 3069 1333 Dominus,
3096 1270 3190 1340 qui
3220 1267 3429 1331 revela-

1850 1362 1933 1417 bit
1977 1365 2196 1418 occulta
2248 1367 2623 1432 tenebrarum,
2675 1372 2730 1420 et
2774 1364 2987 1436 deteget
3031 1362 3264 1418 consilia
3306 1375 3428 1414 cor-

1850 1456 2000 1510 dium
2021 1455 2088 1509 '3.
2124 1456 2431 1514 Meminerit
2476 1466 2657 1513 autem
2688 1466 2743 1514 et
2772 1458 2942 1524 illius,
2976 1457 3068 1528 qui
3098 1455 3235 1509 dixit
3263 1474 3276 1507 :
3312 1451 3426 1507 No-

1853 1547 1943 1603 lite
1958 1548 2206 1618 judicare
2236 1559 2293 1603 ut
2317 1568 2419 1604 non
2452 1551 2761 1619 iudicemini
2784 1551 2829 1583 ⁸⁹
2867 1569 2879 1605 :
2906 1550 3058 1616 item,
3092 1547 3273 1602 Nolite
3301 1562 3428 1601 con-

1852 1640 2123 1706 demnare,
2170 1652 2227 1698 ut
2276 1661 2380 1698 non
2427 1643 2933 1699 condemnemini".
2986 1640 3222 1697 Omnino
3268 1637 3430 1710 305

162 1735 656 1804 καταδικασθῆτε.
713 1736 887 1799 ’Ὀλως
936 1735 1012 1798 δὲ,
1044 1733 1287 1802 ἀδελφοὶ,
1336 1730 1511 1800 εἰμὲν
1556 1730 1747 1798 ἰάσιμα

1857 1743 2057 1795 autem,
2096 1733 2320 1797 fratres,
2355 1734 2629 1805 siquidem
2656 1735 2925 1790 sanabilia
2959 1741 3090 1790 sunt
3122 1739 3313 1787 nostra
3343 1730 3433 1784 de-

163 1831 324 1904 ἡμῶν
357 1832 472 1882 ἐστι
502 1829 569 1883 τὰ
612 1826 1081 1898 πλημμελήματα,
1118 1825 1172 1877 τί
1217 1823 1336 1893 οὑχὶ
1370 1820 1610 1874 πείθεται
1636 1818 1747 1889 (59)

160 1924 242 1995 τῷ
274 1922 585 1992 διδασκάλῳ
637 1920 747 1973 τῶν
768 1917 1106 1989 Ἐκκλησιῶν
1141 1916 1387 1985 λέγοντι·
1441 1912 1746 1984 Ἕλεγξον,

161 2019 548 2086 ἐπιτίμησον,
610 2012 1079 2082 παρακάλεσον;
1148 2010 1212 2062 Εἰ
1255 2010 1312 2062 δὲ
1343 2009 1563 2069 ἀνίατος
1591 2005 1749 2085 ἡμῶν

163 2110 200 2179 ή
226 2105 448 2177 ἀνομία,
467 2104 518 2157 τί
548 2105 668 2175 οὐχ).
700 2106 778 2166 εἰς
807 2101 1099 2173 πρόσωπον
1126 2102 1257 2170 ἡμῖν
1275 2098 1747 2159 ἀντικαθίσταται,

165 2180 264 2254 καὶ
297 2195 662 2269 δημοσιεύσας
691 2194 852 2265 ήμῶν
881 2192 951 2246 τὰ
984 2195 1333 2264 ἀνομήματα,
1358 2190 1633 2261 ἐλευθεροῖ
1651 2189 1751 2259 τῆς

163 2291 301 2362 παρ’
334 2289 492 2361 ήμῶν
522 2288 727 2361 βλάϐης
774 2289 873 2351 τὰς
899 2287 1257 2357 Ἐκκλησίας;
1283 2286 1374 2356 Μὴ
1411 2284 1586 2338 τοίνυν
1621 2285 1750 2336 ἀνά-

166 2384 372 2456 σχησθε
406 2385 504 2455 τῆς
534 2384 623 2436 ὑπ’
654 2382 841 2434 ὀδόντα
890 2379 1227 2450 λαλουμένης
1258 2379 1379 2432 καθ’
1411 2376 1567 2448 ἡμῶν
1592 2376 1755 2429 λοιδο-

166 2476 313 2549 ρίας.
356 2475 528 2528 Τοῦτο
551 2474 661 2545 γὰρ
716 2473 821 2526 κᾶν
860 2472 1122 2536 παιδίσκη
1148 2472 1245 2542 μία
1273 2470 1381 2522 τῶν
1413 2471 1476 2522 ὲκ
1513 2468 1754 2539 μύλωνος

166 2571 450 2640 ποιήσειε,
502 2566 606 2620 κᾶν
650 2565 759 2619 τῶν
810 2564 1086 2636 ἀγοραίων
1145 2581 1229 2627 τις
1283 2563 1398 2633 μεθ’
1449 2560 1755 2632 ὑπερϐολῆς

165 2662 521 2727 ἐπιδείξαιτο,
574 2655 654 2725 οἷς
704 2661 739 2732 ή
791 2657 1013 2727 γλῶσσα
1075 2657 1211 2729 πρὸς
1262 2658 1445 2709 πᾶσαν
1493 2654 1754 2725 ἡκόνηται

164 2754 461 2827 λοιδορίαν.
529 2751 669 2805 Ἀλλ’
729 2750 868 2803 εἰσὶν
934 2750 1257 2803 ἐπίσκοποι·
1316 2747 1588 2819 κληθῶσιν
1676 2748 1755 2809 εἰς

167 2849 456 2921 ἀκρόασιν.
509 2846 663 2898 Ἔστι
694 2844 896 2917 κλῆρος
920 2843 1061 2897 κατά
1084 2844 1263 2896 πᾶσαν
1283 2840 1374 2893 τοῦ
1407 2839 1541 2893 Θεοῦ
1574 2856 1757 2910 παροι-

164 2946 295 3001 κίαν
323 2964 338 2978 ο
366 2942 789 3012 συναχθήτωταν
838 2940 889 2992 οἱ
933 2934 1318 3006 δοκιμώτατοι.
1363 2931 1583 3001 Λεγέτω
1620 2931 1757 2998 μετά

166 3032 483 3104 παρρησίας
502 3032 531 3082 ὁ
571 3029 912 3099 βουλόμενος,
945 3026 1031 3078 ἵνα
1056 3025 1275 3094 ἔλεγχος
1360 3022 1421 3075 τὸ
1451 3020 1752 3090 γινόμενον,

166 3124 263 3177 καὶ
293 3122 369 3194 μὴ
393 3120 648 3191 λοιδορία.
696 3118 818 3171 ’Υπ’
850 3117 971 3186 ὄψιν
1001 3115 1184 3184 ἀγέτω
1210 3114 1275 3168 τὰ
1298 3109 1628 3166 λανθάνοντα
1654 3126 1753 3180 μου

163 3216 270 3286 τῆς
318 3194 583 3286 πονηρίας
607 3228 621 3240 ·
680 3211 912 3282 μισείτω
953 3211 1009 3263 δὲ
1050 3208 1184 3279 μηδὲ
1218 3207 1362 3269 τότε,
1395 3204 1531 3258 ἀλλά
1571 3202 1757 3257 νουθε-

166 3309 332 3362 τείτω
363 3308 439 3371 ὡς
474 3306 721 3374 ἀδελφόν.
790 3303 1087 3357 Ἐλεεῖσθαί
1111 3320 1214 3356 που
1242 3299 1568 3371 δικαιότεροί
1592 3301 1758 3369 ἐσμεν

168 3398 325 3469 παρὰ
390 3396 497 3450 τῶν
544 3394 830 3467 μακαρίων
879 3392 1087 3463 ἀνδρῶν
1137 3392 1230 3445 καὶ
1268 3389 1669 3459 ἀναμαρτήτων
1706 3389 1755 3441 οἱ

168 3488 487 3561 ἁμαρτωλοὶ
519 3489 629 3557 (60)
657 3487 815 3557 ἡμεῖς
848 3484 1046 3554 μᾶλλον
1076 3483 1108 3553 ἥ
1134 3481 1578 3553 χαλεπαίνεσθαι.

244 3581 297 3634 5.
322 3582 384 3633 Εἰ
411 3580 468 3632 δὲ
498 3579 625 3649 περὶ
658 3579 840 3631 πίστιν
880 3576 943 3629 τὸ
989 3574 1232 3645 σφάλμα,
1268 3572 1537 3643 δειχθήτω
1564 3574 1699 3643 ἡμῖν
1720 3574 1754 3643 ἡ

174 3674 501 3745 συγγραφή·
558 3670 720 3724 πάλιν
776 3669 891 3721 ἴσον
939 3668 1031 3721 καὶ
1073 3667 1250 3720 κοινὸν
1288 3667 1570 3736 κριτήριον
1620 3663 1757 3718 καθ-

173 3767 364 3819 mitto.
406 3761 833 3831 Ἀναγνωσθήτω
868 3760 928 3812 τὸ
965 3756 1672 3829 ἕγκλημα.Δοκιμασθήτω,
1709 3758 1758 3809 εξ

175 3863 252 3932 μὴ
316 3859 511 3930 ἀγνοίᾳ
562 3855 655 3909 τοῦ
717 3853 1076 3925 ἐγκαλοῦντος
1129 3852 1376 3923 ἔγκλημα
1427 3847 1567 3903 εἶναι
1615 3849 1762 3904 δοκεί

173 3952 459 4029 mihi}
497 3953 565 4020 τῇ
599 3948 794 4003 ἑαυτοῦ
842 3947 1001 4016 φύσει
1053 3943 1501 4014 κατεγνωσμένον
1546 3941 1663 3994 ἐστὶ
1698 3942 1759 3994 τὸ

459 4039 637 4094 Πολλά
650 4040 759 4111 γὰρ
784 4038 892 4092 τῶν
916 4037 1095 4091 καλῶν
1120 4037 1181 4089 οὐ
1214 4035 1362 4088 δοκεῖ
1380 4028 1517 4087 εἶναι
1536 4033 1760 4086 τοιαῦτα

170 4140 286 4200 τοῖς
332 4134 395 4187 τὸ
443 4133 722 4204 κριτήριον
768 4132 867 4201 τῆς
906 4128 1145 4191 διανοίας
1183 4127 1284 4179 οὐκ
1316 4124 1544 4197 ἀκριϐὲς
1569 4141 1762 4195 κεκτη-

174 4231 379 4302 μένοις.
409 4226 561 4279 Ἐπεὶ
587 4225 680 4278 καὶ
701 4223 768 4276 τὰ
797 4222 1024 4295 ίσοὸαρῆ
1051 4221 1158 4274 τῶν
1184 4220 1365 4289 ὄγκων
1387 4220 1486 4271 οὐκ
1516 4219 1605 4270 ἴσα
1620 4213 1759 4271 εἶναι

170 4323 338 4383 δοκεῖ,
379 4319 505 4371 ὅταν
556 4317 631 4386 μὴ
683 4314 987 4386 ἰσορρόπως
1038 4312 1201 4383 ἔχωσι
1246 4312 1382 4381 πρὸς
1437 4309 1670 4382 ἀλλήλας
1703 4311 1758 4365 αἱ

1851 1825 2017 1891 licta;
2062 1842 2161 1882 cur
2186 1843 2394 1884 morem
2442 1844 2554 1883 non
2609 1828 2749 1898 gerit
2800 1826 3015 1881 doctori
3056 1824 3429 1881 Ecclesiarum

1850 1917 2076 1983 dicenti,
2112 1920 2304 1989 Argue,
2342 1920 2576 1990 increpa,
2602 1919 2817 1975 obsecra
2842 1920 2928 1973 "?
2975 1918 3072 1973 Sin
3116 1926 3299 1972 autem
3346 1916 3433 1970 in-

1853 2012 2117 2065 sanabilis
2153 2020 2347 2067 nostra
2383 2013 2670 2082 iniquitas,
2704 2028 2804 2067 cur
2834 2020 3025 2067 contra
3056 2026 3165 2066 non
3196 2017 3306 2065 stat
3337 2009 3434 2063 ad-

1854 2119 2011 2159 versa
2057 2105 2245 2161 fronte.
2268 2116 2319 2160 et
2357 2106 2622 2176 evulgans
2659 2115 2847 2162 nostra
2898 2105 3120 2169 delicta,
3156 2103 3356 2158 liberat
3401 2116 3432 2155 a

1853 2195 2114 2264 pernicie,
2146 2213 2308 2266 quam
2337 2196 2651 2260 inferimus,
2687 2198 3006 2253 Ecclesias?
3038 2196 3228 2267 Itaque
3254 2211 3324 2251 ne
3352 2195 3434 2250 fe-

1853 2287 1991 2341 ralis
2013 2289 2286 2357 prolatum
2319 2290 2463 2343 intra
2497 2288 2693 2345 dentes
2725 2298 2920 2344 contra
2958 2305 3061 2346 nos
3092 2289 3429 2344 convicium.

1854 2379 1914 2434 ld
1940 2382 2086 2434 enim
2124 2383 2206 2436 vel
2240 2398 2346 2437 una
2386 2383 2570 2452 aliqua
2599 2398 2664 2437 ex
2696 2382 2934 2452 pistrino
2968 2383 3170 2437 ancilla
3206 2381 3431 2448 fecerit;

1858 2472 1911 2525 in
1944 2473 2047 2527 hoc
2084 2489 2248 2544 supra
2283 2474 2503 2529 modum
2536 2474 2795 2530 enituerit
2828 2490 2972 2529 unus
3007 2475 3208 2545 aliquis
3238 2490 3305 2529 ex
3336 2474 3436 2527 ho-

1857 2565 2098 2620 minibus
2156 2567 2570 2636 abjertissimis,
2619 2583 2854 2637 quorum
2909 2568 3094 2639 lingua
3150 2568 3215 2622 ad
3271 2582 3436 2621 omne

1856 2667 2086 2713 exacuta
2132 2660 2467 2714 convicium.
2520 2658 2627 2714 Sed
2668 2667 2799 2714 sunt
2853 2660 3136 2731 episcopi:
3169 2668 3436 2713 vocentur

1858 2750 1924 2803 ad
1954 2750 2309 2805 audiendum.
2344 2751 2440 2807 Est
2471 2752 2654 2807 clerus
2678 2748 2734 2805 i'n
2770 2768 3102 2823 unaquaque
3128 2751 3224 2807 Dei
3255 2768 3443 2823 para:-

1857 2842 1943 2896 cia
1977 2861 1989 2897 :
2023 2852 2429 2914 congregemur
2477 2844 2895 2913 spectatissimi.
2933 2846 3132 2902 Libere
3175 2846 3438 2916 loquatur

1858 2933 1954 3005 qui
1984 2935 2152 2996 volet,
2203 2942 2263 2987 ut
2307 2935 2454 3004 quod
2504 2934 2594 2988 tiet
2635 2935 2891 3004 probat-io
2935 2937 3032 3001 sit,
3089 2952 3200 2991 non
3241 2937 3436 2991 convi-

1859 3027 2026 3080 cium.
2068 3026 2256 3081 Oculis
2287 3027 2621 3097 subjiciatur
2650 3029 2867 3084 occulta
2907 3044 3029 3084 mea
3063 3028 3390 3100 improbitas
3420 3048 3434 3084 :

1858 3120 2036 3175 oderit
2058 3129 2241 3176 autem
2268 3136 2336 3175 ne
2359 3129 2492 3176 tunc
2518 3123 2759 3192 quidem,
2784 3124 2880 3179 sed
2920 3124 3210 3179 admoneat
3240 3135 3300 3180 ut
3329 3125 3441 3180 fra-

1858 3220 2019 3267 trem.
2067 3213 2309 3285 IEquum
2373 3225 2458 3271 est
2506 3223 2567 3269 ut
2624 3216 3062 3272 misericordiam
3123 3218 3439 3275 hominibus

1858 3305 2036 3363 beatis
2081 3317 2135 3362 et
2181 3308 2392 3377 peccati
2426 3309 2748 3379 expertibus
2792 3327 2894 3366 nos
2950 3320 3271 3381 peccatores
3319 3330 3440 3369 mo-

1858 3414 2108 3463 veamus,
2144 3402 2320 3472 magis
2349 3416 2515 3471 quam
2554 3400 3012 3472 indignationem.

1932 3576 1985 3631 5.
2038 3576 2194 3643 Quod
2237 3577 2284 3631 si
2332 3578 2482 3632 circa
2527 3578 2688 3634 tidem
2744 3595 2903 3636 error
2945 3589 3071 3646 est,
3115 3583 3441 3640 ostendatur

1858 3666 2019 3722 nobis
2060 3668 2325 3737 scriptum
2358 3686 2371 3721 :
2402 3684 2599 3724 rursus
2630 3685 2844 3740 aequum
2869 3680 2924 3727 et
2972 3688 3264 3730 commune
3288 3675 3440 3745 judi-

1859 3758 2006 3811 cium
2040 3758 2248 3813 sedeat.
2275 3757 2514 3829 Legatur
2559 3763 2793 3817 crimen.
2828 3762 3185 3835 Expendatur
3216 3782 3283 3821 an
3327 3784 3440 3824 non

1859 3849 2037 3918 magis
2071 3850 2391 3905 accusantis
2439 3851 2787 3922 ignoratione
2840 3856 3051 3911 crimen
3096 3873 3220 3913 esse
3250 3860 3441 3915 videa-

1860 3947 1982 4004 tur,
2025 3956 2189 4010 quam
2238 3943 2506 4013 scriptum
2566 3959 2668 3999 sua
2718 3955 2916 4016 sponte
2962 3949 3441 4009 condemnandum

1861 4032 1954 4086 sit.
1983 4030 2151 4085 Multa
2181 4032 2330 4086 enim
2353 4048 2420 4089 ex
2451 4033 2539 4089 bis
2572 4050 2695 4104 qua:
2722 4037 2985 4106 praeclare
3019 4053 3078 4093 se
3103 4037 3329 4102 habent,
3360 4048 3442 4093 ta-

1859 4123 1933 4177 lia
1965 4140 2087 4179 esse
2119 4140 2228 4179 non
2262 4126 2518 4181 videntur
2550 4127 2870 4184 hominibus
2922 4139 3243 4186 accuratum
3287 4147 3441 4189 men-

1859 4216 1933 4270 tis
1957 4216 2227 4285 judicium
2265 4234 2376 4273 non
2413 4218 2765 4276 habentibus.
2796 4220 2933 4276 Nam
2969 4230 3023 4277 et
3045 4225 3275 4295 aequalis
3304 4240 3442 4296 pon-

1860 4307 2010 4364 deris
2043 4311 2215 4366 moles
2257 4326 2368 4366 non
2402 4312 2656 4368 videntur
2703 4330 2827 4370 esse
2859 4315 3125 4386 aequales,
3165 4318 3212 4373 si
3253 4318 3441 4376 lances

174 4416 530 4481 πλάστιγγες.
564 4410 674 4462 Καὶ
702 4408 762 4461 τὸ
797 4406 917 4478 μέλι
952 4406 1051 4476 ἤδη
1084 4403 1280 4475 πικρόν
1310 4419 1421 4455 τισι
1454 4404 1751 4474 κατεφάνη,

1862 4400 2004 4457 inter
2054 4418 2113 4459 se
2157 4404 2474 4474 aequilibres
2519 4421 2627 4461 non
2688 4408 2818 4463 sint.
2878 4408 3060 4479 Ipsum
3113 4410 3284 4466 etiam
3332 4416 3441 4468 mel

171 4509 272 4581 τὴν
320 4504 616 4576 γευστικὴν
651 4499 902 4570 αῖσθησιν
934 4498 1040 4551 ὑπὸ
1061 4496 1152 4551 τοῦ
1183 4495 1390 4559 πάθους
1422 4494 1757 4566 διεφθαρμέ-

171 4618 307 4665 νοις.
355 4594 517 4651 ’Ᾱλλά
562 4595 655 4650 καὶ
708 4590 985 4661 ὀφθαλμὸς
1036 4589 1135 4659 οὐχ
1185 4587 1354 4656 ὑγιῶς
1396 4585 1537 4655 ἔχων
1585 4586 1758 4640 πολλά

177 4694 279 4764 μὲν
324 4691 434 4745 τῶν
469 4689 637 4742 ὄντων
676 4687 776 4739 οὐκ
823 4678 952 4747 εἶδε,
1002 4680 1172 4735 πολλὰ
1214 4681 1271 4734 δὲ
1303 4680 1411 4733 τῶν
1448 4680 1548 4733 οὐκ
1586 4679 1757 4733 ὄντων

173 4784 425 4839 ὑπέθετο.
471 4781 581 4843 Καὶ
621 4779 799 4833 τοίνυν
836 4778 929 4829 κα.)⁸
968 4776 1063 4828 ἐπὶ
1105 4773 1205 4843 τῆς
1241 4772 1349 4825 τῶν
1387 4772 1559 4841 λόγων
1598 4772 1759 4826 δυνά-

174 4895 323 4951 μεως
353 4876 417 4929 τὺ
449 4874 561 4927 ἴσον
604 4871 716 4943 ὁρῶ
742 4869 1001 4931 πολλάκις
1031 4866 1333 4937 γινόμενον,
1368 4865 1497 4917 ὅταν
1516 4880 1614 4934 της
1645 4862 1753 4925 τῷν

1865 4495 2152 4550 nonnullis
2211 4496 2388 4551 visum
2442 4510 2559 4553 est.
2597 4513 2886 4566 amarum,
2948 4517 3184 4572 quorum
3246 4513 3443 4574 gustus

1866 4589 2062 4643 morbo
2097 4597 2416 4660 corruptus.
2450 4589 2557 4646 Sed
2591 4602 2645 4647 et
2690 4594 2887 4649 oculus
2918 4609 3028 4649 non
3064 4611 3235 4653 sanus
3270 4600 3449 4655 multa.

1863 4694 2055 4735 eorum
2086 4697 2210 4751 quae
2240 4690 2371 4738 sunt
2397 4698 2507 4737 non
2541 4682 2710 4745 videt,
2745 4695 2797 4738 et
2822 4685 2994 4740 multa
3017 4703 3139 4760 quae
3171 4703 3283 4743 non
3312 4698 3441 4746 sunt

1863 4773 2324 4829 comminiscitur.
2364 4774 2544 4845 Atque
2575 4776 2738 4829 etiam
2775 4776 2828 4828 in
2865 4776 3076 4845 judicio
3114 4778 3185 4833 de
3222 4780 3447 4850 scriptis

1865 4862 2092 4919 ferendo
2121 4864 2264 4919 idem
2307 4866 2630 4937 plerumque
2677 4866 2835 4923 video
2866 4868 3006 4932 ﬁeri,
3057 4885 3183 4924 cum
3228 4887 3443 4938 eorum,

240 5030 339 5085 ⁸³1
371 5030 499 5085 Cor.
533 5044 605 5090 Iv,
642 5028 694 5081 5.
772 5026 816 5057 ”
872 5022 1068 5077 Matth.
1120 5037 1214 5078 vn.
1260 5020 1311 5073 1.
1389 5020 1434 5052 ⁹⁰
1469 5017 1603 5074 Luc.
1648 5033 1725 5084 νι,
1770 5018 1857 5073 57.
1935 5019 1976 5050 ⁹¹
2015 5017 2059 5071 ll
2099 5017 2239 5076 Tim.
2280 5036 2357 5084 Iv,
2397 5021 2451 5076 2.

246 5191 365 5263 (57)
408 5187 601 5263 Ἡμῷν
637 5186 705 5263 τὸ
740 5185 917 5252 ὄμμα.
943 5179 1114 5263 ςρρει.
1140 5178 1364 5263 primus
1395 5175 1763 5263 ’et'Me‘d.ha-:

176 5246 309 5319 bent
341 5246 495 5332 ήμῖνῖ
532 5257 703 5311 Paulo
742 5246 868 5324 post
901 5251 1032 5307 editi
1064 5248 1305 5319 καθαρὸς
1348 5246 1530 5310 αὐτός.
1559 5247 1763 5301 Omnes

175 5349 313 5388 mss.
348 5341 407 5385 ut
438 5331 494 5383 in
527 5335 703 5383 textu.

407 5400 544 5455 Μετ’
588 5395 757 5469 ἐμοῦ.
797 5389 1048 5469 Sic_lib_ri
1078 5396 1313 5469 veteres,
1355 5401 1576 5469 pro-eo
1614 5383 1761 5469 quod

174 5456 383 5527 eratin
418 5469 587 5538 editis
616 5456 752 5538 (λήτ-
793 5461 951 5538 ἐμοῦ,
992 5460 1321 5538 Paulo__post
1362 5456 1493 5511 editi
1533 5456 1762 5527 κριθῆτε

176 5544 272 5596 καὶ
294 5530 426 5595 τοῦ.’
441 5540 603 5594 Deest
625 5528 904 5590 ’θιίιίουΙιιε
932 5532 985 5585 in
1018 5528 1276 5584 omnibus
1310 5542 1444 5581 mss.

246 5594 363 5683 (59)
391 5601 969 5683 Πείθεταιηβίεηῆίεά.
995 5608 1050 5655 et
1069 5597 1235 5683 μαι-ι.
1252 5612 1393 5683 cum
1409 5596 1591 5683 tribus
1601 5594 1754 5683 aliis:

177 5667 323 5738 Editi
345 5667 630 5735 'zetllwee.
671 5674 1045 5731 Conlirmatur
1069 5669 1185 5724 haec
1209 5667 1504 5736 scriptura,
1536 5674 1653 5720 tum
1686 5679 1754 5719 ex

1872 5175 1961 5230 his
1985 5191 2105 5244 qum
2144 5185 2473 5246 sequuntur,
2519 5183 2631 5231 tum
2660 5178 2823 5233 etiam
2868 5195 2937 5234 ex
2972 5180 3098 5236 aliis
3131 5182 3197 5236 ad
3228 5181 3449 5240 Neoraz-

1873 5246 2150 5301 sarienses
2187 5246 2453 5316 epistolis,
2490 5248 2544 5302 in
2581 5249 2781 5316 quibus
2826 5249 3062 5305 Basilius
3111 5253 3220 5305 odii
3253 5263 3306 5307 et
3335 5258 3441 5309 dis-

1871 5317 2150 5393 sensionis
2176 5332 2376 5393 causas
2408 5319 2462 5371 in
2490 5333 2698 5393 Aeorum
2730 5321 3047 5393 epis00pum
3091 5322 3308 5393 ridetur
3353 5342 3449 5393 po-

1871 5387 2153 5465 tissimum
2179 5386 2450 5465 conferre.
2487 5386 2593 5444 Sed
2627 5404 2690 5443 ea
2739 5386 2806 5444 de
2851 5386 3176 5447 re'uberius
3221 5386 3449 5465 agemus

1869 5454 1925 5509 in
1960 5455 2085 5511 Vita
2112 5455 2173 5522 _S.
2198 5456 2413 5512 Basilii.

1864 5525 2057 5650 {maliti}?
2089 5530 2152 5581 οι
2180 5527 2539 5597 ἁμαρτωλοί.
2579 5527 2672 5585 Sic
2700 5543 2834 5586 mss.
2868 5546 2983 5587 sex.
3019 5530 3160 5588 Editi
3192 5535 3239 5587 εἰ
3267 5534 3452 5609 ἀμαρ-
