3862 6220
498 284 599 342 ἸΠ

1818 292 1876 349 S.
1918 293 2159 351 BASILII
2214 295 2429 352 MAGNI

3648 307 3751 363 ἠδ

499 406 790 462 calumniae
833 421 974 478 opus
1017 412 1299 461 auctorem
1321 407 1674 464 manifestum
1711 409 1875 465 habet
1906 432 1919 467 :
1952 413 2044 483 qui

2175 415 2375 485 μᾶλλον
2406 415 2501 470 ῐδω
2535 415 2598 469 τὸ
2642 415 3071 488 σπουδαζόμενον
3095 435 3107 449 ο
3137 418 3323 490 ἐπειδὴ
3359 419 3418 473 τὸ
3455 420 3555 491 τῆς
3575 420 3749 475 διασο-

496 513 622 552 cum
675 513 740 551 ex
796 496 985 552 multis
1032 497 1337 554 malefactis
1385 508 1548 556 notus
1595 502 1689 566 sit,
1731 510 1914 557 tamen
1970 504 2046 557 lial

2173 505 2269 577 λῆς
2299 505 2460 578 ἔργον
2489 507 2721 578 φανερὸν
2763 506 2876 577 ἔχει
2917 507 3008 561 τὸν
3051 507 3491 581 καθηγούμενονο
3528 511 3605 577 ὃς,
3639 512 3750 566 ἀπὸ

495 588 734 643 maxime
793 588 1038 657 nequitia
1094 586 1457 658 dignoscitur,
1518 591 1594 645 ita
1655 599 1713 646 ut
1770 609 1967 649 nomen
2021 595 2070 649 ei

496 677 704 731 factum
764 677 931 733 fuerit
980 688 1285 749 peccatum.
1345 678 1452 735 Sed
1494 688 1675 737 tamen
1724 681 1859 739 ferte
1893 699 2068 738 meam

494 768 717 824 dicendi
760 770 1067 825 libertatem
1117 788 1131 824 :
1185 778 1478 841 utramque
1511 789 1699 828 aurem
1739 775 1875 831 meis
1909 791 2069 848 syco-

493 861 715 931 pbantis
771 863 1118 931 aperientes,
1170 863 1353 915 omnia
1418 863 1602 918 animo
1659 866 1797 919 citra
1839 881 2066 922 examen

492 953 768 1023 recipitis,
804 970 904 1009 nec
941 956 1232 1024 quisquam
1267 954 1430 1027 304
1462 962 1546 1010 est
1595 958 1687 1026 qui
1724 960 2065 1014 mendacium

492 1060 524 1099 a
557 1048 788 1100 veritate
819 1058 1087 1100 sex-eruat.
1123 1045 1259 1111 Quis
1290 1064 1527 1116 unquam
1579 1051 1843 1103 malarum
1882 1052 2068 1106 crimi—

499 1135 786 1188 nationum
847 1136 1075 1202 penuria
1141 1136 1430 1200 laboravit,
1487 1139 1639 1193 solus
1689 1142 2068 1198 contendens?

491 1228 619 1299 quis
658 1230 929 1284 mentiens
967 1230 1276 1293 convictus,
1311 1233 1537 1285 absente
1565 1247 1629 1285 eo
1656 1232 1746 1302 qui
1775 1234 2065 1291 calumniis

490 1320 804 1389 appetitur?
831 1336 1078 1389 quamam
1112 1323 1291 1374 oratio
1317 1338 1426 1374 non
1460 1323 1759 1392 probabilis
1791 1324 2064 1381 audienti-

488 1411 635 1474 bus,
690 1412 737 1468 si
787 1413 1087 1467 maledieus
1130 1421 1403 1467 asseveret
1447 1430 1559 1468 rem
1606 1415 1678 1468 ita
1724 1432 1783 1470 se
1840 1416 2059 1485 habere,

458 1503 537 1559 his
579 1511 761 1557 autem
825 1504 912 1557 cui
962 1505 1331 1569 maledicitur,
1383 1520 1485 1559 nec
1535 1503 1698 1569 adsit,
1742 1522 1841 1562 nec
1866 1517 2061 1563 contu-

456 1595 678 1649 amelias
725 1596 947 1649 audiat?
994 1594 1186 1650 Nonne
1224 1605 1279 1651 et
1328 1596 1448 1666 ipsa
1497 1598 1680 1651 saeculi
1718 1600 2060 1654 consuetudo

457 1684 601 1741 'r’haec
652 1702 748 1740 vos
802 1685 1014 1748 edocet,
1061 1701 1207 1749 eum,
1262 1688 1356 1755 qui
1400 1702 1591 1756 aaquus
1645 1694 1718 1741 et.
1748 1690 2058 1745 communis

486 1775 703 1831 auditor
758 1776 975 1830 futurus
1024 1783 1129 1838 est,
1177 1792 1285 1830 non
1325 1777 1523 1831 debere
1563 1785 1735 1830 totum
1782 1779 1977 1833 abduci
2026 1795 2055 1833 a
2091 1774 2131 1831 Β

454 1880 914 1939 εραεοοουρειηιο,
942 1868 1035 1922 sed
1071 1878 1124 1922 et
1156 1868 1526 1922 defensionem
1554 1877 1877 1937 exspectare
1907 1864 2055 1940 ejus,

483 1961 575 2029 qui
627 1975 753 2014 reus
807 1962 1006 2029 agitur,
1060 1967 1119 2012 ut
1179 1960 1259 2013 sic
1304 1974 1368 2014 ex
1415 1959 1707 2014 collatione
1764 1962 2054 2031 utriusque

484 2051 783 2112 sermonis,
825 2051 1025 2105 veritas
1053 2049 1370 2105 elucescat?
1409 2048 1626 2104 Iustum
1661 2052 1929 2121 judicium
1966 2052 2055 2121 ju-

455 2141 656 2194 ..αἰδοία
682 2140 734 2172 ⁸⁸
769 2160 782 2194 :
813 2149 1143 2210 praeceptum
1180 2148 1266 2197 est
1304 2157 1473 2196 unum
1500 2158 1565 2198 ex
1597 2144 1829 2198 maxime
1862 2160 2052 2201 neces-

481 2233 649 2289 sariis
681 2233 746 2288 ad
781 2234 1036 2289 salutem.

551 2434 603 2487 3.
640 2435 814 2505 Atque
848 2435 961 2489 hzec
1004 2434 1147 2496 dico,
1181 2449 1286 2488 non
1332 2433 1536 2488 oblitus
1580 2432 1874 2487 verborum
1906 2433 2051 2503 Apo-
2112 2472 2116 2475 -

479 2526 630 2586 stoli,
687 2526 779 2594 qui
838 2524 1049 2594 fugiens
1096 2524 1336 2578 humana
1381 2523 1611 2593 judicia,
1671 2532 1841 2578 totam
1894 2540 2049 2579 suam

477 2618 647 2671 vitam
698 2617 847 2670 illius
890 2616 1105 2685 iudicii,
1135 2616 1283 2685 quod
1327 2616 1503 2684 decipi
1546 2632 1655 2669 non
1690 2625 1891 2685 potest,
1920 2631 2051 2670 exa-

475 2710 613 2765 mini
657 2710 992 2771 reservabat,
1028 2709 1117 2761 ubi
1148 2709 1225 2762 ait
1260 2727 1283 2763 .:
1325 2708 1457 2761 Mihi
1498 2720 1672 2761 autem
1707 2724 1801 2775 pro
1831 2711 2048 2762 minimc

472 2790 637 2855 utut
666 2818 697 2853 a
743 2799 884 2853 vobis
916 2800 1145 2867 judicer,
1191 2808 1282 2852 aut
1327 2798 1391 2852 ab
1441 2799 1671 2852 humano
1715 2800 1800 2852 die
1841 2799 1909 2854 ⁸⁷.
1946 2797 2048 2853 Sed

474 2901 656 2947 tamen
695 2893 821 2962 quia
855 2906 1016 2946 aures
1045 2899 1258 2945 vestras
1288 2890 1435 2945 falsae
1468 2890 1880 2944 criminationes
1910 2907 2049 2961 pra:-

473 2964 844 3053 occup‘arunt,
886 2998 958 3037 ac
1001 2983 1292 3037 calumniis
1337 2983 1516 3052 petita
1562 2993 1645 3038 est
1694 2983 1804 3035 vita
1835 2992 2046 3046 nostra,

472 3076 640 3146 petita
682 3075 844 3129 etiam
867 3086 1072 3127 nostra
1105 3072 1159 3125 in
1194 3072 1362 3127 Deum
1403 3072 1536 3127 ﬁdes
1566 3091 1581 3140 ;
1613 3073 1754 3127 haud
1790 3074 2047 3143 ignorans

472 3176 584 3221 tres
619 3167 783 3220 simul
831 3169 1094 3234 personas
1133 3179 1161 3216 a
1210 3164 1606 3219 calumniatore
1651 3165 1768 3220 laedi
1813 3185 1824 3218 :

435 3297 439 3301 ι
469 3261 613 3314 enim
654 3265 709 3311 et
750 3259 799 3312 ei
837 3272 997 3328 quem
1034 3257 1422 3321 calumniatur,
1453 3267 1507 3311 et
1548 3258 1615 3313 iis
1645 3274 1782 3329 quos
1808 3260 2042 3329 alloqui-

469 3358 579 3416 tur,
614 3361 668 3405 et
711 3350 816 3406 sibi
860 3351 976 3419 ipse
1014 3368 1026 3403 :
1058 3351 1137 3404 ide
1169 3365 1290 3404 meo
1319 3350 1573 3420 equidem
1614 3352 1812 3405 damno
1842 3354 2043 3406 tacuis-

468 3455 606 3501 sem,
634 3443 803 3510 probe
845 3440 1059 3503 sciatis,
1088 3454 1198 3493 non
1220 3443 1366 3509 quod
1405 3448 1640 3494 vestram
1676 3443 2042 3497 existimatio-

436 3547 590 3588 ‘nem
651 3539 998 3587 contemnam
1051 3530 1347 3602 (quomodo
1404 3532 1549 3586 enim
1602 3534 1732 3602 qui,
1794 3550 1862 3589 ne
1918 3550 2039 3589 eam

445 3627 733 3690 amittam,
768 3625 881 3679 haec
914 3626 1100 3680 scribo
1136 3633 1188 3679 et
1222 3640 1367 3680 nunc
1399 3626 1752 3689 contendo?),
1776 3629 1869 3682 sed
1895 3628 2037 3697 quod

461 3716 677 3771 videam
727 3733 794 3771 ex
839 3717 1015 3771 tribus
1056 3717 1149 3785 qui
1198 3716 1493 3780 laeduntur,
1545 3733 1668 3772 eum
1715 3719 1808 3787 qui
1856 3721 2039 3775 minus

462 3810 700 3873 luditur,
739 3824 823 3865 me
858 3825 998 3864 esse.
1033 3808 1145 3879 Ego
1180 3809 1325 3864 enim
1356 3809 1525 3864 vestri
1560 3810 1831 3878 jacturam
1873 3810 2036 3875 facio,

455 3901 616 3957 vobis
646 3902 848 3958 veritas
885 3902 1118 3971 eripitur
1150 3919 1165 3966 ;
1227 3908 1282 3955 et
1331 3903 1425 3970 qui
1460 3902 1653 3955 horum
1699 3913 1892 3955 auctor
1928 3913 2034 3964 est.

454 4008 550 4048 me
596 3992 817 4064 quidem
858 4008 887 4046 a
919 3993 1076 4047 vobis
1126 3993 1388 4063 sejungit,
1439 3993 1556 4062 ipse
1601 4009 1730 4047 vero
1766 4009 1823 4048 se
1859 4010 1887 4047 a
1928 3993 2035 4049 Do-

462 4085 614 4140 mino
667 4085 940 4139 abalienat
990 4100 1002 4135 :
1059 4084 1177 4138 fieri
1223 4085 1370 4139 enim
1426 4101 1534 4140 non
1587 4093 1769 4154 potest
1817 4093 1874 4138 ut
1909 4087 2035 4155 quis

460 4175 591 4241 Deo,
641 4176 808 4231 vetita
856 4176 1144 4245 patrando,
1195 4176 1581 4247 conjungatur.
1627 4174 1820 4230 Vestra
1870 4177 2035 4246 igitur

437 4252 623 4324 causa
661 4271 836 4337 magis
866 4285 1029 4340 quam
1066 4285 1187 4324 mea
1232 4271 1449 4338 loquor,
1492 4280 1544 4325 et
1592 4279 1651 4324 ut
1690 4287 1790 4326 vos
1831 4272 2032 4326 damno

439 4362 790 4416 eintolerabili
842 4364 1096 4417 eximam.
1147 4362 1304 4428 Quod
1350 4364 1499 4418 enim
1556 4364 1735 4433 majus
1771 4364 2029 4433 cuiquam

454 4452 660 4506 malum
696 4453 933 4514 accidat,
966 4468 1128 4522 quam
1171 4454 1220 4508 si
1251 4469 1367 4509 rem
1400 4455 1645 4510 omnium
1690 4456 2029 4525 pretiosissi-

454 4556 601 4597 mam
628 4544 843 4597 amittat
863 4543 1148 4599 veritatem
1170 4544 1194 4586 ν

524 4720 578 4775 4.
620 4718 760 4787 Quid
797 4720 967 4791 igitur
1000 4720 1145 4784 dico,
1173 4721 1414 4777 fratres?
1446 4721 1564 4776 Non
1591 4724 1803 4793 peccati
1837 4740 2035 4795 exper-

451 4816 560 4863 tem
594 4824 680 4864 me
716 4824 863 4872 esse,
897 4824 1002 4864 nec
1036 4810 1202 4864 vitam
1250 4826 1427 4867 meam
1469 4813 1726 4868 refertam
1762 4830 1866 4869 non
1909 4832 2033 4872 esse

451 4902 756 4958 innumeris
787 4902 1023 4956 delictis.
1055 4901 1190 4955 Nam
1236 4918 1325 4958 me
1360 4904 1480 4974 ipse
1523 4906 1674 4971 novi,
1726 4921 1828 4961 nec
1875 4921 2033 4964 cesso

453 4989 721 5062 laerymas
762 4993 833 5048 ob
864 5002 1090 5064 peccata
1138 4994 1496 5064 perfundere.
1538 4997 1586 5053 si
1623 4996 1767 5053 forte
1820 5000 2031 5068 possim

516 5165 566 5195 “
596 5164 757 5221 Joan.
799 5164 1020 5229 “1,24.
1095 5168 1140 5199 ⁸⁷
1190 5166 1209 5220 l
1255 5168 1384 5225 Cor.
1427 5185 1501 5223 IV.
1539 5170 1593 5224 3.

489 5395 496 5404 .
520 5324 632 5405 (.53)
660 5326 1060 5405 Φγιζοκρενῷν.
1094 5327 1171 5405 Ita
1214 5337 1326 5383 tres
1347 5327 1737 5405 ‘vetustissimj‘
1758 5325 2021 5405 _codices,

446 5396 553 5450 nisi
581 5396 753 5478 guodﬂ
777 5399 836 5478 in.
872 5396 1012 5452 Med.
1048 5398 1244 5478 legitur
1274 5397 1685 5478 :punoxpwd'w;
1699 5397 1841 5478 Edlti
1873 5396 2024 5466 φιλο-

447 5467 666 5589 κρινῶν.
720 5468 1001 5536 Scriptura
1057 5469 1306 5522 codicum
1372 5467 1506 5523 mss.
1547 5467 1901 5523 confirmatur
1954 5483 2022 5521 ex

447 5534 482 5588 li
528 5549 589 5587 ro
617 5534 690 5589 De
718 5534 925 5594 Spiritu
957 5549 1140 5591 sancto
1166 5554 1217 5592 c.
1253 5538 1344 5594 29.
1377 5554 1431 5594 ι).
1480 5540 1564 5594 75.
1598 5548 1652 5594 et
1680 5538 1838 5592 enist.
1891 5537 2017 5590 257.

447 5534 589 5589 libro
617 5534 690 5589 De
718 5534 925 5604 Spiritu
957 5549 1140 5591 sancto
1166 5554 1217 5592 c.
1253 5538 1344 5600 29,
1377 5554 1431 5608 p.
1480 5540 1564 5602 75,
1598 5548 1652 5594 et
1680 5538 1838 5607 epist.
1891 5537 2017 5590 257.

651 5604 1221 5684 C8!ﬁﬂ'£0’_0q&._me_d.
1248 5617 1302 5663 et
1328 5608 1495 5663 Coisl.
1518 5609 1725 5684 primus
1741 5606 2017 5684 γενέσθαι.

517 5665 628 5749 (55)
671 5665 952 5745 Τῆς’παρ’
977 5677 1135 5747 ὑμῖν.
1163 5679 1241 5733 Ita
1270 5688 1382 5734 tres
1407 5665 1766 5735 vetustissimi
1794 5677 2018 5733 codices

2172 597 2381 651 πολλῶν
2419 599 2678 670 ὑπάρχων
2722 598 3075 670 ἀδικημάτων
3119 600 3414 672 γνώριμος,
3470 602 3579 656 ἀπὸ
3619 604 3748 657 ταῦ-

2168 704 2267 756 της
2317 688 2549 758 μάλιστα
2601 689 2703 760 τῆς
2744 691 3005 761 πονηρίας
3064 694 3559 765 χαρακτηρίζεται,
3609 694 3747 748 ὥστε

2170 779 2263 832 καὶ
2293 778 2463 850 ὄνομα
2510 780 2658 851 αὐτῷ
2691 781 2941 848 γενέσθαι
2978 782 3075 853 τὴν
3118 785 3408 855 ἁμαρτίαν.
3458 786 3601 857 Πλὴν
3628 787 3746 839 ἀλλ’

2168 871 2324 941 ὑμεῖς
2355 872 2655 941 ἀνάσχεσθέ
2683 890 2783 943 μου
2813 873 2909 943 τῆς
2934 875 3246 944 παρρησίας
3266 892 3282 904 ο
3309 876 3624 947 ἀμφοτέρας
3646 878 3749 939 τάς

2166 966 2334 1028 ἀκοὰς
2362 967 2473 1029 τοῖς
2504 964 2876 1019 διαϐάλλουσιν
2905 967 3050 1035 ἡμᾶς
3080 967 3539 1031 ἀναπετάσαντες,
3571 969 3750 1023 πάντα

2165 1057 2531 1123 ἀνεξετάστως
2547 1060 2667 1120 ταῖς
2681 1056 2878 1127 ψυχαῖς
2895 1057 3285 1128 παραδέχεσθε·
3306 1058 3400 1111 καὶ
3413 1059 3583 1123 οὐδεὶς
3609 1061 3637 1113 6
3651 1061 3747 1114 τοῦ

2164 1148 2396 1219 ἀληθοῦς
2419 1149 2480 1201 τὸ
2502 1148 2693 1218 ψεῦδος
2722 1149 3057 1221 φυλοκρινῶν
3079 1150 3211 1218 (55).
3231 1150 3326 1212 Τίς
3348 1151 3592 1223 ἠπόρησέ
3614 1169 3749 1205 ποτε

2165 1241 2415 1312 πονηρῶν
2432 1240 2790 1311 ἐγκλημάτων
2830 1240 2991 1311 μόνος
3028 1242 3454 1312 ἀγωνιζόμενοςς
3487 1242 3570 1306 τίς
3585 1242 3749 1313 ἠλέγ-

2163 1331 2266 1404 χθη
2296 1332 2643 1403 ψευδόμενος,
2674 1333 2747 1404 μὴ
2783 1333 3048 1406 παρόντος
3075 1332 3169 1386 τοῦ
3203 1333 3744 1404 συκοψαντουμένους

2164 1425 2313 1475 ποῖον
2348 1423 2497 1494 ῥῆμα
2532 1425 2630 1475 οὐκ
2670 1423 2785 1475 ἔστι
2834 1421 3059 1475 πιθανὸν
3099 1424 3209 1485 τοῖς
3252 1421 3556 1486 ἀκούουσιν,
3592 1422 3687 1475 ἐὰν
3718 1425 3748 1475 6

2165 1518 2263 1586 μὲν
2293 1516 2527 1587 λοίδορος
2563 1515 2917 1585 διατείνηται,
2964 1510 3001 1586 ἧ
3046 1513 3151 1585 μὴν
3200 1512 3373 1577 οὕτως
3425 1513 3587 1584 ἔχειν,
3620 1515 3650 1567 6
3685 1515 3745 1568 δὲ

2161 1608 2565 1681 λοιδορούμενος
2603 1612 2739 1682 μήτε
2783 1613 2954 1680 παρῇ,
2991 1612 3127 1678 μήτε
3154 1608 3397 1679 ἐπακούῃ
3443 1609 3551 1661 τῶν
3579 1608 3742 1678 βλασ-

2162 1700 2414 1772 φημιῶν;
2467 1699 2603 1755 Οὑδέ
2649 1703 2785 1773 αὐτὴ
2832 1703 2864 1772 ἡ
2902 1700 2996 1753 τοῦ
3036 1700 3150 1771 βίου
3201 1699 3460 1769 συνήθεια
3497 1700 3741 1752 παιδεύει

2160 1795 2303 1862 ὑμᾶς
2337 1793 2470 1864 πρὸς
2500 1792 2691 1856 ταῦτα,
2724 1795 2804 1847 ὅτι
2833 1793 2914 1845 δεῖ
2952 1792 3041 1844 τὸν
3075 1791 3336 1861 μέλλοντα
3363 1790 3475 1842 ἴσον
3504 1790 3599 1843 καὶ
3628 1807 3743 1843 κοι-

2156 1884 2243 1937 νὸν
2288 1886 2561 1957 ἀκροατὴν
2589 1883 2916 1954 γενήσεσθαι
2963 1882 3107 1951 (56).
3151 1883 3225 1952 μὴ
3272 1881 3390 1934 ὅλον
3433 1881 3741 1951 ἀπάγεσθαι

2155 1974 2305 2045 παρά
2328 1974 2421 2028 τοῦ
2458 1975 2838 2046 προλαϐόντος,
2875 1972 2988 2025 ἀλλ’
3018 1973 3308 2042 ἀναμένειν
3350 1972 3444 2023 καὶ
3478 1974 3575 2042 τὴν
3606 1973 3745 2025 ἀπο-

2155 2067 2336 2136 λογίαν
2358 2068 2450 2121 τοῦ
2477 2068 2824 2138 ἐναγομένου,
2854 2067 2918 2119 ἵν’
2939 2066 3112 2128 οὕτως
3138 2067 3201 2117 ἐκ
3228 2065 3329 2134 τῆς
3356 2064 3737 2135 παραθέσεως,

2155 2161 2427 2232 ἑκατέρων
2463 2160 2569 2212 τῶν
2614 2158 2787 2227 λόγων
2842 2156 3116 2226 διαδειχθῇ
3165 2159 3198 2227 ἡ
3249 2154 3508 2226 ἀλήθειας
3551 2154 3742 2223 Κρῖμα

2154 2250 2387 2304 δίκαιον
2439 2252 2710 2319 κρίνατε·
2750 2249 3075 2319 πρόσταγμά
3127 2250 3271 2300 ἐστιν
3315 2246 3373 2299 ἒν
3420 2246 3528 2300 τῶν
3571 2249 3742 2317 ἀναγ-

2155 2343 2454 2395 καιοτάτων
2488 2345 2567 2407 είς
2600 2345 2893 2414 σωτηρίαν.

2224 2435 2275 2487 5.
2313 2435 2421 2488 Καὶ
2454 2433 2625 2487 ταῦτα
2655 2434 2815 2503 λέγω,
2861 2434 2959 2486 οῦκ
3011 2431 3431 2502 ἐπιλελησμένος
3464 2432 3572 2485 τῶν
3604 2434 3742 2488 ἀπο-

2154 2526 2413 2581 πολικῶν
2465 2527 2744 2597 ῥημάτων,
2773 2528 2875 2589 ὅτι,
2916 2526 3130 2594 φεύγων
3168 2527 3373 2587 ἐκεῖνος
3414 2526 3481 2578 τὰ
3522 2526 3739 2596 ἀνθρω-

2154 2636 2283 2673 πινα
2331 2621 2605 2692 κριτήρια,
2635 2620 2754 2672 ὅλον
2796 2618 2989 2672 ἐαυτοῦ
3031 2619 3120 2671 τὸν
3174 2618 3287 2687 βίον
3328 2620 3447 2681 ταῖς
3488 2618 3742 2683 εὐθύναις

2150 2712 2244 2765 τοῦ
2273 2714 2681 2783 ἀνεξαπατήτου
2707 2711 3053 2781 δικαστηρίου
3088 2708 3404 2779 ἐταμιεύετο
3431 2710 3490 2761 ἐν
3518 2704 3602 2771 οἷς
3632 2727 3738 2779 φη·

2152 2820 2264 2856 σινο
2309 2805 2471 2873 Ἐμοὶ
2501 2803 2570 2856 δὲ
2602 2806 2688 2869 είς
2725 2801 3053 2871 ἐλάχιστόν
3084 2803 3254 2854 ἐστιν
3286 2802 3387 2854 ἵνα
3430 2801 3532 2869 ὑφ’
3572 2801 3741 2870 ὑμῶν

2150 2893 2469 2963 ἀνακριθῶ,
2505 2895 2543 2962 ἢ
2570 2894 2688 2949 ὑπὸ
2716 2893 3094 2961 ἀνθρωπίνης
3114 2890 3357 2961 ἡμέρας.
3400 2890 3543 2943 Ἀλλ’
3587 2892 3739 2960 ὅμως

2150 2986 2336 3056 ἐπειδὴ
2367 2986 2731 3056 τρολαϐοῦσαι
2763 2984 3003 3037 διαϐολαὶ
3035 2984 3248 3052 ψευδεῖς
3282 2983 3545 3053 κατέσχον
3573 2983 3731 3052 ὑμῶν

2149 3078 2246 3141 τὰς
2276 3078 2462 3142 ἀκοὰς,
2498 3078 2591 3129 καὶ
2630 3076 2980 3147 διαϐέϐληται
3021 3075 3120 3144 μέν
3150 3074 3305 3145 ήμῶν
3332 3076 3361 3126 6
3394 3073 3529 3143 βίος,
3557 3074 3737 3128 διαϐέ-

1882 3175 2041 3221 uocet
2070 3159 2111 3216 C
2146 3167 2335 3239 ϐληται
2366 3170 2421 3222 δέ
2456 3170 2487 3236 ή
2526 3169 2651 3239 περὶ
2699 3168 2789 3220 τὸν
2831 3166 2961 3219 Θεὸν
3011 3166 3167 3235 ἡμῶν
3195 3165 3397 3229 πίστις,
3445 3164 3620 3230 εἰδὼς,
3651 3166 3735 3218 ὅτι

2142 3262 2316 3334 τρισὶν
2359 3259 2493 3331 ὁμοῦ
2543 3258 2853 3330 προσώποις
2889 3259 2989 3328 τὴν
3028 3257 3230 3327 βλάϐην
3281 3256 3677 3327 προστρίϐεται
3705 3260 3738 3310 6

2141 3351 2468 3406 διαϐάλλων·
2511 3351 2603 3404 τόν
2631 3366 2690 3403 τε
2725 3349 2832 3420 γάρ
2865 3345 3364 3416 συκοφαντούμενον
3399 3346 3597 3409 ἀδικεῖ,
3634 3346 3735 3398 καὶ

2143 3444 2279 3516 πρὸς
2307 3443 2399 3506 οῦς
2437 3446 2465 3496 6
2514 3442 2668 3511 λόγος
2708 3440 2855 3493 ἐστὶν
2898 3438 3066 3508 αὐτῷ,
3112 3438 3202 3491 καὶ
3250 3437 3473 3490 ἑαυτόνο
3503 3436 3602 3506 τῆς
3630 3437 3739 3505 μὲν

2141 3530 2378 3602 ἐμαυτοῦ
2411 3530 2613 3600 βλάϐης
2652 3529 2753 3583 κᾶν
2782 3526 3162 3598 ἀπεσιώπησα,
3194 3522 3252 3581 εὖ
3284 3527 3418 3588 ἴστε,
3453 3526 3514 3579 οὐ
3560 3542 3737 3578 κατα-

2141 3622 2351 3694 φρονῶν
2383 3623 2483 3694 τῆς
2514 3624 2643 3692 παρ’
2670 3623 2798 3691 ὑμῖν
2830 3619 2942 3690 (55)
2969 3617 3307 3688 ὑπολήψεως,
3348 3617 3488 3687 (πῶς
3528 3617 3641 3689 γὰρ
3670 3619 3736 3680 ὃς

2139 3732 2223 3783 γε,
2273 3716 2359 3768 ἵνα
2407 3715 2481 3785 μὴ
2535 3713 2738 3784 ταύτην
2763 3711 3043 3782 ζημιωθῶ,
3084 3710 3257 3765 ταῦτα
3290 3709 3590 3762 ἐπιστέλλω
3629 3712 3735 3764 καὶ

2137 3807 2472 3876 ἀγωνίζομαι
2505 3804 2599 3858 νῦν
2624 3807 2661 3870 ;)
2696 3804 2809 3857 ἀλλ’
2835 3803 2996 3875 ὀρῶν,
3028 3802 3109 3854 ὅτι
3165 3802 3221 3853 ἐν
3255 3800 3400 3872 τρισὶ
3445 3802 3557 3862 τοῖς
3590 3798 3731 3869 βλα-

2138 3899 2465 3969 πτομένοιςὸ
2489 3897 2557 3952 τὰ
2587 3896 2842 3949 ἐλάττονα
2860 3893 3246 3965 ζημιούμενος,
3274 3891 3390 3961 είμὶ
3412 3889 3542 3958 ἐγώ.
3579 3890 3731 3958 Ἐγὼ

2139 3989 2240 4060 μὲν
2270 3988 2378 4058 γὰρ
2407 3989 2550 4059 ὑμᾶς
2592 3986 3018 4057 ἀποστεροῦμαι,
3048 3984 3206 4053 ὑμεῖς
3238 3981 3296 4034 δὲ
3325 3981 3425 4051 τὴν
3458 3979 3732 4051 ἀλήθειαν

2135 4079 2483 4152 ἀφαιρεῖσθε·
2524 4080 2617 4133 καὶ
2660 4081 2688 4132 6
2733 4077 2937 4130 τούτων
2971 4076 3141 4137 αἴτιος
3168 4073 3266 4144 ἐμὲ
3309 4073 3405 4143 μὲν
3437 4071 3592 4141 ὑμῶν
3644 4072 3732 4125 δι-

2138 4173 2380 4243 ίστησιν,
2424 4171 2614 4224 ἑαυτὸν
2658 4170 2713 4223 δέ
2742 4168 3010 4239 ἀλλοτριοῖ
3050 4166 3143 4219 τοῦ
3184 4164 3418 4236 Κυρίου’
3449 4164 3582 4217 διότι
3621 4166 3731 4220 οὐκ

2135 4265 2248 4318 ἐστι
2275 4263 2392 4334 Θεῷ
2422 4266 2487 4317 ἐκ
2511 4263 2618 4316 τῶν
2648 4260 3112 4333 ἀπηγορευμένων
3142 4256 3513 4327 οίκειωθῆναι.
3531 4256 3730 4327 Ὕμῶν

2132 4353 2224 4411 οὗν
2260 4356 2457 4427 μᾶλλον
2490 4356 2674 4409 ἕνεκεν
2706 4355 2739 4425 ἢ
2774 4351 3011 4425 ἐμαυτοῦ
3046 4350 3305 4421 ποιοῦμαι
3339 4349 3472 4413 τοὺς
3503 4348 3727 4417 λόγους,

2133 4448 2344 4502 καὶτοῦ
2375 4449 2518 4519 ὑμᾶς
2552 4446 2827 4511 ἐξελέσθαι
2861 4442 3064 4515 βλάϐης
3091 4443 3191 4496 οὐκ
3229 4441 3481 4511 ἀνεκτῆς.
3505 4440 3572 4492 Τί
3609 4439 3731 4510 γὰρ

2132 4539 2198 4594 ἂν
2242 4543 2336 4595 καὶ
2379 4540 2560 4612 μεῖζον
2606 4538 2766 4593 πάθοι
2805 4537 2916 4609 (56)
2955 4534 3123 4589 κακόν
3153 4551 3237 4597 τις
3277 4532 3341 4585 τδ
3390 4528 3730 4601 τιμιώτατον

2131 4633 2241 4687 τῶν
2270 4632 2437 4686 ὄντων
2462 4630 2778 4703 ζημιωθεὶς,
2815 4628 2913 4699 τὴν
2942 4627 3234 4696 ἀλήθειαν;

2199 4724 2255 4778 4.
2284 4723 2348 4776 Τί
2390 4718 2484 4777 οὖν
2534 4739 2699 4793 φημι,
2747 4718 2998 4789 ἀδελφοίς
3054 4717 3167 4787 οὐχ
3207 4716 3288 4768 ὅτι
3329 4710 3730 4784 ἀναμάρτητός

2130 4833 2214 4879 τις
2243 4813 2375 4883 ἐγὼ,
2406 4812 2519 4867 οὗθ’
2546 4814 2629 4867 ὅτι
2677 4813 2706 4864 6
2739 4810 2852 4881 βίος
2873 4812 2901 4863 6
2926 4809 3056 4879 ἐμὸς
3083 4806 3204 4877 οὐχὶ
3225 4803 3439 4875 πλήρης
3466 4801 3583 4853 ἐστὶ
3610 4816 3726 4870 μυ-

2135 4909 2264 4979 ρίων
2308 4905 2706 4976 ἐλαττωμάτων
2726 4921 2740 4935 ·
2777 4897 2891 4955 οἶδα
2931 4901 3041 4971 γὰρ
3073 4896 3330 4969 ἐμαυτὸν,
3370 4893 3467 4946 καὶ
3503 4891 3566 4944 οὐ
3596 4890 3730 4943 δια-

2130 4999 2300 5053 λείπω
2353 5016 2419 5069 γε
2459 4997 2672 5061 στάζων
2701 4996 2758 5049 τὸ
2803 4995 3039 5066 δάκρυον
3074 4991 3214 5061 ὑπὲρ
3240 4986 3350 5041 τῶν
3380 4982 3731 5057 ἁμαρτημά-

2131 5324 2352 5398 et_Reg.
2392 5324 2946 5398 primuSLEdilirﬁ};
2975 5326 3123 5398 παρ’-
3150 5324 3332 5398 υμῶν.
3384 5323 3508 5377 Mox
3545 5323 3732 5379 editio

2127 5396 2163 5448 2
2199 5394 2564 5467 Ρατὶεζείμί.
2604 5394 2745 5464 Ἐγὼ
2789 5397 2887 5466 μὲν
2904 5394 3233 5467 ’γάρζΑιίιε
3278 5403 3333 5450 et
3373 5409 3514 5447 mss.
3558 5402 3623 5446 ut
3667 5411 3731 5450 In

2128 5474 2655 5609 te?§é}_ﬂdﬁoc._lta
2683 5544 2795 5590 tres
2824 5535 3187 5590 vetustissimi
3207 5549 3357 5609 ‘mss.
3381 5532 3551 5609 et__a|ii
3580 5547 3731 5589 non-

2127 5602 2453 5663 nulli.'Editi
2480 5605 2649 5677 πάθῃ,
2685 5614 2913 5676 excepta
2937 5615 3121 5661 tamen
3155 5605 3401 5660 editione
3424 5602 3646 5676 Hagan.
