3862 6220
147 283 250 341 749

1068 276 1560 335 EPISTOLARUM
1601 272 1888 331 CLASSIS
1927 273 1992 329 ll.
2035 269 2254 329 EPIST.
2295 268 2473 328 CCIV.

3303 264 3410 320 ’750

146 415 275 459 των,
336 396 391 449 εἴ
425 412 541 459 πως
594 393 883 466 δυνηθείην
930 392 1283 459 ὲξιλάσασθαί
1314 411 1414 465 μου
1448 392 1540 446 τὸν
1573 390 1727 454 Θεὸν,

1848 387 2004 442 Deum
2052 401 2234 442 meum
2282 383 2535 456 placare,
2582 389 2635 435 et
2689 377 3020 450 supplicium
3078 377 3409 433 intentatum

148 492 242 545 καὶ
259 492 542 560 διαφυγεῖν
562 488 660 560 τὴν
682 486 1065 559 ἀπειληθεῖσαν
1088 487 1340 541 κόλασιν·
1380 485 1493 539 ἀλλ’
1518 485 1598 537 ὅτι
1614 485 1643 536 ὁ
1659 482 1727 535 τά

149 583 396 653 ἡμέτερα
423 581 648 652 κρίνων,
674 581 721 632 εί
749 579 847 650 μὲν
877 578 1115 650 καθαρὸν
1158 578 1301 649 ἔχειν
1329 575 1726 631 διαϐεϐαιοῦται

146 673 237 727 τὸν
299 673 597 742 ὀφθαλμὸν,
653 670 1055 743 καρφολογείτω
1097 670 1253 740 ἡμῶν
1301 669 1360 721 τὸ
1397 668 1551 738 ὄμμα
1590 664 1725 733 (57).

160 765 562 836 Ὀμολογοῦμεν
596 766 703 835 γὰρ
719 764 926 816 δεῖσθαι
961 762 1163 831 πολλῆς
1191 761 1291 831 τῆς
1324 762 1390 813 ὲκ
1415 759 1523 812 τῶν
1550 760 1729 825 ὑγιαι-

151 854 351 907 νόντων
399 853 748 923 ἐπιμελείας·
800 855 848 905 εἰ
900 852 957 905 δὲ
1006 851 1162 905 τοῦτο
1215 852 1312 922 μὲν
1346 852 1446 903 οὑκ
1476 849 1540 902 ἂν
1564 848 1727 909 εἴποι,

151 946 245 998 καὶ
273 946 513 1015 τοσούτῳ
544 961 606 1012 γε
656 943 817 995 πῖέον
853 944 953 996 οὑκ
981 945 1117 1013 ἐρεῖ,
1157 945 1375 1012 ὅσῳπερ
1424 940 1489 992 ἂν
1533 938 1731 1009 μᾶλλον

149 1028 185 1106 ᾖ
203 1032 442 1103 καθαρὸς
461 1033 614 1097 (διότι
634 1032 761 1085 ἴδιον
779 1030 885 1085 τῶν
910 1032 1130 1084 τελείων
1148 1031 1207 1084 τὸ
1226 1031 1298 1101 μὴ
1318 1031 1543 1092 ἑαυτοὺς
1573 1030 1732 1098 ὑπερ-

152 1127 326 1199 αίρειν
349 1148 359 1157 ·
379 1127 498 1178 ἐπεὶ
529 1126 747 1189 πάντως
777 1124 1019 1176 ὑπόδικοι
1044 1126 1107 1194 τῇ
1136 1122 1421 1191 ἀλαζονείᾳ
1447 1121 1539 1174 τοῦ
1567 1121 1733 1189 Φαρι-

152 1219 310 1274 σαίου
323 1224 664 1289 γενήσονται,
682 1216 761 1280 ὃς,
782 1217 970 1268 ἑαυτὸν
988 1214 1233 1285 δικαιῶν,
1250 1214 1537 1285 κατέκρινε
1550 1213 1640 1265 τὸν
1654 1228 1737 1263 τε·

150 1311 376 1382 λώνην),
394 1312 507 1380 μετ’
536 1309 670 1380 ἐμοῦ
693 1307 802 1374 (58)
826 1306 1057 1378 ζητείτω
1078 1307 1168 1359 τὸν
1192 1306 1396 1376 ἰατρὸν,
1424 1305 1518 1357 καὶ
1539 1303 1611 1373 μὴ
1630 1300 1735 1372 πρὸ

152 1403 349 1472 καιροῦ
376 1402 625 1474 κρινέτω,
652 1401 757 1464 ἕως
778 1401 844 1454 ἂν
864 1400 993 1473 ἔλθῃ
1020 1401 1048 1451 ὁ
1080 1397 1298 1469 Κύριος,
1320 1397 1378 1459 ὃς
1394 1394 1734 1463 ἀποκαλύψει

149 1494 224 1547 τὰ
239 1493 458 1565 κρυπτὰ
477 1491 569 1544 τοῦ
590 1492 832 1556 σκότους,
863 1493 956 1545 καὶ
979 1487 1283 1560 φανερώσει
1301 1487 1399 1550 τὰς
1421 1486 1614 1557 βουλὰς
1628 1486 1736 1539 τῶν

151 1585 405 1658 καρδιῶν.
436 1586 518 1639 Ms
528 1585 750 1656 μνήσθω
764 1584 820 1637 δὲ
848 1582 1050 1638 καὶτοῦ
1070 1583 1333 1644 εἰπόντος’
1366 1584 1422 1634 Μ
1428 1581 1462 1646 ὴ
1484 1581 1734 1648 κρίνετε,

152 1681 257 1734 Ira
280 1679 368 1748 μὴ
408 1676 678 1746 κριθῆτε·
732 1678 857 1740 καὶ,
901 1676 999 1744 Μὴ
1040 1672 1477 1737 καταδικάζετε,
1509 1673 1610 1725 ἵνα
1648 1670 1735 1741 μὴ

1833 476 2091 547 eﬂugere.
2141 474 2248 531 Sed
2284 475 2389 529 hoc
2433 473 2597 528 dico:
2634 471 2681 525 is
2728 470 2821 541 qui
2869 476 3061 525 nostra
3092 468 3328 540 judicat,
3365 468 3412 521 si

1834 585 2031 639 purum
2067 567 2287 639 quidem
2317 566 2517 621 habere
2548 580 2608 620 se
2636 564 2855 619 oculum
2887 561 3140 626 affirmat,
3169 561 3413 616 festucas

1836 663 1891 715 in
1916 663 2124 717 nostris
2162 659 2339 715 oculis
2380 660 2690 728 investiget.
2743 656 3087 711 Conﬁtemur
3121 654 3269 710 enim
3313 667 3414 707 nos

1836 753 2069 823 plurima
2096 753 2235 809 bene
2262 752 2559 807 valentium
2591 766 2724 807 cura
2753 750 3018 821 indigere.
3047 750 3202 816 Quod
3234 749 3281 805 si
3310 748 3415 803 hac

1836 860 1945 898 non
1977 844 2177 899 dixerit
2205 847 2259 901 et
2288 853 2437 902 certe
2464 853 2620 899 tanto
2656 845 2839 900 minus
2873 844 3041 909 dicet,
3073 851 3280 915 quanto
3309 859 3414 915 pu-

1837 935 1953 988 rior
1976 935 2139 991 fuerit
2165 937 2460 1008 (siquidem
2485 936 2766 1007 proprium
2795 944 2878 991 est
2897 936 3267 1006 perfectorum
3293 951 3418 992 sese

1837 1044 1949 1083 non
1979 1028 2208 1093 ell‘erre;
2248 1030 2494 1100 alioquin
2538 1028 2770 1084 omnino
2813 1030 3040 1084 obnoxii
3084 1029 3418 1100 arrogantiae

1838 1119 2098 1177 Pharisazi
2147 1129 2355 1185 essent,
2405 1122 2502 1192 qui
2554 1137 2679 1178 sese
2720 1122 3036 1193 justiﬁcans
3062 1122 3417 1193 publicanum

1839 1211 2286 1281 condemnabat),
2314 1227 2529 1267 mecum
2567 1221 2778 1282 quaerat
2813 1212 3120 1276 medicum;
3158 1227 3260 1266 nec
3291 1218 3421 1267 ante

1840 1310 2058 1373 tempus
2080 1303 2316 1372 judicet,
2349 1304 2525 1360 donec
2553 1308 2738 1360 veniat
2772 1304 3060 1367 Dominus,
3087 1303 3180 1373 qui
3210 1300 3420 1363 revela-

1840 1395 1923 1450 bit
1967 1397 2187 1451 occulta
2238 1398 2614 1466 tenebrarum,
2666 1405 2721 1453 et
2765 1397 2977 1468 deteget
3022 1395 3255 1451 consilia
3297 1408 3418 1447 cor-

1841 1488 1990 1543 dium
2011 1488 2078 1541 ‘3.
2114 1488 2423 1546 Meminerit
2467 1498 2648 1545 autem
2678 1498 2734 1546 et
2762 1490 2932 1558 illius,
2967 1490 3059 1561 qui
3089 1487 3225 1542 dixit
3254 1506 3266 1541 :
3303 1484 3418 1540 No-

1844 1580 1933 1635 lite
1948 1581 2197 1651 judicare
2227 1591 2284 1636 ut
2307 1600 2410 1637 non
2442 1583 2751 1651 iudicemini
2775 1584 2820 1616 ⁸⁹
2857 1602 2870 1638 :
2898 1583 3048 1648 item,
3084 1580 3265 1635 Nolite
3292 1596 3419 1634 con-

1842 1673 2114 1739 demnare,
2160 1685 2217 1729 ut
2267 1693 2371 1730 non
2418 1676 2924 1731 condemnemini".
2976 1673 3213 1730 Omnino
3260 1670 3420 1743 305

153 1767 648 1836 καταδικασθῆτε.
704 1768 878 1830 Ὂλως
927 1767 1003 1831 δὲ,
1035 1765 1276 1835 ἀδελφοὶ,
1326 1763 1502 1833 εἰμὲν
1546 1763 1738 1831 ἰάσιμα

1848 1774 2047 1827 autem.
2088 1765 2310 1830 fratres,
2345 1767 2619 1838 siquidem
2647 1768 2915 1823 sanabilia
2950 1774 3080 1823 sunt
3112 1771 3303 1820 nostra
3334 1763 3423 1817 de-

154 1863 316 1936 ἡμῶν
347 1864 463 1914 ἐστι
492 1861 559 1914 τὰ
603 1858 1072 1930 πλημμελήματα,
1110 1858 1163 1909 τί
1208 1856 1327 1925 οὑχὶ
1362 1853 1601 1906 πείθεται
1626 1851 1737 1922 (59)

150 1957 234 2027 τῷ
267 1954 576 2024 διδασκάλῳ
628 1951 737 2005 τῶν
759 1949 1097 2021 Ἐκκλησιῶν
1132 1950 1343 2017 λέγοντι
1364 1965 1378 1979 ’
1431 1945 1736 2016 Ἔλεγε-ζον,

152 2050 538 2119 ἐπιτίμησον,
600 2044 1071 2113 παρακάλεσον;
1139 2043 1203 2095 Εἰ
1246 2042 1302 2094 δὲ
1334 2041 1553 2102 ἀνίατος
1582 2037 1739 2118 ἡμῶν

154 2142 191 2212 ἡ
218 2137 439 2209 ἀνομία,
457 2137 509 2188 τί
538 2137 659 2207 οὑχὶ
691 2138 770 2198 είς
798 2134 1090 2205 πρόσωπον
1117 2134 1248 2203 ἡμῖν
1266 2130 1737 2192 ἀντικαθίσταται,

156 2212 257 2286 καί.
289 2228 654 2301 δημοσιεύσας
682 2227 843 2298 ἡμῶν
872 2225 942 2278 τὰ
974 2227 1323 2297 ἀνομήματα,
1349 2222 1624 2294 ἐλευθεροῖ
1641 2222 1742 2291 τῆς

154 2323 293 2393 παρ’
325 2322 483 2393 ἡμῶν
513 2320 718 2393 βλάϐης
765 2320 864 2383 τὰς
890 2319 1247 2390 Ἐκκλησίας;
1273 2318 1365 2388 Μὴ
1401 2317 1577 2370 τοίνυν
1610 2317 1741 2368 ἀνά-

155 2416 364 2488 σχησθε
397 2417 494 2487 τῆς
524 2416 614 2469 ὑπ’
645 2414 831 2467 ὀδόντα
882 2412 1218 2483 λαλουμένης
1249 2411 1370 2464 καθ’
1401 2409 1557 2480 ἡμῶν
1583 2408 1745 2461 λοιδο-

156 2508 304 2581 ρίας.
348 2507 519 2560 Τοῦτο
542 2506 651 2578 γὰρ
707 2506 811 2559 κᾶν
851 2504 1112 2569 παιδίσκη
1138 2504 1236 2574 μία
1263 2502 1372 2554 τῶν
1403 2504 1467 2554 ὲκ
1504 2501 1744 2571 μὺλωνος

157 2603 441 2673 ποιήσειε,
492 2599 597 2652 κᾶν
640 2598 750 2652 τῶν
801 2597 1077 2668 ἀγοραίων
1135 2613 1219 2659 τις
1273 2595 1389 2666 μεθ’
1440 2592 1744 2664 ὑπερϐολῆς

156 2694 513 2759 ἐπιδείξαιτο,
564 2687 645 2757 οἷς
694 2694 729 2764 ἠ
781 2689 1003 2759 γλῶσσα
1065 2689 1201 2760 πρὸς
1252 2690 1436 2741 πᾶσαν
1483 2686 1744 2757 ὴκόνηται

155 2785 453 2858 λοιδορίαν.
520 2784 658 2836 Ἀλλ’
719 2782 858 2835 εἰσὶν
924 2782 1248 2835 ἐπίσκοποιο
1306 2779 1579 2852 κληθῶσιν
1666 2781 1745 2842 είς

156 2881 447 2954 ἀκρόασιν.
499 2878 654 2930 Ἔστι
685 2876 886 2948 κλῆρος
910 2875 1051 2930 κατά
1075 2877 1252 2928 πᾶσαν
1272 2872 1364 2926 τοῦ
1397 2871 1531 2926 Θεοῦ
1564 2888 1747 2942 παροι-

155 2979 286 3033 κίαν
314 2995 329 3010 ·
356 2974 779 3044 συναχθήτωσαν
828 2972 879 3024 οἱ
922 2967 1308 3038 δοκιμώτατοι.
1353 2964 1572 3033 Δεγέτω
1609 2962 1747 3030 μετά

156 3064 473 3137 παρρησίας
492 3064 521 3114 ὀ
562 3060 903 3131 βουλόμενος,
935 3059 1022 3110 ἵνα
1046 3056 1265 3126 ἐλεγχος
1351 3054 1411 3107 τὸ
1440 3053 1742 3123 γινόμενον,

155 3155 255 3210 καὶ
284 3155 359 3226 μὴ
383 3152 638 3223 λοιδορία.
686 3150 809 3203 ’Υπ’
840 3149 961 3218 ὄψιν
991 3147 1173 3216 ἀγέτω
1200 3146 1265 3199 τὰ
1287 3141 1619 3198 λανθάνοντα
1644 3158 1744 3212 μου

154 3248 262 3319 τῆς
310 3245 573 3318 πονηρίας
597 3259 611 3272 ·
670 3243 902 3315 μισείτω
944 3242 1000 3295 δὲ
1040 3240 1175 3311 μηδὲ
1208 3240 1352 3302 τότε,
1385 3237 1521 3291 ἀλλὰ
1561 3235 1747 3289 νουθε-

156 3342 323 3395 τείτω
353 3340 429 3403 ὡς
465 3338 711 3406 ἀδελφόν.
781 3335 1078 3389 Ἐλεεῖσθαί
1102 3352 1204 3388 που
1233 3331 1558 3403 δικαιότεροί
1581 3333 1748 3402 ἐσμεν

158 3430 315 3502 παρά
380 3429 487 3482 τῶν
534 3426 821 3498 μακαρίων
869 3424 1077 3495 ἀνδρῶν
1127 3424 1221 3477 καὶ
1259 3422 1659 3492 ἀναμαρτήτων
1696 3422 1745 3473 οἱ

159 3519 477 3592 ἁμαρτωλοὶ
508 3520 619 3590 (60)
647 3520 806 3589 ἡμεῖς
838 3516 1036 3586 μᾶλλον
1066 3515 1099 3585 ἢ
1124 3513 1568 3586 χαλεπαίνεσθαι.

234 3614 287 3667 5.
312 3614 376 3665 Εἰ
402 3611 458 3664 δὲ
488 3611 615 3682 περὶ
648 3611 831 3662 πίστιν
870 3608 933 3660 τὸ
979 3606 1223 3677 σφάλμα,
1258 3605 1527 3675 δειχθήτω
1554 3607 1689 3675 ἡμῖν
1711 3606 1744 3674 ἡ

163 3706 491 3777 συγγραφή·
548 3702 710 3755 πάλιν
766 3701 882 3753 ἴσον
929 3700 1022 3753 καὶ
1063 3700 1240 3752 κοινὸν
1279 3699 1560 3769 κριτήριον
1610 3695 1747 3750 καθ-

163 3800 355 3851 iccirco.
396 3793 825 3864 Ἀναγνωσθήτω
858 3792 918 3844 τὸ
956 3791 1224 3861 ἔγκλημα.
1246 3788 1662 3860 Δοκιμασθήτω,
1699 3791 1748 3841 εί

164 3894 241 3965 μὴ
306 3890 501 3961 ἀγνοίᾳ
553 3887 645 3942 τοῦ
707 3886 1066 3956 ἐγκαλοῦντος
1119 3884 1367 3955 ἔγκλημα
1417 3879 1557 3935 εἶναι
1605 3882 1752 3936 δοκεῖ

163 3985 392 4061 μᾶλλον,
416 3984 450 4054 ἢ
487 3985 556 4053 τῇ
589 3980 784 4035 ἑαυτοῦ
832 3979 992 4049 φύσει
1044 3976 1491 4046 κατεγνωσμένον
1535 3974 1653 4027 ἐστὶ
1688 3974 1749 4026 τὸ

159 4077 420 4149 γράμμα.
450 4071 627 4126 Πολλά
640 4072 749 4143 γὰρ
775 4070 883 4124 τῶν
906 4068 1085 4123 καλῶν
1110 4069 1172 4121 οὑ
1204 4067 1352 4120 δοκεῖ
1370 4061 1507 4119 εἶναι
1526 4065 1750 4119 τοιαῦτα

159 4172 276 4232 τοῖς
322 4166 386 4219 τὸ
434 4165 713 4236 κριτήριον
759 4164 858 4233 τῆς
896 4160 1136 4223 διανοίας
1174 4159 1275 4212 οὑκ
1306 4157 1533 4229 ἀκριϐὲς
1559 4174 1752 4227 κεκτη-

163 4263 370 4335 μένοις.
400 4258 552 4311 Ἐπεὶ
578 4256 670 4310 καὶ
692 4256 758 4308 τά
788 4254 1015 4326 ίσοὸαρῆ
1042 4253 1149 4306 τῶν
1175 4252 1355 4321 ὄγκων
1377 4252 1476 4303 οὑκ
1506 4251 1594 4303 ἴσα
1610 4246 1749 4302 εἶναι

159 4355 329 4415 δοκεῖ,
370 4351 495 4403 ὅταν
546 4349 622 4418 μὴ
673 4346 977 4418 ἰσορρόπως
1028 4344 1191 4415 ἔχωσι
1236 4343 1372 4414 πρὸς
1427 4342 1660 4414 ἀλλήλας
1693 4344 1749 4397 αί

1842 1858 2008 1923 licta;
2052 1875 2152 1915 cur
2177 1874 2384 1916 morem
2433 1876 2545 1915 non
2600 1861 2739 1931 gerit
2790 1859 3005 1914 doctori
3047 1857 3421 1913 Ecclesiarum

1841 1950 2066 2015 dicenti,
2104 1953 2295 2022 Argue,
2333 1953 2567 2023 increpa,
2593 1952 2808 2007 obsecra
2832 1953 2918 2005 ’l?
2966 1951 3063 2005 Sin
3107 1959 3289 2005 autem
3337 1949 3424 2003 in-

1843 2044 2107 2097 sanabilis
2143 2052 2338 2099 nostra
2374 2046 2661 2115 iniquitas,
2694 2061 2794 2100 cur
2825 2052 3016 2100 contra
3047 2059 3156 2099 non
3186 2050 3297 2098 stat
3328 2042 3424 2096 ad-

1845 2151 2002 2191 versa
2047 2136 2236 2193 fronte.
2258 2149 2309 2192 et
2348 2139 2613 2209 evulgans
2650 2148 2837 2195 nostra
2888 2138 3111 2203 delicta,
3148 2136 3347 2191 liberat
3392 2149 3423 2188 a

1844 2228 2105 2297 pernicie,
2136 2245 2299 2298 quam
2328 2229 2641 2293 inferimus,
2678 2230 2997 2286 Ecclesias?
3029 2229 3218 2299 Itaque
3244 2243 3315 2284 ne
3344 2227 3425 2283 fe-

1845 2320 1981 2374 ratis
2004 2321 2276 2389 prolatum
2309 2323 2454 2375 intra
2488 2321 2683 2378 dentes
2716 2330 2912 2377 contra
2949 2338 3052 2379 nos
3083 2322 3419 2377 convicium.

1845 2411 1904 2466 Id
1930 2415 2077 2467 enim
2115 2416 2195 2469 vel
2231 2431 2336 2469 una
2376 2416 2560 2485 aliqua
2589 2431 2654 2469 ex
2687 2415 2925 2485 pistrino
2959 2415 3160 2469 ancilla
3196 2414 3421 2479 fecerit;

1848 2505 1901 2558 in
1935 2506 2037 2559 hoc
2074 2522 2238 2576 supra
2273 2507 2493 2562 modum
2527 2507 2786 2563 enituerit
2818 2523 2963 2562 unus
2998 2508 3199 2578 aliquis
3228 2523 3295 2561 ex
3327 2508 3427 2560 ho-

1847 2598 2088 2653 minibus
2146 2599 2561 2669 abjertissimis,
2609 2616 2845 2669 quorum
2900 2600 3085 2671 lingua
3140 2601 3206 2655 ad
3262 2614 3426 2653 omne

1847 2699 2075 2745 exacuta
2123 2692 2457 2747 convicium.
2511 2690 2617 2746 Sed
2659 2700 2788 2747 sunt
2843 2693 3426 2763 episcopi:vocentur

1849 2781 1914 2835 ad
1945 2782 2299 2838 audiendum.
2335 2783 2430 2839 Est
2461 2785 2644 2840 clerus
2669 2782 2723 2838 i'n
2760 2800 3092 2855 unaquaque
3119 2784 3214 2839 Dei
3245 2800 3432 2856 parm~

1849 2874 1933 2929 cia
1968 2895 1979 2928 :
2014 2885 2419 2946 congregemur
2468 2877 2886 2946 spectatissimi.
2925 2879 3122 2935 Libere
3166 2879 3429 2949 loquatur

1848 2966 1943 3037 qui
1974 2968 2142 3029 volet,
2194 2975 2254 3019 ut
2298 2968 2445 3036 quod
2494 2967 2585 3021 liet
2625 2967 2881 3037 probatio
2926 2970 3022 3033 sit,
3080 2984 3190 3023 non
3232 2970 3427 3024 convi-

1849 3058 2017 3112 cium.
2058 3059 2246 3113 Oculis
2277 3060 2612 3130 subjiciatur
2640 3062 2858 3117 occulta
2898 3076 3018 3116 mea
3053 3061 3380 3132 improbitas
3411 3081 3424 3118 :

1849 3152 2025 3207 oderit
2049 3162 2231 3208 autem
2258 3169 2327 3208 ne
2349 3162 2482 3209 tunc
2509 3156 2750 3224 quidem,
2775 3157 2870 3212 sed
2910 3157 3200 3212 admoneat
3230 3168 3290 3213 ut
3320 3158 3431 3213 fra-

1847 3252 2009 3299 trem.
2058 3245 2299 3317 [Equum
2363 3257 2448 3304 est
2497 3256 2558 3302 ut
2614 3249 3052 3305 misericordiam
3113 3250 3429 3307 hominibus

1848 3338 2026 3395 beatis
2072 3349 2126 3394 et
2170 3341 2381 3409 peccati
2417 3342 2738 3411 expertibus
2783 3360 2885 3399 nos
2941 3353 3261 3414 peccatores
3310 3362 3430 3401 mo-

1848 3447 2098 3494 veamus,
2135 3434 2310 3505 magis
2340 3449 2505 3504 quam
2545 3433 3003 3505 indignationem.

1922 3608 1975 3662 5.
2028 3608 2184 3676 Quod
2227 3610 2274 3663 si
2322 3610 2472 3665 circa
2518 3610 2678 3666 tidem
2734 3628 2894 3669 error
2935 3622 3062 3679 est,
3105 3616 3432 3673 ostendatur

1847 3698 2010 3754 nobis
2050 3700 2316 3769 scriptum
2348 3718 2361 3754 :
2393 3716 2590 3757 rursus
2620 3717 2834 3773 zequum
2859 3712 2915 3759 et
2962 3720 3255 3762 commune
3278 3708 3430 3778 judi—

1848 3790 1995 3844 cium
2030 3790 2238 3845 sedeat.
2266 3789 2505 3861 Legatur
2549 3795 2784 3849 crimen.
2818 3794 3176 3867 Expendatur
3206 3815 3274 3853 an
3318 3817 3430 3856 non

1849 3880 2027 3950 magis
2061 3882 2381 3937 accusantis
2430 3884 2777 3954 ignoratione
2830 3888 3041 3943 crimen
3087 3906 3210 3946 esse
3240 3891 3432 3948 videa-

1851 3980 1972 4036 tur,
2015 3988 2179 4042 quam
2228 3974 2497 4046 scriptum
2556 3992 2658 4032 sua
2709 3987 2906 4049 sponte
2952 3982 3431 4041 condemnandum

1851 4064 1944 4119 sit.
1973 4062 2141 4117 Multa
2172 4064 2320 4118 enim
2344 4080 2410 4122 ex
2442 4066 2529 4121 his
2563 4082 2686 4136 quas
2713 4069 2975 4138 praeclare
3009 4086 3068 4125 se
3093 4070 3320 4135 habent,
3350 4081 3433 4126 ta-

1848 4156 1924 4210 lia
1955 4172 2077 4211 esse
2109 4173 2219 4211 non
2252 4158 2508 4213 videntur
2541 4159 2860 4217 hominibus
2913 4172 3233 4218 accuratum
3277 4180 3431 4221 men-

1851 4248 1922 4303 tis
1947 4249 2217 4318 judicium
2255 4266 2366 4305 non
2403 4251 2755 4309 habentibus.
2787 4252 2924 4308 Nam
2960 4264 3014 4310 et
3036 4257 3265 4328 :equalis
3294 4272 3433 4329 pon-

1850 4340 2000 4397 deris
2033 4344 2205 4398 moles
2247 4359 2359 4398 non
2393 4345 2646 4401 videntur
2693 4363 2818 4403 esse
2849 4348 3115 4419 aequales,
3155 4350 3201 4406 si
3243 4350 3431 4408 lances

162 4449 520 4513 πλάστιγγες.
555 4442 665 4494 Καὶ
692 4440 752 4493 τὸ
787 4438 907 4510 μέλι
942 4438 1041 4508 ἤδη
1074 4435 1270 4506 πικρόν
1300 4451 1410 4487 τισι
1445 4436 1742 4506 κατεφάνη,

1852 4433 1995 4488 inter
2044 4451 2104 4491 se
2148 4436 2464 4506 aequilibres
2508 4454 2617 4494 non
2678 4441 2809 4495 sint.
2869 4440 3050 4512 Ipsum
3104 4444 3274 4499 etiam
3322 4448 3432 4501 mel

160 4542 263 4613 τὴν
310 4536 606 4608 γευστικὴν
642 4532 893 4602 αἴσθησιν
925 4530 1030 4583 ὑπὸ
1052 4528 1142 4583 τοῦ
1174 4527 1380 4591 πάθους
1412 4527 1747 4598 διεφθαρμέ-

161 4650 297 4697 νοις.
345 4626 508 4683 Ἀλλά
553 4627 645 4681 καὶ
699 4622 975 4694 ὀφθαλμὸς
1026 4621 1125 4691 οὑχ
1175 4619 1344 4687 ὑγιῶς
1386 4617 1526 4688 ἔχων
1575 4619 1748 4673 πολλὰ

166 4726 268 4796 μὲν
314 4723 425 4778 τῶν
459 4722 627 4774 ὄντων
666 4718 766 4771 οὑκ
814 4711 942 4779 εἶδε,
993 4712 1163 4767 πολλά
1205 4713 1261 4766 δὲ
1293 4712 1400 4766 τῶν
1439 4713 1538 4765 οὑκ
1576 4711 1747 4765 ὄντων

161 4816 416 4872 ὑπέθετο.
460 4813 571 4876 Καὶ
612 4811 790 4865 τοίνυν
827 4809 920 4861 καὶ
959 4808 1052 4860 ἐπὶ
1095 4805 1195 4875 τῆς
1230 4804 1339 4858 τῶν
1376 4804 1550 4873 λόγων
1588 4804 1749 4859 δυνά-

163 4927 313 4983 μεως
344 4908 407 4961 τὸ
439 4906 551 4959 ἴσον
594 4903 706 4974 ὁρῶ
732 4902 991 4962 πολλάκις
1020 4897 1323 4968 γινόμενον,
1358 4897 1487 4950 ὅταν
1507 4913 1605 4967 της
1635 4894 1743 4957 τῶν

1855 4528 2142 4582 nonnullis
2201 4529 2378 4583 visum
2433 4543 2551 4587 est.
2587 4546 2877 4598 amarum,
2938 4549 3175 4604 quorum
3237 4546 3434 4606 gustus

1856 4622 2051 4676 morbo
2087 4629 2406 4692 corruptus.
2441 4621 2548 4679 Sed
2582 4634 2636 4680 et
2680 4627 2877 4681 oculus
2908 4642 3018 4682 non
3054 4643 3225 4686 sanus
3260 4633 3437 4688 multa

1853 4727 2045 4767 eorum
2077 4728 2200 4783 quae
2230 4722 2361 4770 sunt
2388 4730 2497 4769 non
2532 4715 2700 4778 videt,
2735 4727 2788 4770 et
2812 4717 2984 4773 multa
3007 4734 3129 4792 qua:
3162 4735 3273 4775 non
3302 4730 3431 4778 sunt

1853 4805 2314 4860 comminiscitur.
2354 4806 2534 4876 Atque
2565 4808 2728 4862 etiam
2765 4808 2818 4861 in
2855 4809 3067 4878 judicio
3105 4811 3175 4866 de
3212 4813 3437 4882 scriptis

1855 4894 2081 4951 ferendo
2111 4896 2254 4952 idem
2296 4898 2621 4968 plerumque
2668 4898 2826 4955 video
2857 4900 2996 4965 fieri,
3046 4917 3172 4956 cum
3218 4919 3433 4971 eorum,

230 5066 280 5099 ⁸³
307 5062 329 5117 ι
360 5062 490 5117 Cor.
522 5076 595 5123 iv,
632 5060 683 5114 5.
762 5058 807 5089 "
863 5054 1058 5108 Matth.
1110 5069 1204 5109 vn.
1251 5052 1302 5104 l.
1379 5052 1425 5083 ὀ
1460 5049 1594 5106 Luc.
1639 5066 1715 5116 γι,

1925 5051 1966 5082 ’ί
2006 5049 2049 5104 ll
2088 5050 2229 5108 Tim.
2270 5068 2347 5117 Iv,
2387 5054 2441 5107 2.

235 5224 353 5296 (57)
397 5219 591 5296 ’ῌμῶν
628 5218 695 5296 τὸ
730 5217 906 5296 ὄμμα.
933 5211 1104 5296 ςοίεὶ.
1131 5209 1354 5296 primus
1386 5207 1753 5296 ’et’Mediha:

164 5278 299 5351 beth
331 5278 485 5364 ἡμῖνῖ
522 5289 692 5343 Paulo
732 5278 858 5357 post
891 5283 1022 5339 editi
1054 5279 1295 5351 καθαρὸς
1338 5278 1520 5343 αὐτός.
1549 5279 1754 5334 Omnes

163 5381 303 5420 mss.
338 5363 399 5417 ut
428 5363 485 5415 in
517 5367 693 5414 textu.

236 5416 356 5503 ὧΒῇ
397 5432 539 5503 Μετ’Δ
578 5426 747 5503 ἐμοῦἔ
786 5421 1038 5503 Sic_libri
1069 5429 1304 5503 veteres2
1346 5433 1567 5503 proﬂeo
1605 5416 1752 5503 quod

160 5488 287 5559 erat
318 5488 372 5558 ii.
407 5501 578 5569 _editis
606 5488 742 5569 μήτ’
784 5493 941 5569 ἐμοῦ.
983 5492 1311 5569 Paulo__post
1353 5489 1484 5543 editi
1523 5488 1751 5560 κριθῆτε

162 5576 260 5629 καὶ
284 5562 594 5627 τοῦ.’1)εοει
615 5561 894 5623 articulus
923 5564 975 5617 in
1008 5561 1267 5617 omnibus
1300 5574 1435 5614 mss.

235 5626 959 5715 (59)ηςιθεςαιμδίοηιιοιι.
985 5641 1040 5686 et
1059 5630 1224 5715 μανι.
1248 5644 1384 5715 οιιιιι
1400 5627 1582 5715 tribus
1592 5626 1745 5715 aliis:

161 5699 312 5771 Ed'iti
333 5699 621 5767 'miesalie.
662 5706 1035 5763 Contirmatur
1059 5702 1175 5756 haec
1199 5699 1495 5769 scriptura,
1526 5707 1643 5752 tum
1676 5711 1744 5752 ex

1863 5207 1951 5262 his
1976 5222 2095 5277 quae
2135 5217 2463 5278 sequuntur,
2509 5216 2621 5264 tum
2650 5211 2813 5265 etiam
2858 5227 2927 5266 ex
2962 5212 3088 5267 aliis
3121 5213 3187 5268 ad
3217 5213 3440 5271 Neocae-

1863 5277 2140 5333 sarienses
2177 5277 2444 5348 epistolis,
2480 5280 2535 5335 in
2571 5281 2771 5349 quibus
2816 5282 3053 5338 Basilius
3101 5285 3210 5338 odii
3243 5294 3295 5340 et
3324 5290 3431 5341 dis-

1861 5350 2140 5425 sensionis
2166 5364 2366 5425 causas
2398 5350 2452 5403 in
2481 5365 2688 5425 eorum
2721 5353 3037 5425 episcopum
3082 5354 3298 5425 videtur
3343 5374 3438 5425 po—

1861 5419 2143 5497 tissimum
2169 5417 2441 5497 conferre.
2478 5418 2584 5476 Sed
2617 5436 2681 5475 ea
2729 5417 2796 5477 de
2842 5417 3166 5479 re'uberius
3211 5417 3439 5497 agemus

1859 5486 1915 5541 in
1950 5488 2075 5543 Vita
2102 5487 2163 5554 δ.
2189 5488 2404 5544 Basilii.

1854 5557 2047 5683 τωὲίὲίρ
2080 5562 2142 5614 Οἱ
2170 5559 2529 5629 ἁμαρτωλοί.
2569 5559 2661 5616 Sic
2691 5576 2824 5618 mss.
2858 5578 2973 5619 sex.
3010 5562 3150 5620 Editi
3182 5567 3229 5618 εἰ
3257 5566 3441 5641 ἁμαρ-
