3862 6220
187 334 294 392 753

1125 334 1614 393 EPISTOLARUM
1647 337 1936 394 CLASSIS
1971 335 2036 394 ll.
2081 338 2301 396 EPIST.
2341 338 2520 396 CCIV.

3335 343 3434 400 755

179 451 356 520 αὐτὴν
389 450 682 522 ἀκολουθίᾳ
721 451 943 521 μνήμης
983 449 1314 504 διασωθέντα
1359 453 1496 523 αὐτή
1521 470 1581 506 τε
1629 453 1726 524 ὲφύ

1834 453 2179 515 ,ιίηιιοιίοηθ
2223 460 2547 508 conservata
2583 465 2708 506 cum
2757 448 2876 522 ipsa
2911 453 3270 517 custodiebat,
3321 465 3433 510 tum

178 541 370 605 λασσε,
426 545 522 596 καὶ
571 545 716 614 ἡμᾶς
773 541 854 595 ἔτι
896 540 1124 612 νηπίους
1179 542 1340 607 δντας
1388 543 1617 598 ἔπλαττε
1667 545 1761 600 καὶ

177 633 422 703 ὲμόρφου
472 637 586 698 τοῖς
637 635 737 704 τῆς
783 633 1066 698 εὐσεϐείας
1108 635 1392 706 δόγμασιν.
1447 637 1665 707 Ἐπειδὴ
1703 638 1760 691 δὲ

177 729 274 780 καὶ
319 728 474 781 αὐτοὶ
511 728 609 798 τὴν
642 728 736 780 τοῦ
769 731 982 799 φρονεῖν
1021 727 1245 799 δύναμιν
1275 729 1641 800 άπελάὸομεν,
1666 731 1757 784 τοῦ

175 818 336 887 λόγου
369 821 498 891 ἡμῖν
531 819 620 874 διὰ
642 821 740 890 τῆς
769 821 980 890 ἡλικίας
1019 823 1235 892 συμπλη
1247 822 1529 892 ρωθέντος.
1557 823 1759 895 πολλὴν

176 909 497 974 ἐπελθόντες
528 911 630 981 γῆν
684 929 743 964 τε
799 913 892 965 καὶ
931 911 1227 974 θάλασσαν,
1261 913 1317 965 εἴ
1344 930 1496 978 τινας
1528 913 1758 986 εὕρομεν

173 1001 252 1070 τῷ
295 1001 652 1073 παραδοθέντι
694 1004 878 1056 κανόνι
930 1003 1031 1074 τῆς
1083 1003 1364 1068 εὐσεϐείας
1389 1005 1754 1075 ποιχοῦντας,

171 1093 400 1157 τούτους
463 1093 556 1146 καὶ
601 1093 844 1166 πατέρας
889 1094 1344 1166 ἐπεγραψάμεθα,
1389 1095 1484 1148 καὶ
1529 1095 1756 1167 ὁδηγοὺς

170 1185 283 1237 τῶν
311 1185 498 1255 ψυχῶν
519 1185 674 1256 ἡμῶν
692 1187 774 1250 είς
812 1187 909 1257 τὴν
939 1187 1074 1258 πρὸς
1098 1188 1228 1240 Θεὸν
1253 1188 1473 1258 πορείαν
1498 1189 1756 1259 ἐποιησά-

173 1276 340 1346 μεθα.
406 1278 516 1332 Καὶ
547 1279 712 1350 μέχρι
761 1296 826 1348 γε
857 1280 958 1349 τῆς
997 1278 1144 1350 ὧρας
1185 1279 1406 1350 ταύτης,
1452 1280 1632 1350 χάριτι
1658 1279 1752 1333 τοῦ

167 1367 500 1431 καλέσαντος
527 1371 672 1439 ἡμᾶς
705 1371 894 1440 κλήσει
925 1369 1055 1441 ἁγίᾳ
1083 1370 1164 1432 είς
1180 1369 1277 1440 τὴν
1298 1371 1491 1424 ἑαυτοῦ
1521 1371 1753 1440 ἐπίγνωο

169 1475 273 1522 σιν,
325 1458 516 1512 οὐδένα
559 1459 784 1531 οἴδαμεν
835 1461 992 1528 λόγον
1023 1459 1218 1532 ἐχθρὸν
1256 1465 1354 1534 τῆς
1401 1465 1750 1536 ὑγιαινούσης

163 1549 514 1612 διδασκαλίας
545 1553 667 1615 ταῖς
713 1550 960 1622 καρδίαις
992 1553 1426 1624 παραδεξάμενοι
1449 1570 1462 1584 ο
1507 1555 1626 1608 οὐδὲ
1651 1573 1748 1626 μο-

163 1641 450 1706 λυνθέντες
487 1643 618 1696 ποτὲ
643 1644 743 1707 τὰς
766 1643 942 1714 ψυχὰς
974 1647 1040 1716 τῇ
1071 1645 1372 1717 δυσωνύμῳ
1394 1647 1501 1699 τῶν
1541 1648 1594 1700 Ἀ
1607 1665 1750 1718 ρεια-

162 1731 268 1785 νῶν
318 1732 659 1806 βλασφημίᾳ.
705 1733 843 1787 Ἀλλ’
881 1734 935 1788 ετ
962 1736 1112 1799 τινάς
1155 1753 1284 1789 ποτε
1309 1736 1670 1806 ὡρμημένους
1691 1737 1749 1803 ἐξ

1863 561 1966 601 nos
2003 545 2183 600 adhuc
2223 544 2463 600 infantes
2494 543 2732 616 ﬁngebat
2774 553 2827 600 et
2859 545 3190 601 informahat
3217 549 3433 617 pietatis

1861 634 2231 704 dogmatibus.
2269 633 2568 705 Postquam
2611 643 2790 689 autem
2839 641 2892 690 et
2928 651 3028 690 nos
3074 635 3319 706 sapiendi
3354 635 3436 690 fa-

1862 724 2122 777 cultatem
2175 721 2507 792 accepimus,
2550 723 2763 776 ratione
2796 723 2850 776 in
2895 725 3054 779 nobis
3081 740 3176 795 per
3220 732 3436 779 aetatem

1860 814 2154 883 completa,
2189 813 2421 867 mullum
2451 815 2664 870 telluris
2696 830 2760 869 ac
2781 815 2956 885 pelagi
2985 827 3359 885 peragrantes.
3386 815 3432 870 si

1859 920 1996 974 quos
2029 905 2338 959 invenimus
2387 905 2686 958 secundum
2727 905 2980 958 traditam
3012 903 3230 974 pietatis
3269 919 3432 974 regu-

1859 995 1964 1048 lam
1997 995 2364 1058 ambulantes,
2407 1011 2504 1050 eos
2535 1004 2587 1050 et
2615 1005 2829 1066 patrum
2861 997 2981 1048 loco
3026 995 3337 1059 habuimus,
3378 1001 3434 1051 et

1856 1087 2025 1144 duces
2067 1089 2372 1142 animarum
2418 1098 2754 1154 nostrarum,
2791 1089 2845 1142 in
2878 1089 2963 1142 via
3008 1105 3130 1158 quae
3161 1089 3226 1142 ad
3261 1087 3435 1143 Deum-

1855 1173 2029 1243 ducit,
2058 1180 2230 1234 secuti
2275 1194 2491 1234 sumus.
2515 1180 2690 1249 Atque
2731 1179 2800 1234 ad
2842 1181 2982 1233 hanc
3013 1196 3186 1250 usque
3217 1181 3428 1244 horam,

1853 1271 2056 1342 gratias
2097 1272 2268 1338 illius,
2301 1273 2394 1342 qui
2429 1287 2530 1326 nos
2561 1273 2776 1326 vocavit
2814 1273 3099 1326 vocatione
3141 1279 3333 1326 sancta
3359 1271 3429 1326 ad

1854 1365 1938 1420 sui
1965 1363 2353 1434 cognitionem,
2385 1379 2484 1419 nec
2516 1379 2824 1420 sermonem
2851 1365 3020 1418 ullum
3051 1364 3256 1419 scimus
3279 1378 3428 1418 sana:

1853 1453 2117 1507 doctrinm
2157 1452 2440 1506 inimicum
2491 1453 2546 1506 in
2578 1453 2748 1508 corda
2778 1463 2966 1508 nostra
3005 1453 3278 1520 intrasse;
3323 1468 3460 1507 nec'

1853 1545 2062 1600 animas
2091 1552 2312 1600 nostras
2342 1544 2532 1598 infami
2563 1546 2892 1600 Arianorum
2916 1545 3258 1616 blasphemia
3291 1561 3426 1599 con-

1853 1637 2145 1692 taminatas
2196 1652 2438 1710 unquam
2473 1636 2668 1692 fuisse.
2715 1637 2822 1694 Sed
2867 1637 2914 1692 si
2953 1652 3094 1708 quos
3129 1637 3424 1708 aliquando

1851 1730 1921 1782 ab
1949 1729 2044 1782 illo
2077 1729 2342 1799 magistro
2377 1728 2655 1799 profectos
2681 1729 2736 1782 in
2766 1729 3206 1783 communionem
3243 1728 3422 1782 admi-

162 1821 375 1875 ἐκείνου
401 1822 495 1875 τοῦ
516 1822 838 1878 διδασκάλου
859 1825 939 1888 είς
968 1825 1252 1878 κοινωνίαν
1277 1824 1722 1896 προσελαῆόμεθα

1849 1821 2057 1884 simus,
2099 1819 2348 1874 morbum
2401 1820 2596 1874 intimo
2648 1820 2812 1875 corde
2851 1820 3212 1884 occultantes,
3248 1825 3302 1872 et
3335 1819 3422 1890 pia

158 1911 664 1982 ἐπικρυπτομένους
689 1913 786 1984 τὴν
818 1916 876 1967 ὲν
915 1914 994 1986 τῷ
1029 1914 1179 1985 βάθει
1211 1915 1386 1979 νόσον,
1416 1919 1509 1970 καὶ
1528 1921 1746 1989 ῥήματα

157 2002 456 2068 λαλοῦντας
494 2005 714 2075 εὐσεϐῆ,
757 2006 930 2076 ἢτοῖς
979 2023 1044 2076 γε
1076 2008 1204 2080 παρ’
1246 2009 1404 2078 ἡμῶν
1437 1997 1746 2078 λεγομένοις

161 2096 236 2167 μὴ
275 2097 698 2165 ἀντιτείνοντας,
739 2097 883 2152 οὕτω
937 2100 1355 2171 προσηκάμεθα,
1391 2099 1516 2154 οὔτε
1559 2103 1742 2155 πᾶσαν

156 2187 374 2251 ἑαυτοῖς
428 2189 526 2260 τὴν
575 2193 695 2242 κατ’
731 2191 926 2256 αὐτοὺς
966 2191 1077 2262 (69)
1115 2192 1290 2262 κρίσιν
1327 2192 1738 2264 ἐπιτρέψαντες,

153 2277 292 2333 ἀλλὰ
321 2282 442 2343 ταῖς
467 2280 965 2353 προεξενεχθείσαις
993 2285 1119 2357 περὶ
1153 2285 1330 2339 αὐτῶν
1359 2285 1556 2356 ψήφοις
1589 2286 1742 2359 παρὰ

151 2369 264 2422 τῶν
293 2370 557 2442 Πατέρων
597 2373 756 2444 ἡμῶν
803 2375 1287 2446 ἀκολουθήσαντες.
1338 2376 1479 2444 Ἐγὼ
1519 2378 1628 2448 γὰρ
1654 2378 1740 2431 δερ

153 2459 390 2530 ξάμενος
443 2463 748 2534 γράμματα
799 2465 910 2534 (70)
943 2465 1034 2519 τοῦ
1077 2469 1495 2538 μακαριωτάτου
1525 2469 1739 2540 Πατρὸς

161 2552 486 2607 Ἀθανασίου
519 2554 612 2608 τοῦ
649 2557 748 2627 τῆς
796 2557 1200 2628 Ἀλεξανδρείας
1224 2561 1545 2622 ἐπισκόπου,
1577 2559 1610 2614 ἃ.
1642 2561 1736 2614 καὶ

151 2641 264 2713 ἔχω
313 2645 372 2698 ὲν
432 2649 552 2710 ταῖς
595 2649 783 2718 χερσὶ,
831 2651 924 2702 καὶ
971 2649 1343 2720 προϐάλλομαι
1391 2655 1504 2714 τοῖς
1542 2649 1736 2722 ἐπιζη-

148 2733 358 2798 τοῦσιν,
405 2736 462 2788 ὲν
494 2731 576 2799 οἷς
617 2737 866 2809 φανερῶς
920 2738 1301 2810 διηγόρευσαν,
1346 2741 1398 2793 ei
1425 2757 1508 2804 τις
1543 2743 1605 2794 ὲκ
1634 2743 1732 2813 τῆς

148 2825 262 2879 τῶν
335 2827 630 2898 ’Δρειανῶν
691 2830 960 2902 αἱρέσεως
1037 2830 1276 2898 βούλοιτο
1325 2833 1728 2903 μετατίθεσθαι,

145 2919 428 2988 ὁμολογῶν
457 2920 555 2991 τὴν
583 2923 642 2974 ὲν
683 2922 888 2995 Νικαίᾳ
920 2925 1100 2978 πίστιν
1125 2925 1260 2994 (7i),
1303 2925 1492 2978 τοῦτον
1517 2927 1732 2998 προσίε-

146 3009 297 3072 σθαι,
364 3011 531 3081 μηδὲν
565 3013 1015 3086 διακρινομένους
1057 3019 1141 3068 ἐπ’
1177 3017 1325 3088 αὐτῷ
1347 3034 1363 3047 ⁸
1413 3018 1507 3070 καὶ
1543 3019 1727 3072 τούτου

1846 1911 2010 1965 verba
2038 1911 2347 1982 loquentes,
2379 1920 2473 1965 aut
2497 1921 2646 1966 certe
2670 1911 2738 1966 iis
2763 1927 2886 1982 quae
2914 1926 2943 1964 a
2972 1911 3131 1966 nobis
3163 1911 3422 1966 diceban-

1847 2012 1956 2066 tur,
2007 2019 2117 2058 non
2163 2012 2554 2075 repugnantes,
2605 2009 2679 2058 ita
2714 2005 3094 2074 suscepimus;
3137 2019 3261 2060 cum
3309 2019 3418 2058 non

1844 2112 2006 2152 omne
2051 2098 2118 2152 de
2148 2097 2353 2152 talibus
2385 2097 2656 2167 judicium
2699 2097 2856 2152 nobis
2905 2097 3038 2166 ipsis
3070 2097 3416 2168 permittere‘

1843 2202 1987 2250 llltlS,
2025 2187 2120 2242 sed
2152 2189 2506 2252 sententiam,
2531 2201 2655 2258 qua:
2683 2187 2835 2257 prius
2865 2187 2974 2241 lata
3001 2189 3066 2242 de
3097 2187 3207 2242 illis
3237 2187 3418 2242 fuerat

1841 2296 1870 2333 a
1901 2279 2156 2336 Patribus
2180 2281 2406 2342 nostris,
2434 2295 2809 2350 sequeremur.
2841 2278 2955 2350 Ego
2985 2280 3127 2334 enim
3162 2294 3286 2333 cum
3321 2293 3414 2332 ac-

1839 2371 2108 2439 Cl‘piSSBnl
2153 2372 2366 2426 litteras
2397 2371 2704 2426 beatissimi
2737 2370 2916 2426 Patris
2961 2369 3249 2424 Athanasii
3293 2370 3417 2425 Ale-

1838 2462 2083 2516 xandria:
2127 2463 2392 2532 episcopi,
2439 2476 2578 2532 quas
2628 2473 2684 2516 et
2730 2462 2786 2515 in
2826 2461 3078 2517 manibus
3121 2462 3314 2526 habeo,
3359 2469 3415 2516 et

1835 2555 2068 2608 ostendo
2101 2555 2550 2624 exposcentibus,
2587 2557 2641 2608 in
2679 2555 2882 2624 quibus
2911 2555 3060 2608 clare
3083 2555 3409 2624 pronuntia-

1835 2649 1932 2711 vit,
1967 2648 2012 2702 si
2045 2647 2170 2716 quis
2220 2661 2286 2702 ex
2334 2645 2666 2700 Arianorum
2719 2645 2913 2702 haeresi
2949 2647 3184 2701 voluerit
3231 2655 3414 2701 trans-

1834 2723 1962 2792 ferri
2002 2735 2278 2791 Nicaenam
2331 2736 2487 2791 Iidem
2519 2735 2808 2799 conﬁtens,
2858 2751 2981 2790 eum
3013 2737 3408 2791 admittendum

1831 2843 1974 2890 esse,
2006 2843 2107 2882 nec
2136 2843 2260 2882 esse
2291 2827 2344 2880 in
2377 2841 2444 2882 eo
2474 2827 2786 2895 recipiendo
2813 2827 3175 2883 haesitandum
3200 2845 3214 2894 ;
3255 2843 3410 2883 cum-

1831 2935 1938 2990 que
1983 2920 2074 2975 ille
2125 2920 2256 2973 mihi
2304 2919 2472 2989 hujus
2526 2918 2728 2974 decreti
2769 2921 2955 2975 socios
3001 2921 3248 2980 citasset,
3291 2927 3406 2973 tum

1828 3017 2185 3082 Macedoniae,
2234 3027 2351 3072 tum
2383 3017 2602 3072 Achaiae
2653 3017 2944 3086 episcopos
2992 3029 3222 3081 onmes;
3257 3019 3410 3067 ratus

142 3102 241 3156 τοῦ
272 3103 542 3175 δόγματος
592 3108 882 3172 κοινωνούς
937 3127 1025 3179 μοι
1081 3110 1456 3180 παρεχομένου
1513 3110 1638 3176 τούς
1667 3129 1726 3165 τε

1834 3110 1989 3182 307
2021 3125 2246 3167 necesse
2278 3126 2402 3166 esse
2441 3116 2652 3164 tantum
2683 3109 2859 3162 virum
2899 3110 3054 3178 sequi
3085 3107 3158 3162 ob
3189 3120 3400 3170 eorum,

140 3193 246 3262 τῆς
276 3195 620 3260 Μακεδονίας
679 3199 897 3270 καὶτῆς
943 3201 1162 3270 Ἀχαΐας
1197 3202 1526 3266 ἐπισκόπους
1555 3202 1727 3256 ἃπαν-

141 3301 262 3346 τας·
279 3287 514 3355 νομίζων
535 3289 827 3358 ἀναγκαῖον
843 3287 980 3343 εἶναι
993 3291 1302 3344 ἀκολουθεῖν
1319 3292 1472 3364 ἀνδρί
1488 3293 1724 3364 τοσούτῳ

141 3373 230 3427 διὰ
272 3376 335 3428 τὸ
365 3376 675 3440 ἀξιόπιστον
710 3379 817 3432 τῶν
856 3380 1355 3450 νομοθετησάντων,
1391 3380 1526 3452 ὁμοῦ
1549 3381 1606 3434 δὲ
1633 3384 1725 3436 καὶ

145 3464 429 3534 ἐπιθυμῶν
471 3467 560 3520 τον
593 3469 692 3538 τῆς
743 3469 1108 3542 εἰρηνοποιίας
1133 3470 1322 3541 μισθὸν
1361 3471 1738 3538 ὐποδέξασθαι,

145 3558 211 3626 τῇ
246 3558 426 3627 μερίδι
460 3557 570 3611 τῶν
606 3561 956 3614 κοινωνικῶν.

215 3647 269 3700 7.
298 3649 643 3719 Δικαιότερον
675 3650 734 3703 δὲ
775 3650 842 3703 τὰ
890 3651 1010 3704 καθ’
1047 3654 1196 3722 ἡμᾶς
1228 3651 1508 3723 κρίνεσθαι
1559 3655 1632 3724 μὴ
1659 3653 1718 3718 ἐξ

144 3737 261 3800 tvo;
327 3737 361 3808 ἢ
410 3737 662 3810 δευτέρου
702 3743 810 3794 τῶν
859 3743 932 3814 μὴ
979 3743 1410 3814 όρθοποδούντων
1449 3743 1582 3814 πρὸς
1618 3745 1717 3816 τὴν

141 3827 422 3896 ἀλήθειαν,
472 3829 585 3881 ἀλλ’
630 3831 694 3882 ἐκ
713 3829 808 3883 τοῦ
844 3831 1078 3904 πλήθους
1105 3832 1214 3886 τῶν
1242 3833 1383 3887 κατὰ
1408 3835 1506 3904 τὴν
1533 3835 1716 3888 οἰκου-

144 3918 314 3988 μένην
347 3919 663 3972 ὲπισκόπων
709 3922 1067 3992 συνημμένων
1103 3925 1232 3994 ἡμῖν
1262 3925 1443 3996 χάριτι
1479 3925 1572 3978 τοῦ
1611 3925 1716 3979 Κυ-

143 4011 284 4079 ρίου.
335 4011 696 4074 Ἐξετασθῶσι
741 4011 796 4064 δὲ
836 4014 1074 4080 Πισίδαι,
1125 4017 1420 4080 Λυκάονες,
1459 4017 1712 4088 Ἰσαῦροι,

136 4101 345 4172 Φρύγες
374 4103 644 4174 ἑκάτεροι,
705 4105 1000 4174 ’Λρμενίων
1033 4106 1156 4159 ὅσον
1197 4108 1326 4178 ὑμῖν
1355 4109 1470 4161 ἐστι
1499 4111 1716 4180 πρόσοι-

136 4209 252 4255 κον,
313 4193 641 4258 Μακεδόνες,
685 4195 910 4266 Ἀχαιοὶ,
966 4196 1229 4270 Ἰλλύριοι,
1277 4198 1490 4263 Γάλλοι,
1535 4201 1716 4254 Ἱσπα-

137 4285 218 4336 νοὶ
236 4283 374 4349 (τε).
406 4285 602 4338 Ἰταλία
628 4287 911 4358 σύμπασα,
940 4287 1278 4354 Σικελιῶται,
1304 4293 1519 4362 Ἂφροι,
1549 4295 1715 4362 Αἰγύ-

135 4391 270 4426 πτου
302 4374 366 4427 τὸ
396 4375 654 4444 ὑγιαῖνον,
691 4377 789 4448 τῆς
821 4379 1019 4450 Συρίας
1039 4380 1236 4434 ὁπόσον
1271 4381 1524 4451 λείψανον
1548 4383 1712 4435 ὀἵτι-

1828 3203 1920 3271 qui
1949 3205 2122 3272 legem
2147 3203 2406 3268 tulerant,
2433 3202 2840 3268 auctoritatem,
2868 3201 3142 3270 simulque
3171 3199 3403 3268 cupiens

1826 3293 2228 3363 pacificationis
2260 3293 2567 3348 mercedem
2603 3294 2888 3364 consequi,
2922 3293 3080 3348 fidem
3107 3293 3252 3346 illam
3277 3307 3408 3346 con-

1831 3386 2044 3442 fitentes
2073 3387 2418 3442 ascribebam
2442 3400 2671 3441 numero
2701 3386 3234 3440 communicatorum

1781 3477 1907 3541 τοὺς
1968 3476 2174 3548 ταύτην
2211 3475 2607 3548 ὁμολογοῦντας
2655 3477 2752 3548 τήν
2782 3477 2960 3531 πίστιν
3003 3479 3405 3546 ὲγκατέτατσον

1898 3652 1950 3708 7.
1989 3649 2202 3707 Iustius
2241 3662 2323 3708 est
2356 3661 2537 3708 autem
2583 3669 2672 3710 res
2723 3663 2944 3710 nostras
2979 3655 3240 3724 judicari,
3287 3674 3397 3714 non

1823 3759 1888 3799 ex
1923 3761 2033 3799 uno
2061 3753 2154 3798 aut
2187 3746 2360 3800 altero
2383 3760 2494 3801 non
2526 3755 2674 3802 recte
2700 3747 2753 3800 in
2797 3749 3026 3802 veritate
3059 3751 3394 3805 ambulanti-

1823 3837 1947 3900 bus,
1977 3835 2073 3891 sed
2102 3852 2169 3892 ex
2194 3837 2546 3893 multitudine
2583 3839 2990 3908 episcoporum,
3023 3843 3116 3910 qui
3153 3841 3312 3898 nobis
3339 3843 3396 3900 in

1823 3933 1939 3980 toto
1969 3933 2243 3981 terrarum
2289 3927 2423 3983 orbe
2460 3943 2556 3998 per
2593 3928 2804 3982 Domini
2850 3931 3078 3999 gratiam
3114 3932 3395 4002 conjuncti

1823 4025 1972 4070 sunt.
2003 4013 2408 4086 lnterrogentur
2429 4027 2612 4073 autem
2631 4016 2848 4080 Pisidae,
2873 4018 3174 4090 Lycaones,
3196 4021 3391 4089 Isauri,

1821 4105 2062 4176 Phryges
2096 4109 2335 4178 utrique,
2379 4108 2762 4163 Armeniorum
2805 4111 3070 4180 quidquid
3117 4113 3272 4170 vobis
3309 4122 3392 4170 est

1820 4198 2084 4262 vicinum,
2117 4197 2462 4268 Macedones,
2499 4201 2703 4267 Achaai,
2731 4200 2922 4274 Illyrii,
2947 4203 3108 4268 Galli,
3141 4203 3388 4276 Hispani,

1821 4286 1973 4343 Italia
2017 4299 2152 4353 tota,
2191 4289 2384 4355 Siculi,
2420 4293 2560 4354 Afri,
2601 4293 2820 4365 Egypti
2860 4311 2988 4366 pars
3025 4312 3179 4366 sana,
3226 4299 3391 4369 quid-

1817 4382 1950 4451 quid
1995 4391 2080 4438 est
2126 4385 2326 4454 reliqui
2371 4386 2430 4440 in
2477 4385 2675 4457 Syria:
2703 4387 2797 4457 qui
2844 4397 2900 4444 et
2943 4390 3012 4445 ad
3049 4406 3152 4448 nos
3177 4391 3387 4448 litteras

133 4477 224 4525 νες
267 4463 542 4533 πέμπουσί
571 4481 631 4518 τε
685 4465 820 4556 πρὸς
871 4468 1019 4538 ἡμᾶς
1049 4469 1374 4540 γράμματα,
1409 4473 1506 4524 καὶ
1548 4471 1710 4524 πάλιν

1834 4475 2061 4540 nittunt,
2103 4485 2158 4532 et
2201 4493 2397 4532 rursus
2443 4492 2473 4530 ιι
2515 4479 2672 4534 nobis
2715 4480 3014 4550 accipiunt.
3067 4482 3146 4538 Ex
3187 4485 3387 4556 quibus

131 4552 378 4622 δέχονται
405 4556 535 4625 παρ’
570 4555 746 4626 ήμῶν.
782 4551 880 4610 Ὧν
910 4557 1058 4612 ἔστιν
1091 4561 1218 4630 ὑμῖν
1249 4561 1313 4615 ἐκ
1338 4579 1397 4616 τε
1425 4563 1534 4615 τῶν
1563 4565 1704 4617 ἐκεῖ-

133 4641 226 4695 θεν
251 4644 567 4715 φερομένων
587 4647 932 4718 γραμμάτων
955 4649 1144 4719 μαθεῖν
1171 4652 1265 4704 καὶ
1297 4655 1361 4704 ἐκ
1387 4653 1494 4706 τῶν
1525 4653 1704 4706 ἐντεῦ-

131 4729 225 4783 θεν
275 4731 437 4786 πάλιν
484 4735 973 4807 ἁντιπεμπομένων
1012 4741 1198 4802 αὐτοῖς
1245 4740 1579 4812 διδαχθῆναι,
1619 4745 1701 4797 ὅτι

131 4819 408 4894 σύμψυχοι
462 4825 662 4889 πάντες
711 4827 896 4896 ἐσμὲν,
942 4829 1004 4881 τὸ
1055 4829 1114 4882 ἒν
1148 4831 1490 4902 φρονοῦντες.
1539 4835 1699 4887 Ὥστε

199 4972 312 5045 (69)
355 4975 739 5050 ὠΐσθη-κατ’
777 4983 1018 5050 αὐτούς.
1069 4981 1144 5037 Ita
1200 5000 1333 5040 mss.
1385 5001 1500 5040 sex.
1553 4985 1698 5042 Editi

125 5045 223 5095 οὐ.
249 5084 298 5098 ..
338 5046 478 5097 κατὰ
523 5048 648 5110 τοὺς
691 5045 989 5117 τοιούτουςξ
1028 5054 1232 5110 Ibidem
1276 5057 1444 5112 Coisl.
1489 5058 1699 5128 prinius

126 5113 624 5168 προσενενθείσαις.

126 5130 692 5268 πρῗῆῗῖεῇἓῗὲῗιέἶέα..
739 5187 921 5244 Editio
969 5189 1320 5267 Pariszaddil
1373 5197 1555 5268 παρά,
1601 5199 1696 5253 sed

125 5261 448 5336 ptaepositio
473 5261 630 5336 deest
673 5261 727 5336 i_n
761 5261 1166 5336 septem_mssi
1191 5272 1245 5318 et
1294 5261 1696 5336 antiquioribus

125 5322 490 5380 editionihus.
535 5327 692 5392 Quod
743 5322 925 5384 autem
969 5332 1039 5386 de
1091 5335 1372 5389 Athanasii
1427 5322 1696 5392 sententia

123 5399 362 5474 testatur
391 5393 654 5474 Basilius,
673 5398 728 5452 id
753 5403 1111 5474 continuatur
1141 5419 1264 5458 eum
1290 5407 1358 5459 ab
1384 5408 1502 5470 ipso
1527 5409 1695 5463 Aiba—

125 5467 307 5536 nasio,
335 5467 432 5534 qui
482 5467 537 5520 in
571 5469 733 5536 epist.
783 5471 851 5524 ad
907 5470 1195 5526 [lulianum
1247 5489 1357 5528 non
1408 5467 1584 5531 solum
1639 5481 1692 5533 in

122 5531 384 5614 Afigypto,
533 5531 783 5614 etiamin
815 5539 1045 5614 Graecia,
1079 5543 1134 5596 in
1161 5541 1420 5614 Hispania
1443 5555 1498 5602 et
1519 5531 1693 5603 Gallia

125 5612 194 5687 et.
218 5606 423 5687 ubique
447 5606 598 5687 idem
630 5609 906 5680 episcopis
931 5613 1212 5687 placuisse
1251 5606 1535 5687 declarat;
1578 5627 1692 5672 tum

123 5675 290 5758 etiam
320 5690 352 5726 a
385 5675 616 5758 ‘Li‘berio
651 5675 953 5758 papafgui'
998 5687 1053 5736 in
1093 5683 1254 5758 epist.
1299 5685 1366 5739 15
1407 5675 1692 5758 Αῑεγριίοε

123 5755 318 5799 omnes
349 5753 403 5799 et
438 5745 677 5803 Achivos
709 5745 958 5820 ejusdem
999 5745 1285 5810 sentcntiae
1324 5745 1687 5814 testesuc'itat.

1811 4563 2030 4628 litteris,
2068 4575 2180 4620 tum
2207 4584 2331 4636 qua:
2361 4568 2511 4622 illinc
2533 4569 2859 4634 afferuntur,
2895 4577 3010 4624 tum
3045 4590 3166 4643 quae
3193 4591 3387 4631 rursus

1807 4655 1928 4710 vice
1963 4672 2122 4712 versa
2167 4659 2297 4713 hinc
2329 4661 2394 4713 ad
2439 4661 2586 4728 ipsos
2635 4663 2952 4728 mittuntur,
2985 4665 3195 4722 discere
3226 4667 3382 4723 vobis

1807 4746 1934 4800 licet
1964 4763 2066 4802 nos
2097 4764 2290 4804 omnes
2337 4766 2458 4804 esse
2505 4753 2812 4816 unanimes,
2858 4753 3110 4826 idemque
3155 4759 3380 4816 sentire.

1808 4834 2152 4908 Quapropter
2195 4843 2640 4898 communionem
2703 4852 2950 4900 nostram
3001 4850 3096 4918 qui
3143 4853 3379 4923 refugit,

1808 4989 1913 5049 Sed
1949 5000 2146 5053 mirum
2175 5007 2260 5054 est
2289 5017 2391 5054 cur
2410 4999 2846 5057 Occidentalium
2878 5008 3252 5064 testimonium
3284 5021 3379 5066 aut

1804 5066 2147 5146 Athanasqu
2184 5071 2500 5146 irrepistola
2543 5071 2609 5146 ad
2647 5072 2908 5146 Basilium
2939 5081 3374 5146 praetermiserit,

1805 5139 1888 5216 vel
1939 5138 2351 5216 ipse_Basil_ius
2405 5145 2505 5194 hac
2567 5143 2627 5216 i_n_
2679 5138 3371 5216 epistola'prtetermittat:

1804 5207 2042 5260 Causam
2081 5209 2412 5276 investigare
2437 5207 2762 5265 conabimur
2791 5215 2842 5267 in
2883 5207 3002 5271 Vit'a
3029 5219 3086 5272 S.
3121 5219 3335 5276 Basilii.

1877 5277 1986 5348 (Π)
2030 5277 2148 5346 Τὴν
2174 5280 2245 5332 ἐν
2282 5281 2494 5348 Νικαίςι
2521 5281 2750 5336 πίστιν.
2793 5281 2870 5340 Ita
2907 5304 3042 5342 mss.
3077 5305 3192 5344 sex.
3230 5289 3372 5348 Editi

1801 5345 1998 5420 τῶν-εν
2024 5345 2240 5420 ,Νικαία
2266 5351 2364 5420 τὴν
2395 5345 2594 5402 πίστιν.

1875 5415 2562 5500 (diL'qum‘oifLegitur
2581 5421 2782 5475 Σπάνοι
2803 5423 3171 5500 in__cod_icili_us
3195 5429 3369 5500 llarl.,

1804 5483 2156 5566 Vat.:'Coisl.
2205 5483 2448 5543 secundo
2499 5501 2820 5566 et__utroque
2854 5493 3051 5566 Regio.
3095 5497 3238 5554 Inter

1803 5559 2117 5626 provincias
2145 5574 2248 5612 non
2277 5567 2530 5613 recenset
2563 5559 2801 5618 Basilius
2837 5559 3086 5620 Ciliciam
3123 5581 3176 5624 et
3206 5569 3370 5626 Gala-

1802 5625 1955 5684 tiam,
1989 5629 2115 5708 quia
2155 5628 2241 5708 his
2271 5629 2324 5708 in
2377 5631 2693 5708 regionibus
2726 5635 3086 5708 grassabatur
3117 5625 3366 5708 haeresis,

1801 5711 1980 5763 neque
2010 5698 2174 5775 etiam
2204 5699 2358 5775 Asia:
2397 5699 2678 5775 dioecesim
2699 5698 2924 5775 [quam
2961 5706 3187 5764 Basilio‘
3213 5698 3367 5768 valde

1802 5777 2112 5840 suspectam
2144 5767 2310 5826 fuisse
2345 5767 2709 5842 perspicimus
2735 5767 2801 5831 e'x
2840 5767 3000 5847 epist.
3029 5777 3154 5835 2l8'.
