3862 6220
452 350 559 409 755

1750 366 1807 424 S.
1851 369 2097 427 BASILII
2135 374 2347 432 MAGNI

3608 386 3722 442 756

454 469 744 524 sinceritas
774 477 954 526 vestra
988 472 1201 527 noverit
1228 489 1353 530 eum
1393 492 1515 541 sese
1555 494 1586 534 a
1619 486 1733 535 tota
1776 480 2022 539 Ecclesia

2133 492 2158 543 ὁ
2190 490 2289 561 τὴν
2318 492 2455 562 πρὸς
2483 493 2629 562 ἡμᾶς
2659 492 2941 546 κοινωνίαν
2969 494 3375 567 ἀποδιδράσκων
3403 500 3476 569 μὴ
3514 499 3721 553 λανθα-

454 575 730 630 ειορηι-ιιιο.
769 560 1218 634 Circumspicite,
1251 565 1475 634 fratres,
1510 571 1837 642 quibuscum
1872 578 2029 634 vobis

453 654 525 707 sit
574 656 936 711 communio:
969 657 1016 712 si
1068 674 1187 715 eam
1227 676 1258 715 a
1300 663 1461 719 nobis
1515 682 1625 720 non
1680 669 2027 738 suscipiatis,

451 744 576 811 quis
608 745 720 815 jam
753 762 850 802 vos
876 750 1164 818 agniturus
1192 752 1311 808 eat?
1339 754 1450 812 Nos
1491 772 1556 812 eo
1582 760 1932 816 necessitatis
1963 779 2031 818 ne

454 837 789 905 perducatis,
824 847 883 895 ut
913 842 1069 898 triste
1098 845 1378 916 quidpiam
1409 848 1476 904 de
1512 850 1836 907 charissima
1871 855 2029 910 nobis

453 926 701 983 Ecclesia
742 938 1070 988 statuamus.
1110 935 1187 991 Ne
1222 941 1599 1007 committatis,
1632 953 1690 999 ut
1720 962 1841 1014 quae
1884 963 2029 1002 nunc

453 1018 620 1074 corde
662 1036 873 1090 premo,
926 1040 1141 1081 mecum
1195 1029 1582 1099 ingemiscens,
1635 1043 1689 1090 et
1735 1036 2028 1106 deplorans

452 1110 765 1168 luctuosum
801 1124 1033 1185 tempus,
1064 1135 1173 1189 quo
1216 1123 1352 1176 citra
1388 1125 1553 1178 ullam
1589 1141 1808 1181 causam
1839 1128 2028 1184 Eccle-

452 1202 549 1256 siae
574 1205 842 1269 maximze,
882 1218 934 1263 et
966 1210 1076 1279 jam
1103 1214 1230 1267 olim
1264 1215 1405 1270 inter
1437 1233 1494 1272 se
1530 1218 1786 1276 fraternis
1827 1225 2029 1279 animis

451 1294 779 1363 conjunctae,
842 1317 988 1357 nunc
1048 1303 1356 1374 dissident;
1411 1326 1478 1364 ne
1520 1316 1900 1378 committatis,
1944 1316 2029 1370 in-

450 1403 636 1456 quam,
671 1397 729 1445 ut
768 1392 882 1447 haec
924 1396 1066 1463 apud
1109 1412 1299 1455 omnes
1336 1402 1497 1457 simul
1535 1408 2028 1463 communicatures

450 1477 747 1548 deplorem.
779 1480 857 1536 Ne
886 1487 1098 1555 cogatis
1129 1504 1212 1544 me
1242 1506 1404 1546 voces
1435 1510 1705 1562 promere,
1735 1514 1872 1566 quas
1904 1502 2028 1554 hac-

450 1580 610 1627 tenus
655 1575 885 1630 rationis
921 1577 1076 1633 freno
1104 1584 1414 1639 occultatas
1456 1588 1599 1655 ame
1636 1605 1720 1643 me
1745 1592 2019 1647 contineo.

451 1662 638 1719 Satius
669 1675 753 1720 est
786 1682 888 1724 nos
929 1685 959 1725 e
1005 1672 1184 1727 medio
1221 1676 1332 1728 tolli
1378 1685 1431 1731 et
1475 1677 1746 1734 Ecclesias
1779 1683 1923 1736 inter
1966 1699 2026 1739 se

449 1758 782 1823 consentire,
813 1777 973 1829 quam
995 1773 1217 1834 propter
1253 1771 1489 1836 pueriles
1526 1780 1748 1828 nostras
1776 1776 2023 1828 simulta-

2133 580 2271 633 νὲτω
2294 581 2446 652 ὑμῶν
2474 582 2572 653 τὴν
2600 583 2906 654 ἀκρίϐειαν,
2946 584 3127 655 πάσης
3154 587 3342 639 ἑαυτὸν
3363 589 3460 656 τῆς
3489 589 3712 658 Ἐκκλη-

2134 673 2253 737 σίας
2290 676 2640 747 ἀπορρηγνύς
2683 677 2815 746 (73).
2858 678 3266 749 Hept6).éz}«acﬁs
3301 680 3432 749 (74),
3469 681 3716 751 ἀδελφοὶ,

2133 767 2270 836 πρὸς
2307 767 2459 830 τίνας
2508 768 2657 820 ἐστὶν
2709 770 2836 840 ὑμῖν
2876 771 2908 840 ἡ
2961 772 3247 824 κοινωνίαο
3308 772 3527 825 ἐπειδὰν
3574 776 3720 845 παρ’

2130 857 2287 927 ἡμῶν
2337 858 2409 927 μὴ
2459 858 2704 929 δεχθῆτε,
2739 860 2823 923 τίς
2875 862 3060 915 λοιπὸν
3119 864 3261 933 ὑμᾶς
3310 864 3719 932 ἑπιγνώσεταις

2130 950 2220 1021 Μὴ
2254 952 2499 1022 ἀγάγητε
2522 953 2669 1022 ἡμᾶς
2688 954 2767 1015 εἰς
2795 954 3038 1024 ἀνάγκην
3064 954 3383 1026 σκυθρωπόν
3410 974 3463 1009 τι
3493 957 3721 1027 βουλεύο

2133 1040 2326 1093 σασθαι
2383 1042 2510 1111 περὶ
2568 1041 2664 1112 τῆς
2703 1043 2964 1114 φιλτάτης
3032 1047 3166 1115 ἡμῖν
3227 1046 3569 1116 Ἐκκλησίας.
3616 1048 3720 1121 Μὴ

2132 1132 2391 1202 ποιήσητε
2431 1151 2517 1201 με,
2545 1132 2580 1185 8t
2638 1134 2732 1186 νῦν
2759 1136 2817 1187 ἐν
2864 1137 2929 1204 τῇ
2971 1136 3167 1208 καρδίᾳ
3193 1138 3420 1208 κρύίστω
3438 1142 3502 1210 τῇ
3534 1142 3724 1209 ἐμαυ-

2128 1223 2245 1285 τοῦ,
2282 1226 2398 1276 κατ’
2434 1226 2667 1295 ἐμαυτὸν
2696 1228 2963 1291 στενάζων
2996 1229 3088 1281 καὶ
3111 1230 3430 1301 ὀδυρόμενος
3461 1231 3553 1283 τοῦ
3578 1250 3717 1285 και-

2132 1314 2225 1385 ροῦ
2256 1315 2351 1385 τὴν
2373 1318 2668 1386 κακότητα,
2694 1319 2794 1382 ὅτι,
2822 1319 2999 1382 αἰτίας
3022 1320 3122 1372 οῦκ
3150 1320 3338 1393 οὔσης,
3366 1318 3420 1376 αί
3448 1322 3715 1392 μέγισται

2126 1404 2235 1456 τῶν
2285 1404 2637 1473 Ἐκκλησιῶν,
2668 1407 2759 1459 καὶ
2781 1410 2844 1459 ἐκ
2878 1408 3107 1461 παλαιοῦ
3135 1410 3268 1480 πρὸς
3301 1411 3530 1482 ἀλλήλας
3551 1412 3718 1465 ἀδελ-

2128 1497 2244 1566 φῶν
2270 1495 2418 1561 τάξιν
2442 1498 2732 1566 ἐπέχουσαι
2763 1499 2896 1567 (75),
2928 1495 3085 1553 αὗται
3110 1500 3202 1553 νῦν
3230 1503 3545 1571 διεστήκασι
3569 1521 3581 1533 ·
3628 1508 3712 1577 μή

2129 1606 2194 1658 με
2233 1591 2491 1660 ποιήσητε
2541 1590 2711 1645 ταῦτα
2744 1592 2880 1661 πρὸς
2908 1592 3115 1655 πάντας
3143 1594 3277 1663 ὁμοῦ
3316 1597 3438 1658 τοὺς
3464 1613 3715 1650 κοινωνι-

2125 1681 2255 1742 xei);
2296 1679 2687 1751 ἀποδύρασθαι.
2743 1680 2833 1751 Μὴ
2874 1681 3202 1753 ἐκϐιάσησθέ
3249 1700 3314 1752 με
3352 1684 3567 1750 ἀφεῖναι
3601 1686 3712 1755 ρή-

2128 1786 2295 1841 ματα,
2333 1770 2368 1823 ἃ
2414 1771 2577 1841 μέχρι
2624 1770 2716 1823 τοῦ
2744 1770 2836 1824 νῦν
2861 1773 2935 1842 τῷ
2980 1775 3042 1825 ἐκ
3080 1772 3173 1825 τοῦ
3202 1773 3459 1844 λογισμοῦ
3500 1774 3715 1844 χαλινῷ

446 1853 533 1935 tes
574 1855 788 1903 tantum
821 1854 948 1906 mali
983 1858 1198 1924 populis
1245 1857 1336 1912 Dei
1370 1861 1578 1917 inferri.
1618 1862 2022 1920 Percontamini

2133 1862 2485 1932 κεκρυμμένα
2542 1863 2650 1932 ἔχω
2700 1866 2828 1934 παρ’
2864 1864 3103 1935 ἐμαυτῷ.
3136 1864 3351 1917 Βέλτιόν
3376 1866 3521 1917 ἐστιν
3552 1867 3714 1935 ἡμᾶς

448 1933 635 1991 Patres
684 1950 917 2004 vestros,
955 1953 1008 1998 et
1055 1950 1458 2021 annuntiabunt
1505 1955 1683 2015 vobis,
1731 1958 2024 2025 parcet-ias,

446 2028 552 2081 etsi
597 2029 841 2087 locorum
890 2036 999 2089 situ
1044 2039 1371 2095 videbantur
1418 2044 1561 2098 inter
1608 2061 1667 2100 se
1714 2047 1924 2111 divisa‘,
1974 2057 2028 2103 at

446 2125 633 2178 animo
663 2143 831 2181 unum
867 2130 1059 2194 fuisse,
1092 2148 1309 2203 unoque
1339 2137 1573 2189 consilio
1610 2138 1801 2191 solitas
1836 2141 2029 2209 guber-

447 2217 590 2272 nari.
619 2216 1086 2289 Frequentissime
1113 2226 1347 2293 populus
1372 2227 1737 2294 miscebatur;
1767 2229 2033 2299 frequen-v

446 2309 660 2366 tissime
692 2327 723 2367 e
760 2314 909 2368 clero
944 2316 1035 2369 alii
1074 2316 1140 2370 ad
1191 2318 1330 2371 alios
1364 2319 1690 2386 veniebant;
1729 2322 1861 2391 ipsis
1892 2338 2023 2376 vero

445 2401 762 2469 pastoribus
792 2413 1003 2459 tantum
1031 2407 1207 2459 inerat
1237 2407 1411 2460 mutui
1446 2408 1670 2470 amoris,
1706 2418 1763 2461 ut
1796 2419 2025 2477 uterque

443 2492 621 2546 altero
652 2493 706 2547 in
742 2495 830 2559 iis,
872 2511 994 2565 qua:
1025 2496 1092 2551 ad
1145 2496 1436 2553 Dominum
1469 2501 1722 2564 attinent,
1760 2502 2024 2571 magistro

444 2596 510 2634 ac
537 2581 676 2637 duce
703 2593 969 2639 uteretur.

1836 2684 1861 2695 θ

2130 1958 2193 2007 ὲκ
2222 1956 2394 2007 ποδῶν
2425 1956 2696 2023 γενέσθαι,
2722 1956 2818 2019 τὰς
2844 1957 2898 2009 δὲ
2939 1957 3262 2025 Ἐκκλησίας
3292 1959 3535 2026 ὁμονοεῖν
3562 1957 3713 2027 πρὸς

2128 2048 2379 2118 ἀλλήλας,
2414 2047 2445 2117 ἢ
2497 2048 2584 2101 διὰ
2624 2050 2720 2111 τὰς
2746 2050 3121 2119 μειρακιώδεις
3151 2050 3305 2121 ἡμῶν
3336 2051 3711 2120 μικραᾷυχίας

2125 2138 2293 2190 κακὴν
2322 2137 2571 2190 τοσοῦτον
2586 2138 2882 2205 ἐπάγεσθαι
2911 2142 3019 2201 τοῖς
3046 2139 3192 2202 λαοῖς
3219 2138 3313 2191 τοῦ
3343 2138 3494 2192 Θεοῦ.
3532 2139 3710 2209 Ἐρω-

2124 2226 2328 2293 τήσατε
2352 2224 2477 2286 τοὺς
2510 2225 2757 2292 Πςτέρας
2793 2226 2965 2295 ὑμῶν,
3004 2228 3097 2280 καὶ
3132 2227 3518 2296 ἀναγγελοῦσιν
3547 2229 3708 2295 ὑμῖν,

2123 2315 2224 2373 ὅτι.
2277 2317 2324 2366 εἰ
2371 2316 2465 2368 καὶ
2510 2318 2575 2386 τῇ
2635 2315 2781 2369 θέσει
2810 2316 2902 2369 τοῦ
2936 2318 3098 2370 τόπου
3142 2319 3427 2390 διῃρῆσθαι
3481 2318 3714 2371 ἐδόκουν

2122 2408 2175 2458 αἱ
2212 2406 2494 2477 παροικίαι
2548 2406 2683 2476 (76),
2729 2406 2863 2460 ἀλλά
2910 2407 2987 2478 τῷ
3023 2425 3084 2477 γε
3118 2411 3425 2480 φρονήματι
3454 2408 3512 2461 ἓν
3536 2404 3711 2479 ἦσαν,

2121 2500 2214 2550 καλ¹
2247 2501 2345 2569 μιᾷ
2370 2499 2565 2572 γνώμῃ
2612 2501 3003 2571 ὲκυὸερνῶντο.
3042 2502 3290 2573 Συνεχεῖς
3315 2501 3413 2572 μὲν
3444 2501 3539 2553 τοῦ
3567 2500 3711 2556 λαοῦ

2124 2593 2177 2644 αἱ
2219 2591 2522 2661 ἐπιμιξίαν
2573 2596 2817 2662 συνεχεῖς
2877 2593 2931 2645 δὲ
2991 2593 3085 2646 τοῦ
3134 2593 3337 2666 κλήρου
3374 2594 3666 2664 ἐπιδημίαι
3695 2612 3708 2622 ·

443 2674 629 2738 αὐτοῖς
672 2675 729 2729 δὲ
779 2681 892 2742 τοῖς
952 2697 1176 2751 ποιμεσι
1242 2681 1494 2735 τοσοῦτον
1540 2684 1734 2753 περιῆν
1800 2684 1898 2753 τῆς
1952 2684 2087 2754 πρὸς
2155 2684 2416 2754 ἀλλήλους
2469 2686 2720 2756 ἀγάπης,
2783 2687 2923 2739 ὣστε
2983 2686 3240 2757 ἑκάτερον
3297 2686 3472 2738 αὐτῶν
3543 2686 3712 2739 διδαο

445 2768 630 2839 σκάλῳ
667 2769 743 2840 τῷ
797 2771 967 2844 ἑτέρῳ
1018 2774 1113 2826 καὶ
1140 2774 1368 2845 ἡγεμόνι
1407 2775 1637 2847 χρῆσθαι
1672 2779 1751 2839 είς
1784 2776 1851 2829 τὰ
1886 2777 2023 2848 πρὸς
2062 2775 2280 2848 Κύριον.

839 2926 1002 2999 308
1035 2926 1375 2982 EPISTULA
1413 2927 1586 2983 CCV'.

2685 2931 3025 2984 ΕΠΙΣΤΟᾹΙΙ
3066 2933 3179 2985 ΣΕἏ

443 3060 691 3127 ιιρὶάίωη
716 3072 870 3129 rogat,
893 3063 1040 3115 misso
1067 3063 1241 3115 iterum
1268 3063 1459 3116 Meietio
1481 3068 1869 3179 presbytergzbttlt,
1895 3084 1954 3180 e3
1969 3078 2135 3131 aqente
2161 3084 2269 3182 cum
2306 3070 2543 3134 erziscopis
2568 3068 2843 3127 maritimis,
2868 3071 2999 3120 locus
3024 3078 3066 3120 et
3088 3078 3270 3134 (ccupas
3303 3074 3365 3118 ad
3391 3072 3714 3124 concordiam

1700 3143 1724 3179 δ
1807 3144 1919 3182 Heu
1957 3146 2037 3181 am
2075 3146 2187 3182 cons
2209 3141 2435 3182 tluunlur.

1700 3142 2037 3183 smotttemtam
2075 3142 2435 3183 consumuntur.

984 3253 1198 3324 Elpidio
1228 3257 1488 3325 episcopo.

519 3371 736 3427 Rursus
775 3371 1037 3426 dilectum
1086 3379 1141 3427 et
1174 3375 1681 3446 compresbyterum
1742 3375 2017 3432 Meletium

443 3463 789 3533 impulimus,
825 3471 882 3517 ut
912 3471 1017 3518 tua:
1037 3464 1322 3519 dilectioni
1354 3476 1600 3521 nostram
1629 3468 2016 3525 salutationem

442 3555 705 3626 perferat.
753 3555 850 3610 Cui
900 3572 1214 3627 quanquam
1269 3558 1493 3612 omnino
1542 3567 1841 3614 statueram
1893 3576 2019 3631 par-

441 3662 569 3703 cere
600 3646 671 3702 ob
718 3646 1116 3711 inﬁrmitatem,
1152 3662 1317 3716 quam
1355 3656 1552 3717 sponte
1586 3648 1688 3703 sibi
1731 3648 1847 3718 ipse
1875 3650 2023 3703 asci-

441 3740 542 3801 vit,
576 3738 832 3808 redigens
862 3753 1084 3792 carnem
1119 3739 1174 3792 in
1206 3743 1525 3794 servitutem
1561 3740 1633 3794 ob
1664 3740 2017 3811 Evangelium

440 3828 684 3895 Christi;
715 3839 897 3883 tamen
930 3843 1053 3883 cum
1078 3828 1212 3880 mihi
1245 3829 1348 3896 ipsi
1383 3828 1641 3883 decorum
1682 3844 1807 3884 esse
1830 3830 2023 3884 existi-

441 3933 598 3973 mans
650 3919 892 3973 salutare
939 3928 991 3973 te
1046 3934 1141 3989 per
1190 3917 1460 3985 eiusmodi
1495 3919 1677 3981 viros,
1711 3919 1842 3990 qui,
1873 3935 2023 3988 quae-

441 4025 662 4080 cunque
692 4010 908 4067 litteras
937 4010 1248 4081 effugerint,
1275 4024 1370 4079 per
1400 4025 1460 4064 se
1489 4011 1710 4063 valeant
1740 4013 2017 4079 supplere,

440 4108 497 4154 et
544 4101 715 4156 veluti
757 4101 880 4157 loco
928 4102 1172 4171 epistola:
1216 4103 1353 4156 viva:
1395 4117 1516 4156 esse
1570 4110 1625 4155 et
1674 4101 1936 4156 scribenti
1969 4112 2023 4155 et

441 4192 733 4262 epistolam
760 4194 1046 4262 recipienti
1079 4214 1092 4248 :
1126 4204 1239 4247 tum
1274 4193 1438 4249 etiam
1476 4194 1651 4263 ipsius
1682 4193 2018 4247 desiderium

441 4286 690 4355 explens.
723 4301 835 4354 quo
867 4300 1081 4354 semper
1129 4295 1278 4338 tuam
1328 4285 1699 4355 praestantiam
1735 4284 2023 4354 prosequi-

443 4383 555 4440 tur,
594 4389 658 4429 ex
703 4391 812 4444 quo
855 4377 1125 4430 bonorum
1165 4375 1367 4444 quibus
1402 4372 1663 4443 praeditus
1691 4389 1773 4437 es,
1807 4374 2023 4444 pericu-

442 4468 554 4521 lum
582 4467 746 4533 fecit;
781 4468 960 4539 ipsum
991 4468 1154 4522 etiam
1190 4483 1335 4521 nunc
1365 4477 1426 4522 ut
1456 4468 1524 4521 ad
1555 4474 1608 4521 te
1642 4467 2024 4535 proﬁciscatur

440 4561 684 4623 exoravi,
748 4576 811 4613 ac
852 4575 949 4630 per
976 4576 1099 4613 eum
1147 4568 1200 4614 et
1244 4559 1579 4615 visitationis
1615 4559 1878 4612 solvimus
1924 4557 2020 4611 de-

2602 3258 2808 3311 Ἑλπιδ
2812 3259 2878 3324 ίῳ
2909 3259 3235 3322 ἐπισκίῗπῳ.

2193 3371 2361 3424 Πάλιν
2384 3373 2543 3441 ἡμεῖς
2560 3372 2648 3422 τὸν
2674 3370 2954 3439 ἀγαπητὸν
2975 3370 3070 3423 καὶ
3087 3369 3467 3440 συμπρεσεύτε
3478 3387 3570 3441 ρον
3591 3372 3645 3439 (7
3655 3374 3715 3443 ‘4')

2120 3461 2381 3516 Μελέτιον
2408 3462 2761 3529 ὲκινήσαμεν,
2791 3459 2883 3512 ἐπὶ
2916 3460 3014 3528 τὴν
3043 3460 3140 3529 σὴν
3173 3460 3390 3529 ἀγάπτίν
3423 3475 3714 3530 προσηγο-

2125 3554 2242 3623 ρίας
2278 3551 2433 3621 ἡμῶν
2465 3547 2870 3620 διακομίζοντα.
2899 3544 2973 3602 UB
3005 3550 3051 3600 εἰ
3081 3550 3176 3602 καὶ
3206 3551 3343 3603 πάνυ
3364 3549 3715 3622 ἐγνώκειμεν

2123 3643 2398 3714 φείδεσθαι
2439 3643 2528 3696 διὰ
2578 3643 2678 3713 τὴν
2732 3640 3053 3702 ἀσθένειαν,
3100 3642 3167 3712 ἢν
3211 3642 3472 3696 ἑκουσίως
3526 3643 3717 3715 ἑαυτῷ

2123 3737 2454 3808 ἐπηγάγετο,
2488 3734 2847 3803 δουλαγωγῶν
2887 3735 2986 3804 τὴν
3021 3733 3200 3803 σάρκα
3239 3733 3326 3786 διὰ
3361 3733 3422 3786 τὸ
3450 3735 3718 3804 Εὐαγγέ-

2122 3830 2234 3882 λιον
2286 3829 2380 3882 τοῦ
2436 3827 2709 3899 Χριστοῦ,
2738 3828 2888 3897 ὅμως
2934 3826 3028 3879 καὶ
3078 3828 3207 3896 ἡμῖν
3248 3826 3431 3889 αὐτοῖς
3490 3828 3721 3897 πρέπον

2123 3917 2262 3973 εἶναι
2312 3920 2595 3991 κρίναντες
2631 3920 2742 3989 (ῗ8)
2790 3918 2879 3971 διὰ
2921 3918 3175 3971 τοιούτων
3223 3917 3717 3986 προσφθέγγεσθαί

2126 4029 2206 4077 σε,
2235 4012 2344 4065 τῶν
2385 4012 2702 4083 δυναμένων
2740 4013 2840 4065 ὅσα
2879 4010 3164 4080 διαφεύγει
3210 4010 3272 4063 τὸ
3299 4010 3536 4081 γράμμα
3569 4014 3714 4083 παρ’

2127 4104 2335 4159 ἑαυτῶν
2370 4105 2568 4176 ῥᾳδίως
2607 4103 3032 4173 ἀναπληρῶσαι,
3068 4102 3162 4156 καὶ
3208 4103 3368 4154 οἱονεὶ
3417 4103 3533 4154 ἀντ’
3580 4104 3717 4154 ἐπι-

2126 4197 2321 4267 στολῆς
2364 4196 2610 4267 ἐμψύχου
2662 4190 2917 4262 γενέσθαι
2956 4193 3032 4264 τῷ
3080 4212 3138 4247 τε
3187 4196 3454 4265 γράφοντι
3501 4195 3600 4246 καὶ
3633 4196 3720 4265 τῷ

2125 4286 2429 4357 δεχομένῳο
2466 4286 2561 4337 καὶ
2603 4284 2692 4337 τὸν
2731 4282 2897 4337 αὐτοῦ
2941 4283 2996 4336 δὲ
3032 4284 3196 4336 πόθον
3237 4283 3716 4354 ἀναπληροῦντες,

2122 4378 2182 4431 ὃν
2216 4378 2327 4448 ἔχει
2355 4378 2441 4430 ἀεὶ
2479 4380 2606 4450 περὶ
2640 4377 2737 4447 τὴν
2778 4376 2876 4447 σὴν
2908 4377 3242 4445 τελειότητα,
3268 4378 3360 4445 ἀφ’
3387 4373 3449 4432 οῦ
3477 4381 3553 4439 εἰς
3588 4382 3722 4432 πεῖ-

2130 4486 2227 4541 ραν
2253 4469 2477 4536 ἀφίκετο
2510 4468 2616 4520 τῶν
2651 4469 2709 4519 ἐν
2740 4468 2823 4520 σοὶ
2846 4468 3025 4521 καλῶν
3047 4485 3058 4495 ο
3093 4470 3189 4520 καὶ
3213 4469 3306 4520 νῦν
3341 4470 3503 4521 αὐτὸν
3529 4470 3720 4522 ἐλθεῖν

2125 4563 2201 4624 ὡς
2242 4562 2301 4614 σὲ
2329 4560 2438 4632 (79)
2485 4561 2935 4630 ὲδυσωπήσαμεν,
2965 4559 3031 4612 δι’
3076 4554 3136 4613 οῦ
3184 4561 3278 4612 καὶ
3324 4560 3385 4613 τὸ
3431 4562 3529 4629 τῆς
3585 4564 3713 4614 ἐπι-

441 4652 643 4716 bitum,
684 4663 737 4707 et
786 4668 1043 4723 rogamus
1087 4663 1144 4706 ut
1172 4669 1269 4722 pro
1309 4652 1469 4707 nobis
1521 4667 1586 4707 ac
1637 4667 1737 4721 pro
1780 4650 2020 4705 Ecclesia

2133 4652 2374 4721 σκέψεως
2419 4651 2845 4723 ἀποπληροῦμεν
2889 4652 3080 4723 χρέος,
3130 4652 3222 4706 καὶ
3273 4652 3719 4725 παρακαλοῦμεν

566 4807 717 4862 Alias
749 4806 1049 4862 CCCXXII.
1089 4808 1309 4877 Scripta
1340 4822 1485 4861 anno
1514 4806 1637 4863 375.

516 4877 628 4948 (73)
677 4879 1100 4949 'Artoﬂpmvuc.
1132 4876 1297 4949 Vetus
1324 4886 1406 4932 est
1436 4877 1579 4946 apud
1611 4877 2021 4949 ecclesiasticos

444 4947 743 5018 scriptores
780 4947 1028 5010 elfatum,
1065 4965 1191 5003 eum
1226 4948 1544 5003 schismatis
1594 4947 1800 5000 crimen
1835 4947 2021 5018 incur-

444 5017 586 5081 rere,
619 5019 711 5087 qui
748 5021 916 5073 alium
953 5029 1153 5089 praeter
1188 5020 1270 5074 fas
1298 5027 1353 5072 et
1395 5018 1521 5089 jura
1555 5017 2017 5089 excommunicat.

444 5090 552 5144 Sed
600 5086 783 5143 tamen
834 5086 1111 5157 ejus—modi
1154 5088 1495 5144 sehismatici
1530 5103 1641 5157 non
1687 5086 1891 5157 idcirco
1950 5088 2019 5139 ab

441 5160 715 5214 exteriore
770 5156 1029 5214 Ecclesiae
1081 5161 1466 5214 communione
1510 5156 1883 5212 discedebant.
1946 5157 2018 5209 At

442 5229 678 5285 Basilius
728 5229 972 5298 loquitur
1019 5229 1087 5283 de
1146 5230 1248 5283 hac
1288 5230 1557 5282 exteriore
1592 5227 2015 5288 communione,

441 5315 613 5369 eaque
643 5300 915 5354 carituros
954 5300 1232 5362 declarat,
1278 5299 1371 5367 qui
1407 5314 1436 5351 a
1488 5312 1585 5369 sua
1634 5298 2015 5369 discesserint.

442 5368 598 5433 Quod
628 5369 849 5438 quidem
895 5387 1004 5424 non
1043 5371 1460 5423 accuratissime
1482 5368 1688 5438 dictum
1715 5368 2014 5430 videretur,

444 5440 549 5509 nisi
581 5437 857 5509 praecipue
905 5439 974 5495 de.
1019 5438 1563 5495 Neocatsariensibus
1593 5437 1804 5491 dictum
1844 5444 2015 5509 esset.

440 5506 887 5566 Nam—Paulinus
933 5509 1314 5565 Antiochenus
1361 5508 1586 5563 carebat
1634 5507 2019 5562 communione

442 5577 667 5639 Basilii.
728 5596 831 5635 nec
889 5590 1074 5634 tamen
1135 5579 1508 5635 Ecclesiarum
1578 5576 2017 5632 Occidentalium

441 5649 883 5704 communionem
925 5652 1207 5704 amiserat.
1250 5652 1319 5702 At
1359 5648 1830 5703 Neocaesarienses
1872 5647 1918 5701 si
1960 5647 2015 5700 in

444 5718 642 5785 injuria
689 5719 891 5774 Basilio
911 5720 1165 5775 facienda
1212 5721 1599 5790 perstitissent,
1641 5732 1878 5786 eumque
1920 5732 2015 5790 co-

442 5790 682 5858 egissent
722 5790 860 5859 apud
908 5787 1410 5846 conununicatorcs
1444 5804 1573 5844 suos
1624 5791 1877 5858 querelas
1913 5787 2009 5843 de-

2128 4804 2292 4870 ferre,
2327 4821 2435 4859 non
2474 4805 2695 4859 dubium
2724 4806 2856 4874 quin
2883 4821 3073 4861 omnes
3133 4805 3281 4860 illius
3314 4821 3497 4859 causa:
3531 4804 3719 4861 favis-

2126 4884 2269 4939 sent,
2302 4884 2355 4929 et
2390 4877 2699 4944 justissima
2729 4878 2785 4930 in
2820 4874 3295 4932 Neocaesarienses
3325 4876 3720 4945 indignatione

2133 4946 2500 5002 exarsissent.

2197 5017 2310 5085 (74)
2350 5017 2824 5085 Περιὸλέψασθε.
2865 5015 3010 5071 Editi
3044 5014 3255 5071 addunt
3294 5009 3409 5079 οῦν,
3448 5030 3575 5085 qua!
3616 5033 3721 5070 vo-

2124 5088 2248 5141 cula
2281 5088 2433 5141 deest
2464 5090 2519 5139 in
2552 5086 2810 5140 omnibus
2846 5089 3053 5142 nostris
3076 5102 3211 5141 mss.

2195 5156 2311 5226 (75)
2359 5155 2744 5224 ‘Exézovcrat.
2775 5158 2945 5227 Coisl.
2980 5159 3191 5227 primus
3220 5153 3570 5222 κατέχουσαι.

2224 5227 2311 5294 76)
2344 5230 2413 5281 Αἱ
2438 5228 2757 5294 παροικίαι.
2785 5225 3068 5281 Editioues
3098 5226 3430 5281 Basileeusls
3459 5225 3716 5279 secunda

2197 5238 2311 5348 βυ)
2344 5238 2412 5281 At
2438 5238 2757 5294 παροικιαι.
2785 5238 3068 5281 ιυιιιιιοιιεε
3098 5238 3430 5281 Basileeusis
3459 5238 3716 5279 secunda

2125 5304 2178 5350 et
2252 5297 2537 5351 arisiensis
2566 5296 2774 5350 addunt
2801 5297 3251 5366 καὶἘκκλησίαι,
3275 5296 3370 5349 sed
3400 5305 3720 5365 repugnant

2126 5375 2333 5437 septem
2352 5383 2502 5437 iuss.
2534 5374 2595 5437 et,
2619 5368 2959 5437 antiquiores
2993 5369 3286 5423 editiones.

2197 5437 2310 5507 ('77)
2352 5436 2488 5507 Vide
2520 5436 2805 5491 Addenda.

2197 5505 2314 5577 (78)
2355 5506 2703 5578 Κρίναντες.
2746 5507 2837 5561 Sic
2872 5508 3029 5561 multi
3062 5508 3285 5563 codices
3314 5522 3452 5562 mss.
3477 5505 3588 5562 Sed
3623 5519 3713 5558 re-

2125 5579 2401 5633 centiores
2434 5578 2633 5649 habent
2672 5578 2968 5649 κρίνοντες.

2195 5649 2308 5719 (79)
2363 5647 2597 5703 Ἐλυεῖν
2641 5646 2723 5715 ὡς
2752 5647 2847 5703 σέ.
2891 5647 3012 5703 llaec
3054 5648 3256 5704 desunt
3312 5649 3366 5702 in
3417 5646 3713 5701 codicibus

2124 5717 2260 5774 Med.
2300 5730 2351 5774 et
2378 5717 2525 5774 Harl.

2150 5720 2260 5777 led.
2300 5730 2351 5776 ct
2378 5720 2525 5774 Harl.
