3862 6220
124 215 225 271 757

1038 218 1533 284 EPISTOLARUM
1569 230 1855 289 crassus
1890 233 1957 291 ιι.
1998 233 2218 293 EPIST.
2255 236 2431 295 acri.
2478 214 2484 228 '

3287 254 3386 310 758

127 325 535 400 προσεύχεσθαί
568 346 626 383 σε
657 329 797 403 ὑπὲρ
824 329 982 403 ήμῶν
1012 335 1106 387 καὶ
1133 335 1232 407 τῆς
1268 336 1595 409 Ἐκκλησίας
1618 341 1713 394 τοῦ

1833 347 1913 403 Dei
1964 350 2239 420 preceris,
2278 361 2335 407 ut
2385 351 2649 411 Dominus
2708 356 2800 412 det
2857 360 3015 418 nobis
3066 363 3134 418 ab
3186 362 3387 431 injuria

126 420 265 474 Θεοῦ
283 437 297 450 '
326 421 413 475 ἵνα
437 420 512 493 δῷ
541 420 653 493 (80)
686 425 820 494 ἡμῖν
847 426 875 478 ὁ
898 425 1101 497 Κύριος
1130 429 1334 500 ἤρεμον
1370 432 1463 485 καὶ
1490 434 1709 505 ἡσύχιον

128 513 245 583 βίον
284 513 528 581 διάγειν,
567 515 669 584 τῆς
709 516 775 569 ἐκ
827 516 936 569 τῶν
988 517 1197 590 ἐχθρῶν
1245 520 1340 574 τοῦ
1375 523 1708 592 Εὐαγγελίου

128 604 391 675 ἐπηρείας
413 603 825 674 ἀπαλλαγέντας
844 606 977 678 (8|).
1002 608 1061 661 Εἰ
1092 609 1149 662 δὲ
1182 612 1276 665 καὶ
1312 614 1378 683 τῇ
1412 616 1478 685 σῇ
1498 616 1707 670 συνέσει

128 693 423 748 ἀκόλουθον
471 698 567 750 καὶ
612 698 908 766 ἀναγκαῖον
959 702 1356 772 καταφαίνεται
1396 708 1475 768 εἰς
1513 709 1710 761 ταυτὸν

128 786 277 855 ἡμᾶς
306 784 570 857 ἀλλήλους
596 787 792 854 ἐλθεῖν,
817 790 909 842 καὶ
940 795 1220 863 συντυχεῖν
1249 795 1343 847 καὶ
1371 799 1478 861 τοῖς
1506 797 1710 863 λοιποῖς

128 879 481 949 τιμιωτάτοις
512 880 759 950 ἀδελφοῖς
789 886 903 947 τοῖς
932 885 1033 956 τὴν
1061 886 1330 957 παραλίαν
1368 890 1711 945 κατοικοῦσιν

130 973 472 1037 ἐπισκόποις,
499 975 661 1038 αὐτὸς
686 978 779 1028 καὶ
811 978 944 1047 ἡμῖν
975 978 1256 1045 ἀπόδειξον
1280 980 1442 1036 τόπον
1471 984 1565 1037 καὶ
1594 1001 1712 1038 και-

131 1065 225 1135 ρὸν
254 1064 378 1119 καθ’
410 1066 470 1119 ὃν
503 1067 655 1121 ἔσται
690 1067 871 1135 τοῦτο,
908 1070 1002 1123 καὶ
1034 1074 1145 1136 τοῖς
1189 1072 1439 1142 ἀδελφοῖς
1476 1077 1712 1130 ἐπιστει-

128 1157 241 1223 λον,
272 1159 383 1223 ἵνα,
418 1159 510 1212 ἐπὶ
542 1160 870 1231 ὡρισμένοις
909 1163 1299 1228 καταλιπόντες
1338 1167 1566 1232 ἕκαστος
1614 1170 1711 1240 τὴν

128 1252 187 1302 ἐν
215 1252 406 1321 χερσὶν
432 1252 707 1323 ἀσχολίαν,
742 1253 1060 1325 δυνηθῶμέν
1087 1273 1139 1308 τι
1165 1255 1274 1310 τῶν
1308 1259 1389 1322 είς
1425 1260 1713 1333 οἰκοδομὴν

128 1344 228 1413 τῆς
263 1343 591 1416 Ἐκκλησίας
634 1346 728 1399 τοῦ
778 1345 913 1399 Θεοῦ
943 1348 1184 1418 ποιῆσαι,
1224 1350 1318 1402 καὶ
1364 1351 1573 1405 ἀνελεῖν
1615 1353 1714 1423 μὲν

128 1436 229 1498 τὰς
259 1434 318 1503 ἐξ
354 1437 618 1491 ὑπονοιῶν
655 1438 747 1492 νῦν
781 1441 912 1511 ἡμῖν
955 1441 1092 1511 πρὸς
1122 1440 1380 1513 ἀλλήλους
1426 1446 1712 1517 ἐγγινομέ-

130 1545 228 1592 νας
270 1528 468 1593 λύπας,
500 1530 747 1602 κυρῶσαι
793 1532 848 1586 δέ
878 1532 976 1604 τὴν
1023 1534 1265 1602 ἀγάπην.
1295 1531 1363 1607 ἦς
1394 1538 1520 1592 ἄνευ
1549 1538 1711 1609 ἀτελῆ

129 1618 272 1675 εῗναι
312 1622 496 1693 πάσης
526 1624 744 1695 ἐντολῆς
784 1626 1045 1697 ἐργασίαν
1084 1625 1245 1689 αὐτὸς
1278 1629 1409 1698 ἡμῖν
1440 1632 1468 1684 ὀ
1512 1631 1714 1702 Κύριος

129 1711 447 1783 διωρίσατο.

666 1877 1012 1934 ΕΠΙΣΤΟΛΗ
1051 1880 1185 1947 Σςι.

1817 439 2165 497 inimicorum
2197 441 2474 515 Evangelii
2505 444 2748 504 liberalis
2770 452 3118 521 tranquillam
3143 468 3208 510 ac
3234 454 3390 524 quiec

1818 538 1926 584 tam
1960 533 2126 586 vitam
2170 547 2352 604 agere.
2383 534 2539 600 Quod
2584 536 2630 591 si
2663 546 2717 592 et
2768 547 2875 594 tua;
2907 540 3207 610 prudentia;
3257 557 3386 597 con-

1818 630 2139 679 sentaneum
2181 635 2235 681 et
2285 629 2656 683 necessarium
2703 631 3088 697 vidcbitur,-ut
3118 635 3174 688 in
3221 649 3387 688 unum

1817 716 2136 781 veniamus,
2181 719 2714 790 congrediamurque
2763 725 2926 778 etiam
2978 739 3103 779 cum
3161 725 3388 794 reliquis

1818 808 2296 890 reverendissimis
2345 810 2608 867 fratribus
2653 814 3052 869 maritimarum
3102 816 3390 870 civitatum

1817 900 2096 973 episcopis
2118 944 2133 969 ,
2168 903 2285 974 ipse
2313 905 2479 959 etiam
2517 907 2673 960 nobis
2703 906 2927 978 designa
2961 908 3140 961 locum
3171 919 3224 963 et
3253 915 3386 962 tem-

1817 1008 1951 1064 pus,
1981 1010 2091 1064 quo
2120 996 2234 1050 haec
2268 995 2418 1060 ﬁent,
2443 1005 2497 1051 et
2540 999 2721 1053 scribe
2754 998 3017 1055 fratribus
3038 1039 3053 1063 ,
3087 1008 3146 1053 ut
3181 1000 3392 1070 praesti-

1818 1094 1938 1142 tuto
1981 1098 2228 1158 tempore
2272 1089 2642 1158 relinquentes
2673 1093 3052 1162 unusquisque
3079 1108 3143 1147 ea
3172 1108 3293 1162 quae
3337 1093 3390 1146 in

1820 1180 2076 1235 manibus
2123 1182 2362 1250 negotia,
2396 1183 2670 1251 possimus
2700 1185 2911 1253 aliquid
2960 1186 3029 1239 ad
3073 1186 3389 1241 aedificatio-

1821 1284 1943 1323 nem
1978 1269 2235 1324 Ecclesiae
2274 1286 2496 1335 navare,
2524 1287 2588 1327 ac
2623 1273 2814 1328 tollere
2842 1275 3037 1330 insitas
3068 1276 3226 1330 nobis
3248 1291 3394 1333 nunc

1819 1376 1884 1416 ex
1919 1360 2327 1430 suspicionibus
2356 1364 2496 1417 inter
2522 1379 2624 1419 nos
2654 1365 2953 1429 molestias,
2983 1382 3046 1421 ac
3072 1367 3391 1421 cbaritatem

1821 1452 2074 1515 ﬁrmare,
2128 1454 2249 1507 sine
2293 1468 2399 1522 qua
2440 1469 2691 1509 mancam
2746 1465 2799 1510 et
2851 1457 3224 1526 imperfectam
3270 1472 3397 1512 esse

1820 1545 2064 1614 cujusvis
2094 1546 2348 1616 praecepti
2381 1546 2817 1605 observationem
2852 1549 2966 1620 ipse
3011 1550 3172 1605 nobis
3215 1548 3397 1605 Domi-

1823 1652 1925 1691 nus
1961 1636 2282 1693 declaravit.

2334 1879 2669 1936 EPISTULA
2707 1879 2881 1935 CCVI'

417 1987 700 2041 Consolatur
724 1988 990 2053 Elpidium,
1016 1989 1202 2054 nepotis
1229 1997 1381 2043 morte
1398 1990 1645 2058 amictum,
1670 2006 1747 2054 ac,
1772 1998 2020 2057 operatum
2042 2005 2352 2056 congressum
2386 2006 2444 2044 ne
2463 1994 2605 2043 dolor
2625 1992 2907 2057 interpellet,
2931 1994 3169 2046 hortatur.

293 2091 570 2160 Ἐλπιδίῳ
593 2093 904 2159 ἐπισκόπφ
942 2096 1052 2167 (82)
1098 2096 1574 2165 παραμυθητική.

206 2205 328 2260 Νῦν
368 2205 602 2277 μάλιστα
643 2207 744 2277 τῆς
781 2207 873 2260 τοῦ
920 2208 1169 2280 σώματος
1216 2209 1500 2274 ἀσθενείας
1532 2210 1720 2264 αἰσθά-

138 2316 329 2369 νομαι,
363 2299 454 2350 ὅτε
500 2298 612 2369 ὁρῶ
658 2315 749 2369 μοι
800 2299 1053 2352 τοσοῦτον
1087 2301 1481 2371 ἐμποδίζουσαν
1511 2305 1576 2372 τῇ
1623 2303 1720 2372 τῆς

137 2392 319 2463 ψυχῆς
352 2389 611 2461 ὠφελείᾳ.
656 2392 718 2443 Εἰ
770 2392 880 2464 γάρ
918 2410 1007 2463 μοι
1050 2393 1193 2447 κατὰ
1233 2393 1357 2446 νοῦν
1384 2392 1494 2463 (85)
1525 2392 1720 2463 ἐχώρει

137 2486 205 2537 τὰ
234 2485 560 2555 πράγματα,
592 2484 693 2536 οὐκ
726 2484 791 2538 ἂν
820 2485 885 2538 δι’
918 2485 1238 2552 ἐπιστολῶν,
1272 2486 1394 2539 οὑδέ
1426 2485 1516 2538 διὰ
1544 2485 1723 2555 μέσων

138 2574 451 2646 ἀνθρώπων
501 2576 994 2647 προσεφθεγγόμην
1057 2579 1238 2647 ὑμᾶς’
1290 2578 1403 2630 ἀλλ’
1448 2577 1608 2640 αὐτὸς
1659 2575 1725 2629 ἂν

137 2667 207 2717 δι’
250 2664 496 2736 ἐμαυτοῦ
531 2666 625 2718 καὶ
668 2665 729 2717 τὸ
761 2667 859 2736 τῆς
908 2668 1131 2738 ἀγάπης
1160 2667 1512 2737 ἁπεπλήρουν
1544 2666 1722 2745 χρέος,

138 2757 237 2809 καὶ
263 2754 497 2824 ἐγγύθεν
522 2755 792 2808 ἀπέλαυον
824 2756 918 2809 τοῦ
944 2756 1316 2828 πνευματικοῦ
1340 2757 1450 2826 (84)
1478 2756 1721 2829 κέρδους.

138 2847 256 2900 Νῦν
284 2847 344 2900 δέ
376 2846 520 2900 οῦτω
550 2847 852 2918 διάκειμαι,
885 2848 961 2912 ὡς
1010 2849 1310 2921 ἀγαπητῶς
1345 2852 1439 2901 καὶ
1478 2848 1576 2912 τὰς
1623 2847 1724 2918 τῆς

140 2940 403 3011 πατρίδος
434 2942 675 3009 κινήσεις
709 2939 1057 3009 ὑφίστασθαι,
1091 2940 1157 3004 ἀς
1189 2942 1504 3010 ἀναγκαίως
1536 2942 1721 2995 ποιού-

2164 2097 2377 2167 Elpt'dio
2407 2101 2648 2169 episcopo
2676 2092 3059 2155 consolatoria.

1894 2208 2053 2265 Nunc
2081 2211 2320 2266 maxime
2356 2212 2604 2281 corporis
2634 2212 3007 2268 inﬁrmitatem
3052 2213 3398 2277 sentio;-eum

1827 2317 1946 2358 eam
1976 2303 2133 2359 video
2162 2304 2295 2358 mibi
2340 2311 2626 2374 tantopere
2666 2306 2890 2360 obstare
2920 2305 3116 2360 animai
3156 2304 3396 2360 utilitati.

1830 2392 1887 2447 Si
1922 2394 2069 2449 enim
2109 2395 2243 2448 mihi
2291 2410 2379 2450 res
2424 2396 2784 2451 succederent
2824 2412 2892 2451 ex
2938 2396 3209 2452 sententia
3234 2437 3249 2459 ,
3290 2411 3399 2450 non

1825 2498 1923 2538 vos
1952 2499 2049 2554 per
2078 2485 2312 2549 litteras,
2342 2501 2518 2556 neque
2547 2502 2643 2556 per
2674 2487 3048 2543 internuntios
3071 2487 3397 2556 alloquerer,

1827 2576 1920 2631 sed
1963 2576 2079 2647 ipSe
2122 2593 2218 2647 per
2247 2593 2333 2632 me
2359 2586 2414 2632 et
2448 2578 2735 2632 cliaritatis
2767 2579 3101 2634 exsolverem
3133 2578 3398 2639 debitum,

1825 2674 1878 2722 et
1907 2667 2156 2723 cominus
2178 2669 2490 2738 perfruerer
2526 2669 2799 2737 spirituali
2832 2670 3222 2723 emolumento.
3246 2664 3401 2721 Nunc

1826 2767 2006 2814 autem
2037 2759 2113 2813 ita
2134 2776 2220 2815 me
2246 2760 2440 2825 habeo,
2470 2771 2527 2814 ut
2554 2760 2814 2830 praeclare
2840 2775 3053 2814 mecum
3075 2761 3160 2829 agi
3189 2766 3380 2828 putem

1829 2855 1874 2908 si
1914 2854 1998 2909 vel
2027 2855 2081 2907 in
2116 2855 2290 2924 patria
2329 2862 2509 2908 motus
2538 2853 2811 2907 sustinere
2844 2852 3070 2920 possim,
3098 2865 3237 2920 quos
3267 2848 3399 2902 mih

1830 2962 2055 3002 necesse
2081 2957 2166 3002 est
2210 2956 2414 3002 nostrae
2458 2947 2711 3015 parmciae
2755 2961 2923 3016 pagos
2951 2944 3197 2999 visitanti
3226 2946 3368 2999 susd

142 3032 284 3103 μεθα
296 3032 786 3102 ἐπισκεπτόμενοιτ
808 3034 873 3098 ἀς
901 3034 1042 3088 κατά
1064 3034 1161 3105 τὴν
1184 3034 1367 3106 χώραν
1402 3035 1560 3105 ἡμῶν
1585 3051 1724 3105 παρ·

1833 3052 1978 3107 pere.
2014 3035 2120 3092 Sed
2149 3046 2204 3092 et
2252 3037 2408 3093 vobis
2452 3036 2715 3103 Dominus
2748 3038 2918 3090 robur
2958 3043 3011 3090 et
3044 3035 3385 3092 alacritatem

139 3127 341 3190 οικίας.
389 3125 552 3178 Ἀλλὰ
602 3126 873 3197 παράσχοι
918 3130 946 3180 ὁ
988 3127 1193 3198 Κύριος
1254 3129 1350 3180 καὶ
1387 3128 1513 3198 ὑμῖν
1575 3128 1724 3197 ἰσχὺν

140 3223 238 3274 καὶ
286 3218 623 3291 προθυμίαν,
665 3219 758 3272 καὶ
805 3219 931 3289 ἐμοὶ
991 3218 1127 3290 πρὸς
1160 3222 1227 3289 τῇ
1278 3217 1479 3289 σπουδῇ
1513 3217 1624 3288 (85)
1661 3218 1726 3287 ἣν

143 3315 252 3385 ιχω
271 3313 388 3368 νῦν.
412 3313 507 3366 καὶ
528 3311 779 3382 δύναμιν,
798 3310 959 3375 ὥστε,
985 3309 1166 3373 καθὼς
1186 3308 1536 3381 παρεκάλεσα
1562 3311 1725 3378 ὑμᾶς,

146 3403 682 3477 πραγματεύσασθαι
726 3405 857 3474 ἡμῖν
903 3403 1003 3473 τὴν
1047 3403 1381 3466 ἀπόλαυσιν,
1417 3400 1729 3471 γενομένοις

147 3501 237 3551 ἐπὶ
264 3499 366 3568 τῆς
414 3497 734 3568 Κομανικῆς
764 3496 1000 3565 ἐνορίας.
1045 3493 1320 3566 Φοϐοῦμαι
1365 3495 1422 3547 δέ
1473 3494 1730 3565 περὶτῆς

149 3593 248 3663 σῆς
269 3591 652 3661 κοσμιότητος,
682 3589 862 3661 μήπου
892 3605 977 3641 σοι
1002 3587 1259 3660 ἐμπόδιον
1290 3587 1511 3657 γένηται
1539 3588 1571 3656 ἠ
1605 3587 1730 3654 περὶ

148 3683 255 3739 τῶν
304 3685 524 3736 οἰκείων
555 3676 725 3751 λύπη.
770 3682 881 3734 Καὶ
914 3684 1023 3751 γὰρ
1074 3678 1296 3750 ἔμαθον,
1336 3679 1418 3731 ὅτι
1461 3694 1519 3729 σε
1549 3675 1730 3745 ἐθλιψε

156 3777 369 3832 παιδίου
403 3775 625 3846 τελευτή
650 3792 661 3804 ·
700 3767 759 3828 οῦ
808 3772 906 3843 τὴν
938 3771 1215 3842 στέρησιν,
1251 3770 1326 3833 ῶς
1359 3770 1455 3840 μὲν
1499 3770 1729 3837 πάππῳ,

151 3868 401 3940 λυπηρὰν
437 3866 582 3930 είκδς
614 3862 776 3921 εἶναι,
808 3864 885 3928 ὡς
917 3863 975 3916 δὲ
1004 3863 1157 3933 ἀνδρὶ
1185 3862 1321 3932 πρὸς
1351 3860 1602 3914 τοσοῦτον
1631 3859 1733 3932 ήδη

149 3959 503 4030 διαϐεϐηκότι
527 3959 623 4027 τῆς
645 3956 867 4027 ἀρετῆς,
898 3955 991 4007 καὶ
1015 3952 1364 4023 ἐπισταμένῳ
1386 3950 1493 4004 τῶν
1521 3948 1733 4020 ἀνθρω-

151 4053 323 4107 πίνων
362 4051 465 4121 τὴν
500 4048 660 4118 φύσιν
691 4049 755 4100 ἐκ
778 4047 878 4117 τῆς
909 4046 1051 4100 κατὰ
1085 4045 1176 4097 τὸν
1206 4044 1394 4117 χρόνον
1422 4043 1731 4114 ἐμπειρίας,

150 4144 247 4198 καὶ
273 4144 338 4196 ἐκ
374 4142 474 4211 τῆς
506 4139 887 4211 πνευματικῆς
919 4137 1290 4202 διδασκαλίας,
1330 4134 1621 4189 ἀκόλουθον
1658 4135 1732 4206 μὴ

148 4239 332 4306 πάντη
377 4237 645 4306 δύσφορον
691 4230 832 4287 εἶναι
875 4231 985 4285 τῶν
1034 4232 1386 4285 οἰκειοτάτων
1434 4231 1521 4282 τὸν
1566 4244 1732 4300 χωρι-

153 4328 311 4398 σμόν.
363 4327 474 4380 Καὶ
515 4325 623 4397 γὰρ
666 4326 727 4378 οὐ
775 4324 844 4377 τά
891 4323 1031 4376 αὐτὰ
1082 4324 1307 4375 ἀπαιτεῖ
1352 4322 1498 4392 ἡμᾶς
1542 4336 1602 4372 τε
1640 4319 1734 4372 καὶ

151 4421 280 4484 τοὺς
306 4418 569 4489 τυχόντας
594 4416 703 4469 τῶν
729 4414 1034 4486 ἀνθρώπων
1067 4416 1096 4468 ό
1134 4414 1359 4485 Κύριος.
1392 4413 1456 4466 Οἱ
1489 4411 1588 4482 μὲν
1625 4410 1734 4482 γὰρ

156 4511 421 4584 συνηθείᾳ
464 4509 660 4574 ζῶσινο
692 4510 855 4579 ἡμεῖς
895 4508 953 4561 δέ
997 4508 1183 4561 κανόνι
1216 4505 1316 4576 τῆς
1364 4504 1634 4568 πολιτείας
1668 4507 1734 4576 τῇ

155 4603 349 4675 ἐντολῇ
384 4601 480 4655 τοῦ
520 4601 722 4673 Κυρίου
756 4599 1094 4672 κεχρήμεθα,
1131 4598 1224 4651 καὶ
1260 4600 1373 4659 τοῖς
1407 4596 1735 4668 προλαϐοῦσι

257 4755 351 4826 80)
390 4752 500 4820 Δῷ.
531 4753 793 4826 Nonnulli
826 4769 960 4811 mss.
990 4753 1123 4826 δῴη.

251 4771 351 4827 βυ)
390 4771 500 4820 σῳ.
531 4771 793 4808 nonnum
826 4771 960 4811 mss.
990 4771 1123 4878 an“.

251 4826 345 4896 81)
391 4825 897 4895 Ἀπαλλατέντας.
933 4827 1011 4879 Ita
1097 4825 1185 4880 ed.
1210 4834 1266 4879 et
1291 4823 1442 4878 Harl.
1469 4839 1591 4896 quae
1614 4824 1736 4895 qui-

160 4897 284 4951 dem
311 4895 589 4965 Scriptura
613 4896 816 4951 Basilio
838 4897 1037 4949 usitata
1060 4903 1115 4949 et
1139 4895 1451 4957 familiaris,
1475 4895 1569 4949 sed
1595 4911 1624 4949 a
1652 4912 1737 4950 re-

161 4966 506 5022 centioribus
536 4967 774 5020 librariis
798 4966 1010 5020 videtur
1032 4965 1204 5021 fuisse
1236 4973 1444 5019 mutata
1474 4968 1535 5019 in
1568 4966 1738 5020 ἀπαλ-

160 5037 428 5105 λαγεῖσιν,
460 5045 521 5089 ιιι
556 5036 757 5090 habent
789 5036 942 5089 editi.

232 5104 349 5178 (82)
395 5105 679 5173 Ἐλπιδίῳ
702 5107 1034 5178 ἐπισκόπῳ.
1070 5104 1228 5161 Hunc
1263 5106 1482 5178 titulum
1524 5108 1605 5178 sic
1645 5122 1735 5161 re-

233 5176 487 5237 Suimus,
522 5178 656 5246 quia
697 5177 751 5230 in
798 5177 973 5230 tribus
1019 5176 1419 5246 antiquissimis
1451 5176 1736 5231 codicibus

233 5193 487 5237 sumius,
522 5193 649 5246 quia
697 5193 751 5230 in
798 5193 973 5230 ll‘lDllS
1019 5193 1419 5246 antiquissums
1451 5193 1733 5231 eoulciuus

161 5193 364 5318 {gitur
384 5264 396 5299 :
413 5246 505 5318 Τῷ
522 5245 669 5316 αὐτῷ
685 5247 1134 5318 παραμυθητικὴ·
1155 5246 1337 5302 Eidem
1356 5248 1733 5318 consolatoriis.

164 5316 435 5372 Praecedit
479 5316 662 5370 autem
706 5316 894 5386 inibis
922 5318 1204 5372 codicibus
1241 5317 1473 5386 epistola
1519 5317 1627 5372 205
1668 5319 1736 5370 ad

163 5389 418 5443 eumdem
454 5386 746 5457 Elpidjum.
774 5385 933 5457 Deest
961 5387 1205 5457 episcopi
1243 5385 1346 5441 vox
1372 5388 1427 5440 in
1456 5386 1639 5442 editis.
1671 5387 1739 5441 At

166 5461 223 5538 in
267 5454 557 5538 codicibus
583 5454 727 5538 .Vat.
752 5465 807 5538 et
854 5454 1194 5538 Rengr'primo
1225 5457 1690 5538 legitur'tantum
1721 5481 1733 5512 ;

166 5527 645 5600 [Ιαριιψ.υθητική,Δ
672 5528 879 5600 omisso
915 5524 1112 5600 Elpidii
1158 5524 1400 5600 nomine.
1440 5524 1499 5600 In
1545 5528 1737 5600 codice

164 5596 342 5668 Regio
364 5596 1029 5669 secundolegiturérépoi
1049 5598 1210 5669 ὁμοία
1241 5599 1331 5669 ἐπὶ
1351 5596 1576 5669 ἐκγόνου
1602 5599 1738 5669 ἀπο-

167 5614 337 5668 Hegio
364 5614 609 5653 secundo
635 5614 827 5669 legitur
855 5614 1029 5669 ετερῳ
1049 5614 1079 5651 ο
1123 5615 1210 5651 οια
1241 5614 1331 5651 επι
1351 5614 1576 5664 εκγονου
1602 5614 1732 5650 απο-

167 5669 324 5741 σολῇ,
348 5678 404 5726 et
428 5670 485 5724 in
503 5668 693 5725 codice
724 5667 1053 5726 Parisiensis
1082 5614 1371 5726 Ecclesiae:
1398 5667 1732 5741 Παραμυθη-

1828 3140 1881 3184 et
1917 3130 2047 3183 mihi
2083 3138 2280 3199 praeter
2316 3129 2593 3195 studium,
2623 3129 2771 3198 quod
2818 3142 2959 3182 mmc
2992 3126 3157 3198 309
3197 3126 3376 3182 habeo

1829 3221 2094 3292 largiatur
2121 3231 2175 3276 et
2209 3224 2387 3287 vires,
2436 3230 2517 3285 ut,
2550 3220 3016 3291 quemadmodum
3061 3234 3158 3274 vos
3197 3218 3437 3288 rogavi“

1831 3317 1924 3370 ﬁat
1955 3317 2087 3370 mibi
2128 3317 2284 3386 copia
2328 3317 2481 3372 vobis
2511 3317 2761 3380 fruendi,
2803 3332 2927 3370 cum
2962 3317 3015 3369 in
3056 3314 3190 3369 ﬁnes
3213 3314 3408 3370 Comav

1831 3410 1986 3463 nicos
2011 3425 2228 3463 venero.
2262 3408 2440 3463 Metuo
2471 3417 2653 3463 autem
2678 3416 2786 3462 tua:
2813 3407 3088 3478 dignitati,
3123 3421 3191 3462 ne
3222 3415 3274 3461 te
3307 3406 3379 3461 do
3423 3432 3433 3448 ι

1832 3502 2095 3557 mesticus
2124 3501 2282 3555 dolor
2313 3501 2646 3570 interpellet.
2683 3499 2857 3555 Didici
2891 3514 3125 3569 namque
3147 3497 3425 3553 amictum

1831 3601 1885 3647 te
1920 3593 2090 3647 fuisse
2125 3592 2274 3645 ﬁlioli
2318 3593 2543 3647 interitu
2580 3611 2592 3646 :
2631 3590 2795 3660 cujus
2832 3591 3140 3661 jacturam,
3193 3601 3252 3645 ut
3284 3604 3435 3651 ανον

1836 3683 2120 3737 molestam
2161 3682 2383 3753 quidem
2413 3699 2538 3739 esse
2568 3699 2668 3754 par
2700 3692 2817 3743 est;
2857 3682 2953 3737 sed
2988 3689 3047 3735 ut
3078 3683 3197 3736 viro
3227 3690 3438 3738 tantos-

1829 3770 1939 3840 jam
1985 3770 2040 3823 iu
2089 3771 2291 3825 virtute
2336 3788 2664 3842 progressus
2697 3778 2927 3843 adepto,
2969 3782 3020 3826 et
3067 3779 3443 3842 perspectam.

1834 3861 2054 3918 babenti
2084 3880 2266 3919 rerum
2308 3865 2672 3919 humanarum
2716 3875 2972 3918 naturam
3012 3874 3125 3918 tum
3170 3878 3236 3918 ex
3276 3872 3407 3917 tem-

1834 3954 1985 4024 poris
2010 3955 2371 4024 experientia,
2403 3965 2517 4008 tum
2549 3971 2616 4011 ex
2659 3955 2932 4025 spirituali
2972 3953 3243 4019 doctrina,
3277 3968 3384 4009 con

1835 4054 2159 4102 sentaneum
2193 4056 2278 4101 est
2306 4047 2704 4101 intolerabilem
2737 4061 2845 4101 non
2869 4061 2992 4100 esse
3015 4044 3409 4115 pmpinquissi-

1835 4151 2051 4191 morum
2107 4136 2556 4206 disjunclionem.
2610 4134 2729 4191 Non
2780 4136 2925 4191 enim
2977 4135 3117 4191 idem
3169 4133 3441 4211 a’uobis-

1835 4229 2102 4286 Dominus
2128 4231 2408 4300 exposcit,
2448 4228 2597 4301 quod
2630 4244 2661 4282 a
2688 4229 3028 4297 quibuslibet
3069 4227 3407 4282 hominibus.

1838 4319 1907 4374 lli
1958 4322 2105 4375 enim
2150 4321 2342 4374 vivunt
2389 4334 2456 4375 ex
2513 4318 2914 4375 consuetudine
2956 4336 2968 4372 :
3013 4316 3174 4372 nobis
3228 4325 3441 4371 autem.

1839 4411 2056 4466 vivendi
2105 4413 2324 4482 regula,
2380 4410 2593 4466 Domini
2641 4420 2974 4482 praeceptum
3025 4425 3090 4464 ac
3140 4410 3442 4478 praeterita.

1838 4504 2122 4560 beatorum
2178 4505 2420 4558 virorum
2480 4504 2756 4574 exempla,
2808 4516 3042 4572 quorum
3094 4498 3421 4569 magnitudo

1838 4596 2009 4651 animi
2057 4597 2306 4652 adversis
2347 4596 2681 4666 temporibus
2714 4595 2953 4648 maxime
2998 4592 3413 4647 declarataest.

1839 4755 1963 4825 τική
1994 4771 2100 4808 τινι
2129 4756 2225 4807 ἐπὶ
2252 4754 2478 4825 ἐκγόνου
2511 4753 2773 4823 ἀποϐολῇ·
2805 4751 3031 4825 Cnidum
3057 4749 3419 4825 consolatorie

1840 4826 1903 4878 ob
1942 4820 2165 4878 mortem
2196 4820 2416 4889 nepotis.
2451 4824 2655 4878 Praeter
2689 4820 3070 4876 auctoritatem
3102 4820 3415 4874 vetustissi-

1838 4910 2053 4949 morum
2083 4897 2360 4956 codicum,
2400 4904 2551 4948 tanta
2585 4901 2672 4948 est
2716 4892 3066 4946 necessitudo
3119 4890 3247 4943 huic
3293 4890 3414 4957 epi-

1840 4966 1994 5020 stola:
2029 4980 2154 5035 cum
2184 4966 2532 5035 praecedenti,
2560 4971 2619 5017 ut
2660 4963 2888 5018 dubium
2918 4978 3043 5016 esse
3074 4976 3181 5015 non
3214 4962 3409 5029 possit,

1839 5036 1971 5105 quin
2003 5035 2069 5088 ad
2098 5034 2366 5105 Elpidium
2392 5037 2708 5105 episcopum
2740 5035 2946 5105 scripta
2975 5034 3067 5087 sit.

1914 5106 2024 5178 (85)
2064 5103 2225 5160 Κατά
2251 5103 2775 5178 νοῦνςιιριςιηκατά
2807 5103 2952 5173 ῥοῦν.

1910 5169 2022 5245 (84)
2038 5176 2464 5244 Πνευματικοῦ.
2485 5175 2625 5229 Edili
2644 5169 2853 5228 addunt
2872 5173 3065 5226 τούτου
3092 5169 3237 5239 quod
3259 5169 3421 5224 deest

1838 5262 1895 5301 In
1926 5262 2022 5300 SEX
2058 5262 2192 5300 ﬂlSS.

1909 5316 2022 5386 (85)
2062 5317 2218 5385 Πρὸς
2247 5315 2321 5383 τῇ
2353 5313 2619 5382 σπουδῇ.
2652 5313 2731 5386 |_ta
2768 5322 2883 5386 tres
2916 5310 3278 5386 vetustissimi
3300 5324 3413 5386 co-

1839 5380 2013 5441 dices
2036 5380 2160 5440 cuin
2195 5380 2444 5455 pluribus
2480 5380 2624 5438 aliis.
2651 5382 2799 5436 Editi
2846 5384 2981 5455 πρὸς
3017 5380 3412 5455 τὴν-σηουᾷήν-

1839 5455 2009 5511 Paulo
2039 5464 2162 5527 post
2196 5448 2377 5527 iidem_
2391 5455 2523 5527 editi
2544 5448 3099 5527 πραγματεύσασθαι
3126 5448 3417 5527 ὑμῖνείῗρς

1840 5543 1961 5649 vim
1996 5519 2131 5581 mss.
2158 5528 2295 5649 ἷιμίν
2347 5519 2739 5581 διιὶιίιιᾱελέεἰ
2753 5540 2884 5579 mss.
2912 5524 2986 5594 μή
3014 5539 3118 5575 που
3143 5519 3246 5576 σοί.
3272 5519 3416 5575 Editi

1844 5615 1882 5649 υ.
1946 5614 2063 5649 πως
2095 5613 2154 5649 σο
2182 5638 2192 5649 .

1842 5599 2063 5669 μήπως
2095 5599 2192 5669 σος-

1973 5668 2125 5724 Alias
2148 5663 2510 5725 CGCXLVlll.
2547 5664 2762 5737 Scripta
2786 5680 2929 5721 anno
2955 5664 3079 5721 375.
