3862 6220
188 287 293 341 76!

1112 287 1605 346 EPISTOLARUM
1645 288 1938 347 CLASSIS
1977 289 2040 347 ll.
2081 289 2302 347 EPIST.
2343 290 2548 348 CCVII.

3362 292 3466 348 762

184 407 290 458 ἐπὶ
309 407 422 469 τοῖς
445 408 699 477 πονηροῖς
729 405 991 478 δόγμασιν
1034 409 1244 463 ἑαυτῶν
1272 411 1383 481 (91)
1415 410 1635 482 ἔλεγχον
1679 410 1772 478 ὐφ-

1887 412 2395 475 comminiscantur,
2452 409 2764 466 doctrinam
2797 420 3040 465 nostram
3087 420 3148 464 ut
3193 410 3467 480 pernicio-

184 494 499 566 ορῶμενοι·;
529 498 595 550 Οἵ
616 514 681 566 γε
709 497 803 549 ἐπὶ
840 494 1095 552 τοσοῦτον
1126 500 1281 571 ἡμῶν
1307 500 1778 571 κατηναισχύντη-

187 606 317 651 σαν,
349 588 489 642 ὥστε
523 591 619 644 καὶ
664 590 907 662 ὀνείρους
936 594 1087 657 τινὰς
1128 594 1213 662 ἐφ’
1251 596 1397 664 ἡμᾶς
1437 594 1775 664 συμπλάσαι,

185 678 572 743 διαϐάλλοντες
604 681 760 751 ἡμῶν
793 682 893 744 τὰς
946 682 1318 748 διδασκαλίας,
1350 684 1424 747 ὡς
1473 683 1740 754 βλαϐεράς
1760 700 1775 713 ·

187 772 268 833 νῖ,
301 774 405 827 κάν
435 775 610 828 πάντα
639 775 706 828 τὰ
742 774 849 828 τῶν
895 768 1205 845 φυλλοχὸων
1237 778 1423 848 μηνῶν
1454 779 1778 848 φαντάσμα-

184 882 264 919 τα
319 868 442 929 ταῖς
498 868 706 920 ἑαυτῶν
756 868 1022 937 κεφαλαῖς
1072 868 1474 933 ὑποδέξωνται,
1521 869 1779 939 οὐδεμίαν

1886 518 2004 558 sam
2050 503 2451 558 calumniantes
2490 521 2503 557 :
2538 502 2633 573 qui
2679 501 2895 557 etiamsi
2941 503 3124 557 omnia
3172 504 3464 567 mensium,

1886 594 2087 663 quibus
2120 593 2248 647 folia
2280 595 2483 647 cadunt
2504 634 2519 657 ,
2562 593 2777 648 somnia
2817 601 2870 647 et
2898 593 3015 648 visa
3045 591 3317 662 capitibus
3350 593 3467 649 suis

1886 686 2168 755 colligant,
2200 685 2410 738 nullum
2440 684 2600 738 nobis
2639 685 2900 753 probrum
2930 691 3186 753 poterunt
3225 684 3463 745 inurere.

1887 791 2010 829 cum
2047 775 2232 845 plures
2264 776 2375 830 sint
2418 776 2475 829 in
2523 789 2854 845 unaquaque
2887 774 3163 840 Ecclesia,
3192 776 3286 845 qui
3315 777 3468 831 testi-

1887 869 2134 921 moniqu
2169 868 2301 920 dent
2331 868 2566 921 veritati.

190 960 329 1030 ἡμῖν
356 961 700 1032 βλασφημίαν
728 962 1047 1034 δυνήσονται
1069 964 1530 1036 προστρίψασθαι,
1562 965 1774 1019 πολλῶν
1807 964 1977 1033 ὄντων
2026 962 2133 1016 τῶν
2192 964 2305 1034 (92)
2341 964 2424 1032 ἐφ’
2453 964 2693 1035 ἑκάστης
2752 963 3078 1036 Ἐκκλησίας
3131 964 3469 1037 μαρτυρούνέ

186 1067 303 1104 των
335 1055 401 1123 τῇ
431 1051 678 1125 ἀληθείᾳ.

267 1142 323 1195 2.
356 1144 475 1197 Κᾶν
497 1144 594 1215 τὴν
619 1147 799 1199 αἰτίαν
827 1148 1145 1220 ὲρωτηθῶσι
1187 1150 1282 1203 τοῦ
1313 1151 1628 1221 ἀκηρύκτου
1660 1151 1781 1205 τού-

187 1248 290 1285 του
346 1233 442 1286 καὶ
480 1235 746 1289 ἀσπόνδου
799 1238 1059 1309 πολέμου,
1109 1240 1358 1311 ψαλμοὺς
1410 1242 1629 1311 λέγουσι
1690 1244 1783 1296 καὶ

190 1323 401 1393 τρόπον
449 1328 715 1398 μελῳδίας
747 1332 845 1401 τῆς
888 1334 1019 1402 παρ’
1066 1333 1193 1402 ὑμῖν
1235 1334 1343 1404 (95)
1375 1334 1782 1406 κεκρατηκυίας

193 1415 490 1488 συνηθείας
534 1420 1008 1491 παρηλλαγμένον,
1040 1425 1133 1478 καὶ
1158 1425 1381 1479 τοιαῦτά
1407 1443 1549 1489 τινα,
1583 1428 1668 1494 ἐφ’
1701 1421 1782 1490 οἷς

191 1508 368 1579 ἐχρῆν
395 1509 595 1574 αὐτοὺς
635 1512 1091 1576 ἑγκαλύπτεσθαι.
1128 1516 1540 1587 Ἐγκαλούμεθα
1583 1517 1661 1580 δὲ,
1700 1518 1782 1570 ὅτι

191 1601 293 1653 καὶ
324 1599 643 1673 ἀνθρώπους
680 1603 877 1676 ἔχομεν
899 1605 1000 1675 τῆς
1032 1607 1316 1671 εὐσεϐείας
1351 1609 1615 1679 ἀσκητάς,
1643 1609 1778 1661 ἀπο-

189 1689 537 1761 ταξαμένους
570 1693 646 1763 τῷ
679 1695 900 1766 κόσμῳ,
945 1699 1039 1751 καὶ
1089 1700 1289 1762 πάσαις
1323 1704 1447 1763 ταῖς
1498 1699 1778 1768 βιωτικαῖς

1950 1146 2004 1199 2.
2039 1145 2193 1211 Quod
2246 1161 2291 1199 ει
2338 1160 2564 1199 οειιιεοιη
2610 1154 2869 1216 rogentur
2920 1145 3279 1216 implacabilis
3318 1147 3467 1205 illius

1879 1245 1935 1294 et
1982 1238 2335 1308 inexpiabilis
2371 1237 2527 1301 belli,
2580 1240 2821 1308 psalmos
2850 1238 3071 1300 dicunt,
3123 1248 3177 1294 et
3220 1241 3467 1297 melodiae

1882 1332 2105 1386 modum
2153 1347 2184 1384 a
2235 1330 2671 1394 consuetudine,
2718 1346 2839 1400 quae
2869 1331 3011 1401 apud
3059 1347 3157 1387 vos
3203 1332 3464 1399 invaluit,

1883 1424 2191 1485 diversum,
2220 1429 2276 1476 et
2326 1421 2573 1490 quaedam
2616 1420 2924 1490 ejusmodi,
2966 1437 3198 1491 quorum
3242 1438 3339 1479 eos
3366 1440 3466 1495 par

1882 1523 2001 1568 erat
2047 1513 2272 1582 pudere.
2329 1510 2657 1567 lncusamur
2707 1522 2925 1574 autem,
2974 1513 3121 1583 quod
3168 1516 3331 1570 etiam
3366 1517 3467 1571 bo-

1884 1605 2059 1659 mines
2109 1605 2413 1659 habeamus
2460 1604 2686 1673 pietatis
2737 1604 3011 1667 cultores,
3063 1606 3156 1674 qui
3206 1607 3463 1661 nuntium

1884 1700 2218 1751 rernisernnt
2263 1696 2470 1751 mundo
2516 1704 2571 1749 et
2611 1697 2869 1751 omnibus
2899 1700 3084 1752 saeculi
3113 1699 3295 1760 curis,
3326 1714 3465 1768 quas

194 1783 496 1852 μερίμναις
525 1824 540 1845 ,
587 1783 653 1846 ἃς
703 1786 968 1849 ἀκάνθαις
1010 1790 1335 1859 παρεικάζει
1376 1792 1404 1843 ὁ
1437 1790 1668 1860 Κύριος,
1704 1792 1772 1852 είς

1886 1789 2060 1858 spinis
2114 1796 2399 1858 comparat
2458 1786 2761 1854 Dominus,
2821 1788 3048 1843 verbum
3099 1790 3166 1842 ad
3225 1788 3461 1842 fructum

192 1875 581 1945 καρποφορίαν
610 1876 783 1929 ἐλθεῖν
810 1878 917 1949 (94)
941 1880 1030 1932 τὸν
1052 1881 1208 1949 λόγον
1244 1881 1317 1952 μὴ
1348 1882 1776 1954 συγχωρούσαις.

192 1966 259 2018 Ol
288 1966 528 2019 τοιοῦτοι
558 1968 657 2038 τὴν
687 1972 986 2042 νεκρότητα
1016 1972 1110 2024 τοῦ
1154 1973 1330 2044 Ἰησοῦ
1359 1976 1415 2026 ὲν
1455 1974 1534 2044 τῷ
1568 1973 1780 2044 σώματι

194 2058 593 2129 περιφέρουσι·
649 2062 746 2114 καὶ
799 2063 1030 2133 ἄραντες
1084 2064 1174 2117 τὸν
1227 2066 1439 2119 ἑαυτῶν
1504 2066 1776 2135 σταυρὸν,

191 2146 423 2201 ἕπονται
464 2149 543 2219 τῷ
590 2150 729 2221 Θεῷ.
765 2153 907 2221 Ἐγὼ
960 2155 1015 2206 δὲ
1065 2156 1265 2218 παντὸς
1315 2155 1380 2208 ἂν
1435 2157 1780 2227 τιμησαίμην

190 2238 290 2291 τοῦ
332 2241 571 2310 ἐμαυτοῦ
602 2240 740 2310 βίου,
793 2244 902 2314 ἑμὰ
938 2242 1075 2299 εἶναι
1109 2246 1177 2298 τὰ
1221 2247 1534 2317 ἀδικήματα
1582 2246 1776 2310 ταῦτα,

192 2328 291 2380 καὶ
321 2329 468 2399 ἔχειν
509 2330 710 2403 ἄνδρας
739 2336 868 2404 παρ’
897 2335 1140 2405 ἐμαυτῷ,
1187 2337 1275 2388 ὑπ’
1300 2338 1424 2406 ἐμοὶ
1452 2337 1776 2406 διδασκάλῳ,

190 2419 294 2489 τὴν
350 2422 583 2490 ἄσκησιν
627 2424 830 2496 ταύτην
865 2424 1285 2495 προελομένους.
1334 2425 1447 2478 Νῦν
1485 2427 1542 2478 δὲ
1577 2428 1633 2479 ἐν
1681 2429 1778 2479 Αἰ-

192 2510 388 2580 γύπτῳ
424 2514 523 2582 μὲν
567 2514 751 2568 ἀκούω
795 2515 1053 2586 τοιαύτην
1100 2512 1238 2570 εῖναι
1282 2517 1492 2589 ἀνδρῶν
1538 2520 1776 2591 ἀρετήν’

193 2603 291 2654 καὶ
328 2605 467 2673 τάχα
505 2607 649 2668 τινὲς
679 2612 776 2659 καὶ
809 2608 902 2660 ἐπὶ
948 2612 1047 2679 τῆς
1095 2608 1455 2679 Παλαιστίνης
1499 2609 1596 2680 τὴν
1639 2609 1779 2663 κατὰ

192 2692 258 2745 τὸ
306 2694 638 2763 Εὐαγγέλιον
695 2697 968 2751 πολιτείαν
1018 2698 1398 2766 κατορθοῦσιν.
1460 2700 1669 2753 Ἀκούω
1720 2700 1777 2753 δέ

192 2799 351 2847 τινας
381 2786 475 2836 καὶ
503 2786 595 2838 ἐπὶ
632 2790 732 2858 τῆς
763 2788 953 2857 Μέσης
974 2788 1084 2840 τῶν
1122 2790 1385 2859 ποταμῶν
1414 2789 1652 2851 τελείους
1683 2789 1778 2842 καὶ

197 2874 506 2944 μακαρίους
540 2873 763 2944 ἄνδρας.
799 2876 989 2946 Ἡμεῖς
1037 2876 1092 2929 δὲ
1124 2878 1310 2940 παῖδές
1343 2880 1509 2948 ἐσμεν
1551 2877 1686 2949 πρός
1713 2895 1776 2946 γε

193 2960 294 3031 τὴν
343 2963 455 3014 τῶν
502 2964 725 3018 τελείων
780 2965 1088 3036 σύγκρισιν.
1138 2967 1201 3018 Εἰ
1259 2966 1314 3018 δὲ
1375 2969 1468 3020 καὶ
1517 2971 1778 3035 γυναῖκες

192 3053 567 3122 εὐαηελικῶς
594 3055 693 3126 ζῇν
720 3056 1106 3128 προελόμεναι,
1140 3058 1433 3130 παρθενίαν
1465 3061 1560 3129 μὲν
1595 3061 1775 3131 γάμου

1883 1879 2166 1935 ferendum
2243 1880 2529 1949 pervenire
2598 1894 2705 1932 non
2780 1879 3112 1933 sinentibus.
3180 1877 3463 1949 Ejusmodi

1884 1970 2133 2025 homines
2170 1969 2648 2023 mortihcationem
2692 1966 2821 2023 Jesu
2873 1969 2928 2023 in
2958 1984 3191 2039 corpore
3226 1971 3464 2024 circurn-

1882 2061 2096 2122 ferunl,
2139 2069 2192 2114 et
2220 2074 2442 2113 crucem
2476 2074 2632 2113 suam
2677 2067 2980 2129 portantes,
3016 2058 3186 2114 Deum
3221 2077 3463 2131 sequun-

1882 2159 1992 2205 tur.
2048 2149 2160 2219 Ego
2207 2164 2335 2202 vero
2388 2157 2501 2202 tota
2554 2165 2674 2202 mea
2728 2149 2840 2202 vita
2888 2160 3186 2216 mercarer,
3233 2160 3292 2204 ut
3344 2166 3461 2206 mea

1879 2251 2066 2296 essent
2107 2242 2222 2294 haec
2268 2240 2507 2304 delicta,
2557 2239 2925 2310 haberemque
2976 2240 3119 2310 apud
3151 2256 3237 2296 me
3280 2242 3459 2309 vlros,

1882 2350 1965 2386 me
1993 2333 2240 2396 doctore,
2275 2332 2418 2386 hanc
2463 2333 2682 2402 pietatis
2712 2333 3164 2387 exercitationem
3200 2335 3461 2404 proﬁten—

1882 2436 1983 2480 tes.
2019 2425 2176 2479 Nunc
2223 2435 2404 2479 autem
2458 2425 2514 2478 in
2569 2423 2807 2495 IEgypto
2852 2425 3073 2495 quidem
3104 2426 3268 2480 audio
3296 2427 3458 2481 talem

1878 2534 2002 2572 esse
2026 2520 2267 2573 virorum
2299 2519 2558 2572 virtutem
2604 2537 2617 2571 :
2661 2534 2725 2572 ac
2758 2518 2995 2574 fortasse
3031 2520 3283 2573 nonnulli
3317 2526 3372 2574 et
3402 2519 3458 2573 in

1880 2610 2168 2664 Palaestina
2199 2609 2570 2679 evangelicam
2594 2611 2761 2663 vitam
2794 2612 3056 2665 excolunt
3090 2626 3103 2661 :
3137 2610 3301 2664 audio
3336 2626 3460 2664 rur-

1879 2717 1974 2757 sus
2007 2702 2220 2771 aliquos
2251 2710 2307 2756 et
2349 2691 2829 2770 in'Mesopotamia
2864 2701 3139 2771 perfectos
3176 2716 3240 2756 ac
3270 2702 3459 2756 beatos

1879 2793 2050 2847 viros.
2077 2792 2186 2847 Nos
2217 2786 2400 2847 autem
2446 2792 2601 2861 pueri
2637 2807 2850 2855 sumus,
2892 2793 3164 2861 siquidem
3191 2808 3314 2845 cum
3340 2807 3460 2862 per-

1880 2885 2036 2939 fectis
2070 2899 2473 2954 comparemur.
2517 2882 2673 2948 Quod
2707 2883 2754 2936 si
2797 2891 2852 2937 et
2891 2883 3149 2937 mulieres
3177 2882 3456 2952 evangeli-

1878 2992 2001 3029 cum
2037 2976 2254 3030 vivendi
2280 2990 2453 3046 genus
2482 2975 2830 3043 profitentur,
2864 2974 3231 3044 virginitatem
3259 2973 3454 3044 praefe-

1879 3074 2062 3120 rentes
2110 3067 2354 3137 nuptiis,
2402 3066 2760 3135 petulantiam
2809 3065 2995 3119 carnis
3043 3065 3350 3135 redigeutes
3400 3064 3457 3118 in

193 3146 565 3218 προτιμῶσαι,
598 3148 1041 3217 δουλαγωγοῧσαι
1072 3150 1180 3220 (95)
1212 3129 1269 3202 δὲ
1308 3152 1369 3203 τὸ
1401 3152 1654 3222 φρόνημα
1677 3129 1772 3221 τῆς

1883 3129 2203 3212 servitutem
2238 3129 2424 3212 .etrin
2475 3158 2623 3211 luctu
2676 3157 2771 3211 illo
2815 3154 3073 3226 degentes
3124 3129 3218 3225 qui
3264 3155 3457 3209 beatus

193 3238 433 3308 σαρκὸς,
483 3239 580 3291 καὶ
630 3241 686 3291 ἑν
722 3241 909 3294 πένθει
959 3240 1131 3304 ζῶσαι
1177 3240 1255 3312 τῷ
1313 3241 1774 3313 μακαριζομένῳ,

193 3333 471 3403 μακάριαι
503 3335 600 3404 τῆς
635 3335 1044 3406 προαιρέσεως,
1084 3336 1219 3388 ὅπου
1261 3335 1325 3388 ἂν
1359 3329 1459 3388 ὦσι
1507 3336 1605 3406 τῆς
1650 3337 1774 3405 γῆς.

194 3424 353 3497 Παρὰ
382 3425 438 3478 δὲ
469 3428 602 3507 ημῖν
627 3427 739 3497 (96)
801 3427 974 3498 μικρὰ
1007 3427 1202 3491 ταῦτα,
1255 3428 1652 3498 στοιχουμένων
1691 3428 1771 3480 ἔτι

192 3517 286 3569 καὶ
342 3518 714 3588 εἰσαγομένων
758 3518 893 3587 πρὸς
942 3519 1043 3590 τὴν
1086 3519 1388 3573 εὐσέϐειαν.
1438 3521 1500 3573 Εἰ
1550 3520 1607 3573 δέ
1649 3537 1772 3574 τινα

194 3610 474 3682 ἀκοσμίαν
515 3613 592 3682 τῷ
639 3611 737 3682 βίῳ
765 3611 873 3664 τῶν
898 3611 1175 3680 γυναικῶν
1216 3613 1606 3684 ἐπιφέρουσιν,
1639 3614 1775 3667 ἀπο-

192 3702 475 3772 λογεῖσθαι
528 3704 627 3774 μὲν
664 3705 805 3774 ὑπὲρ
836 3703 1016 3757 αὐτῶν
1054 3704 1116 3756 οὐ
1166 3704 1567 3775 καταδέχομαι·
1601 3707 1777 3758 ἐκεῖνο

192 3795 249 3849 δὲ
279 3797 409 3866 ὑμῖν
437 3794 902 3867 διαμαρτύρομαι,
932 3795 1015 3847 ὅτι
1049 3794 1085 3848 ἃ
1128 3795 1291 3866 μέχρι
1336 3796 1431 3847 νῦν
1470 3798 1498 3848 ὁ
1531 3796 1777 3859 Σατανᾶς

192 3887 221 3939 ὁ
250 3885 436 3957 πατὴρ
478 3887 573 3939 τοῦ
620 3885 849 3955 ψεύδους
879 3888 1052 3939 εἰπεῖν
1101 3888 1161 3939 οὐ
1207 3886 1557 3951 κατεδέξατο,
1601 3887 1776 3941 ταῦτα

193 3979 249 4031 al
310 3976 506 4046 ἄφοϐοι
563 3978 821 4048 καρδίαι,
883 3980 979 4033 καὶ
1031 3978 1099 4031 τὰ
1166 3978 1475 4048 ἀχαλίνωτα
1533 3980 1775 4049 στόματα

193 4071 280 4123 ἀεὶ
309 4068 423 4140 (97)
459 4068 757 4137 φθέγγεται
803 4069 995 4133 ἀδεῶς.
1037 4068 1332 4122 Γινώσκειν
1375 4070 1430 4123 δὲ
1475 4071 1618 4141 ὑμᾶς
1650 4070 1774 4140 βού-

191 4158 376 4231 λομαι,
412 4161 496 4213 ὅτι
527 4162 690 4231 ἡμεῖς
717 4160 992 4230 εὐχόμεθα
1025 4161 1120 4214 καὶ
1146 4159 1358 4232 ἀνδρῶν
1384 4161 1773 4229 καὶγυναικῶν

194 4250 551 4319 συντάγματα
588 4249 699 4320 (98)
736 4250 914 4321 ἔχειν·
957 4244 1031 4303 ὧν
1061 4251 1122 4303 τὸ
1175 4252 1482 4321 πολίτευμά
1527 4254 1672 4304 ἐστιν
1714 4253 1773 4305 ἑν

189 4343 462 4415 οὐρανοῖς,
510 4341 618 4394 τῶν
649 4342 749 4413 τὴν
809 4342 989 4413 σάρκα
1042 4344 1494 4415 σταυρωσάντων-
1520 4346 1616 4397 σὺν
1661 4347 1771 4406 τοῖς

191 4433 486 4505 παθήμασι
533 4434 629 4487 καὶ
678 4436 800 4497 ταῖς
850 4433 1201 4505 ἐπιθυμίαις·
1250 4435 1299 4488 οἳ
1354 4436 1414 4489 οὐ
1467 4435 1771 4506 μεριμνῶσι

190 4528 321 4597 περὶ
355 4526 664 4596 βρωμάτων
694 4528 789 4579 καὶ
825 4526 1137 4597 ἐνδυμάτων
1159 4543 1173 4556 '
1212 4528 1327 4581 ἀλλ’
1366 4527 1770 4598 ἁπερίσπαστοι

189 4618 341 4683 ὄντες
378 4618 475 4671 καὶ
502 4618 827 4691 εὐπάρεδροι
855 4618 934 4689 τῷ
962 4621 1176 4691 Κυρίῳ,
1209 4620 1405 4683 νυκτὸς
1436 4620 1530 4673 καὶ
1557 4619 1772 4690 ἡμέρας

192 4712 562 4782 προσμένουσι
587 4713 709 4775 ταῖς
732 4711 1001 4783 δεήσεσιν.
1026 4705 1126 4764 Ὧν
1154 4711 1214 4764 τὸ
1244 4713 1419 4782 στόμα
1441 4713 1501 4764 οὐ
1525 4711 1677 4765 λαλεῖ
1702 4710 1771 4763 τὰ

190 4804 327 4875 εργα
357 4802 469 4857 τῶν
495 4802 826 4873 ἀνθρώπων’
858 4803 994 4857 ἀλλὰ
1015 4802 1308 4872 ψάλλουσιν
1332 4803 1533 4874 ὕμνους
1562 4804 1670 4873 (99)
1692 4803 1770 4872 τῷ

190 4897 309 4969 Θεῷ
348 4895 508 4966 ἡμῶν
538 4894 823 4966 διηνεκῶς,
852 4895 1211 4969 ἐργαζόμενοι
1242 4898 1365 4959 ταῖς
1400 4896 1608 4948 ἑαυτῶν
1641 4913 1770 4967 χερ-

191 4989 299 5052 σὶν,
335 4988 425 5040 ἵνα
451 4984 618 5056 ἔχωσι
651 4987 989 5057 μεταδιδόναι
1013 4990 1126 5050 τοῖς
1154 4986 1341 5058 χρείαν
1371 4985 1573 5056 ἔχουσι.

262 5100 384 5170 (91)
427 5100 726 5170 Δόγμασιίκ
752 5098 1000 5152 ἑαυτῶν.
1047 5098 1143 5170 δίο
1172 5110 1282 5153 tres
1315 5099 1477 5152 iidem
1509 5101 1768 5170 vetustis-

189 5171 314 5228 simi
365 5167 615 5225 codices.
686 5169 828 5222 Etliti
889 5169 1096 5222 ἑαυτῶν
1158 5170 1504 5239 διδάγμασιν.
1563 5167 1765 5225 Ibidem

189 5243 439 5312 quinque
490 5240 708 5294 codices
742 5256 874 5312 _nun
930 5240 1004 5291 ita
1060 5241 1276 5312 vetusti
1300 5239 1390 5294 τὸν
1426 5241 1654 5312 ἐντοῖς.

259 5307 373 5391 (92)
418 5310 646 5363 Ὄντων
696 5307 998 5391 adn-nete.
1044 5309 1219 5391 .De'est
1266 5310 1355 5364 hic
1401 5310 1666 5364 articulus
1710 5311 1765 5366 in

148 5404 159 5413 -
187 5389 431 5453 quatuor
458 5395 592 5453 mss.
621 5395 729 5453 non
766 5388 1189 5453 antiquissimis.

261 5452 376 5521 (95)
413 5450 528 5519 Τῆς
557 5452 693 5518 παρ’
733 5449 894 5519 ὑμῖν.
930 5450 1210 5521 Posterior
1235 5450 1401 5503 editio
1435 5449 1766 5521 Parisiensis

186 5529 242 5576 et
274 5520 437 5579 'Recii
472 5523 580 5574 duo
621 5521 840 5574 codices
864 5536 928 5574 ac
972 5520 1142 5576 Coisl.
1189 5521 1466 5576 secundus
1514 5530 1570 5575 et
1604 5520 1759 5575 Harl.

188 5593 430 5647 secunda
456 5604 621 5661 manu
651 5591 749 5661 τῆς
776 5592 902 5661 παρ’
933 5591 1084 5660 ἡμῖν.

256 5661 371 5732 (94)
422 5659 672 5714 Ἐλθεῖν.
710 5658 801 5732 na
820 5658 1025 5732 sépléiy
1064 5675 1196 5715 mss.
1223 5658 1372 5732 Editi
1396 5661 1656 5715 ἀνελθεῖν.

260 5728 376 5787 (95⁷)
416 5728 930 5796 Δουλανιιηθοῦσαι.
981 5728 1112 5803 Reg.
1171 5730 1446 5788 secundus
1503 5732 1764 5801 δουλαγω-

1876 3250 2237 3319 praedicatur,
2270 3249 2444 3304 beata:
2479 3256 2608 3304 sunt
2643 3249 2712 3303 ob
2750 3246 3089 3318 propositum
3119 3260 3303 3308 suum.
3337 3244 3458 3298 ubi-

1877 3358 2096 3409 cunque
2153 3342 2356 3396 fuerint
2413 3351 2704 3396 terrarum.
2754 3339 2913 3410 Apud
2958 3354 3059 3394 nos
3110 3346 3290 3391 autem
3342 3335 3456 3390 haec

1877 3449 2046 3504 parva
2087 3440 2141 3487 et
2170 3435 2329 3488 exilia
2362 3441 2513 3496 sunt,
2558 3448 2622 3486 ac
2659 3432 2939 3485 hominum
2977 3429 3155 3481 adhuc
3185 3429 3456 3483 elementa

1877 3524 2231 3588 discentium,
2254 3526 2458 3594 quique
2481 3523 2906 3577 introducuntur
2930 3521 2997 3575 ad
3036 3522 3307 3590 pietatem.
3333 3517 3455 3572 Jam

1878 3617 1924 3671 si
1948 3616 2079 3685 quid
2127 3615 2415 3670 dedecoris
2442 3617 2566 3669 vitae
2597 3614 2888 3667 mulierum
2937 3613 3202 3676 inferunt,
3231 3624 3326 3665 eas
3357 3608 3454 3663 de-

1878 3705 2104 3761 fendere
2126 3721 2236 3759 non
2268 3706 2424 3761 libet.
2456 3702 2595 3758 Illud
2627 3712 2808 3757 tamen
2837 3703 2993 3757 vobis
3021 3701 3304 3761 testificor,
3329 3714 3453 3769 qua:

1878 3796 2144 3851 hactenus
2173 3806 2326 3865 pater
2359 3795 2631 3850 mendacii
2656 3792 2891 3848 Satanas
2929 3794 3115 3847 dicere
3146 3807 3252 3845 non
3281 3806 3452 3847 ausus

1876 3899 1990 3953 est,
2040 3905 2103 3944 ea
2152 3905 2368 3958 semper
2417 3904 2448 3941 a
2502 3888 2765 3941 cordibus
2813 3894 2991 3940 metus
3036 3884 3353 3955 expertibus
3397 3891 3452 3939 et

1876 3981 2156 4037 effrenatis
2185 3982 2386 4050 linguis
2421 3981 2683 4034 audacter
2722 3979 2924 4033 efferri.
2961 3975 3116 4032 Scire
3150 3984 3330 4030 autem
3353 3991 3451 4032 vos

1875 4074 2018 4136 volo,
2053 4088 2155 4127 nos
2189 4072 2334 4125 laudi
2363 4072 2587 4133 ducere,
2625 4071 2771 4139 quod
2805 4070 3047 4122 virorum
3074 4078 3127 4123 et
3162 4067 3447 4121 muliermn

1873 4176 2053 4220 coetus
2079 4165 2400 4229 habeamus,
2433 4179 2665 4233 quorum
2697 4162 3041 4217 conversatio
3067 4162 3121 4214 in
3145 4160 3301 4214 caelis
3331 4167 3448 4214 est:

1873 4259 1965 4328 qui
2001 4274 2156 4312 suam
2206 4272 2428 4311 carnem
2463 4271 2568 4309 una
2599 4271 2723 4308 cum
2770 4253 3154 4308 affectionibus
3198 4268 3261 4306 ac
3296 4251 3453 4321 cupi-
3535 4256 3541 4265 ‘

1873 4351 2139 4405 ditatibus
2179 4349 2572 4404 crucitixerunt
2600 4366 2613 4401 :
2646 4347 2804 4417 311
2834 4347 2927 4416 qui
2955 4361 3057 4400 nec
3084 4345 3151 4401 de
3178 4345 3317 4399 cibis
3349 4358 3451 4397 nec

1801 4466 1849 4527 η
1874 4442 1942 4498 de
1974 4441 2315 4496 indumentis
2350 4451 2480 4495 sunt
2516 4440 2762 4501 solliciti,
2799 4438 2892 4492 scd
2923 4437 3146 4491 minime
3175 4435 3447 4498 distracti,

1875 4541 1929 4590 et
1959 4533 2193 4588 Domino
2227 4534 2574 4588 continenter
2603 4538 2873 4592 astantes,
2902 4535 3068 4582 noctu
3097 4525 3299 4596 diuque
3327 4539 3452 4595 per-

1875 4633 2129 4681 severam
2173 4626 2228 4678 in
2267 4624 2634 4679 orationibus.
2670 4620 2917 4687 Quorum
2951 4634 3013 4673 os
3058 4633 3166 4672 non
3208 4616 3450 4687 loquitur

1872 4732 2039 4787 opera
2087 4718 2410 4783 hominum;
2461 4715 2554 4770 sed
2604 4715 2835 4785 hymnos
2872 4712 2979 4766 Deo
3026 4718 3216 4764 nostro
3264 4708 3450 4762 conci-

1872 4819 2008 4863 nuut
2054 4810 2420 4872 continenter,
2454 4816 2747 4877 operantes
2774 4804 3028 4858 manibus
3071 4802 3207 4867 suis,
3253 4811 3313 4856 ut
3353 4800 3449 4854 ha-

1871 4902 2036 4957 beant
2067 4902 2213 4957 unde
2245 4901 2565 4971 impertiant
2595 4897 2986 4969 indigentibus.

1870 5117 2045 5170 γουσι,
2071 5107 2124 5154 et
2153 5099 2317 5169 paulo
2346 5104 2492 5170 post_
2520 5095 2674 5160 ζῶσι.
2707 5093 2821 5170 _Sed
2863 5092 3062 5147 frustra
3092 5089 3443 5170 librariorum

1869 5163 2069 5241 aliquis
2091 5163 2386 5241 emendare
2411 5167 2582 5241 volmt
2611 5167 3069 5241 scripturanrnon
3095 5163 3367 5241 vitiosam.

1944 5230 2054 5311 (96)
2116 5242 2283 5311 Παρὰ
2326 5230 3091 5311 δὲ’-ἡμῖν.-Εὴιειιιίιιγίιιιυε
3149 5247 3250 5300 ope
3307 5230 3444 5311 flar-

1868 5299 2048 5366 laeani'
2071 5299 2278 5365 codicis
2304 5316 2359 5362 et.
2403 5299 2644 5361 Méilicaei
2679 5306 2823 5372 quod
2856 5305 3037 5357 minus
3062 5299 3355 5372 (commode
3386 5302 3443 5355 in

1868 5382 1991 5436 aliis
2013 5389 2067 5436 et
2096 5382 2152 5434 in
2181 5379 2342 5434 editis
2380 5377 2659 5447 legebatur
2687 5377 2846 5447 Παρὰ
2868 5373 2925 5447 δὲ
2955 5371 3130 5447 ἡμῶν..

1938 5452 2051 5522 (97)
2076 5450 2231 5522 ίᾼεί.
2254 5448 2412 5503 Deest
2435 5442 2508 5522 ea
2539 5464 2645 5503 vox
2681 5449 2736 5501 in
2771 5442 3057 5509 Vaticano,
3083 5442 3215 5513 Reg.
3245 5456 3443 5498 secun-

1867 5518 2020 5577 do'et
2063 5520 2232 5575 Coisl.
2272 5518 2536 5573 secundo.

1936 5590 2047 5663 (98)
2085 5589 2495 5658 Συντάγματα.
2563 5587 2641 5643 Ita
2681 5602 2817 5643 mss.
2864 5595 3008 5641 octo.
3065 5580 3209 5638 Editi
3246 5584 3444 5651 συστὴ-

1870 5680 2049 5805 μαᾶλῗί)
2085 5733 2371 5802 Ὗμνους.
2396 5732 2472 5788 lta
2499 5738 2713 5787 veteres
2749 5728 2874 5786 libri
2896 5740 3111 5786 summo
3143 5736 3438 5783 consensu.
