3862 6220
435 266 540 322 ’ἵσῦ

433 466 664 534 tionem,
708 486 817 540 qua
859 468 1099 525 maxime
1138 471 1501 541 simpliciores
1534 472 1791 525 territant
1819 470 1877 533 ii,
1919 470 2013 539 qui

1769 262 1827 318 S.
1866 260 2111 318 BASlLll
2150 260 2362 316 MAGNI
2868 311 2881 341 ι

504 378 557 433 5.
595 376 750 445 Quod
799 387 981 435 autem
1028 387 1237 452 spectat
1272 379 1338 434 ad
1389 380 1706 451 psalmodiaa
1752 380 1991 434 crimina

2189 376 2241 429 5.
2282 374 2424 446 Πρὸς
2469 373 2527 428 δὲ
2574 371 2635 426 τὸ
2670 372 2763 426 ἐπὶ
2807 374 2928 436 ταῖς
2966 371 3309 446 ψαλμῳδίαις
3354 373 3627 444 ἔγκλημα.
3654 371 3701 444 ᾧ

3603 260 3700 315 τοι

2120 468 2356 540 μάλιστα
2378 466 2505 529 τοὺς
2533 465 2935 537 ἁπλουστέρους
2960 465 3215 535 φοϐοῦσιν
3243 468 3291 520 οἱ
3320 465 3702 530 διαϐάλλοντες

433 578 535 617 nos
563 561 989 629 calumniantur,
1021 562 1154 617 illud
1186 564 1369 619 dicere
1401 563 1595 626 habeo,
1626 571 1843 633 recepta
1868 579 1991 616 nun:

2117 560 2286 629 ἡμᾶς,
2318 560 2498 611 ἐκεῖνο
2544 558 2721 610 εἰπεῖν
2765 556 2903 627 ἔχω’
2929 557 3013 610 ὅτι
3059 558 3128 611 τὰ
3179 558 3275 612 νῦν
3314 559 3702 630 κεκρατηκότα

433 653 684 707 instituta
711 654 969 709 omnibus
995 654 1089 709 Dei
1112 654 1373 710 Ecclesiis
1396 672 1637 710 consona
1663 672 1785 711 esse
1810 664 1864 711 et
1881 672 2014 710 con-

432 745 749 802 sentientia.
795 745 869 801 De
905 758 1064 801 nocte
1109 747 1381 818 siquidem
1422 750 1705 819 consurgit
1739 750 1880 818 apud
1911 765 2013 803 nos

431 837 666 906 populus
714 838 782 891 ad
834 840 1055 893 domum
1108 842 1474 909 precationis.
1512 850 1565 895 et
1601 841 1654 895 in
1700 842 1916 903 labore,
1956 844 2010 896 in

429 928 783 984 aillictatione
828 946 892 984 ac
936 932 1161 1001 jugibus
1204 933 1462 1003 lacrymis
1502 933 1826 988 confitentes
1871 932 2008 996 Deo,

430 1019 649 1073 tandem
707 1035 735 1073 a
782 1024 1097 1090 precatione
1145 1032 1474 1093 surgentes,
1527 1024 1595 1078 ad
1654 1026 2008 1095 psalmodiam

428 1119 743 1168 transeunt.
794 1114 855 1165 lit
888 1130 1035 1167 nunc
1067 1115 1286 1184 quidem
1325 1117 1378 1169 in
1412 1116 1551 1171 duas
1599 1128 1782 1187 partes
1810 1118 2007 1181 divisi,

428 1205 654 1257 alternis
685 1206 1035 1260 succinentes
1085 1207 1356 1276 psallunt,
1394 1223 1458 1261 ac
1499 1208 1662 1263 simul
1694 1217 1748 1262 et
1784 1209 2003 1262 medita-

427 1296 629 1349 tionem
670 1288 1078 1366 Scripturarum
1111 1300 1236 1354 inde
1263 1302 1647 1366 corroborant,
1680 1310 1733 1356 et
1764 1302 2006 1356 animum

429 1396 697 1443 attentum
744 1400 793 1444 et
826 1406 920 1444 cor
952 1393 1291 1461 evagatiouis
1335 1408 1533 1463 expers
1580 1394 1683 1447 sibi
1720 1394 1821 1464 ipsi
1854 1409 2006 1447 com-

427 1494 639 1554 parant.
691 1485 884 1540 Postea
923 1502 1112 1541 rursus
1156 1487 1248 1540 uni
1293 1488 1733 1548 committentes,
1767 1499 1823 1541 ut
1857 1489 2007 1558 prior

425 1592 620 1640 canat,
682 1580 880 1648 reliqui
936 1581 1263 1644 suceinunt;
1324 1589 1378 1635 et
1429 1580 1509 1634 sic
1549 1589 1903 1650 posteaquam
1948 1582 2004 1634 in

425 1670 739 1735 psalmodia:
775 1670 1038 1725 varietate
1074 1681 1287 1725 nectent
1335 1672 1625 1727 traduxere
1681 1673 2004 1727 intermistis

2116 649 2217 722 ἔθη
2254 649 2459 713 πάσαις
2490 653 2613 713 ταῖς
2651 649 2746 702 τοῦ
2766 648 2903 702 Θεοῦ
2935 649 3284 721 Ἐκκλησίαις
3325 650 3536 720 συνῳδά
3580 653 3702 703 ἐστι

2115 743 2209 795 καὶ
2243 742 2527 812 σύμφωνα.
2577 742 2671 794 Ἐκ
2698 740 2892 803 νυκτὸς
2920 741 3028 812 γὰρ
3058 740 3298 811 όρθρίζει
3343 741 3474 812 παρ’
3501 744 3636 812 ἡμῖν
3670 744 3703 794 ὁ

2113 831 2240 895 λαὸς
2270 833 2361 885 ἐπὶ
2383 833 2474 884 τὸν
2505 827 2655 885 οἷκον
2686 831 2786 900 τῆς
2814 831 3144 902 προσευχῆς,
3176 832 3270 884 καὶ
3314 834 3371 884 ἐν
3410 831 3555 901 πόνῳ
3600 832 3700 885 καὶ

2113 922 2289 991 θλίψει
2314 925 2408 977 καὶ
2434 926 2636 994 συνοχῇ
2673 923 2923 993 δακρύων
2946 923 3423 993 ἐξομολογούμενοι
3451 923 3530 993 τῷ
3548 922 3697 993 Θεῷ,

2112 1012 2424 1066 τελευταῖον
2478 1013 2873 1080 ἐξαναστάντες
2906 1014 3014 1065 τῶν
3057 1013 3411 1086 προσευχῶν,
3457 1016 3537 1077 εἰς
3591 1012 3700 1084 τὴν

2110 1103 2433 1173 ψαλμῳδίαν
2459 1103 2837 1155 καθίστανται.
2881 1103 2990 1155 Καὶ
3030 1102 3127 1155 νῦν
3178 1103 3299 1173 μὲν,
3351 1102 3468 1172 διχῆ
3513 1101 3701 1156 διανι-

2114 1192 2416 1264 μηθέντες,
2471 1193 2886 1263 ἁντιψάλλουσιν
2924 1193 3192 1264 ἀλλήλοις,
3242 1193 3376 1264 όμοῦ
3438 1194 3539 1264 μὲν
3590 1196 3698 1265 τὴν

2113 1284 2347 1355 μελέτην
2378 1284 2489 1337 τῶν
2522 1283 2720 1352 λογίων
2762 1283 3010 1337 ἐντεῦθεν
3044 1284 3426 1355 κρατύνοντες,
3458 1285 3595 1357 ὁμοῦ
3631 1287 3699 1340 δὶ

2109 1377 2205 1429 καὶ
2226 1375 2324 1446 τὴν
2352 1375 2626 1447 προσοχὴν
2664 1376 2759 1428 καὶ
2786 1377 2847 1429 τὸ
2880 1377 3283 1447 ἀμετεώριστον
3312 1376 3421 1429 τῶν
3453 1376 3699 1447 καρδιῶν

2107 1469 2321 1530 ἑαυτοῖς
2348 1467 2710 1537 διοικούμενοι
2733 1467 2808 1537 (Ι)
2830 1485 2843 1497 ο
2872 1468 3062 1520 ἔπειτα
3092 1468 3254 1521 πάλιν
3298 1468 3699 1538 ἐπιτρέψαντες

2106 1560 2188 1611 ἐνὶ
2225 1560 2522 1629 κατάρχειν
2563 1558 2658 1612 τοῦ
2695 1560 2911 1630 μέλους,
2957 1561 3006 1611 οἱ
3032 1559 3211 1612 λοιποὶ
3251 1559 3556 1629 ὑπηχοῦσι⁶
3594 1559 3700 1614 καὶ

2105 1649 2279 1713 οὕτως
2321 1653 2380 1703 ἐν
2431 1653 2498 1721 τῇ
2552 1651 2796 1721 ποικιλίᾳ
2840 1650 2941 1719 τῆς
2993 1650 3311 1721 ψαλμῳδίας
3357 1652 3456 1723 τὴν
3515 1652 3696 1705 νύκτα

424 1761 682 1829 precibus
705 1798 718 1822 ,
752 1759 838 1815 die
868 1761 980 1828 jam
1018 1762 1373 1817 illucescente
1393 1804 1407 1824 ,
1439 1776 1632 1816 omnes
1662 1762 1825 1816 simul
1859 1763 1991 1816 velut

2103 1742 2493 1810 διενεγκόντες,
2543 1742 2748 1812 μεταξὺ
2805 1743 3270 1813 προσευχόμενοι,
3320 1721 3537 1815 ἡμέρας
3582 1745 3694 1816 ἢδη

420 1862 487 1901 ex
540 1862 648 1900 uno
699 1863 794 1901 ore
845 1857 899 1901 et
947 1866 1056 1905 uno
1106 1851 1273 1904 corde
1319 1851 1589 1921 psalmum
1637 1852 2002 1907 confessionis

424 1934 652 1989 Domino
680 1938 1011 2000 concinunt,
1056 1940 1275 2008 propria
1306 1941 1407 1993 sibi
1439 1940 1815 2009 unusquisque
1840 1940 2000 1994 verba

420 2028 755 2099 poenitentiae
786 2029 1069 2085 facientes.
1105 2031 1371 2086 Caeterum
1406 2032 1600 2086 borum
1633 2034 1808 2102 gratia
1831 2034 1875 2087 si
1900 2049 2000 2090 nos

421 2119 629 2188 fugitis.
668 2119 892 2190 fugietis
923 2121 1209 2192 JEgyplios
1230 2164 1244 2187 ,
1280 2122 1500 2193 fugietis
1530 2131 1584 2177 et
1618 2130 1880 2194 utrosque
1910 2124 1998 2178 Li-

417 2211 574 2282 byes,
606 2211 890 2274 Thcbazos.
917 2214 1258 2278 Palaestinos,
1291 2214 1522 2277 Arabes,
1553 2212 1862 2276 Pbmnices,
1897 2214 2000 2286 Sy-

416 2317 540 2370 ros,
581 2314 633 2358 et
667 2321 762 2361 eos
790 2308 884 2376 qui
918 2307 983 2359 ad
1021 2304 1353 2374 Euphratem
1396 2305 1678 2368 habitant,
1715 2321 1778 2359 ac
1809 2323 1998 2363 omnes

415 2410 526 2449 uno
552 2397 721 2451 verbo
750 2396 892 2466 apud
919 2412 1058 2465 quos
1089 2395 1287 2463 vigilia:
1313 2410 1616 2465 precesque
1670 2403 1724 2449 et
1752 2410 1997 2450 commu-

414 2503 514 2543 nes
545 2490 866 2559 psalinodia:
900 2490 954 2542 in
987 2488 1161 2557 pre:io
1194 2495 1343 2542 sunt.

482 2731 536 2787 4.
577 2730 682 2786 Sed
716 2731 866 2795 haec,
916 2729 1129 2800 inquit,
1182 2745 1288 2783 non
1324 2738 1480 2783 erant
1525 2739 1770 2803 tempore
1812 2733 1993 2801 magni

410 2823 677 2892 Gregorii.
715 2822 822 2878 Sed
873 2838 1050 2892 neque
1082 2823 1309 2884 litaniaa,
1338 2837 1477 2891 quas
1508 2837 1655 2875 nunc
1689 2823 1871 2877 studio
1897 2824 1995 2876 ha-

410 2916 573 2970 betis.
616 2913 802 2983 Neque
845 2915 898 2968 id
946 2915 1104 2979 dico,
1136 2922 1196 2969 ut
1228 2930 1326 2969 vos
1360 2915 1722 2984 redarguam;
1754 2915 1991 2984 optarim

408 3007 556 3062 enim
574 3022 670 3062 vos
684 3008 943 3061 omnesin
964 3006 1220 3076 lacrymis
1236 3014 1289 3061 et
1308 3007 1422 3076 jugi
1452 3007 1769 3075 paenitentia
1790 3008 1985 3061 vivere.

2104 1829 2556 1900 ὑπολαμπούσης,
2590 1832 2792 1896 πάντες
2823 1834 2998 1902 κοινῇ,
3041 1834 3116 1895 ὡς
3158 1834 3217 1898 ἐξ
3259 1834 3377 1896 ἐνὸς
3417 1834 3696 1904 πόματος

2103 1920 2195 1973 καὶ
2227 1921 2357 1989 μιᾶς
2387 1921 2637 1991 καρδίας,
2660 1920 2753 1974 τὸν
2778 1921 2879 1990 τῆς
2899 1920 3342 1992 ὲξομολογήσεως
3368 1924 3583 1995 ψαλμὸν
3607 1923 3691 1993 (2)

2100 2017 2436 2088 ἀναφέρουσι
2485 2018 2562 2089 τῷ
2594 2020 2805 2090 Κυρίῳ,
2846 2020 2949 2072 ῐδια
2981 2022 3190 2074 ἑαυτῶν
3222 2022 3449 2085 ἕκαστος
3481 2023 3545 2075 τά
3585 2024 3692 2094 ρή-

2103 2126 2249 2179 ματα
2282 2109 2381 2179 τῆς
2415 2110 2707 2180 μετανοίας
2738 2112 3071 2182 ποιούμενοι.
3108 2114 3230 2166 Ἐπὶ
3256 2113 3467 2178 τούτοις
3500 2114 3696 2169 λοιπὸν

2099 2198 2147 2248 εί
2178 2198 2327 2267 ἡμᾶς
2354 2199 2723 2266 άποφεύγετε,
2764 2200 3027 2270 φεύξεσθε
3061 2202 3137 2271 (3)
3183 2204 3282 2272 μέν
3314 2203 3691 2271 Αίγυτπίουςθ

2099 2287 2360 2354 φεύξεσθε
2418 2289 2475 2342 δὲ
2545 2290 2639 2342 καὶ
2702 2292 2909 2354 Λίϐυας
2966 2294 3342 2364 ἀμφοτέρους,
3390 2293 3690 2364 Θηϐαίους,

2099 2379 2512 2444 Παλαιστίνους,
2550 2382 2819 2452 Ἄραϐας,
2854 2384 3129 2448 Φοίνικας,
3161 2384 3387 2454 Σύρους,
3431 2386 3695 2451 καὶτοὺς

2099 2470 2235 2540 πρὸς
2255 2469 2333 2540 τῷ
2361 2471 2624 2545 Εὐφράτῃ
2653 2474 3119 2544 κατῳκισμένους,
3144 2475 3237 2527 καὶ
3270 2476 3475 2539 πάντας
3503 2474 3689 2541 ἁπαξ-

2095 2558 2301 2621 απλῶς,
2337 2562 2467 2631 παρ’
2508 2556 2590 2623 οἷς
2629 2562 2933 2632 άγρυπνίαι
2981 2563 3076 2616 καὶ
3121 2565 3453 2634 προσευχαὶ,
3481 2564 3577 2617 καὶ
3625 2565 3686 2617 αἱ

2097 2653 2273 2706 κοιναὶ
2299 2651 2610 2722 ψαλμῳδίαι
2631 2652 2971 2722 τετίμηνται.

2164 2743 2218 2797 4.
2260 2742 2402 2795 Ἀλλ’
2451 2744 2551 2795 οὐκ
2593 2739 2683 2811 ἧν,
2734 2744 2890 2812 φησὶ,
2941 2744 3115 2797 ταῦτα
3169 2744 3262 2797 ἐπὶ
3294 2744 3390 2798 τοῦ
3438 2745 3684 2815 μεγάλου

2094 2831 2416 2903 Γρηγορίου,
2454 2832 2593 2884 Ἀλλ’
2625 2833 2745 2886 οὐδὲ
2779 2836 2835 2886 ai
2874 2831 3131 2886 λιτανεῖαι
3163 2833 3261 2903 (4),
3297 2832 3363 2897 ἃς
3396 2836 3558 2904 ὑμεῖς
3580 2835 3684 2889 νῦν

2093 2918 2462 2987 ἐπιτηδεύετε.
2502 2920 2612 2971 Καὶ
2646 2921 2706 2973 ού
2743 2921 3064 2991 κατηγορῶν
3111 2923 3265 2991 ὑμῶν
3309 2923 3479 2992 λέγω·
3516 2926 3685 2996 ηὐχό-

2096 3027 2204 3081 μην
2236 3012 2343 3083 γὰρ
2380 3011 2589 3075 πάντας
2620 3013 2765 3083 ὑμᾶς
2792 3016 2849 3065 ἐν
2887 3014 3116 3084 δάκρυσι
3145 3014 3263 3085 ζῇν,
3298 3017 3391 3069 καὶ
3421 3019 3682 3089 μετανοίᾳ

407 3096 546 3153 Nam
579 3106 633 3152 et
663 3113 764 3153 nos
794 3097 930 3152 nihil
961 3075 1108 3151 aliud
1141 3075 1394 3161 facimus,
1430 3097 1536 3150 nisi
1565 3096 1708 3166 quod
1743 3113 1839 3166 pro
1865 3113 1963 3165 pec

2096 3075 2351 3173 διηνεκεῖ.
2382 3104 2535 3157 Ἐπεὶ
2571 3075 2670 3157 καί
2686 3106 2847 3174 ἡμεῖς
2866 3075 3019 3159 οὐδὲν
3045 3075 3229 3176 ἕτερον
3251 3075 3293 3176 -ἢ
3321 3075 3683 3179 λιτανεύομεν

408 3188 551 3243 catis
591 3189 794 3242 nostris
827 3187 1241 3257 supplicamus;
1276 3188 1370 3243 sed
1418 3187 1495 3241 ita
1542 3198 1743 3251 tamen,
1788 3198 1845 3241 ut
1876 3203 1985 3241 non

409 3280 666 3336 humanis
687 3281 887 3345 verbis,
921 3282 998 3334 uti
1028 3296 1142 3342 vos,
1166 3281 1260 3334 sed
1287 3280 1527 3335 oraculis
1561 3278 1796 3350 Spiritus
1821 3278 1986 3334 Deum

409 3381 660 3426 nostrum
713 3372 1010 3442 placemus.
1068 3371 1192 3426 Haec
1252 3380 1432 3426 autem
1496 3387 1603 3425 non
1658 3370 1829 3425 fuisse
1883 3370 1988 3424 sub

408 3463 732 3517 admirando
768 3461 1062 3532 Gregorio,
1094 3478 1358 3532 quosnam
1390 3462 1603 3517 habetis
1637 3471 1805 3517 testes
1827 3502 1841 3524 ,
1892 3463 1985 3531 qui

406 3553 627 3625 quidem
671 3554 807 3608 nihil
848 3570 914 3609 ex
963 3554 1111 3609 illius
1160 3555 1427 3610 institutis
1461 3555 1727 3609 hactenus
1760 3568 1987 3609 conser-

408 3706 549 3761 Editi
579 3706 765 3778 ὕμνον.
810 3708 940 3765 Mss.
973 3717 1107 3774 tres,
1143 3725 1337 3778 nempe
1371 3709 1521 3763 Harl.
1545 3718 1599 3763 et
1627 3708 1794 3766 Coisl.
1834 3719 1983 3765 uter-

407 3794 534 3851 que,
579 3780 1042 3851 interpunctionis
1080 3788 1264 3833 notam
1307 3789 1588 3848 apponunt
1644 3791 1763 3850 post
1809 3781 1986 3851 διηνε-

406 3847 537 3912 κῶς,
591 3847 736 3918 quod
784 3851 915 3903 editi
953 3851 1091 3922 male
1121 3847 1526 3920 conjungehant
1574 3847 1699 3922 cum
1756 3847 1984 3922 ἐργαζό-

408 3935 576 3988 μενοι.
610 3924 723 3972 Non
750 3922 893 3973 enim
926 3920 1223 3973 continuus
1244 3931 1360 3974 erat
1385 3937 1640 3973 manuum
1685 3920 1857 3985 labor,
1890 3923 1984 3976 sed

405 3989 667 4042 continua
726 3991 1050 4058 psalmodia,
1113 4006 1275 4058 quam
1321 4006 1388 4043 ne
1435 3992 1549 4059 ipse
1577 3992 1798 4058 quidem
1830 3995 1983 4046 labor

405 4059 804 4128 interpellabat.
838 4059 1003 4131 Paulo
1029 4071 1149 4128 post
1170 4060 1298 4113 editi
1324 4062 1381 4111 ἐν
1405 4060 1763 4131 ψαλμῳδίαις.
1784 4060 1983 4117 Omnes

405 4143 539 4184 mss.
575 4138 633 4182 ut
663 4131 717 4183 in
753 4138 927 4184 textu.
964 4129 1077 4182 Non
1107 4132 1264 4198 longe
1298 4131 1488 4183 iisdem
1515 4129 1831 4185 auctoribus
1866 4149 1984 4185 mu-

402 4199 639 4254 tavimus
670 4205 812 4267 quod
869 4202 921 4253 in
977 4201 1138 4255 editis
1189 4201 1471 4271 legebatur
1504 4202 1560 4254 ἐν
1592 4200 1768 4269 θλίψει
1799 4203 1894 4254 καὶ
1926 4206 1982 4255 ἐν

403 4272 669 4339 συνοχῇ...
692 4272 1042 4333 ἀναστάντες.

473 4338 550 4461 go
578 4338 1003 4408 Διοικούμενοι.
1031 4344 1103 4393 Ita
1157 4349 1284 4394 octo
1314 4354 1448 4395 mss.
1500 4339 1778 4396 Ediliones
1813 4340 1981 4397 Basil.

524 4411 655 4461 aris.
686 4409 1110 4461 διακονούμενοι.
1141 4410 1347 4461 Haaan.
1367 4410 1731 4461 διακούιιενοι.

400 4417 452 4463 et
479 4409 655 4469 Paris,
686 4409 1110 4479 διακονούμενοι.
1141 4410 1347 4479 Hagan.
1367 4410 1731 4478 διακούμενοι.

468 4480 545 4547 (2)
584 4481 695 4534 Τὸν
722 4480 830 4550 τῆς
862 4480 1356 4550 ἐξομολογνήσεως
1393 4482 1657 4549 ψαλμόν.
1692 4480 1746 4533 In
1772 4497 1881 4535 uno
1912 4498 1979 4537 ex

398 4550 683 4621 codicibus
711 4549 899 4621 Regiis
939 4551 1005 4621 ad
1044 4554 1341 4621 marginem
1385 4552 1601 4619 legitur,
1647 4551 1727 4621 τὸ,
1754 4552 1892 4617 Δόξα
1920 4556 1979 4605 ἐν

399 4618 665 4688 ὑψίστοις,
709 4618 876 4689 λέγει.
936 4620 1122 4675 Gloria
1168 4618 1242 4674 ’ίη
1305 4618 1607 4682 altissimis,
1660 4620 1809 4676 dicit.
1873 4625 1979 4677 Sed

399 4691 566 4758 hujus
606 4692 799 4745 scholii
848 4708 956 4745 non
997 4708 1189 4762 magna
1244 4693 1566 4747 auctoritas.
1606 4689 1800 4761 Liquet
1834 4695 1979 4748 cnim

404 4762 675 4830 psalmum
699 4764 1212 4831 quinquagcsimuin
1244 4762 1541 4830 designari.

468 4832 545 4902 (ε)
580 4831 898 4902 Φεύξεσθε.
933 4831 1061 4902 Reg.
1102 4832 1377 4887 secundus
1409 4842 1460 4885 et
1489 4834 1659 4890 Coisl.
1703 4834 1980 4889 secundus

399 4899 887 4977 ga_adanQ¢-:_.Baulo
918 4899 1233 4977 postjidcm
1261 4902 1480 4977 codices
1514 4905 1978 4977 συνεπιτηδεύετε.

398 4972 518 5045 .\lox_
549 4975 677 5026 editi
707 4974 999 5045 Εὐφράτει.
1027 4973 1154 5027 Mss.
1202 4982 1259 5027 ut
1288 4975 1342 5027 in
1371 4981 1542 5030 textu.

470 5042 546 5112 (4)
584 5042 904 5098 Λιτανεῖὶιι.
946 5043 1056 5099 llac
1087 5060 1217 5099 voce
1243 5060 1350 5097 non
1390 5047 1821 5113 supplicationes
1867 5049 1983 5103 sive

397 5114 779 5188 processiones
815 5116 1193 5188 designantur,
1249 5116 1395 5188 utin
1448 5115 1782 5188 Euehologio
1829 5120 1980 5173 Grai-

395 5199 586 5255 corum
611 5223 627 5246 ,
660 5186 755 5239 sed
791 5202 979 5255 preces
1015 5186 1081 5238 ad
1117 5184 1492 5255 pmnitentiain
1523 5184 1981 5244 accoimnodatai.

398 5252 511 5325 lloc
546 5255 690 5308 enim
732 5252 942 5309 tantum
978 5252 1314 5311 discriminis
1350 5258 1502 5325 ponit
1553 5256 1787 5313 Basilius
1844 5260 1984 5313 inter

394 5320 1116 5399 Neocaesariensiumritum
1153 5338 1205 5381 et
1228 5320 1670 5399 timsai-iensium,
1700 5329 1845 5399 quod
1880 5332 1986 5398 pri-

397 5392 470 5470 mi
508 5393 1013 5470 humani_s_verbis,
1035 5397 1403 5470 Caesarienses
1434 5414 1562 5452 vero
1588 5392 1827 5455 oraculis
1858 5392 1984 5470 Spi-

396 5462 538 5539 ritus
565 5465 741 5539 sancti
771 5466 945 5539 Deum
967 5469 1204 5535 placent.
1233 5466 1403 5539 Porro
1430 5470 1637 5523 nullum
1671 5462 1983 5539 processio-

397 5532 485 5586 nis
512 5535 799 5604 vestigium
854 5539 906 5591 in
939 5532 1032 5592 illo
1068 5537 1259 5607 psalmi
1297 5532 1688 5596 confessionis“
1721 5541 1981 5597 cantandi

401 5610 533 5661 ritu,
576 5610 667 5672 qui
703 5607 966 5663 Caesareae
996 5610 1343 5662 observatur.

473 5672 549 5744 (5)
591 5675 926 5746 Μάρτυρας.
1017 5679 1089 5733 lta
1146 5688 1258 5734 tres
1326 5680 1680 5736 vetustissimi
1739 5682 1979 5751 codices,

2090 3192 2229 3264 ὑπὲρ
2268 3193 2377 3245 τῶν
2416 3193 2701 3265 ἁμαρτιῶν
2728 3193 2918 3265 ήμῶν·
2957 3194 3097 3266 πλὴν
3144 3196 3269 3249 ὅσον
3322 3198 3424 3250 οὐκ
3464 3196 3681 3270 ἀνθρω-

2091 3285 2264 3347 πίνοις
2299 3287 2563 3356 ρἠασιν,
2594 3286 2784 3358 ὥσπερ
2815 3286 2993 3356 ὑμεῖς,
3032 3286 3167 3339 ἀλλὰ
3199 3290 3312 3351 τοῖς
3343 3289 3546 3357 λογίοις
3577 3290 3681 3343 τοῦ

2088 3377 2406 3448 Πνεύματος
2440 3378 2532 3431 τὸν
2572 3378 2705 3431 Θεὸν
2736 3379 2893 3448 ἡμῶν
2936 3378 3309 3449 ἐξιλεούμεθα.
3342 3381 3466 3434 ’Ὁτι
3492 3380 3548 3434 δὲ
3574 3384 3682 3435 οὐκ

2085 3462 2154 3538 ἦν
2179 3466 2352 3520 ταῦτα
2385 3469 2478 3520 ἐπὶ
2517 3467 2611 3520 τοῦ
2642 3468 2955 3538 θαυμαστοῦ
2990 3470 3030 3520 Γ
3037 3471 3315 3541 ρηγορίου,
3341 3472 3488 3535 τίνας
3524 3472 3683 3543 ἔχετε

2092 3560 2373 3631 μάρτυρας
2396 3560 2470 3631 (5)
2495 3603 2509 3625 ,
2543 3561 2599 3612 οἵ
2628 3577 2687 3629 γε
2713 3561 2868 3614 οὐδὲν
2901 3561 3010 3615 τῶν
3039 3563 3250 3617 ἐκείνου
3277 3565 3354 3634 (6)
3383 3564 3546 3635 μέχρι
3580 3564 3681 3618 νῦν

2088 3716 2240 3790 Harl.
2273 3757 2288 3778 ,
2346 3715 2486 3790 Med.
2530 3724 2585 3769 et
2639 3716 2805 3790 Coisl.
2879 3717 3109 3787 primus.
3148 3716 3290 3790 Editi
3340 3717 3675 3790 μαρτυρίας.

2087 3786 2286 3841 Ibidem
2341 3788 2470 3840 editi
2534 3793 2655 3855 post
2711 3787 2851 3839 hanc
2883 3803 3068 3840 vocem
3117 3786 3542 3854 addunt‘sti‘taiv',
3570 3789 3677 3845 sed

2088 3860 2189 3911 hoc
2227 3858 2448 3909 verbum
2476 3857 2628 3927 deest
2665 3858 2717 3909 in
2745 3868 2869 3910 octo
2895 3857 3099 3911 nostris
3122 3858 3427 3920 codicibus,
3459 3873 3524 3912 ex
3549 3861 3680 3927 qui-

2085 3928 2190 3982 bus
2216 3926 2416 3981 ibidem
2439 3926 2752 3981 addidimus
2783 3927 2836 3979 οἵ
2854 3943 2940 3992 γε,
2980 3943 3102 3997 qua:
3135 3929 3342 3981 vocula:
3363 3926 3591 3983 deerant
3614 3930 3675 3984 in

2085 3998 2270 4053 editis.

2156 4068 2253 4137 (6)7
2279 4065 2471 4119 Οὐδὲν
2489 4064 2607 4118 τῶν
2643 4067 2903 4121 ἐκείνου.
2946 4065 3217 4121 Videntur
3278 4068 3451 4135 prima
3488 4068 3676 4136 specie

2087 4136 2221 4191 cum
2246 4136 2349 4189 hac.
2396 4139 2625 4205 epistola
2660 4152 2921 4208 pugnare,
2945 4154 3098 4208 Aqua:
3133 4138 3208 4208 in
3250 4138 3390 4208 libro
3423 4137 3495 4191 De
3548 4137 3677 4208 Spi-

2087 4209 2192 4260 ritu
2212 4216 2394 4260 suucto
2431 4203 2699 4275 leguntur
2738 4203 2859 4275 cap.
2897 4203 3005 4266 29,-
3029 4224 3086 4261 η.
3130 4207 3209 4261 74.
3249 4206 3325 4261 Ibi
3358 4207 3515 4261 docet
3561 4203 3676 4261 Ba-

2086 4281 2243 4332 silius
2281 4286 2489 4329 tantum
2539 4291 2662 4331 esse
2712 4276 2963 4344 Gregorii
3013 4281 3156 4347 apud
3185 4278 3669 4334 Neocaesarienses

2086 4348 2524 4408 admirationem,
2560 4355 2616 4399 ut
2653 4362 2756 4399 non
2801 4347 3002 4414 factum
3036 4347 3283 4415 aliquod,
3309 4364 3413 4401 non
3444 4348 3673 4411 dictum,

2014 4406 2058 4460 Ῐ)
2087 4434 2190 4471 non
2241 4417 2399 4486 ritum
2445 4406 2613 4469 ullum
2666 4406 2965 4486 mysticum,
3015 4406 3159 4470 ultra
3212 4406 3367 4486 quam
3423 4418 3512 4471 ille
3550 4406 3680 4472 reti;

2079 4491 2210 4557 quit,
2249 4484 2496 4539 Ecclesia:
2520 4484 2826 4553 adjecer’iiu.
2856 4485 3009 4541 Unde
3030 4489 3105 4540 ait
3133 4484 3403 4550 evenisse,
3440 4497 3500 4541 ut
3526 4491 3677 4541 mul-

2081 4566 2133 4610 ta
2177 4559 2320 4629 apud
2357 4558 2480 4610 illos
2530 4572 2723 4629 manca
2781 4569 2968 4611 essent
2996 4564 3051 4611 et
3082 4559 3358 4629 inchoata.
3396 4561 3508 4612 Cur
3535 4573 3674 4629 ergo

2084 4630 2138 4681 in
2188 4628 2291 4681 hac
2344 4628 2576 4695 epistola
2608 4629 2870 4681 nonnulla
2903 4642 3098 4693 recens
3139 4628 3195 4681 in
3247 4626 3550 4682 Ecclesiam
3585 4626 3676 4682 iii-

2083 4700 2248 4751 ducla
2281 4706 2698 4759 commemorat,
2737 4698 2846 4751 imo
2878 4713 2973 4753 eos
3005 4707 3169 4767 negat
3200 4713 3264 4752 ex
3297 4696 3545 4767 Gregorii
3577 4698 3673 4752 in-

2084 4770 2289 4822 stitutis
2316 4768 2614 4835 quidquam
2673 4768 2908 4822 retinere
2937 4768 2960 4821 ?
2993 4767 3119 4822 Haec
3152 4776 3204 4821 ut
3262 4770 3670 4832 concdientur,

2082 4840 2483 4891 observandum
2541 4846 2624 4890 est
2651 4876 2667 4899 ,
2708 4838 2774 4889 1ο
2851 4837 2983 4904 Quze
3023 4839 3281 4906 leguntur
3332 4839 3384 4891 in
3414 4839 3559 4891 libro
3590 4838 3673 4893 De

2086 4908 2291 4975 Spiritu
2333 4917 2517 4962 sancto
2569 4909 2742 4978 accipi
2789 4907 2878 4978 de
2926 4910 3235 4978 insignibus
3278 4919 3329 4962 et
3376 4909 3672 4977 praecipuis

2086 4980 2350 5033 institutis
2410 4980 2627 5031 debere.
2682 4977 2779 5033 llis
2829 4977 2965 5031 nihil
3027 4977 3195 5042 addi,
3250 4978 3387 5031 nihil
3450 4980 3671 5033 detrahi

2086 5050 2231 5119 passi
2273 5056 2401 5102 sunt
2431 5047 2923 5103 Neocaesarienses.
2983 5047 3122 5119 Hinc
3173 5049 3321 5101 nulla
3344 5049 3521 5119 _apud
3570 5064 3669 5104 eos

2086 5117 2441 5184 monasteria,
2489 5134 2587 5172 nec
2619 5120 2858 5187 liturgia,
2890 5126 2940 5171 ut
2971 5118 3116 5187 apud
3170 5120 3306 5172 alias
3340 5117 3617 5173 Ecclesias
3649 5159 3665 5185 ,

2086 5191 2241 5244 novis
2294 5190 2488 5243 ritibus
2541 5190 2887 5257 locupletato.
2951 5188 3223 5242 Doctrina;
3273 5187 3521 5257 Gregorii
3593 5190 3665 5242 ita

2084 5269 2242 5313 erant
2274 5260 2498 5321 addicti,
2528 5266 2587 5311 ut
2636 5274 2761 5312 cum
2812 5275 3001 5313 eorum
3041 5261 3335 5328 episcopus
3398 5257 3668 5313 Sabellia-

2087 5333 2323 5383 nismum
2373 5332 2633 5383 indUcere
2687 5337 2939 5394 tentaret,
2997 5329 3245 5398 Gregorii
3293 5331 3483 5398 verbis
3511 5343 3666 5382 erro-

2087 5416 2198 5454 rem
2233 5407 2531 5470 praztexere
2562 5409 2871 5469 cogeretur.
2923 5398 3037 5470 Sed
3068 5397 3247 5453 tamen
3291 5397 3350 5451 in
3387 5400 3552 5451 rebus
3582 5399 3661 5452 le-

2084 5469 2253 5525 vioris
2283 5471 2539 5524 momenti
2568 5485 2678 5523 non
2732 5471 2803 5522 ita
2849 5469 3095 5523 dilIiciles
3127 5476 3303 5525 erant,
3358 5470 3456 5523 sed
3522 5484 3662 5519 non-

2086 5543 2233 5595 nulla
2266 5544 2333 5595 ad
2369 5556 2503 5595 usus
2546 5556 2679 5596 suos
2730 5541 3141 5608 adjunxerunt;
3178 5538 3663 5608 qualesgerantli-

2085 5616 2247 5665 taline
2312 5631 2324 5665 :
2387 5610 2548 5681 quale
2600 5619 2684 5665 est
2726 5605 2889 5665 etiam
2940 5612 3084 5678 quod
3143 5605 3335 5681 narrat
3362 5605 3663 5681 Gregorius

2084 5676 2421 5753 Νγεεειιιις»,⁷
2444 5682 2842 5737 oblectamenta
2886 5676 3136 5751 quaedam
3171 5697 3201 5734 a
3234 5676 3499 5750 Gregorio
3533 5694 3663 5732 cou-
