3862 6220
104 331 219 385 τεν

1035 309 1524 369 EPISTOLARUM
1560 306 1851 363 CLASSIS
1889 306 1956 362 ll.
2000 306 2220 362 EPIST.
2260 306 2418 364 CCX.

3279 305 3386 361 770

107 470 203 507 ται
226 469 243 482 θ
276 448 379 503 οὑκ
417 444 606 518 ᾠήθην
631 442 742 496 δεῖν
773 436 1039 512 περιιδεῖν
1078 437 1224 506 ὑμᾶς
1256 431 1452 505 γνώμῃ
1485 430 1701 501 πονηρᾷ

1830 444 1902 485 ⁷08
1950 428 2101 500 parvi
2134 428 2427 500 penderem
2470 424 2614 480 malo
2654 423 2840 479 animo
2883 421 3212 492 sordidaque
3252 437 3387 477 voce

110 546 210 600 καὶ
238 543 391 614 φωνῇ
425 536 651 611 ῥυπώσῃ
680 529 1101 600 διδασκομένους
1125 567 1139 591 ,
1172 526 1286 579 ἀλλ’
1323 525 1485 585 αὑτὸς
1528 525 1702 574 εἰπεῖν

108 636 184 689 τὰ
211 608 450 704 ἐμαυτοῦ
480 629 628 690 ὅπως
658 625 793 694 ἔχει.
846 619 989 688 Ἐγὼ
1031 618 1127 671 καὶ
1172 616 1260 669 διὰ
1284 617 1386 686 τὴν
1420 608 1485 666 ἐκ
1515 612 1704 675 παιδός

116 743 211 796 μοι
248 701 397 795 *πρὸς
449 720 509 772 τὸ
555 715 755 788 χωρίον
784 711 944 765 τοῦτο
974 707 1268 777 συνήθειαν
1305 703 1562 773 (ἐνταῦθα
1595 701 1704 772 γὰρ

112 818 363 889 ἐτράφην
392 812 541 884 παρὰ
569 812 635 881 τῇ
667 805 908 879 ἐμαυτοῦ
937 801 1093 871 τίτθῃ
1126 798 1242 870 [18]
1268 800 1285 867 )
1312 840 1326 863 ,
1373 800 1468 852 καὶ
1496 798 1583 852 διὰ
1605 798 1705 867 τὴν

118 911 263 982 μετὰ
314 907 485 961 ταῦτα
529 905 622 957 ἐπὶ
649 903 924 981 ,πλεῖστον
970 896 1287 968 διατριϐὴν,
1342 893 1430 946 ὅτε
1488 890 1705 959 φεύγων

112 1004 245 1064 τοὺς
289 997 597 1058 πολιτικοὺς
642 990 904 1064 θορύϐους
929 1031 943 1054 ,
978 986 1283 1058 ἐπιτήδειον
1340 983 1708 1055 ἐμφιλοσοφῆ-

117 1111 212 1147 σαι
242 1090 330 1145 διὰ
358 1090 457 1161 τὴν
496 1091 561 1142 ἐκ
585 1089 686 1158 τῆς
715 1084 951 1158 ἐρημίας
978 1082 1211 1153 ἡσυχίαν
1236 1079 1297 1131 τὺ
1327 1077 1526 1148 χωρίον
1548 1073 1707 1127 τοῦτο

115 1181 459 1254 καταμαθὼν
484 1221 498 1246 ,
537 1178 746 1233 πολλῶν
802 1175 939 1228 ἐτῶν
994 1172 1194 1241 ἐφεξῆς
1236 1166 1543 1239 ἐνδιέτριψα
1583 1165 1709 1237 χρό-

114 1294 210 1328 νον
232 1319 245 1329 .
278 1275 375 1328 καὶ
418 1273 505 1326 διὰ
529 1272 628 1342 τὴν
661 1270 756 1323 νῦν
789 1268 896 1321 τῶν
942 1265 1189 1335 ἀδελφῶν
1222 1261 1529 1329 ἐνοίκησιν,
1573 1257 1707 1327 βρα-

114 1367 276 1439 χείας
308 1364 583 1434 ἀναπνοῆς
628 1364 692 1415 ἐκ
726 1360 834 1412 τῶν
878 1355 1223 1427 κατεχουσῶν
1257 1354 1406 1424 ἡμᾶς
1442 1346 1709 1420 ἀσχολιῶν

116 1456 396 1527 ἐπιτυχὼν
416 1496 430 1519 ,
465 1457 698 1526 ἄσμενος
735 1449 896 1523 ἦλθον
925 1451 1018 1503 ἐπὶ
1055 1449 1152 1520 τὴν
1181 1445 1439 1518 ἐσχατιὰν
1467 1442 1671 1510 ταύτην
1692 1455 1705 1468 ·

116 1553 220 1622 οὑχ
264 1534 341 1613 ὡς
388 1548 594 1619 ἑτέροις
644 1544 892 1598 ἐντεῦθεν
926 1542 1231 1613 πράγματα
1273 1536 1560 1609 παρέξων,
1594 1533 1709 1587 ἀλλ’

118 1644 197 1706 ὡς
230 1641 395 1704 αὐτὸς
431 1640 531 1711 τὴν
571 1634 808 1709 ἐμαυτοῦ
843 1633 1199 1707 θεραπεύσων
1240 1629 1349 1701 19)
1391 1625 1707 1696 ἐπιθυμίαν.

189 1736 248 1790 2.
280 1733 347 1787 Τί
386 1728 478 1786 οῦν
523 1731 629 1803 χρὴ
676 1729 813 1799 πρὸς
867 1726 1110 1798 ὀνείρους
1164 1721 1566 1803 καταφεύγειν,
1620 1717 1714 1771 καὶ

118 1825 542 1896 ὀνειροσκόπους
590 1819 947 1893 μισθοῦσθαι,
996 1817 1091 1868 καὶ
1131 1817 1189 1867 ἐν
1227 1802 1364 1875 ’ταῖς
1409 1809 1712 1880 πανδήμοις

120 1918 436 1971 ἑστιάσεσιν
467 1915 614 1985 ἡμᾶς
642 1910 908 1965 ποιεῖσθαι
940 1907 1220 1978 παροίνιον
1253 1904 1532 1975 διήγημα;
1570 1898 1712 1967 Ἐγὼ

122 2007 255 2079 γὰρ,
283 2007 333 2058 εἰ
363 2004 458 2057 καὶ
482 2003 609 2074 παρ’
644 2000 825 2063 ἄλλοις
860 1998 1005 2052 τισὶν
1026 1992 1166 2066 ἦσαν
1192 1996 1249 2046 αἱ
1270 1991 1535 2052 διαϐολαὶ,
1569 1989 1713 2058 ὑμᾶς

126 2101 193 2153 ἂν
235 2098 336 2169 τῆς
372 2094 608 2168 ἐμαυτοῦ
652 2091 878 2163 γνώμης
927 2090 1211 2161 μάρτυρας
1252 2083 1710 2157 παρεστησάμην.

124 2191 239 2245 Καὶ
276 2190 372 2243 νῦν
411 2186 547 2254 ἀξιῶ
573 2185 750 2242 αὑτῶν
783 2183 1015 2236 ἕκαστον
1059 2180 1168 2233 τῶν
1209 2177 1453 2231 παλαιῶν
1493 2173 1714 2228 ἐκείνων

125 2282 583 2354 ἀναμνησθῆναι,
620 2280 709 2332 ὅτε
743 2276 929 2331 ἐκάλει
987 2274 1085 2345 μὲν
1140 2272 1288 2342 ἡμᾶς
1335 2272 1367 2340 ή
1428 2268 1581 2330 πόλις
1624 2266 1716 2319 ἐπὶ

124 2376 229 2447 τὴν
261 2374 374 2427 τῶν
403 2372 539 2425 νέων
571 2368 890 2440 ἐπιμέλειαν
910 2405 924 2428 ,
968 2362 1234 2435 πρεσϐεία
1284 2360 1341 2412 δὲ
1376 2358 1558 2430 παρῆν
1607 2357 1715 2409 τῶν

127 2469 263 2538 παρ’
296 2466 425 2535 ὑμῖν
456 2461 664 2534 ἀνδρῶν
690 2461 739 2513 οἱ
770 2462 827 2513 ἐν
854 2458 998 2511 τέλει
1020 2474 1033 2487 ο
1076 2454 1213 2527 μετὰ
1245 2453 1303 2506 δὲ
1331 2450 1505 2504 ταῦτα
1525 2489 1539 2512 ,
1567 2450 1717 2512 ὅπως

129 2537 407 2622 πανδημεὶ
446 2549 650 2611 πάντες
696 2544 1089 2616 περιχυθέντες
1124 2543 1308 2613 ἡμᾶς,
1348 2540 1400 2592 τί
1454 2539 1551 2609 μὲν
1597 2537 1719 2606 οὑχὶ

128 2645 397 2708 διδόντες;
436 2641 491 2694 τί
522 2640 579 2693 δέ
610 2640 707 2709 οὑχ
746 2635 1203 2707 ὑπισχνούμενοι;
1241 2634 1390 2703 ὅμως
1427 2630 1719 2699 κατασχεῖν

131 2737 283 2806 ἡμᾶς
307 2735 408 2787 οὑκ
441 2730 801 2803 ηδυνήθησαν.
847 2726 973 2789 Πῶς
1006 2722 1098 2779 οὖν
1145 2726 1175 2776 ὁ
1208 2723 1331 2775 τότε
1387 2719 1721 2788 καλούμενος

130 2829 230 2897 οὐχ
286 2824 580 2879 ὑπακούων
610 2861 625 2886 ,
686 2819 782 2876 νῦν
841 2818 1160 2889 ἐπεχείρουν
1218 2815 1449 2885 ἄκλητος
1507 2808 1722 2863 εἱσωθί-

133 2921 326 2986 ζεσθαι
369 2917 527 2988 (2θ);
583 2914 700 2978 πῶς
753 2913 810 2966 δὲ
861 2915 889 2965 ὁ
924 2911 1052 2973 τοὺς
1100 2904 1457 2967 ἐπαινοῦντάς
1510 2920 1578 2972 με
1628 2900 1725 2953 καὶ

133 3007 518 3080 θαυμάζοντας
561 3002 914 3073 ἀποφεύγων,
949 2998 1174 3070 ἔμελλον
1228 2996 1295 3049 ἂν
1360 2994 1455 3047 νῦν
1506 2991 1722 3045 διώκειν

1802 522 2042 585 edoceri,
2083 522 2175 576 sed
2209 531 2267 575 ut
2314 534 2434 575 mea
2484 518 2601 588 ipse
2642 518 2956 589 eloquerer,
3000 516 3279 588 quomodo
3327 530 3387 570 se

1804 614 2061 669 habeant.
2098 613 2360 683 Equidem
2391 620 2446 668 et
2479 610 2606 680 quia
2637 610 2767 666 huic
2797 610 2918 665 loco
2968 621 3224 667 assuetus
3258 624 3380 663 sum

1804 724 1833 763 a
1863 722 2032 777 puero
2057 707 2167 779 (hic
2188 707 2333 761 enim
2365 705 2506 777 apud
2532 704 2709 758 aviam
2736 717 2914 759 meam
2933 702 3199 757 educatus
3218 698 3385 771 sum),

1804 809 1859 853 et
1890 800 2018 866 quia
2058 798 2130 853 ibi
2173 806 2364 867 postea
2409 796 2598 866 perdiu
2650 808 2772 850 sum
2811 800 3184 848 commoratus
3209 831 3227 855 ,
3260 806 3388 860 cum

1805 890 1994 944 civiles
2022 889 2291 943 tumultus
2328 886 2563 958 fugiens,
2594 886 2647 939 in
2676 885 2780 938 hoc
2810 885 2953 949 loco,
2986 898 3149 953 quem
3183 882 3249 936 ad
3277 881 3393 951 phi-

1805 979 2206 1049 losophandum
2231 977 2302 1031 ob
2343 976 2654 1032 solitudinis
2692 973 2937 1044 quietum
2966 973 3222 1026 idoneum
3267 985 3392 1026 esse

1807 1082 2190 1139 cognoveram,
2217 1081 2392 1121 annos
2421 1065 2606 1134 plures
2629 1063 2924 1118 continuos
2954 1060 3311 1133 consumpsi;
3337 1067 3391 1114 ct

1808 1162 1936 1231 quia
1978 1161 2176 1215 fratres
2220 1173 2369 1213 nunc
2409 1158 2484 1212 ibi
2528 1157 2799 1221 habitant,
2832 1155 3052 1209 brevem
3083 1169 3112 1207 a
3154 1153 3390 1224 negotiis

1809 1252 2011 1322 quibus
2043 1253 2290 1306 detineor
2314 1293 2329 1318 ,
2364 1249 2789 1319 respirationem
2820 1256 3018 1302 nactus
3039 1287 3053 1313 ,
3092 1245 3288 1300 lubens
3322 1245 3387 1301 ad

1809 1345 1952 1398 hanc
1974 1343 2325 1399 solitudinem
2355 1343 2561 1398 accessi
2587 1360 2602 1408 ;
2639 1356 2745 1394 non
2779 1348 2836 1395 ut
2861 1339 2989 1394 inde
3021 1339 3143 1394 aliis
3174 1338 3388 1408 negotia

1810 1435 1975 1509 314
2001 1437 2315 1491 exhiberem
2337 1476 2353 1501 ,
2391 1434 2489 1491 sed
2518 1442 2576 1489 ut
2604 1448 2726 1489 meo
2761 1433 2877 1504 ipse
2910 1448 3116 1488 morem
3148 1445 3390 1503 gererem

1811 1527 2109 1583 desiderio.

1883 1700 1938 1755 2.
1971 1698 2113 1766 Quid
2151 1698 2320 1769 igitur
2357 1712 2497 1767 Opus
2524 1672 2609 1753 est
2634 1696 2701 1751 ad
2730 1695 2943 1752 somnia
2979 1692 3303 1765 confugere,
3341 1701 3396 1749 et
3450 1753 3453 1755 ί

1815 1795 2156 1850 somniorum
2193 1792 2574 1862 speculatores
2605 1791 2944 1854 conducere,
2979 1797 3035 1844 et
3072 1805 3173 1844 nos
3209 1790 3264 1843 in
3297 1805 3398 1860 pu-

1814 1890 1976 1945 blicis
2020 1886 2286 1942 conviviis
2332 1885 2475 1939 inter
2517 1883 2713 1953 pocula
2751 1881 2994 1936 fabulam
3041 1880 3258 1935 facere?
3286 1879 3398 1951 Ego

1814 1982 1959 2038 enim
1993 1981 2040 2036 si
2075 1979 2217 2051 apud
2244 1979 2382 2033 alios
2412 1977 2704 2031 calumniis
2729 1984 2962 2045 peterer,
2992 1989 3091 2029 vos
3122 1989 3255 2029 mete
3278 1990 3399 2028 sen-

1814 2075 1999 2130 tentiae
2064 2082 2228 2129 testes
2278 2073 2559 2126 citassem.
2628 2068 2694 2122 Et
2747 2084 2896 2122 nunc
2951 2083 3400 2137 unumquemque

1814 2174 2060 2222 vestrum
2090 2181 2244 2236 rogo,
2277 2175 2335 2218 ut
2357 2172 2540 2218 vetera
2564 2162 2653 2215 illa
2678 2162 2733 2214 in
2759 2161 3077 2215 memoriam
3105 2160 3398 2223 revocetis,

1817 2274 1941 2314 cum
1980 2273 2081 2312 nos
2112 2260 2307 2313 civitas
2340 2256 2409 2310 ad
2455 2270 2645 2310 curam
2679 2254 2946 2325 juvenum
2996 2251 3399 2321 suscipiendam

1816 2358 2059 2413 vocaret,
2101 2363 2166 2402 ac
2211 2348 2411 2418 legatio
2462 2347 2679 2401 adesset
2722 2345 3082 2414 optimatum:
3129 2342 3402 2414 quomodo

1817 2442 1980 2497 etiam
2034 2449 2221 2510 postea
2266 2455 2458 2495 omnes
2506 2440 2711 2509 passim
2755 2452 2858 2491 nos
2905 2434 3400 2497 circumsteterint,

1818 2533 1950 2604 quid
1987 2548 2095 2587 non
2120 2532 2351 2586 dantes?
2376 2529 2507 2601 quid
2543 2545 2650 2583 non
2685 2526 3043 2599 pollicentes?
3088 2542 3192 2580 nec
3220 2534 3402 2578 tamen

1818 2625 2063 2679 detinere
2107 2637 2210 2677 nos
2260 2620 2561 2691 potuerint.
2608 2618 2896 2686 Quomodo
2939 2617 3106 2688 igitur
3144 2616 3234 2685 qui
3274 2623 3404 2668 tunc

1819 2726 2048 2774 vocatus
2076 2732 2283 2771 morem
2320 2730 2431 2769 non
2468 2715 2613 2786 gessi
2642 2753 2656 2775 ,
2689 2726 2837 2765 nunc
2874 2726 2959 2765 me
3000 2710 3282 2764 intrudere
3311 2723 3406 2777 ag-

1821 2812 2079 2883 grederer
2107 2808 2438 2865 invocatus?
2467 2805 2746 2878 quomodo
2769 2805 2863 2875 qui
2889 2803 3178 2856 laudantes
3206 2816 3291 2854 me
3323 2810 3407 2852 at-

1821 2920 1929 2976 que
1962 2902 2296 2957 admirantes
2330 2901 2639 2971 fugiebam,
2673 2912 2819 2951 nunc
2848 2895 3249 2950 calumniantes
3283 2906 3409 2962 per-

1824 2995 2131 3066 sequerer?
2160 2994 2273 3049 lloc
2309 2996 2364 3047 in
2391 2992 2635 3046 animum
2670 3006 2738 3043 ne
2768 2987 3043 3042 inducatis
3067 3029 3081 3053 ,
3115 3001 3149 3040 ο
3180 2984 3405 3055 optimi;

134 3078 261 3165 τοὺς
309 3098 733 3162 διαϐάλλοντας
769 3095 860 3165 Μὴ
907 3092 1130 3163 οἱηθῆτε
1162 3130 1176 3154 ,
1226 3083 1271 3141 ὦ
1323 3088 1570 3159 ἄριστοι·
1626 3083 1722 3152 οὐχ

1830 3105 1938 3145 non
1961 3091 2034 3142 ita
2059 3088 2195 3143 viles
2217 3095 2346 3141 sunt
2369 3100 2457 3139 res
2480 3092 2703 3139 nostrae.
2725 3080 2911 3151 Neque
2926 3079 3070 3134 enim
3093 3078 3407 3149 quisquam,

135 3194 309 3258 οὑτως
333 3191 508 3245 εὑωνα
542 3190 653 3260 (21)
678 3189 748 3241 τὰ
781 3186 1044 3258 ἡμέτερα.
1078 3180 1215 3235 Οὔτε
1243 3180 1351 3251 γὰρ
1383 3180 1447 3232 ἄν
1477 3194 1562 3239 τις
1588 3177 1723 3228 ἀκυ-

138 3286 405 3359 ϐερνήτου
435 3282 621 3336 πλοίου
667 3276 962 3349 σωφρονῶν
1014 3273 1278 3342 ἐπιϐαίη,
1317 3269 1442 3323 οὔτε
1492 3267 1722 3336 Ἐκκλη-

140 3358 231 3450 σία
265 3374 603 3448 παραϐάλοι,
706 3371 795 3423 τὸν
820 3367 1064 3421 κλύδωνα
1098 3364 1191 3418 καὶ
1219 3362 1318 3433 τὴν
1360 3360 1527 3430 ζάλην
1572 3358 1724 3412 οιὺηιο)⁸

140 3448 311 3524 οίήέπὶ
338 3468 447 3521 τῶν
474 3466 676 3520 οἰάκων
706 3460 1061 3531 καθεζόμενοι
1085 3454 1392 3526 ἐμποιοῦσι.
1420 3450 1589 3504 Πόθεν
1616 3448 1725 3520 γὰρ

141 3564 331 3633 γέγονε
360 3559 590 3630 θορύϐου
623 3556 889 3628 πλήρηςή
924 3550 1077 3614 πόλις
1099 3590 1114 3612 ,
1144 3549 1232 3601 ὅτε
1266 3549 1314 3599 οἱ
1344 3545 1443 3615 μὲν
1471 3543 1723 3613 ἔφευγον,

142 3655 355 3718 οὑδενδς
392 3652 713 3713 διώκοντος,
765 3648 813 3700 οἱ
849 3646 906 3698 δὲ
955 3641 1266 3712 ὑπεξῄεσαν
1302 3636 1413 3709 (22)
1438 3675 1452 3699 ,
1514 3634 1728 3695 οὐδενὸς

144 3747 418 3808 ἐπιόντος
480 3739 850 3815 χρησμολόγοι
906 3736 965 3789 δὲ
1015 3734 1110 3786 καὶ
1164 3727 1539 3799 ὀνειροσκόποι
1594 3723 1729 3775 πάν-

141 3858 234 3904 τες
268 3837 383 3909 (25)
417 3830 923 3905 ἐμορμολὺττοντος
962 3825 1127 3879 πόθεν
1166 3821 1389 3876 ἄλλοθεν
1417 3818 1625 3882 ταῦτα;
1659 3817 1729 3868 Ἢ

144 3932 264 4001 οὐχὶ
295 3927 391 3983 καὶ
417 3925 571 3979 παιδὶ
598 3920 877 3993 γνώριμον
898 3958 913 3982 ,
943 3918 1026 3971 ὅτι
1053 3917 1119 3968 ἐκ
1152 3914 1259 3968 τῶν
1285 3910 1607 3984 ἡγουμένων
1635 3906 1727 3960 τοῦ

146 3999 417 4092 πλήθουςς
460 4009 535 4069 ὧν
566 4013 665 4077 τὰς
714 4012 892 4074 αἰτίας
940 4008 1042 4078 τῆς
1077 4006 1277 4078 ἔχθρας
1325 4002 1449 4073 ἐμοὶ
1502 4001 1599 4071 μὲν
1630 3999 1731 4051 οὑκ

146 4110 422 4183 εὐπρεπὲς
460 4106 640 4173 λέγειν
665 4145 680 4168 ,
722 4104 852 4173 ὑμῖν
882 4102 939 4153 δὲ
969 4099 1199 4170 συνορᾷν
1224 4096 1317 4148 καὶ
1352 4093 1495 4147 πάνυ
1526 4091 1727 4162 ῥᾴδιον.

148 4179 318 4273 Ὅταν
342 4197 452 4268 γὰρ
486 4199 519 4265 ἡ
570 4193 668 4265 μὲν
714 4192 910 4262 πικρία
937 4190 1032 4244 καὶ
1063 4190 1095 4257 ἡ
1130 4186 1412 4246 διάστασις
1459 4179 1731 4260 μηδεμίαν

147 4297 262 4369 ἔχοι
430 4288 736 4360 ὑπερϐολὴν
766 4289 847 4350 εἰς
879 4284 1250 4357 χαλεπότητα,
1282 4280 1315 4349 ἡ
1343 4279 1399 4331 δὲ
1423 4277 1523 4346 τῆς
1551 4275 1733 4337 αἰτίας

147 4367 409 4457 ἐξήγησις
447 4381 818 4440 ἀνυπόστατος
871 4371 1150 4435 παντελῶς
1195 4370 1291 4423 καὶ
1329 4367 1732 4433 καταγέλαστος

1828 3186 1875 3241 si
1920 3184 2132 3254 sapiat,
2174 3182 2452 3252 navigium
2485 3180 2854 3249 gubernatore
2909 3174 3231 3229 destitutum
3279 3183 3410 3221 con-

1829 3273 2090 3336 scendet,
2118 3286 2297 3341 neque
2328 3268 2395 3322 ad
2431 3268 2727 3322 Ecclesiam
2764 3265 3006 3327 accedet,
3043 3262 3097 3314 in
3141 3274 3249 3329 qua
3274 3269 3411 3313 tem~

1825 3372 2094 3435 pestatem
2124 3378 2189 3417 ac
2219 3362 2512 3432 procellam
2544 3360 2620 3413 illi
2660 3360 2786 3428 ipsi,
2827 3356 2921 3426 qui
2960 3354 3028 3408 ad
3073 3354 3288 3408 clavum
3324 3366 3411 3404 se-

1828 3457 1979 3521 dent,
2011 3457 2274 3512 excitant.
2321 3453 2478 3508 Unde
2512 3452 2657 3507 enim
2707 3449 2920 3505 exstitit
2972 3446 3208 3501 tumultu
3254 3443 3412 3513 plena

1829 3550 2045 3608 civitas.
2078 3564 2201 3603 cum
2229 3547 2480 3618 fugerent
2508 3545 2623 3607 alii,
2656 3543 2875 3596 nemine
2905 3544 3287 3609 persequente,
3317 3533 3411 3587 alii
3492 3600 3499 3605 _

1828 3640 2138 3696 clanculum
2178 3637 2566 3708 egrederentur
2589 3674 2604 3698 ,
2639 3633 2855 3686 nemine
2888 3628 3180 3683 invadente
3206 3665 3220 3689 ,
3252 3624 3413 3677 arioli

1828 3748 1960 3787 vero
2008 3740 2062 3786 et
2117 3730 2456 3785 somniorum
2511 3728 2839 3794 interpretes
2894 3733 3088 3775 omnes
3144 3715 3447 3770 terrorem‘

1831 3822 2187 3895 spargerent?
2227 3837 2291 3874 ex
2328 3835 2437 3889 qua
2493 3818 2599 3871 alia
2662 3815 2775 3869 haec
2827 3811 3033 3868 causa?
3084 3807 3276 3863 Nonne
3330 3806 3414 3860 vel

1834 3932 2001 3987 puero
2034 3921 2372 3983 compertum
2403 3927 2469 3965 ex
2517 3909 2703 3979 populi
2730 3905 2964 3961 ducibus
2989 3902 3148 3959 esse?
3178 3914 3415 3971 quorum

1833 4007 2133 4064 inimicitia:
2156 4019 2352 4059 causas
2380 4004 2509 4056 mihi
2536 4001 2754 4071 quidem
2786 4013 2895 4051 non
2926 3996 3183 4049 decorum
3210 3992 3415 4055 dicere,

1833 4101 1989 4155 vobis
2019 4114 2149 4154 vero
2193 4096 2497 4166 intelligere
2553 4092 2778 4148 omnind
2824 4090 2984 4144 facile
3029 4094 3136 4143 est.
3184 4084 3418 4153 Quando

1833 4193 1979 4249 enim
2022 4190 2294 4245 acerbitas
2327 4195 2381 4242 et
2417 4185 2696 4243 discordia
2744 4184 2810 4238 ad
2859 4190 3165 4237 extremum
3196 4178 3421 4233 saevitiae

1834 4284 2117 4340 cumulum
2145 4280 2552 4351 perducuntur,
2586 4290 2768 4332 causa!
2789 4282 2971 4328 autem
3003 4271 3272 4341 expositio
3301 4270 3419 4323 ina-

1837 4377 1923 4431 nis
1952 4389 2181 4446 prorsus
2212 4380 2298 4428 est
2335 4380 2392 4427 et
2442 4368 2675 4446 ridicula
2700 4407 2716 4432 ,
2747 4365 3074 4420 manifestus
3126 4370 3211 4419 est
3249 4360 3417 4416 animi

426 4478 545 4527 ἐστι
575 4473 674 4544 τῆς
696 4469 877 4541 ψυχῆς
911 4467 972 4520 τὸ
1005 4464 1349 4538 ἀρρώστημα
1374 4500 1388 4524 ,
1430 4454 1722 4528 ἀλλοτρίοις

1841 4472 2067 4524 morbus
2090 4507 2105 4530 ,
2144 4465 2341 4521 alienis
2375 4463 2597 4534 quidem
2620 4444 2797 4515 Ibonis
2844 4457 3239 4528 superveniens
3262 4494 3277 4521 ,
3322 4455 3420 4511 sed

154 4547 255 4640 μὲν
299 4567 528 4635 ἀγαθοῖς
580 4559 974 4632 ἐπισυμϐαῖνον
996 4597 1011 4620 ,
1059 4556 1260 4609 οἰκεῖον
1318 4551 1376 4605 δέ
1430 4550 1524 4603 καὶ
1582 4547 1736 4618 πρῶ-

149 4637 242 4718 τον
265 4661 380 4728 (25)
414 4658 585 4713 κακὸν
617 4656 861 4727 ὑπάρχον
893 4649 971 4722 τῷ
995 4646 1342 4718 κεκτημένῳ.
1375 4637 1472 4705 Οἷς
1496 4642 1588 4695 καὶ
1610 4639 1747 4695 ἄλλο

151 4754 306 4825 δήτι
340 4754 532 4824 χάριεν
563 4748 876 4819 πρόσεστιν.
932 4740 1332 4813 Ἀμυσσόμενοι
1382 4736 1493 4806 γὰρ
1547 4734 1605 4785 ἐν
1658 4731 1739 4802 τῷ

154 4824 307 4915 βάθει
364 4844 459 4896 καὶ
512 4838 881 4909 ὀδυνώμενοι,
938 4833 1240 4904 ἐκλαλῆσαι
1293 4828 1392 4896 τὴν
1449 4824 1738 4897 συμφοοὰεί

222 5002 334 5075 (18)
389 5000 580 5075 Τίτθῃ,
633 4997 803 5055 Coisl.
869 4995 1366 5075 primusmetun'us
1402 4986 1738 5075 Aefhﬂegiis

152 5058 490 5146 τήθῃ,’(ιιιο‹1
522 5058 665 5125 idem
694 5058 921 5146 prorsus
948 5062 1242 5146 significat.
1271 5058 1585 5146 H‘icautenr
1616 5074 1737 5146 per:

155 5127 535 5215 spiciiur'nest
556 5156 665 5194 non
694 5127 965 5193 nutricem
997 5127 1027 5188 Ξ
1063 5132 1266 5215 B_asilio
1305 5127 1610 5215 designari,
1641 5127 1737 5182 sed

154 5198 330 5269 aviam
372 5211 692 5273 Macrinam,
726 5225 753 5262 a
794 5223 902 5279 qua
935 5221 994 5260 se
1040 5204 1332 5260 educatum
1365 5198 1536 5253 fuisse
1570 5211 1739 5268 supra

154 5286 369 5340 dicebat
400 5285 454 5335 in
484 5282 645 5350 epist.
676 5279 803 5334 204.

223 5340 781 5438 (⁸19)Θεραῖττεύσων.
825 5343 1084 5401 Nonnulli
1132 5340 1353 5398 codices
1395 5357 1529 5396 mss.
1572 5340 1738 5412 θερα-

155 5440 357 5477 πευων.

222 5494 338 5566 (29)
359 5486 800 5566 Elawltsgﬂaf.
828 5483 919 5540 Sic
919 5499 1066 5566 315s.
1091 5487 1236 5566 octo,
1258 5496 1358 5550 pro
1369 5478 1596 5566 eoquod
1620 5487 1740 5566 erat

156 5550 408 5620 in‘edi'tis
457 5557 863 5621 εἰσοικίζεσθαι.
914 5554 1085 5607 Paulo
1136 5560 1264 5621 ante
1315 5551 1447 5621 editi
1496 5550 1740 5621 minoia]

157 5617 472 5688 ὑπακούων.
501 5617 825 5684 οθεει“ίιιιιά
849 5623 942 5678 καί
973 5624 1028 5677 in
1060 5620 1347 5677 codicibus
1381 5619 1558 5684 θυι,
1592 5617 1733 5674 Med.

156 5712 209 5757 et
241 5704 421 5757 tribus
453 5701 579 5755 aliis
605 5706 658 5753 et
686 5697 928 5752 editione
971 5690 1338 5763 Haganpensi.

225 5756 338 5849 (ait)
370 5773 602 5827 Εὔωνα.
629 5766 779 5823 Harl.
808 5773 861 5823 et
888 5778 1029 5820 unus
1052 5756 1119 5819 ἐκ
1151 5760 1335 5831 Regiis
1362 5758 1525 5813 ἕωλα.
1562 5756 1734 5815 Paulo

1840 4559 2204 4614 domesticum
2256 4570 2321 4610 ac
2365 4555 2602 4624 primum
2652 4551 2857 4605 malum
2891 4549 3235 4619 mgrotantis.
3273 4544 3419 4599 Inest

1839 4652 2007 4704 etiam
2041 4649 2153 4703 illis
2199 4646 2348 4701 aliud
2385 4645 2646 4715 lepidum.
2685 4642 2820 4699 Dum
2871 4642 3018 4701 enim
3049 4641 3425 4695 dilacerantur

1838 4743 2009 4803 intus,
2042 4748 2096 4795 et
2128 4738 2453 4794 cruciantur
2478 4775 2491 4800 ,
2522 4734 2892 4789 calamitatem
2934 4730 3166 4802 prodere
3200 4743 3294 4797 per
3322 4744 3421 4798 pu-

1838 4836 2027 4890 dorem
2056 4848 2163 4887 non
2198 4832 2343 4886 licet.
2371 4828 2550 4899 Atque
2574 4828 2689 4882 haec.
2713 4840 2902 4880 eorum
2929 4823 3096 4877 animi
3129 4822 3279 4877 labes
3309 4835 3420 4874 non

1838 4984 2127 5058 postiediti
2162 4980 2530 5058 ιιτίιιροιϐὁιλλοιζ
2562 4977 2667 5058 sex
2705 4984 2925 5058 m_s_s._ut
2956 4975 3009 5028 in
3047 4980 3222 5027 textu.

1910 5057 2022 5126 (22')
2068 5040 2452 5122 Ὑπεξῇεσαν.
2487 5048 2638 5102 llarl.
2668 5056 2722 5103 et
2755 5046 2896 5103 Med.
2927 5061 3052 5100 cum
3084 5058 3196 5101 uno
3221 5058 3289 5097 ex
3315 5040 3424 5096 Re-

1837 5126 2297 5213 glisnértséﬁecav.

1914 5198 2024 5266 (25)
2059 5187 2309 5259 Πᾶντες.
2359 5192 2502 5247 Editi
2542 5191 2772 5266 πάντας,
2797 5187 3079 5266 λιειηὺιεηι
3124 5201 3236 5266 non,
3260 5193 3424 5266 τεῖνε·
3486 5213 3496 5221 -

1839 5255 1977 5331 rent,
2010 5255 2235 5337 excepta
2265 5255 2471 5337 tamen
2496 5262 2737 5337 editione
2772 5257 3145 5337 _Haganoensi
3191 5255 3426 5337 (rt-Basi-

1842 5326 2014 5396 leensi
2059 5326 2257 5407 prima.
2306 5334 2504 5407 Lectio
2524 5334 2636 5387 haec
2682 5330 2817 5407 satis
2864 5326 3148 5395 c'ommryg
3185 5326 3423 5389 videtur,

1842 5409 1937 5467 sed
1969 5403 2119 5462 nullo
2150 5421 2377 5476 prorsus
2408 5403 2953 5476 nititur_codice_rns.

1914 5480 2024 5551 (ιιι)
2064 5470 2255 5551 Ἔχιὲ.
2280 5476 2351 5529 lta
2370 5476 2547 5551 Hart,
2574 5472 2739 5551 Med?
2759 5470 2928 5551 poisl.
2952 5479 3183 5541 prtm‘u’s,
3205 5473 3258 5523 et
3282 5480 3426 5521 unus

1841 5540 2329 5619 eiRégiisZTres
2356 5545 2447 5619 alii
2476 5544 2594 5617 ἔχῃ.
2633 5542 2772 5597 Editi
2791 5540 2940 5619 ἔχει..

1915 5608 2431 5692 (25)έΠρῶτοκς-μ2
2462 5608 2590 5692 octo
2619 5628 2757 5692 _mss.
2790 5608 2929 5666 Editi
2970 5608 3223 5692 ﬁptb‘twc.
3256 5608 3428 5663 Paulo

1842 5682 1970 5763 post
1998 5682 2132 5747 editi
2163 5688 2259 5742 καὶ
2285 5684 2413 5742 ἄλλο
2447 5703 2521 5739 τι.
2554 5682 2722 5739 Iidem
2758 5699 2890 5739 mss.
2925 5692 2985 5738 ut
3021 5682 3076 5736 in
3106 5689 3280 5737 testu.
