  <div class='ocr_page' id='page_1' title='image "/cluster/home/n/w/nwhite01/storage/ocr_20150623/32/nnc1.0046978879/443.png"; bbox 0 0 3862 6220; ppageno 0'>
   <div class='ocr_carea' id='block_1_1' title="bbox 476 246 573 301">
    <p class='ocr_par' dir='ltr' id='par_1_1' title="bbox 476 246 573 301">
     <span class='ocr_line' id='line_1_1' title="bbox 476 246 573 301; baseline 0 0"><span class='ocrx_word' id='word_1_1' title='bbox 476 246 573 301; x_wconf 79' lang='grc'><strong>771</strong></span> 
     </span>
    </p>
   </div>
   <div class='ocr_carea' id='block_1_2' title="bbox 1812 249 2414 349">
    <p class='ocr_par' dir='ltr' id='par_1_2' title="bbox 1812 249 2414 349">
     <span class='ocr_line' id='line_1_2' title="bbox 1812 249 2414 349; baseline 0.007 -44"><span class='ocrx_word' id='word_1_2' title='bbox 1812 249 1869 305; x_wconf 88' lang='lat' dir='ltr'><strong>S.</strong></span> <span class='ocrx_word' id='word_1_3' title='bbox 1912 251 2157 307; x_wconf 76' lang='lat' dir='ltr'><strong>BASILII</strong></span> <span class='ocrx_word' id='word_1_4' title='bbox 2197 253 2414 349; x_wconf 31' lang='lat' dir='ltr'><strong>MAG?!</strong></span> 
     </span>
    </p>
   </div>
   <div class='ocr_carea' id='block_1_3' title="bbox 3635 256 3746 310">
    <p class='ocr_par' dir='ltr' id='par_1_3' title="bbox 3635 256 3746 310">
     <span class='ocr_line' id='line_1_3' title="bbox 3635 256 3746 310; baseline 0.018 -2"><span class='ocrx_word' id='word_1_5' title='bbox 3635 256 3746 310; x_wconf 72' lang='lat'><strong>772</strong></span> 
     </span>
    </p>
   </div>
   <div class='ocr_carea' id='block_1_4' title="bbox 474 366 2037 447">
    <p class='ocr_par' dir='ltr' id='par_1_4' title="bbox 474 366 2037 437">
     <span class='ocr_line' id='line_1_4' title="bbox 474 366 2037 437; baseline 0.003 -16"><span class='ocrx_word' id='word_1_6' title='bbox 474 381 539 421; x_wconf 80' lang='lat' dir='ltr'><strong>ex</strong></span> <span class='ocrx_word' id='word_1_7' title='bbox 571 366 639 420; x_wconf 90' lang='lat' dir='ltr'><strong>iis</strong></span> <span class='ocrx_word' id='word_1_8' title='bbox 669 366 870 430; x_wconf 90' lang='lat' dir='ltr'><strong>solum,</strong></span> <span class='ocrx_word' id='word_1_9' title='bbox 904 382 1026 437; x_wconf 76' lang='lat' dir='ltr'><strong>qua-</strong></span> <span class='ocrx_word' id='word_1_10' title='bbox 1057 367 1350 423; x_wconf 85' lang='lat' dir='ltr'><strong>adversum</strong></span> <span class='ocrx_word' id='word_1_11' title='bbox 1379 384 1480 424; x_wconf 90' lang='lat' dir='ltr'><strong>nos</strong></span> <span class='ocrx_word' id='word_1_12' title='bbox 1512 378 1630 422; x_wconf 86' lang='lat' dir='ltr'><strong>acta</strong></span> <span class='ocrx_word' id='word_1_13' title='bbox 1663 377 1814 433; x_wconf 90' lang='lat' dir='ltr'><strong>sunt,</strong></span> <span class='ocrx_word' id='word_1_14' title='bbox 1847 370 1943 425; x_wconf 89' lang='lat' dir='ltr'><strong>sed</strong></span> <span class='ocrx_word' id='word_1_15' title='bbox 1978 387 2037 425; x_wconf 75' lang='lat' dir='ltr'><strong>ex</strong></span> 
     </span>
    </p>
   </div>
   <div class='ocr_carea' id='block_1_5' title="bbox 2149 366 3745 447">
    <p class='ocr_par' dir='ltr' id='par_1_5' title="bbox 2149 370 3745 447">
     <span class='ocr_line' id='line_1_5' title="bbox 2149 370 3745 447; baseline -0.001 -20"><span class='ocrx_word' id='word_1_16' title='bbox 2149 374 2252 428; x_wconf 83' lang='grc' dir='ltr'>ὑπὸ</span> <span class='ocrx_word' id='word_1_17' title='bbox 2286 376 2385 446; x_wconf 86' lang='grc' dir='ltr'>τῆς</span> <span class='ocrx_word' id='word_1_18' title='bbox 2430 374 2695 446; x_wconf 78' lang='grc' dir='ltr'><strong>αἰσχύνης</strong></span> <span class='ocrx_word' id='word_1_19' title='bbox 2731 375 2830 428; x_wconf 81' lang='grc' dir='ltr'><strong>οὐκ</strong></span> <span class='ocrx_word' id='word_1_20' title='bbox 2859 375 3262 447; x_wconf 80' lang='grc' dir='ltr'>ὲπιτρέπονται.</span> <span class='ocrx_word' id='word_1_21' title='bbox 3300 374 3473 428; x_wconf 74' lang='grc' dir='ltr'>Τοῦτο</span> <span class='ocrx_word' id='word_1_22' title='bbox 3504 374 3613 444; x_wconf 81' lang='grc' dir='ltr'><strong>μὲν</strong></span> <span class='ocrx_word' id='word_1_23' title='bbox 3647 370 3745 426; x_wconf 63' lang='grc' dir='ltr'>οὖν</span> 
     </span>
    </p>
   </div>
   <div class='ocr_carea' id='block_1_6' title="bbox 475 455 2043 529">
    <p class='ocr_par' dir='ltr' id='par_1_6' title="bbox 475 455 2043 529">
     <span class='ocr_line' id='line_1_6' title="bbox 475 455 2043 529; baseline 0.003 -19"><span class='ocrx_word' id='word_1_24' title='bbox 475 455 683 525; x_wconf 83' lang='lat' dir='ltr'><strong>reliqua</strong></span> <span class='ocrx_word' id='word_1_25' title='bbox 711 458 871 511; x_wconf 88' lang='lat' dir='ltr'><strong>etiam</strong></span> <span class='ocrx_word' id='word_1_26' title='bbox 897 458 1006 511; x_wconf 88' lang='lat' dir='ltr'><strong>vita</strong></span> <span class='ocrx_word' id='word_1_27' title='bbox 1039 460 1388 528; x_wconf 76' lang='lat' dir='ltr'><strong>perspicitur.</strong></span> <span class='ocrx_word' id='word_1_28' title='bbox 1414 458 1569 525; x_wconf 84' lang='lat' dir='ltr'><strong>Quod</strong></span> <span class='ocrx_word' id='word_1_29' title='bbox 1601 459 1646 513; x_wconf 91' lang='lat' dir='ltr'><strong>si</strong></span> <span class='ocrx_word' id='word_1_30' title='bbox 1671 459 1833 513; x_wconf 88' lang='lat' dir='ltr'><strong>etiam</strong></span> <span class='ocrx_word' id='word_1_31' title='bbox 1859 461 2043 529; x_wconf 85' lang='lat' dir='ltr'><strong>ignota</strong></span> 
     </span>
    </p>
   </div>
   <div class='ocr_carea' id='block_1_7' title="bbox 473 549 2041 617">
    <p class='ocr_par' dir='ltr' id='par_1_7' title="bbox 473 549 2041 617">
     <span class='ocr_line' id='line_1_7' title="bbox 473 549 2041 617; baseline 0.002 -16"><span class='ocrx_word' id='word_1_32' title='bbox 473 556 643 609; x_wconf 79' lang='lat' dir='ltr'><strong>esset,</strong></span> <span class='ocrx_word' id='word_1_33' title='bbox 682 564 792 601; x_wconf 91' lang='lat' dir='ltr'><strong>non</strong></span> <span class='ocrx_word' id='word_1_34' title='bbox 828 563 1086 617; x_wconf 89' lang='lat' dir='ltr'><strong>magnum</strong></span> <span class='ocrx_word' id='word_1_35' title='bbox 1121 550 1283 603; x_wconf 84' lang='lat' dir='ltr'><strong>rebus</strong></span> <span class='ocrx_word' id='word_1_36' title='bbox 1311 550 1595 605; x_wconf 75' lang='lat' dir='ltr'><strong>accederet</strong></span> <span class='ocrx_word' id='word_1_37' title='bbox 1630 549 2041 604; x_wconf 72' lang='lat' dir='ltr'><strong>detrimentum.</strong></span> 
     </span>
    </p>
   </div>
   <div class='ocr_carea' id='block_1_8' title="bbox 471 637 2041 712">
    <p class='ocr_par' dir='ltr' id='par_1_8' title="bbox 471 637 2041 712">
     <span class='ocr_line' id='line_1_8' title="bbox 471 637 2041 712; baseline 0.003 -21"><span class='ocrx_word' id='word_1_38' title='bbox 471 637 843 693; x_wconf 87' lang='lat' dir='ltr'><strong>Certissimam</strong></span> <span class='ocrx_word' id='word_1_39' title='bbox 895 651 1074 694; x_wconf 91' lang='lat' dir='ltr'><strong>autem</strong></span> <span class='ocrx_word' id='word_1_40' title='bbox 1119 655 1335 695; x_wconf 83' lang='lat' dir='ltr'><strong>causam</strong></span> <span class='ocrx_word' id='word_1_41' title='bbox 1361 682 1375 705; x_wconf 90' lang='lat'><strong>,</strong></span> <span class='ocrx_word' id='word_1_42' title='bbox 1423 656 1522 694; x_wconf 78' lang='lat' dir='ltr'><strong>cur</strong></span> <span class='ocrx_word' id='word_1_43' title='bbox 1559 657 1911 712; x_wconf 80' lang='lat' dir='ltr'><strong>congressum</strong></span> <span class='ocrx_word' id='word_1_44' title='bbox 1941 658 2041 695; x_wconf 85' lang='lat' dir='ltr'><strong>no-</strong></span> 
     </span>
    </p>
   </div>
   <div class='ocr_carea' id='block_1_9' title="bbox 471 728 2042 802">
    <p class='ocr_par' dir='ltr' id='par_1_9' title="bbox 471 728 2042 802">
     <span class='ocr_line' id='line_1_9' title="bbox 471 728 2042 802; baseline 0.002 -20"><span class='ocrx_word' id='word_1_45' title='bbox 471 734 645 782; x_wconf 87' lang='lat' dir='ltr'><strong>strum</strong></span> <span class='ocrx_word' id='word_1_46' title='bbox 674 728 987 799; x_wconf 83' lang='lat' dir='ltr'><strong>fugiendum</strong></span> <span class='ocrx_word' id='word_1_47' title='bbox 1019 738 1300 792; x_wconf 75' lang='lat' dir='ltr'><strong>censeant,</strong></span> <span class='ocrx_word' id='word_1_48' title='bbox 1333 731 1569 802; x_wconf 86' lang='lat' dir='ltr'><strong>ignotam</strong></span> <span class='ocrx_word' id='word_1_49' title='bbox 1604 731 1837 786; x_wconf 81' lang='lat' dir='ltr'><strong>fortasse</strong></span> <span class='ocrx_word' id='word_1_50' title='bbox 1871 732 2042 801; x_wconf 84' lang='lat' dir='ltr'><strong>pluri-</strong></span> 
     </span>
    </p>
   </div>
   <div class='ocr_carea' id='block_1_10' title="bbox 470 817 1687 893">
    <p class='ocr_par' dir='ltr' id='par_1_10' title="bbox 470 817 1687 893">
     <span class='ocr_line' id='line_1_10' title="bbox 470 817 1687 893; baseline 0.002 -21"><span class='ocrx_word' id='word_1_51' title='bbox 470 817 576 872; x_wconf 83' lang='lat' dir='ltr'><strong>bus</strong></span> <span class='ocrx_word' id='word_1_52' title='bbox 599 828 860 885; x_wconf 85' lang='lat' dir='ltr'><strong>vestrum,</strong></span> <span class='ocrx_word' id='word_1_53' title='bbox 887 837 987 891; x_wconf 92' lang='lat' dir='ltr'><strong>ego</strong></span> <span class='ocrx_word' id='word_1_54' title='bbox 1011 822 1237 876; x_wconf 91' lang='lat' dir='ltr'><strong>docebo.</strong></span> <span class='ocrx_word' id='word_1_55' title='bbox 1273 824 1474 876; x_wconf 82' lang='lat' dir='ltr'><strong>Audite</strong></span> <span class='ocrx_word' id='word_1_56' title='bbox 1505 823 1687 893; x_wconf 90' lang='lat' dir='ltr'><strong>igitur.</strong></span> 
     </span>
    </p>
   </div>
   <div class='ocr_carea' id='block_1_11' title="bbox 540 1105 2039 1176">
    <p class='ocr_par' dir='ltr' id='par_1_11' title="bbox 540 1105 2039 1176">
     <span class='ocr_line' id='line_1_11' title="bbox 540 1105 2039 1176; baseline -0.001 -13"><span class='ocrx_word' id='word_1_57' title='bbox 540 1108 594 1163; x_wconf 72' lang='grc' dir='ltr'><strong>δ.</strong></span> <span class='ocrx_word' id='word_1_58' title='bbox 633 1105 788 1161; x_wconf 80' lang='lat' dir='ltr'><strong>Fidei</strong></span> <span class='ocrx_word' id='word_1_59' title='bbox 832 1108 1046 1163; x_wconf 80' lang='lat' dir='ltr'><strong>eversio</strong></span> <span class='ocrx_word' id='word_1_60' title='bbox 1091 1105 1231 1176; x_wconf 88' lang='lat' dir='ltr'><strong>apud</strong></span> <span class='ocrx_word' id='word_1_61' title='bbox 1287 1122 1385 1162; x_wconf 82' lang='lat' dir='ltr'><strong>vos</strong></span> <span class='ocrx_word' id='word_1_62' title='bbox 1426 1106 1773 1176; x_wconf 79' lang='lat' dir='ltr'><strong>excogitatur</strong></span> <span class='ocrx_word' id='word_1_63' title='bbox 1819 1105 2039 1161; x_wconf 91' lang='lat' dir='ltr'><strong>inimica</strong></span> 
     </span>
    </p>
   </div>
   <div class='ocr_carea' id='block_1_12' title="bbox 470 1197 2039 1271">
    <p class='ocr_par' dir='ltr' id='par_1_12' title="bbox 470 1197 2039 1271">
     <span class='ocr_line' id='line_1_12' title="bbox 470 1197 2039 1271; baseline -0.001 -17"><span class='ocrx_word' id='word_1_64' title='bbox 470 1200 787 1271; x_wconf 82' lang='lat' dir='ltr'><strong>apostolicis</strong></span> <span class='ocrx_word' id='word_1_65' title='bbox 827 1209 880 1252; x_wconf 91' lang='lat' dir='ltr'><strong>et</strong></span> <span class='ocrx_word' id='word_1_66' title='bbox 912 1200 1239 1269; x_wconf 80' lang='lat' dir='ltr'><strong>evangelicis</strong></span> <span class='ocrx_word' id='word_1_67' title='bbox 1280 1197 1582 1255; x_wconf 87' lang='lat' dir='ltr'><strong>doctrinis.</strong></span> <span class='ocrx_word' id='word_1_68' title='bbox 1616 1198 1834 1252; x_wconf 89' lang='lat' dir='ltr'><strong>inimica</strong></span> <span class='ocrx_word' id='word_1_69' title='bbox 1866 1199 2039 1252; x_wconf 87' lang='lat' dir='ltr'><strong>tradi-</strong></span> 
     </span>
    </p>
   </div>
   <div class='ocr_carea' id='block_1_13' title="bbox 469 1289 2041 1360">
    <p class='ocr_par' dir='ltr' id='par_1_13' title="bbox 469 1289 2041 1360">
     <span class='ocr_line' id='line_1_13' title="bbox 469 1289 2041 1360; baseline -0.003 -15"><span class='ocrx_word' id='word_1_70' title='bbox 469 1292 605 1346; x_wconf 89' lang='lat' dir='ltr'><strong>tioni</strong></span> <span class='ocrx_word' id='word_1_71' title='bbox 640 1292 882 1360; x_wconf 81' lang='lat' dir='ltr'><strong>Gregorii</strong></span> <span class='ocrx_word' id='word_1_72' title='bbox 915 1307 1039 1345; x_wconf 84' lang='lat' dir='ltr'><strong>vere</strong></span> <span class='ocrx_word' id='word_1_73' title='bbox 1070 1292 1270 1357; x_wconf 78' lang='lat' dir='ltr'><strong>magni,</strong></span> <span class='ocrx_word' id='word_1_74' title='bbox 1304 1301 1590 1352; x_wconf 89' lang='lat' dir='ltr'><strong>eteorum,</strong></span> <span class='ocrx_word' id='word_1_75' title='bbox 1628 1291 1717 1359; x_wconf 88' lang='lat' dir='ltr'><strong>qui</strong></span> <span class='ocrx_word' id='word_1_76' title='bbox 1742 1289 1789 1341; x_wconf 90' lang='lat' dir='ltr'><strong>ei</strong></span> <span class='ocrx_word' id='word_1_77' title='bbox 1822 1305 2041 1343; x_wconf 83' lang='lat' dir='ltr'><strong>succes-</strong></span> 
     </span>
    </p>
   </div>
   <div class='ocr_carea' id='block_1_14' title="bbox 470 1381 2041 1454">
    <p class='ocr_par' dir='ltr' id='par_1_14' title="bbox 470 1381 2041 1454">
     <span class='ocr_line' id='line_1_14' title="bbox 470 1381 2041 1454; baseline -0.004 -14"><span class='ocrx_word' id='word_1_78' title='bbox 470 1392 661 1441; x_wconf 84' lang='lat' dir='ltr'><strong>serunt</strong></span> <span class='ocrx_word' id='word_1_79' title='bbox 701 1399 874 1454; x_wconf 81' lang='lat' dir='ltr'><strong>uSque</strong></span> <span class='ocrx_word' id='word_1_80' title='bbox 909 1384 974 1437; x_wconf 88' lang='lat' dir='ltr'><strong>ad</strong></span> <span class='ocrx_word' id='word_1_81' title='bbox 1005 1384 1218 1436; x_wconf 89' lang='lat' dir='ltr'><strong>beatum</strong></span> <span class='ocrx_word' id='word_1_82' title='bbox 1251 1381 1578 1441; x_wconf 77' lang='lat' dir='ltr'><strong>Musonium,</strong></span> <span class='ocrx_word' id='word_1_83' title='bbox 1602 1381 1761 1449; x_wconf 81' lang='lat' dir='ltr'><strong>cuius</strong></span> <span class='ocrx_word' id='word_1_84' title='bbox 1798 1381 2041 1449; x_wconf 82' lang='lat' dir='ltr'><strong>profecto</strong></span> 
     </span>
    </p>
   </div>
   <div class='ocr_carea' id='block_1_15' title="bbox 469 1473 2037 1531">
    <p class='ocr_par' dir='ltr' id='par_1_15' title="bbox 469 1473 2037 1531">
     <span class='ocr_line' id='line_1_15' title="bbox 469 1473 2037 1531; baseline -0.004 -1"><span class='ocrx_word' id='word_1_85' title='bbox 469 1476 795 1531; x_wconf 88' lang='lat' dir='ltr'><strong>documenta</strong></span> <span class='ocrx_word' id='word_1_86' title='bbox 827 1477 1127 1529; x_wconf 89' lang='lat' dir='ltr'><strong>etiamnum</strong></span> <span class='ocrx_word' id='word_1_87' title='bbox 1171 1473 1224 1526; x_wconf 87' lang='lat' dir='ltr'><strong>in</strong></span> <span class='ocrx_word' id='word_1_88' title='bbox 1262 1474 1459 1528; x_wconf 81' lang='lat' dir='ltr'><strong>vestris</strong></span> <span class='ocrx_word' id='word_1_89' title='bbox 1500 1475 1725 1527; x_wconf 87' lang='lat' dir='ltr'><strong>auribus</strong></span> <span class='ocrx_word' id='word_1_90' title='bbox 1762 1482 2037 1525; x_wconf 87' lang='lat' dir='ltr'><strong>resonant.</strong></span> 
     </span>
    </p>
   </div>
   <div class='ocr_carea' id='block_1_16' title="bbox 469 1564 2040 1635">
    <p class='ocr_par' dir='ltr' id='par_1_16' title="bbox 469 1564 2040 1635">
     <span class='ocr_line' id='line_1_16' title="bbox 469 1564 2040 1635; baseline -0.001 -15"><span class='ocrx_word' id='word_1_91' title='bbox 469 1564 602 1620; x_wconf 83' lang='lat' dir='ltr'><strong>Nam</strong></span> <span class='ocrx_word' id='word_1_92' title='bbox 656 1566 873 1620; x_wconf 86' lang='lat' dir='ltr'><strong>Sabellii</strong></span> <span class='ocrx_word' id='word_1_93' title='bbox 924 1567 1123 1619; x_wconf 87' lang='lat' dir='ltr'><strong>malum</strong></span> <span class='ocrx_word' id='word_1_94' title='bbox 1146 1606 1160 1628; x_wconf 94' lang='lat'><strong>,</strong></span> <span class='ocrx_word' id='word_1_95' title='bbox 1195 1566 1323 1617; x_wconf 89' lang='lat' dir='ltr'><strong>olim</strong></span> <span class='ocrx_word' id='word_1_96' title='bbox 1362 1566 1577 1635; x_wconf 88' lang='lat' dir='ltr'><strong>quidem</strong></span> <span class='ocrx_word' id='word_1_97' title='bbox 1628 1574 1909 1628; x_wconf 76' lang='lat' dir='ltr'><strong>exortum,</strong></span> <span class='ocrx_word' id='word_1_98' title='bbox 1945 1565 2040 1619; x_wconf 86' lang='lat' dir='ltr'><strong>sed</strong></span> 
     </span>
    </p>
   </div>
   <div class='ocr_carea' id='block_1_17' title="bbox 467 1657 2040 1726">
    <p class='ocr_par' dir='ltr' id='par_1_17' title="bbox 467 1657 2040 1726">
     <span class='ocr_line' id='line_1_17' title="bbox 467 1657 2040 1726; baseline 0 -14"><span class='ocrx_word' id='word_1_99' title='bbox 467 1658 762 1712; x_wconf 83' lang='lat' dir='ltr'><strong>traditione</strong></span> <span class='ocrx_word' id='word_1_100' title='bbox 801 1657 979 1726; x_wconf 81' lang='lat' dir='ltr'><strong>magni</strong></span> <span class='ocrx_word' id='word_1_101' title='bbox 1031 1657 1178 1710; x_wconf 89' lang='lat' dir='ltr'><strong>illius</strong></span> <span class='ocrx_word' id='word_1_102' title='bbox 1221 1657 1322 1710; x_wconf 84' lang='lat' dir='ltr'><strong>viri</strong></span> <span class='ocrx_word' id='word_1_103' title='bbox 1368 1658 1733 1721; x_wconf 79' lang='lat' dir='ltr'><strong>exstinctum,</strong></span> <span class='ocrx_word' id='word_1_104' title='bbox 1771 1666 2040 1712; x_wconf 80' lang='lat' dir='ltr'><strong>conantur</strong></span> 
     </span>
    </p>
   </div>
   <div class='ocr_carea' id='block_1_18' title="bbox 467 1747 2044 1817">
    <p class='ocr_par' dir='ltr' id='par_1_18' title="bbox 467 1747 2044 1817">
     <span class='ocr_line' id='line_1_18' title="bbox 467 1747 2044 1817; baseline -0.003 -14"><span class='ocrx_word' id='word_1_105' title='bbox 467 1764 616 1803; x_wconf 87' lang='lat' dir='ltr'><strong>nunc</strong></span> <span class='ocrx_word' id='word_1_106' title='bbox 646 1748 734 1803; x_wconf 93' lang='lat' dir='ltr'><strong>isti</strong></span> <span class='ocrx_word' id='word_1_107' title='bbox 769 1762 1033 1802; x_wconf 87' lang='lat' dir='ltr'><strong>renovare</strong></span> <span class='ocrx_word' id='word_1_108' title='bbox 1055 1786 1068 1808; x_wconf 96' lang='lat'><strong>,</strong></span> <span class='ocrx_word' id='word_1_109' title='bbox 1098 1747 1188 1817; x_wconf 85' lang='lat' dir='ltr'><strong>qui</strong></span> <span class='ocrx_word' id='word_1_110' title='bbox 1225 1747 1352 1799; x_wconf 90' lang='lat' dir='ltr'><strong>dum</strong></span> <span class='ocrx_word' id='word_1_111' title='bbox 1386 1749 1580 1800; x_wconf 81' lang='lat' dir='ltr'><strong>timent</strong></span> <span class='ocrx_word' id='word_1_112' title='bbox 1613 1763 1680 1800; x_wconf 90' lang='lat' dir='ltr'><strong>ne</strong></span> <span class='ocrx_word' id='word_1_113' title='bbox 1710 1758 2007 1816; x_wconf 75' lang='lat' dir='ltr'><strong>arguantur</strong></span> <span class='ocrx_word' id='word_1_114' title='bbox 2030 1786 2044 1810; x_wconf 92' lang='lat'><strong>,</strong></span> 
     </span>
    </p>
   </div>
   <div class='ocr_carea' id='block_1_19' title="bbox 468 1835 2040 1908">
    <p class='ocr_par' dir='ltr' id='par_1_19' title="bbox 468 1835 2040 1908">
     <span class='ocr_line' id='line_1_19' title="bbox 468 1835 2040 1908; baseline -0.002 -13"><span class='ocrx_word' id='word_1_115' title='bbox 468 1840 683 1896; x_wconf 85' lang='lat' dir='ltr'><strong>somnia</strong></span> <span class='ocrx_word' id='word_1_116' title='bbox 729 1840 783 1892; x_wconf 91' lang='lat' dir='ltr'><strong>in</strong></span> <span class='ocrx_word' id='word_1_117' title='bbox 814 1854 915 1893; x_wconf 85' lang='lat' dir='ltr'><strong>nos</strong></span> <span class='ocrx_word' id='word_1_118' title='bbox 945 1836 1178 1908; x_wconf 84' lang='lat' dir='ltr'><strong>ﬁngunt.</strong></span> <span class='ocrx_word' id='word_1_119' title='bbox 1214 1835 1321 1891; x_wconf 84' lang='lat' dir='ltr'><strong>Vos</strong></span> <span class='ocrx_word' id='word_1_120' title='bbox 1354 1847 1535 1891; x_wconf 88' lang='lat' dir='ltr'><strong>autem</strong></span> <span class='ocrx_word' id='word_1_121' title='bbox 1568 1840 1747 1908; x_wconf 88' lang='lat' dir='ltr'><strong>capita</strong></span> <span class='ocrx_word' id='word_1_122' title='bbox 1781 1839 1874 1892; x_wconf 90' lang='lat' dir='ltr'><strong>illa</strong></span> <span class='ocrx_word' id='word_1_123' title='bbox 1913 1839 2040 1892; x_wconf 92' lang='lat' dir='ltr'><strong>vino</strong></span> 
     </span>
    </p>
   </div>
   <div class='ocr_carea' id='block_1_20' title="bbox 467 1931 2037 2004">
    <p class='ocr_par' dir='ltr' id='par_1_20' title="bbox 467 1931 2037 2004">
     <span class='ocr_line' id='line_1_20' title="bbox 467 1931 2037 2004; baseline -0.001 -19"><span class='ocrx_word' id='word_1_124' title='bbox 467 1940 689 2004; x_wconf 88' lang='lat' dir='ltr'><strong>gravata</strong></span> <span class='ocrx_word' id='word_1_125' title='bbox 719 1934 899 1985; x_wconf 90' lang='lat' dir='ltr'><strong>valere</strong></span> <span class='ocrx_word' id='word_1_126' title='bbox 917 1931 1195 2000; x_wconf 72' lang='lat' dir='ltr'><strong>iubentes,</strong></span> <span class='ocrx_word' id='word_1_127' title='bbox 1221 1946 1341 1999; x_wconf 71' lang='lat' dir='ltr'><strong>qua:</strong></span> <span class='ocrx_word' id='word_1_128' title='bbox 1365 1946 1461 1999; x_wconf 83' lang='lat' dir='ltr'><strong>per</strong></span> <span class='ocrx_word' id='word_1_129' title='bbox 1483 1932 1769 1999; x_wconf 86' lang='lat' dir='ltr'><strong>crapulam</strong></span> <span class='ocrx_word' id='word_1_130' title='bbox 1795 1940 2037 1992; x_wconf 81' lang='lat' dir='ltr'><strong>evectus,</strong></span> 
     </span>
    </p>
   </div>
   <div class='ocr_carea' id='block_1_21' title="bbox 468 2021 2037 2093">
    <p class='ocr_par' dir='ltr' id='par_1_21' title="bbox 468 2021 2037 2093">
     <span class='ocr_line' id='line_1_21' title="bbox 468 2021 2037 2093; baseline -0.001 -16"><span class='ocrx_word' id='word_1_131' title='bbox 468 2038 533 2077; x_wconf 87' lang='lat' dir='ltr'><strong>ac</strong></span> <span class='ocrx_word' id='word_1_132' title='bbox 562 2022 722 2093; x_wconf 79' lang='lat'><strong>315</strong></span> <span class='ocrx_word' id='word_1_133' title='bbox 757 2021 955 2075; x_wconf 88' lang='lat' dir='ltr'><strong>deinde</strong></span> <span class='ocrx_word' id='word_1_134' title='bbox 985 2032 1295 2076; x_wconf 73' lang='lat' dir='ltr'><strong>exarstuans</strong></span> <span class='ocrx_word' id='word_1_135' title='bbox 1323 2036 1491 2090; x_wconf 88' lang='lat' dir='ltr'><strong>vapor</strong></span> <span class='ocrx_word' id='word_1_136' title='bbox 1537 2021 1590 2073; x_wconf 89' lang='lat' dir='ltr'><strong>in</strong></span> <span class='ocrx_word' id='word_1_137' title='bbox 1628 2022 1745 2075; x_wconf 88' lang='lat' dir='ltr'><strong>visa</strong></span> <span class='ocrx_word' id='word_1_138' title='bbox 1781 2022 2037 2091; x_wconf 87' lang='lat' dir='ltr'><strong>impellit;</strong></span> 
     </span>
    </p>
   </div>
   <div class='ocr_carea' id='block_1_22' title="bbox 466 2112 2039 2183">
    <p class='ocr_par' dir='ltr' id='par_1_22' title="bbox 466 2112 2039 2183">
     <span class='ocr_line' id='line_1_22' title="bbox 466 2112 2039 2183; baseline -0.001 -15"><span class='ocrx_word' id='word_1_139' title='bbox 466 2130 496 2168; x_wconf 80' lang='lat' dir='ltr'><strong>a</strong></span> <span class='ocrx_word' id='word_1_140' title='bbox 521 2116 677 2169; x_wconf 90' lang='lat' dir='ltr'><strong>nobis</strong></span> <span class='ocrx_word' id='word_1_141' title='bbox 698 2116 788 2183; x_wconf 88' lang='lat' dir='ltr'><strong>qui</strong></span> <span class='ocrx_word' id='word_1_142' title='bbox 818 2115 1124 2183; x_wconf 82' lang='lat' dir='ltr'><strong>vigilamus,</strong></span> <span class='ocrx_word' id='word_1_143' title='bbox 1151 2124 1203 2168; x_wconf 87' lang='lat' dir='ltr'><strong>et</strong></span> <span class='ocrx_word' id='word_1_144' title='bbox 1233 2115 1303 2167; x_wconf 93' lang='lat' dir='ltr'><strong>ob</strong></span> <span class='ocrx_word' id='word_1_145' title='bbox 1332 2112 1421 2167; x_wconf 85' lang='lat' dir='ltr'><strong>Dei</strong></span> <span class='ocrx_word' id='word_1_146' title='bbox 1450 2113 1698 2165; x_wconf 82' lang='lat' dir='ltr'><strong>timorem</strong></span> <span class='ocrx_word' id='word_1_147' title='bbox 1726 2125 1904 2168; x_wconf 77' lang='lat' dir='ltr'><strong>tacere</strong></span> <span class='ocrx_word' id='word_1_148' title='bbox 1935 2130 2039 2167; x_wconf 91' lang='lat' dir='ltr'><strong>non</strong></span> 
     </span>
    </p>
   </div>
   <div class='ocr_carea' id='block_1_23' title="bbox 466 2203 2043 2277">
    <p class='ocr_par' dir='ltr' id='par_1_23' title="bbox 466 2203 2043 2277">
     <span class='ocr_line' id='line_1_23' title="bbox 466 2203 2043 2277; baseline -0.001 -16"><span class='ocrx_word' id='word_1_149' title='bbox 466 2222 784 2277; x_wconf 77' lang='lat' dir='ltr'><strong>possumus,</strong></span> <span class='ocrx_word' id='word_1_150' title='bbox 822 2206 1118 2275; x_wconf 88' lang='lat' dir='ltr'><strong>perniciem</strong></span> <span class='ocrx_word' id='word_1_151' title='bbox 1151 2217 1386 2259; x_wconf 77' lang='lat' dir='ltr'><strong>vestram</strong></span> <span class='ocrx_word' id='word_1_152' title='bbox 1412 2205 1615 2259; x_wconf 79' lang='lat' dir='ltr'><strong>audite.</strong></span> <span class='ocrx_word' id='word_1_153' title='bbox 1649 2203 1965 2260; x_wconf 85' lang='lat' dir='ltr'><strong>Judaismus</strong></span> <span class='ocrx_word' id='word_1_154' title='bbox 1990 2215 2043 2259; x_wconf 77' lang='lat' dir='ltr'><strong>et</strong></span> 
     </span>
    </p>
   </div>
   <div class='ocr_carea' id='block_1_24' title="bbox 467 2296 2039 2365">
    <p class='ocr_par' dir='ltr' id='par_1_24' title="bbox 467 2296 2039 2365">
     <span class='ocr_line' id='line_1_24' title="bbox 467 2296 2039 2365; baseline -0.003 -12"><span class='ocrx_word' id='word_1_155' title='bbox 467 2297 779 2353; x_wconf 87' lang='lat' dir='ltr'><strong>Sabelliana</strong></span> <span class='ocrx_word' id='word_1_156' title='bbox 832 2298 1095 2361; x_wconf 67' lang='lat' dir='ltr'><strong>haeresis,</strong></span> <span class='ocrx_word' id='word_1_157' title='bbox 1145 2297 1247 2349; x_wconf 86' lang='lat' dir='ltr'><strong>sub</strong></span> <span class='ocrx_word' id='word_1_158' title='bbox 1285 2296 1689 2349; x_wconf 83' lang='lat' dir='ltr'><strong>Cbristianismi</strong></span> <span class='ocrx_word' id='word_1_159' title='bbox 1755 2298 1935 2365; x_wconf 85' lang='lat' dir='ltr'><strong>specie</strong></span> <span class='ocrx_word' id='word_1_160' title='bbox 1987 2297 2039 2351; x_wconf 91' lang='lat' dir='ltr'><strong>in</strong></span> 
     </span>
    </p>
   </div>
   <div class='ocr_carea' id='block_1_25' title="bbox 464 2387 2039 2459">
    <p class='ocr_par' dir='ltr' id='par_1_25' title="bbox 464 2387 2039 2459">
     <span class='ocr_line' id='line_1_25' title="bbox 464 2387 2039 2459; baseline -0.003 -14"><span class='ocrx_word' id='word_1_161' title='bbox 464 2391 838 2459; x_wconf 85' lang='lat' dir='ltr'><strong>evangelicam</strong></span> <span class='ocrx_word' id='word_1_162' title='bbox 874 2390 1315 2458; x_wconf 70' lang='lat' dir='ltr'><strong>przedicationem</strong></span> <span class='ocrx_word' id='word_1_163' title='bbox 1354 2388 1586 2439; x_wconf 78' lang='lat' dir='ltr'><strong>inverta.</strong></span> <span class='ocrx_word' id='word_1_164' title='bbox 1619 2387 1720 2452; x_wconf 87' lang='lat' dir='ltr'><strong>Qui</strong></span> <span class='ocrx_word' id='word_1_165' title='bbox 1746 2389 1889 2440; x_wconf 85' lang='lat' dir='ltr'><strong>enim</strong></span> <span class='ocrx_word' id='word_1_166' title='bbox 1927 2404 2039 2442; x_wconf 86' lang='lat' dir='ltr'><strong>rem</strong></span> 
     </span>
    </p>
   </div>
   <div class='ocr_carea' id='block_1_26' title="bbox 464 2476 2042 2551">
    <p class='ocr_par' dir='ltr' id='par_1_26' title="bbox 464 2476 2042 2551">
     <span class='ocr_line' id='line_1_26' title="bbox 464 2476 2042 2551; baseline -0.003 -14"><span class='ocrx_word' id='word_1_167' title='bbox 464 2497 631 2538; x_wconf 81' lang='lat' dir='ltr'><strong>uuam</strong></span> <span class='ocrx_word' id='word_1_168' title='bbox 657 2521 672 2544; x_wconf 94' lang='lat'><strong>,</strong></span> <span class='ocrx_word' id='word_1_169' title='bbox 714 2482 963 2551; x_wconf 88' lang='lat' dir='ltr'><strong>personis</strong></span> <span class='ocrx_word' id='word_1_170' title='bbox 1001 2480 1396 2547; x_wconf 81' lang='lat' dir='ltr'><strong>multiplicem,</strong></span> <span class='ocrx_word' id='word_1_171' title='bbox 1429 2476 1641 2531; x_wconf 86' lang='lat' dir='ltr'><strong>Patrem</strong></span> <span class='ocrx_word' id='word_1_172' title='bbox 1674 2488 1726 2532; x_wconf 91' lang='lat' dir='ltr'><strong>et</strong></span> <span class='ocrx_word' id='word_1_173' title='bbox 1761 2478 1953 2531; x_wconf 83' lang='lat' dir='ltr'><strong>Filium</strong></span> <span class='ocrx_word' id='word_1_174' title='bbox 1988 2487 2042 2532; x_wconf 86' lang='lat' dir='ltr'><strong>et</strong></span> 
     </span>
    </p>
   </div>
   <div class='ocr_carea' id='block_1_27' title="bbox 465 2571 2044 2644">
    <p class='ocr_par' dir='ltr' id='par_1_27' title="bbox 465 2571 2044 2644">
     <span class='ocr_line' id='line_1_27' title="bbox 465 2571 2044 2644; baseline -0.004 -17"><span class='ocrx_word' id='word_1_175' title='bbox 465 2572 730 2644; x_wconf 83' lang='lat' dir='ltr'><strong>Spiritum</strong></span> <span class='ocrx_word' id='word_1_176' title='bbox 760 2585 1009 2627; x_wconf 84' lang='lat' dir='ltr'><strong>sanctum</strong></span> <span class='ocrx_word' id='word_1_177' title='bbox 1044 2571 1172 2624; x_wconf 88' lang='lat' dir='ltr'><strong>dicit</strong></span> <span class='ocrx_word' id='word_1_178' title='bbox 1200 2610 1213 2630; x_wconf 85' lang='lat'><strong>,</strong></span> <span class='ocrx_word' id='word_1_179' title='bbox 1250 2584 1525 2637; x_wconf 88' lang='lat' dir='ltr'><strong>unamque</strong></span> <span class='ocrx_word' id='word_1_180' title='bbox 1558 2571 1720 2621; x_wconf 90' lang='lat' dir='ltr'><strong>trium</strong></span> <span class='ocrx_word' id='word_1_181' title='bbox 1770 2573 1921 2639; x_wconf 91' lang='lat' dir='ltr'><strong>ponit</strong></span> <span class='ocrx_word' id='word_1_182' title='bbox 1948 2571 2044 2640; x_wconf 74' lang='lat' dir='ltr'><strong>hy-</strong></span> 
     </span>
    </p>
   </div>
   <div class='ocr_carea' id='block_1_28' title="bbox 465 2660 2043 2735">
    <p class='ocr_par' dir='ltr' id='par_1_28' title="bbox 465 2660 2043 2735">
     <span class='ocr_line' id='line_1_28' title="bbox 465 2660 2043 2735; baseline -0.002 -19"><span class='ocrx_word' id='word_1_183' title='bbox 465 2664 748 2735; x_wconf 88' lang='lat' dir='ltr'><strong>postasim,</strong></span> <span class='ocrx_word' id='word_1_184' title='bbox 774 2663 904 2731; x_wconf 91' lang='lat' dir='ltr'><strong>quid</strong></span> <span class='ocrx_word' id='word_1_185' title='bbox 930 2662 1077 2715; x_wconf 86' lang='lat' dir='ltr'><strong>aliud</strong></span> <span class='ocrx_word' id='word_1_186' title='bbox 1107 2662 1255 2722; x_wconf 81' lang='lat' dir='ltr'><strong>facit,</strong></span> <span class='ocrx_word' id='word_1_187' title='bbox 1282 2660 1384 2713; x_wconf 92' lang='lat' dir='ltr'><strong>nisi</strong></span> <span class='ocrx_word' id='word_1_188' title='bbox 1424 2661 1567 2727; x_wconf 89' lang='lat' dir='ltr'><strong>quod</strong></span> <span class='ocrx_word' id='word_1_189' title='bbox 1599 2660 1870 2729; x_wconf 84' lang='lat' dir='ltr'><strong>Unigenili</strong></span> <span class='ocrx_word' id='word_1_190' title='bbox 1904 2677 2043 2715; x_wconf 87' lang='lat' dir='ltr'><strong>sem-</strong></span> 
     </span>
    </p>
   </div>
   <div class='ocr_carea' id='block_1_29' title="bbox 463 2751 2044 2827">
    <p class='ocr_par' dir='ltr' id='par_1_29' title="bbox 463 2751 2044 2827">
     <span class='ocr_line' id='line_1_29' title="bbox 463 2751 2044 2827; baseline -0.001 -18"><span class='ocrx_word' id='word_1_191' title='bbox 463 2757 731 2827; x_wconf 89' lang='lat' dir='ltr'><strong>piternam</strong></span> <span class='ocrx_word' id='word_1_192' title='bbox 782 2766 937 2825; x_wconf 88' lang='lat' dir='ltr'><strong>negat</strong></span> <span class='ocrx_word' id='word_1_193' title='bbox 989 2753 1517 2823; x_wconf 70' lang='lat' dir='ltr'><strong>prazexsistentiam?</strong></span> <span class='ocrx_word' id='word_1_194' title='bbox 1561 2751 1728 2821; x_wconf 81' lang='lat' dir='ltr'><strong>Negat</strong></span> <span class='ocrx_word' id='word_1_195' title='bbox 1769 2764 1949 2806; x_wconf 89' lang='lat' dir='ltr'><strong>autem</strong></span> <span class='ocrx_word' id='word_1_196' title='bbox 1990 2762 2044 2807; x_wconf 88' lang='lat' dir='ltr'><strong>et</strong></span> 
     </span>
    </p>
   </div>
   <div class='ocr_carea' id='block_1_30' title="bbox 464 2843 2045 2918">
    <p class='ocr_par' dir='ltr' id='par_1_30' title="bbox 464 2843 2045 2918">
     <span class='ocr_line' id='line_1_30' title="bbox 464 2843 2045 2918; baseline -0.003 -15"><span class='ocrx_word' id='word_1_197' title='bbox 464 2848 926 2918; x_wconf 87' lang='lat' dir='ltr'><strong>dispensatorium</strong></span> <span class='ocrx_word' id='word_1_198' title='bbox 957 2846 1076 2914; x_wconf 83' lang='lat' dir='ltr'><strong>ejus</strong></span> <span class='ocrx_word' id='word_1_199' title='bbox 1103 2846 1168 2898; x_wconf 92' lang='lat' dir='ltr'><strong>ad</strong></span> <span class='ocrx_word' id='word_1_200' title='bbox 1196 2846 1443 2898; x_wconf 85' lang='lat' dir='ltr'><strong>homines</strong></span> <span class='ocrx_word' id='word_1_201' title='bbox 1471 2843 1784 2906; x_wconf 86' lang='lat' dir='ltr'><strong>adventum,</strong></span> <span class='ocrx_word' id='word_1_202' title='bbox 1812 2845 2045 2899; x_wconf 88' lang='lat' dir='ltr'><strong>descen-</strong></span> 
     </span>
    </p>
   </div>
   <div class='ocr_carea' id='block_1_31' title="bbox 465 2937 2043 3006">
    <p class='ocr_par' dir='ltr' id='par_1_31' title="bbox 465 2937 2043 3006">
     <span class='ocr_line' id='line_1_31' title="bbox 465 2937 2043 3006; baseline -0.003 -12"><span class='ocrx_word' id='word_1_203' title='bbox 465 2954 588 2994; x_wconf 88' lang='lat' dir='ltr'><strong>sum</strong></span> <span class='ocrx_word' id='word_1_204' title='bbox 624 2939 690 2993; x_wconf 89' lang='lat' dir='ltr'><strong>ad</strong></span> <span class='ocrx_word' id='word_1_205' title='bbox 731 2938 935 2993; x_wconf 83' lang='lat' dir='ltr'><strong>inferos</strong></span> <span class='ocrx_word' id='word_1_206' title='bbox 960 2979 975 3000; x_wconf 88' lang='lat'><strong>,</strong></span> <span class='ocrx_word' id='word_1_207' title='bbox 1010 2938 1467 2990; x_wconf 73' lang='lat' dir='ltr'><strong>resurrectionem</strong></span> <span class='ocrx_word' id='word_1_208' title='bbox 1496 2975 1510 2998; x_wconf 97' lang='lat'><strong>,</strong></span> <span class='ocrx_word' id='word_1_209' title='bbox 1543 2937 1848 3004; x_wconf 89' lang='lat' dir='ltr'><strong>judicium:</strong></span> <span class='ocrx_word' id='word_1_210' title='bbox 1884 2945 2043 3006; x_wconf 86' lang='lat' dir='ltr'><strong>negat</strong></span> 
     </span>
    </p>
   </div>
   <div class='ocr_carea' id='block_1_32' title="bbox 462 3024 2044 3099">
    <p class='ocr_par' dir='ltr' id='par_1_32' title="bbox 462 3024 2044 3099">
     <span class='ocr_line' id='line_1_32' title="bbox 462 3024 2044 3099; baseline -0.004 -14"><span class='ocrx_word' id='word_1_211' title='bbox 462 3033 623 3086; x_wconf 87' lang='lat' dir='ltr'><strong>etiam</strong></span> <span class='ocrx_word' id='word_1_212' title='bbox 656 3029 905 3099; x_wconf 90' lang='lat' dir='ltr'><strong>proprias</strong></span> <span class='ocrx_word' id='word_1_213' title='bbox 937 3027 1174 3096; x_wconf 88' lang='lat' dir='ltr'><strong>Spiritus</strong></span> <span class='ocrx_word' id='word_1_214' title='bbox 1219 3025 1585 3093; x_wconf 84' lang='lat' dir='ltr'><strong>Operationes.</strong></span> <span class='ocrx_word' id='word_1_215' title='bbox 1619 3024 1771 3093; x_wconf 80' lang='lat' dir='ltr'><strong>Apud</strong></span> <span class='ocrx_word' id='word_1_216' title='bbox 1815 3042 1911 3080; x_wconf 89' lang='lat' dir='ltr'><strong>vos</strong></span> <span class='ocrx_word' id='word_1_217' title='bbox 1946 3042 2044 3079; x_wconf 79' lang='lat' dir='ltr'><strong>au-</strong></span> 
     </span>
    </p>
   </div>
   <div class='ocr_carea' id='block_1_33' title="bbox 2150 465 3745 537">
    <p class='ocr_par' dir='ltr' id='par_1_33' title="bbox 2150 465 3745 537">
     <span class='ocr_line' id='line_1_33' title="bbox 2150 465 3745 537; baseline 0.001 -21"><span class='ocrx_word' id='word_1_218' title='bbox 2150 465 2247 517; x_wconf 72' lang='grc' dir='ltr'>οὖκ</span> <span class='ocrx_word' id='word_1_219' title='bbox 2284 467 2347 518; x_wconf 78' lang='grc' dir='ltr'>ἐκ</span> <span class='ocrx_word' id='word_1_220' title='bbox 2398 465 2507 519; x_wconf 84' lang='grc' dir='ltr'><strong>τῶν</strong></span> <span class='ocrx_word' id='word_1_221' title='bbox 2553 467 2691 537; x_wconf 78' lang='grc' dir='ltr'>πρὸς</span> <span class='ocrx_word' id='word_1_222' title='bbox 2739 468 2885 536; x_wconf 80' lang='grc' dir='ltr'>ἡμᾶς</span> <span class='ocrx_word' id='word_1_223' title='bbox 2922 467 3116 537; x_wconf 88' lang='grc' dir='ltr'>μόνον,</span> <span class='ocrx_word' id='word_1_224' title='bbox 3166 465 3303 520; x_wconf 77' lang='grc' dir='ltr'>ἀλλὰ</span> <span class='ocrx_word' id='word_1_225' title='bbox 3354 466 3449 519; x_wconf 80' lang='grc' dir='ltr'><strong>καὶ</strong></span> <span class='ocrx_word' id='word_1_226' title='bbox 3485 466 3605 518; x_wconf 80' lang='grc' dir='ltr'><strong>ἀπὸ</strong></span> <span class='ocrx_word' id='word_1_227' title='bbox 3646 465 3745 517; x_wconf 71' lang='grc' dir='ltr'><strong>’τόῦ</strong></span> 
     </span>
    </p>
   </div>
   <div class='ocr_carea' id='block_1_34' title="bbox 2149 557 3750 641">
    <p class='ocr_par' dir='ltr' id='par_1_34' title="bbox 2149 557 3750 641">
     <span class='ocr_line' id='line_1_34' title="bbox 2149 557 3750 641; baseline -0.001 -30"><span class='ocrx_word' id='word_1_228' title='bbox 2149 557 2335 612; x_wconf 77' lang='grc' dir='ltr'>λοιποῦ</span> <span class='ocrx_word' id='word_1_229' title='bbox 2372 559 2487 629; x_wconf 87' lang='grc' dir='ltr'>βίου</span> <span class='ocrx_word' id='word_1_230' title='bbox 2522 559 2801 641; x_wconf 79' lang='grc' dir='ltr'>γνώριμόν</span> <span class='ocrx_word' id='word_1_231' title='bbox 2837 561 2954 612; x_wconf 81' lang='grc' dir='ltr'>ἐστι</span> <span class='ocrx_word' id='word_1_232' title='bbox 2985 558 3085 629; x_wconf 84' lang='grc' dir='ltr'><strong>τῆς</strong></span> <span class='ocrx_word' id='word_1_233' title='bbox 3118 558 3296 630; x_wconf 78' lang='grc' dir='ltr'>ψυχῆς</span> <span class='ocrx_word' id='word_1_234' title='bbox 3323 557 3504 612; x_wconf 78' lang='grc' dir='ltr'>αὐτῶν</span> <span class='ocrx_word' id='word_1_235' title='bbox 3538 557 3602 609; x_wconf 53' lang='lat' dir='ltr'><strong>ea</strong></span> <span class='ocrx_word' id='word_1_236' title='bbox 3638 557 3750 610; x_wconf 76' lang='grc' dir='ltr'>πά-</span> 
     </span>
    </p>
   </div>
   <div class='ocr_carea' id='block_1_35' title="bbox 2149 648 3753 721">
    <p class='ocr_par' dir='ltr' id='par_1_35' title="bbox 2149 648 3753 721">
     <span class='ocr_line' id='line_1_35' title="bbox 2149 648 3753 721; baseline -0.001 -16"><span class='ocrx_word' id='word_1_237' title='bbox 2149 652 2336 719; x_wconf 79' lang='grc' dir='ltr'>θημα·</span> <span class='ocrx_word' id='word_1_238' title='bbox 2389 653 2435 703; x_wconf 80' lang='grc' dir='ltr'><strong>εί</strong></span> <span class='ocrx_word' id='word_1_239' title='bbox 2482 651 2539 703; x_wconf 82' lang='grc' dir='ltr'>δὲ</span> <span class='ocrx_word' id='word_1_240' title='bbox 2591 651 2683 703; x_wconf 78' lang='grc' dir='ltr'>καὶ</span> <span class='ocrx_word' id='word_1_241' title='bbox 2722 652 2968 719; x_wconf 81' lang='grc' dir='ltr'><strong>ἀγνοοῖτο</strong></span> <span class='ocrx_word' id='word_1_242' title='bbox 3000 651 3144 721; x_wconf 75' lang='grc'><strong>(26),</strong></span> <span class='ocrx_word' id='word_1_243' title='bbox 3194 651 3255 703; x_wconf 78' lang='grc' dir='ltr'><strong>οὐ</strong></span> <span class='ocrx_word' id='word_1_244' title='bbox 3299 650 3509 720; x_wconf 83' lang='grc' dir='ltr'>μεγάλη</span> <span class='ocrx_word' id='word_1_245' title='bbox 3559 648 3753 720; x_wconf 77' lang='grc' dir='ltr'>ζημία</span> 
     </span>
    </p>
   </div>
   <div class='ocr_carea' id='block_1_36' title="bbox 2146 741 3751 813">
    <p class='ocr_par' dir='ltr' id='par_1_36' title="bbox 2146 741 3751 813">
     <span class='ocr_line' id='line_1_36' title="bbox 2146 741 3751 813; baseline -0.001 -19"><span class='ocrx_word' id='word_1_246' title='bbox 2146 746 2258 807; x_wconf 91' lang='grc' dir='ltr'>τοῖς</span> <span class='ocrx_word' id='word_1_247' title='bbox 2310 744 2621 813; x_wconf 83' lang='grc' dir='ltr'><strong>πράγμασι.</strong></span> <span class='ocrx_word' id='word_1_248' title='bbox 2657 744 2767 813; x_wconf 84' lang='grc' dir='ltr'>Τὴν</span> <span class='ocrx_word' id='word_1_249' title='bbox 2805 742 2862 795; x_wconf 83' lang='grc' dir='ltr'>δὲ</span> <span class='ocrx_word' id='word_1_250' title='bbox 2911 741 3287 812; x_wconf 77' lang='grc' dir='ltr'><strong>ἀληθεστάτην</strong></span> <span class='ocrx_word' id='word_1_251' title='bbox 3334 741 3515 794; x_wconf 80' lang='grc' dir='ltr'>αἰτίαν</span> <span class='ocrx_word' id='word_1_252' title='bbox 3554 741 3630 792; x_wconf 78' lang='grc' dir='ltr'>δι’</span> <span class='ocrx_word' id='word_1_253' title='bbox 3679 742 3751 811; x_wconf 73' lang='grc' dir='ltr'>ἢν</span> 
     </span>
    </p>
   </div>
   <div class='ocr_carea' id='block_1_37' title="bbox 2148 832 3754 905">
    <p class='ocr_par' dir='ltr' id='par_1_37' title="bbox 2148 832 3754 905">
     <span class='ocr_line' id='line_1_37' title="bbox 2148 832 3754 905; baseline -0.001 -19"><span class='ocrx_word' id='word_1_254' title='bbox 2148 835 2387 904; x_wconf 80' lang='grc' dir='ltr'>φευκτὴν</span> <span class='ocrx_word' id='word_1_255' title='bbox 2435 834 2591 905; x_wconf 82' lang='grc' dir='ltr'>ἡμῶν</span> <span class='ocrx_word' id='word_1_256' title='bbox 2640 835 2740 903; x_wconf 78' lang='grc' dir='ltr'><strong>τὴν</strong></span> <span class='ocrx_word' id='word_1_257' title='bbox 2768 834 3057 904; x_wconf 75' lang='grc' dir='ltr'>συντυχίαν</span> <span class='ocrx_word' id='word_1_258' title='bbox 3105 833 3382 893; x_wconf 80' lang='grc' dir='ltr'>τίθενται,</span> <span class='ocrx_word' id='word_1_259' title='bbox 3432 832 3754 886; x_wconf 73' lang='grc' dir='ltr'>λανθάνον·</span> 
     </span>
    </p>
   </div>
   <div class='ocr_carea' id='block_1_38' title="bbox 2148 923 3749 997">
    <p class='ocr_par' dir='ltr' id='par_1_38' title="bbox 2148 923 3749 997">
     <span class='ocr_line' id='line_1_38' title="bbox 2148 923 3749 997; baseline -0.002 -19"><span class='ocrx_word' id='word_1_260' title='bbox 2148 943 2247 979; x_wconf 86' lang='grc' dir='ltr'><strong>σαν</strong></span> <span class='ocrx_word' id='word_1_261' title='bbox 2287 926 2417 990; x_wconf 81' lang='grc' dir='ltr'>ἴσως</span> <span class='ocrx_word' id='word_1_262' title='bbox 2462 927 2587 989; x_wconf 79' lang='grc' dir='ltr'>τοὺς</span> <span class='ocrx_word' id='word_1_263' title='bbox 2624 925 2851 989; x_wconf 79' lang='grc' dir='ltr'>πολλοὺς</span> <span class='ocrx_word' id='word_1_264' title='bbox 2906 925 3098 997; x_wconf 83' lang='grc' dir='ltr'>ὑμῶν.</span> <span class='ocrx_word' id='word_1_265' title='bbox 3143 923 3252 994; x_wconf 77' lang='grc' dir='ltr'>ἐγὼ</span> <span class='ocrx_word' id='word_1_266' title='bbox 3307 924 3524 991; x_wconf 77' lang='grc' dir='ltr'>διδάξω.</span> <span class='ocrx_word' id='word_1_267' title='bbox 3586 924 3749 976; x_wconf 80' lang='grc' dir='ltr'>Ἀλλ’</span> 
     </span>
    </p>
   </div>
   <div class='ocr_carea' id='block_1_39' title="bbox 2146 1018 2435 1071">
    <p class='ocr_par' dir='ltr' id='par_1_39' title="bbox 2146 1018 2435 1071">
     <span class='ocr_line' id='line_1_39' title="bbox 2146 1018 2435 1071; baseline 0 0"><span class='ocrx_word' id='word_1_268' title='bbox 2146 1018 2435 1071; x_wconf 76' lang='grc' dir='ltr'>ἀκούσατε.</span> 
     </span>
    </p>
   </div>
   <div class='ocr_carea' id='block_1_40' title="bbox 2216 1109 3743 1184">
    <p class='ocr_par' dir='ltr' id='par_1_40' title="bbox 2216 1109 3743 1184">
     <span class='ocr_line' id='line_1_40' title="bbox 2216 1109 3743 1184; baseline -0.002 -20"><span class='ocrx_word' id='word_1_269' title='bbox 2216 1111 2272 1165; x_wconf 76' lang='grc'>5.</span> <span class='ocrx_word' id='word_1_270' title='bbox 2296 1109 2537 1173; x_wconf 81' lang='grc' dir='ltr'><strong>Πίστεως</strong></span> <span class='ocrx_word' id='word_1_271' title='bbox 2567 1109 2862 1184; x_wconf 81' lang='grc' dir='ltr'>διαστροφὴ</span> <span class='ocrx_word' id='word_1_272' title='bbox 2895 1111 3023 1181; x_wconf 82' lang='grc' dir='ltr'>παρ’</span> <span class='ocrx_word' id='word_1_273' title='bbox 3053 1111 3181 1180; x_wconf 83' lang='grc' dir='ltr'>ὑμῖν</span> <span class='ocrx_word' id='word_1_274' title='bbox 3208 1109 3515 1179; x_wconf 74' lang='grc' dir='ltr'>μελετᾶται,</span> <span class='ocrx_word' id='word_1_275' title='bbox 3554 1109 3743 1181; x_wconf 75' lang='grc' dir='ltr'>ἐχθρὰ</span> 
     </span>
    </p>
   </div>
   <div class='ocr_carea' id='block_1_41' title="bbox 2150 1201 3746 1272">
    <p class='ocr_par' dir='ltr' id='par_1_41' title="bbox 2150 1201 3746 1272">
     <span class='ocr_line' id='line_1_41' title="bbox 2150 1201 3746 1272; baseline -0.001 -17"><span class='ocrx_word' id='word_1_276' title='bbox 2150 1203 2249 1272; x_wconf 82' lang='grc' dir='ltr'><strong>μὲν</strong></span> <span class='ocrx_word' id='word_1_277' title='bbox 2285 1206 2397 1266; x_wconf 89' lang='grc' dir='ltr'>τοῖς</span> <span class='ocrx_word' id='word_1_278' title='bbox 2433 1202 2809 1265; x_wconf 83' lang='grc' dir='ltr'>ἀποστολικοῖς</span> <span class='ocrx_word' id='word_1_279' title='bbox 2867 1202 2962 1253; x_wconf 76' lang='grc' dir='ltr'><strong>καὶ</strong></span> <span class='ocrx_word' id='word_1_280' title='bbox 3010 1201 3385 1269; x_wconf 71' lang='grc' dir='ltr'>εὖαγγελικοίς</span> <span class='ocrx_word' id='word_1_281' title='bbox 3434 1201 3746 1271; x_wconf 76' lang='grc' dir='ltr'><strong>δόγμασιν,</strong></span> 
     </span>
    </p>
   </div>
   <div class='ocr_carea' id='block_1_42' title="bbox 2147 1292 3747 1365">
    <p class='ocr_par' dir='ltr' id='par_1_42' title="bbox 2147 1292 3747 1365">
     <span class='ocr_line' id='line_1_42' title="bbox 2147 1292 3747 1365; baseline -0.001 -18"><span class='ocrx_word' id='word_1_282' title='bbox 2147 1294 2317 1365; x_wconf 75' lang='grc' dir='ltr'>ἐχθρὰ</span> <span class='ocrx_word' id='word_1_283' title='bbox 2355 1296 2413 1347; x_wconf 82' lang='grc' dir='ltr'>δὲ</span> <span class='ocrx_word' id='word_1_284' title='bbox 2469 1297 2536 1365; x_wconf 82' lang='grc' dir='ltr'>τῇ</span> <span class='ocrx_word' id='word_1_285' title='bbox 2588 1294 2882 1365; x_wconf 72' lang='grc' dir='ltr'><strong>παραδόσει</strong></span> <span class='ocrx_word' id='word_1_286' title='bbox 2938 1292 3033 1345; x_wconf 81' lang='grc' dir='ltr'>τοῦ</span> <span class='ocrx_word' id='word_1_287' title='bbox 3085 1294 3319 1363; x_wconf 78' lang='grc' dir='ltr'><strong>μεγάλου</strong></span> <span class='ocrx_word' id='word_1_288' title='bbox 3375 1294 3450 1356; x_wconf 84' lang='grc' dir='ltr'>ὡς</span> <span class='ocrx_word' id='word_1_289' title='bbox 3506 1292 3747 1362; x_wconf 80' lang='grc' dir='ltr'>ἀληθῶς</span> 
     </span>
    </p>
   </div>
   <div class='ocr_carea' id='block_1_43' title="bbox 2147 1382 3743 1457">
    <p class='ocr_par' dir='ltr' id='par_1_43' title="bbox 2147 1382 3743 1457">
     <span class='ocr_line' id='line_1_43' title="bbox 2147 1382 3743 1457; baseline -0.001 -20"><span class='ocrx_word' id='word_1_290' title='bbox 2147 1385 2186 1436; x_wconf 87' lang='grc' dir='ltr'><strong><em>Γ</em></strong></span> <span class='ocrx_word' id='word_1_291' title='bbox 2192 1386 2446 1457; x_wconf 85' lang='grc' dir='ltr'>ρηγορίου</span> <span class='ocrx_word' id='word_1_292' title='bbox 2473 1426 2489 1449; x_wconf 84' lang='grc'><em>,</em></span> <span class='ocrx_word' id='word_1_293' title='bbox 2519 1385 2615 1437; x_wconf 69' lang='grc' dir='ltr'>καὶ</span> <span class='ocrx_word' id='word_1_294' title='bbox 2646 1383 2754 1436; x_wconf 78' lang='grc' dir='ltr'><strong>τῶν</strong></span> <span class='ocrx_word' id='word_1_295' title='bbox 2804 1383 3004 1452; x_wconf 70' lang='grc' dir='ltr'>ἐφεξῆς</span> <span class='ocrx_word' id='word_1_296' title='bbox 3036 1384 3130 1436; x_wconf 75' lang='grc' dir='ltr'>ἀπ’</span> <span class='ocrx_word' id='word_1_297' title='bbox 3170 1383 3377 1436; x_wconf 74' lang='grc' dir='ltr'>ἐκείνου</span> <span class='ocrx_word' id='word_1_298' title='bbox 3426 1383 3595 1454; x_wconf 81' lang='grc' dir='ltr'>μέχρι</span> <span class='ocrx_word' id='word_1_299' title='bbox 3639 1382 3743 1436; x_wconf 70' lang='grc' dir='ltr'>τοῦ</span> 
     </span>
    </p>
   </div>
   <div class='ocr_carea' id='block_1_44' title="bbox 2150 1469 3741 1547">
    <p class='ocr_par' dir='ltr' id='par_1_44' title="bbox 2150 1469 3741 1547">
     <span class='ocr_line' id='line_1_44' title="bbox 2150 1469 3741 1547; baseline -0.003 -18"><span class='ocrx_word' id='word_1_300' title='bbox 2150 1477 2419 1547; x_wconf 80' lang='grc' dir='ltr'>μακαρίου</span> <span class='ocrx_word' id='word_1_301' title='bbox 2452 1475 2769 1529; x_wconf 85' lang='grc' dir='ltr'>Μουσωνίου</span> <span class='ocrx_word' id='word_1_302' title='bbox 2790 1491 2804 1504; x_wconf 74' lang='grc' dir='ltr'><strong>ο</strong></span> <span class='ocrx_word' id='word_1_303' title='bbox 2840 1469 2901 1529; x_wconf 74' lang='grc' dir='ltr'>οὗ</span> <span class='ocrx_word' id='word_1_304' title='bbox 2931 1474 2997 1527; x_wconf 84' lang='grc' dir='ltr'>τὰ</span> <span class='ocrx_word' id='word_1_305' title='bbox 3028 1474 3333 1545; x_wconf 83' lang='grc' dir='ltr'><strong>διδάγματα</strong></span> <span class='ocrx_word' id='word_1_306' title='bbox 3365 1473 3565 1527; x_wconf 74' lang='grc' dir='ltr'>ἔναυλα</span> <span class='ocrx_word' id='word_1_307' title='bbox 3596 1475 3741 1543; x_wconf 77' lang='grc' dir='ltr'>ὑμῖν</span> 
     </span>
    </p>
   </div>
   <div class='ocr_carea' id='block_1_45' title="bbox 2147 1564 3737 1636">
    <p class='ocr_par' dir='ltr' id='par_1_45' title="bbox 2147 1564 3737 1636">
     <span class='ocr_line' id='line_1_45' title="bbox 2147 1564 3737 1636; baseline -0.002 -16"><span class='ocrx_word' id='word_1_308' title='bbox 2147 1569 2293 1621; x_wconf 77' lang='grc' dir='ltr'>ἐστιν</span> <span class='ocrx_word' id='word_1_309' title='bbox 2326 1566 2408 1619; x_wconf 75' lang='grc' dir='ltr'>ἔτι</span> <span class='ocrx_word' id='word_1_310' title='bbox 2460 1567 2555 1620; x_wconf 76' lang='grc' dir='ltr'><strong>καὶ</strong></span> <span class='ocrx_word' id='word_1_311' title='bbox 2588 1566 2683 1619; x_wconf 82' lang='grc' dir='ltr'>νῦν</span> <span class='ocrx_word' id='word_1_312' title='bbox 2720 1565 2986 1636; x_wconf 85' lang='grc' dir='ltr'>δηλονότι.</span> <span class='ocrx_word' id='word_1_313' title='bbox 3036 1565 3108 1618; x_wconf 80' lang='grc' dir='ltr'>Τὸ</span> <span class='ocrx_word' id='word_1_314' title='bbox 3148 1565 3256 1636; x_wconf 85' lang='grc' dir='ltr'>γὰρ</span> <span class='ocrx_word' id='word_1_315' title='bbox 3300 1564 3393 1617; x_wconf 82' lang='grc' dir='ltr'>τοῦ</span> <span class='ocrx_word' id='word_1_316' title='bbox 3434 1564 3737 1617; x_wconf 76' lang='grc' dir='ltr'>Σαϐελλίου</span> 
     </span>
    </p>
   </div>
   <div class='ocr_carea' id='block_1_46' title="bbox 2148 1656 3740 1728">
    <p class='ocr_par' dir='ltr' id='par_1_46' title="bbox 2148 1656 3740 1728">
     <span class='ocr_line' id='line_1_46' title="bbox 2148 1656 3740 1728; baseline -0.001 -17"><span class='ocrx_word' id='word_1_317' title='bbox 2148 1658 2317 1711; x_wconf 77' lang='grc' dir='ltr'>κακὸν</span> <span class='ocrx_word' id='word_1_318' title='bbox 2338 1698 2352 1719; x_wconf 86' lang='grc'><em>,</em></span> <span class='ocrx_word' id='word_1_319' title='bbox 2385 1658 2553 1711; x_wconf 87' lang='grc' dir='ltr'>πάλαι</span> <span class='ocrx_word' id='word_1_320' title='bbox 2596 1658 2694 1728; x_wconf 82' lang='grc' dir='ltr'>μὲν</span> <span class='ocrx_word' id='word_1_321' title='bbox 2740 1656 2961 1728; x_wconf 76' lang='grc' dir='ltr'>κινηθὲν</span> <span class='ocrx_word' id='word_1_322' title='bbox 2982 1696 2997 1719; x_wconf 83' lang='grc'>,</span> <span class='ocrx_word' id='word_1_323' title='bbox 3029 1656 3393 1710; x_wconf 81' lang='grc' dir='ltr'>κατασϐεσθὲν</span> <span class='ocrx_word' id='word_1_324' title='bbox 3426 1656 3483 1709; x_wconf 80' lang='grc' dir='ltr'>δὲ</span> <span class='ocrx_word' id='word_1_325' title='bbox 3516 1660 3586 1727; x_wconf 78' lang='grc' dir='ltr'>τῇ</span> <span class='ocrx_word' id='word_1_326' title='bbox 3623 1674 3740 1710; x_wconf 87' lang='grc' dir='ltr'>πα-</span> 
     </span>
    </p>
   </div>
   <div class='ocr_carea' id='block_1_47' title="bbox 2080 1743 3734 1821">
    <p class='ocr_par' dir='ltr' id='par_1_47' title="bbox 2080 1743 3734 1821">
     <span class='ocr_line' id='line_1_47' title="bbox 2080 1743 3734 1821; baseline 0 -19"><span class='ocrx_word' id='word_1_327' title='bbox 2080 1743 2119 1796; x_wconf 87' lang='grc' dir='ltr'><strong>Β</strong></span> <span class='ocrx_word' id='word_1_328' title='bbox 2149 1750 2365 1821; x_wconf 86' lang='grc' dir='ltr'>ραδόσει</span> <span class='ocrx_word' id='word_1_329' title='bbox 2414 1749 2508 1801; x_wconf 79' lang='grc' dir='ltr'>τοῦ</span> <span class='ocrx_word' id='word_1_330' title='bbox 2562 1748 2800 1819; x_wconf 80' lang='grc' dir='ltr'>μεγάλου</span> <span class='ocrx_word' id='word_1_331' title='bbox 2845 1747 2999 1818; x_wconf 77' lang='grc'><strong>(27),</strong></span> <span class='ocrx_word' id='word_1_332' title='bbox 3050 1748 3386 1819; x_wconf 76' lang='grc' dir='ltr'>ἐπιχειροῦσι</span> <span class='ocrx_word' id='word_1_333' title='bbox 3437 1748 3534 1800; x_wconf 85' lang='grc' dir='ltr'>νῦν</span> <span class='ocrx_word' id='word_1_334' title='bbox 3592 1749 3734 1802; x_wconf 74' lang='grc' dir='ltr'>ἀνα-</span> 
     </span>
    </p>
   </div>
   <div class='ocr_carea' id='block_1_48' title="bbox 2142 1836 3735 1912">
    <p class='ocr_par' dir='ltr' id='par_1_48' title="bbox 2142 1836 3735 1912">
     <span class='ocr_line' id='line_1_48' title="bbox 2142 1836 3735 1912; baseline -0.001 -18"><span class='ocrx_word' id='word_1_335' title='bbox 2142 1841 2390 1894; x_wconf 81' lang='grc' dir='ltr'>νεοῦσθαι</span> <span class='ocrx_word' id='word_1_336' title='bbox 2415 1836 2580 1902; x_wconf 72' lang='grc' dir='ltr'>οὗτοι,</span> <span class='ocrx_word' id='word_1_337' title='bbox 2613 1842 2663 1893; x_wconf 80' lang='grc' dir='ltr'>οἱ</span> <span class='ocrx_word' id='word_1_338' title='bbox 2695 1839 2843 1910; x_wconf 78' lang='grc' dir='ltr'><strong>φόϐῳ</strong></span> <span class='ocrx_word' id='word_1_339' title='bbox 2868 1840 2976 1893; x_wconf 86' lang='grc' dir='ltr'>τῶν</span> <span class='ocrx_word' id='word_1_340' title='bbox 3004 1840 3241 1910; x_wconf 80' lang='grc' dir='ltr'>ἐλέγχων</span> <span class='ocrx_word' id='word_1_341' title='bbox 3269 1841 3394 1903; x_wconf 76' lang='grc' dir='ltr'>τοὺς</span> <span class='ocrx_word' id='word_1_342' title='bbox 3416 1841 3539 1893; x_wconf 78' lang='grc' dir='ltr'>καθ’</span> <span class='ocrx_word' id='word_1_343' title='bbox 3567 1841 3735 1912; x_wconf 77' lang='grc' dir='ltr'>ἡμῶν</span> 
     </span>
    </p>
   </div>
   <div class='ocr_carea' id='block_1_49' title="bbox 2141 1931 3724 2003">
    <p class='ocr_par' dir='ltr' id='par_1_49' title="bbox 2141 1931 3724 2003">
     <span class='ocr_line' id='line_1_49' title="bbox 2141 1931 3724 2003; baseline 0.003 -19"><span class='ocrx_word' id='word_1_344' title='bbox 2141 1931 2381 2002; x_wconf 83' lang='grc' dir='ltr'>ὀνείρους</span> <span class='ocrx_word' id='word_1_345' title='bbox 2414 1932 2759 1996; x_wconf 84' lang='grc' dir='ltr'>πλάττοντες.</span> <span class='ocrx_word' id='word_1_346' title='bbox 2810 1932 2947 1984; x_wconf 83' lang='grc' dir='ltr'>Ἀλλ’</span> <span class='ocrx_word' id='word_1_347' title='bbox 2978 1933 3135 2002; x_wconf 80' lang='grc' dir='ltr'>ὑμεῖς</span> <span class='ocrx_word' id='word_1_348' title='bbox 3163 1932 3260 1995; x_wconf 74' lang='grc' dir='ltr'>τὰς</span> <span class='ocrx_word' id='word_1_349' title='bbox 3289 1933 3594 2003; x_wconf 76' lang='grc' dir='ltr'>οἱνοδαρεῖς</span> <span class='ocrx_word' id='word_1_350' title='bbox 3633 1950 3724 1988; x_wconf 86' lang='grc' dir='ltr'>κε·</span> 
     </span>
    </p>
   </div>
   <div class='ocr_carea' id='block_1_50' title="bbox 2143 2022 3729 2095">
    <p class='ocr_par' dir='ltr' id='par_1_50' title="bbox 2143 2022 3729 2095">
     <span class='ocr_line' id='line_1_50' title="bbox 2143 2022 3729 2095; baseline 0.001 -20"><span class='ocrx_word' id='word_1_351' title='bbox 2143 2022 2336 2091; x_wconf 80' lang='grc' dir='ltr'>φαλάς,</span> <span class='ocrx_word' id='word_1_352' title='bbox 2377 2022 2443 2086; x_wconf 82' lang='grc' dir='ltr'>ἃς</span> <span class='ocrx_word' id='word_1_353' title='bbox 2476 2027 2503 2077; x_wconf 86' lang='grc' dir='ltr'>ὁ</span> <span class='ocrx_word' id='word_1_354' title='bbox 2530 2027 2592 2076; x_wconf 84' lang='grc' dir='ltr'><strong>ὲκ</strong></span> <span class='ocrx_word' id='word_1_355' title='bbox 2625 2025 2722 2090; x_wconf 79' lang='grc' dir='ltr'>τῆς</span> <span class='ocrx_word' id='word_1_356' title='bbox 2756 2023 3065 2094; x_wconf 82' lang='grc' dir='ltr'>κραιπάλης</span> <span class='ocrx_word' id='word_1_357' title='bbox 3091 2024 3495 2095; x_wconf 76' lang='grc' dir='ltr'>ἀναφερόμενος</span> <span class='ocrx_word' id='word_1_358' title='bbox 3523 2025 3729 2094; x_wconf 80' lang='grc' dir='ltr'>ἀτμὸς.</span> 
     </span>
    </p>
   </div>
   <div class='ocr_carea' id='block_1_51' title="bbox 2142 2110 3737 2186">
    <p class='ocr_par' dir='ltr' id='par_1_51' title="bbox 2142 2110 3737 2186">
     <span class='ocr_line' id='line_1_51' title="bbox 2142 2110 3737 2186; baseline 0.002 -20"><span class='ocrx_word' id='word_1_359' title='bbox 2142 2110 2260 2167; x_wconf 83' lang='grc' dir='ltr'>εἶτα</span> <span class='ocrx_word' id='word_1_360' title='bbox 2284 2116 2630 2185; x_wconf 77' lang='grc' dir='ltr'>ὲγκυμαίνων</span> <span class='ocrx_word' id='word_1_361' title='bbox 2662 2115 2770 2184; x_wconf 68' lang='grc'><strong>(28)</strong></span> <span class='ocrx_word' id='word_1_362' title='bbox 2791 2157 2802 2176; x_wconf 85' lang='grc'><em>,</em></span> <span class='ocrx_word' id='word_1_363' title='bbox 2836 2115 3245 2184; x_wconf 69' lang='grc' dir='ltr'>καταφαντάζει</span> <span class='ocrx_word' id='word_1_364' title='bbox 3266 2158 3281 2181; x_wconf 88' lang='grc'><em>,</em></span> <span class='ocrx_word' id='word_1_365' title='bbox 3317 2116 3526 2186; x_wconf 86' lang='grc' dir='ltr'>χαίρειν</span> <span class='ocrx_word' id='word_1_366' title='bbox 3555 2118 3737 2185; x_wconf 75' lang='grc' dir='ltr'>ἀφέν-</span> 
     </span>
    </p>
   </div>
   <div class='ocr_carea' id='block_1_52' title="bbox 2142 2205 3733 2278">
    <p class='ocr_par' dir='ltr' id='par_1_52' title="bbox 2142 2205 3733 2278">
     <span class='ocr_line' id='line_1_52' title="bbox 2142 2205 3733 2278; baseline 0.003 -21"><span class='ocrx_word' id='word_1_367' title='bbox 2142 2223 2231 2269; x_wconf 83' lang='grc' dir='ltr'><strong>τες</strong></span> <span class='ocrx_word' id='word_1_368' title='bbox 2256 2246 2269 2268; x_wconf 92' lang='grc'>,</span> <span class='ocrx_word' id='word_1_369' title='bbox 2323 2207 2475 2276; x_wconf 74' lang='grc' dir='ltr'>παρὰ</span> <span class='ocrx_word' id='word_1_370' title='bbox 2527 2205 2636 2258; x_wconf 84' lang='grc' dir='ltr'>τῶν</span> <span class='ocrx_word' id='word_1_371' title='bbox 2682 2207 3062 2277; x_wconf 76' lang='grc' dir='ltr'>ἐγρηγορότων</span> <span class='ocrx_word' id='word_1_372' title='bbox 3106 2208 3264 2278; x_wconf 78' lang='grc' dir='ltr'>ἡμῶν</span> <span class='ocrx_word' id='word_1_373' title='bbox 3310 2207 3420 2277; x_wconf 72' lang='grc'><strong>(29)</strong></span> <span class='ocrx_word' id='word_1_374' title='bbox 3448 2249 3463 2273; x_wconf 87' lang='grc'>,</span> <span class='ocrx_word' id='word_1_375' title='bbox 3501 2208 3600 2261; x_wconf 67' lang='grc' dir='ltr'>καὶ</span> <span class='ocrx_word' id='word_1_376' title='bbox 3634 2208 3733 2261; x_wconf 85' lang='grc' dir='ltr'><strong>διά</strong></span> 
     </span>
    </p>
   </div>
   <div class='ocr_carea' id='block_1_53' title="bbox 2141 2299 3733 2372">
    <p class='ocr_par' dir='ltr' id='par_1_53' title="bbox 2141 2299 3733 2372">
     <span class='ocr_line' id='line_1_53' title="bbox 2141 2299 3733 2372; baseline 0.003 -21"><span class='ocrx_word' id='word_1_377' title='bbox 2141 2299 2232 2351; x_wconf 84' lang='grc' dir='ltr'><strong>τὸν</strong></span> <span class='ocrx_word' id='word_1_378' title='bbox 2286 2299 2380 2351; x_wconf 78' lang='grc' dir='ltr'><strong>τοῦ</strong></span> <span class='ocrx_word' id='word_1_379' title='bbox 2425 2300 2559 2352; x_wconf 74' lang='grc' dir='ltr'>Θεοῦ</span> <span class='ocrx_word' id='word_1_380' title='bbox 2594 2299 2757 2367; x_wconf 74' lang='grc' dir='ltr'>φόϐον</span> <span class='ocrx_word' id='word_1_381' title='bbox 2792 2300 2867 2370; x_wconf 83' lang='grc' dir='ltr'>μὴ</span> <span class='ocrx_word' id='word_1_382' title='bbox 2910 2299 3223 2369; x_wconf 83' lang='grc' dir='ltr'>δυναμένων</span> <span class='ocrx_word' id='word_1_383' title='bbox 3257 2300 3583 2370; x_wconf 73' lang='grc' dir='ltr'>ἡσυχάζειν.</span> <span class='ocrx_word' id='word_1_384' title='bbox 3625 2302 3733 2372; x_wconf 74' lang='grc' dir='ltr'>τὴν</span> 
     </span>
    </p>
   </div>
   <div class='ocr_carea' id='block_1_54' title="bbox 2144 2388 3730 2460">
    <p class='ocr_par' dir='ltr' id='par_1_54' title="bbox 2144 2388 3730 2460">
     <span class='ocr_line' id='line_1_54' title="bbox 2144 2388 3730 2460; baseline 0.003 -21"><span class='ocrx_word' id='word_1_385' title='bbox 2144 2388 2348 2459; x_wconf 81' lang='grc' dir='ltr'>βλάϐην</span> <span class='ocrx_word' id='word_1_386' title='bbox 2381 2390 2535 2459; x_wconf 78' lang='grc' dir='ltr'>ὑμῶν</span> <span class='ocrx_word' id='word_1_387' title='bbox 2564 2389 2854 2442; x_wconf 76' lang='grc' dir='ltr'>ἀκούσατε.</span> <span class='ocrx_word' id='word_1_388' title='bbox 2905 2390 3251 2460; x_wconf 36' lang='grc' dir='ltr'>Ἰουδαῖσμόςν</span> <span class='ocrx_word' id='word_1_389' title='bbox 3275 2393 3422 2444; x_wconf 76' lang='grc' dir='ltr'>ἐστιν</span> <span class='ocrx_word' id='word_1_390' title='bbox 3464 2395 3492 2445; x_wconf 87' lang='grc' dir='ltr'><strong>ό</strong></span> <span class='ocrx_word' id='word_1_391' title='bbox 3517 2392 3730 2445; x_wconf 77' lang='grc' dir='ltr'>Σαϐελ-</span> 
     </span>
    </p>
   </div>
   <div class='ocr_carea' id='block_1_55' title="bbox 2141 2478 3732 2552">
    <p class='ocr_par' dir='ltr' id='par_1_55' title="bbox 2141 2478 3732 2552">
     <span class='ocr_line' id='line_1_55' title="bbox 2141 2478 3732 2552; baseline 0.003 -22"><span class='ocrx_word' id='word_1_392' title='bbox 2141 2478 2366 2549; x_wconf 86' lang='grc' dir='ltr'>λισμὸς,</span> <span class='ocrx_word' id='word_1_393' title='bbox 2414 2481 2470 2531; x_wconf 80' lang='grc' dir='ltr'><strong>ἐν</strong></span> <span class='ocrx_word' id='word_1_394' title='bbox 2505 2479 2854 2549; x_wconf 79' lang='grc' dir='ltr'>προσχήματι</span> <span class='ocrx_word' id='word_1_395' title='bbox 2902 2479 3331 2550; x_wconf 83' lang='grc' dir='ltr'>Χριστιανισμοῦ</span> <span class='ocrx_word' id='word_1_396' title='bbox 3370 2480 3449 2549; x_wconf 82' lang='grc' dir='ltr'>τῷ</span> <span class='ocrx_word' id='word_1_397' title='bbox 3486 2482 3732 2552; x_wconf 79' lang='grc' dir='ltr'>εὐαγγε-</span> 
     </span>
    </p>
   </div>
   <div class='ocr_carea' id='block_1_56' title="bbox 2141 2568 3732 2645">
    <p class='ocr_par' dir='ltr' id='par_1_56' title="bbox 2141 2568 3732 2645">
     <span class='ocr_line' id='line_1_56' title="bbox 2141 2568 3732 2645; baseline 0.002 -24"><span class='ocrx_word' id='word_1_398' title='bbox 2141 2568 2629 2645; x_wconf 56' lang='grc' dir='ltr'>λικῷοκηρύγματι</span> <span class='ocrx_word' id='word_1_399' title='bbox 2656 2570 3105 2640; x_wconf 76' lang='grc' dir='ltr'>ἐπεισαγόμενος.</span> <span class='ocrx_word' id='word_1_400' title='bbox 3149 2571 3206 2623; x_wconf 86' lang='grc' dir='ltr'>Ὀ</span> <span class='ocrx_word' id='word_1_401' title='bbox 3238 2570 3345 2641; x_wconf 78' lang='grc' dir='ltr'>γὰρ</span> <span class='ocrx_word' id='word_1_402' title='bbox 3377 2571 3435 2623; x_wconf 81' lang='grc' dir='ltr'>ἓν</span> <span class='ocrx_word' id='word_1_403' title='bbox 3486 2573 3732 2642; x_wconf 70' lang='grc' dir='ltr'>πρᾶγμα</span> 
     </span>
    </p>
   </div>
   <div class='ocr_carea' id='block_1_57' title="bbox 2142 2659 3729 2734">
    <p class='ocr_par' dir='ltr' id='par_1_57' title="bbox 2142 2659 3729 2734">
     <span class='ocr_line' id='line_1_57' title="bbox 2142 2659 3729 2734; baseline 0.001 -19"><span class='ocrx_word' id='word_1_404' title='bbox 2142 2662 2573 2732; x_wconf 78' lang='grc' dir='ltr'>πολυπρόσωπον</span> <span class='ocrx_word' id='word_1_405' title='bbox 2601 2662 2711 2730; x_wconf 81' lang='lat'><strong>(30)</strong></span> <span class='ocrx_word' id='word_1_406' title='bbox 2735 2659 2907 2729; x_wconf 73' lang='grc' dir='ltr'>λὲγων</span> <span class='ocrx_word' id='word_1_407' title='bbox 2932 2662 3150 2734; x_wconf 78' lang='grc' dir='ltr'>Πατέρα</span> <span class='ocrx_word' id='word_1_408' title='bbox 3176 2663 3269 2716; x_wconf 78' lang='grc' dir='ltr'><strong>καὶ</strong></span> <span class='ocrx_word' id='word_1_409' title='bbox 3294 2663 3417 2715; x_wconf 78' lang='grc' dir='ltr'>Υἱδν</span> <span class='ocrx_word' id='word_1_410' title='bbox 3447 2665 3543 2716; x_wconf 83' lang='grc' dir='ltr'><strong>καὶ</strong></span> <span class='ocrx_word' id='word_1_411' title='bbox 3569 2665 3729 2732; x_wconf 55' lang='lat' dir='ltr'><strong>am»</strong></span> 
     </span>
    </p>
   </div>
   <div class='ocr_carea' id='block_1_58' title="bbox 2142 2750 3732 2821">
    <p class='ocr_par' dir='ltr' id='par_1_58' title="bbox 2142 2750 3732 2821">
     <span class='ocr_line' id='line_1_58' title="bbox 2142 2750 3732 2821; baseline 0 -17"><span class='ocrx_word' id='word_1_412' title='bbox 2142 2751 2367 2821; x_wconf 75' lang='grc' dir='ltr'>Πνεῦμα</span> <span class='ocrx_word' id='word_1_413' title='bbox 2390 2791 2405 2815; x_wconf 86' lang='grc'><em>,</em></span> <span class='ocrx_word' id='word_1_414' title='bbox 2441 2751 2537 2803; x_wconf 78' lang='grc' dir='ltr'><strong>καὶ</strong></span> <span class='ocrx_word' id='word_1_415' title='bbox 2589 2752 2717 2820; x_wconf 87' lang='grc' dir='ltr'>μίαν</span> <span class='ocrx_word' id='word_1_416' title='bbox 2750 2750 2857 2804; x_wconf 84' lang='grc' dir='ltr'>τῶν</span> <span class='ocrx_word' id='word_1_417' title='bbox 2891 2750 3056 2821; x_wconf 79' lang='grc' dir='ltr'>τριῶν</span> <span class='ocrx_word' id='word_1_418' title='bbox 3106 2751 3205 2820; x_wconf 84' lang='grc' dir='ltr'>τὴν</span> <span class='ocrx_word' id='word_1_419' title='bbox 3246 2751 3543 2804; x_wconf 81' lang='grc' dir='ltr'>ὑπόστασιν</span> <span class='ocrx_word' id='word_1_420' title='bbox 3580 2752 3732 2804; x_wconf 79' lang='grc' dir='ltr'>ἐκτι-</span> 
     </span>
    </p>
   </div>
   <div class='ocr_carea' id='block_1_59' title="bbox 2142 2842 3730 2916">
    <p class='ocr_par' dir='ltr' id='par_1_59' title="bbox 2142 2842 3730 2916">
     <span class='ocr_line' id='line_1_59' title="bbox 2142 2842 3730 2916; baseline -0.001 -21"><span class='ocrx_word' id='word_1_421' title='bbox 2142 2843 2403 2913; x_wconf 78' lang='grc' dir='ltr'>θέμενος,</span> <span class='ocrx_word' id='word_1_422' title='bbox 2460 2842 2515 2894; x_wconf 83' lang='grc' dir='ltr'><strong>τί</strong></span> <span class='ocrx_word' id='word_1_423' title='bbox 2567 2843 2695 2895; x_wconf 85' lang='grc' dir='ltr'>ἀλλο</span> <span class='ocrx_word' id='word_1_424' title='bbox 2747 2846 2925 2904; x_wconf 86' lang='grc' dir='ltr'>ποιεῖ,</span> <span class='ocrx_word' id='word_1_425' title='bbox 2969 2843 3002 2914; x_wconf 86' lang='grc' dir='ltr'>ἢ</span> <span class='ocrx_word' id='word_1_426' title='bbox 3038 2843 3159 2912; x_wconf 66' lang='grc' dir='ltr'>οὐχ).</span> <span class='ocrx_word' id='word_1_427' title='bbox 3197 2844 3442 2913; x_wconf 83' lang='grc' dir='ltr'>ἀρνεῖται</span> <span class='ocrx_word' id='word_1_428' title='bbox 3485 2844 3586 2913; x_wconf 85' lang='grc' dir='ltr'>μὲν</span> <span class='ocrx_word' id='word_1_429' title='bbox 3624 2844 3730 2916; x_wconf 80' lang='grc' dir='ltr'><strong>τὴν</strong></span> 
     </span>
    </p>
   </div>
   <div class='ocr_carea' id='block_1_60' title="bbox 2143 2933 3728 3006">
    <p class='ocr_par' dir='ltr' id='par_1_60' title="bbox 2143 2933 3728 3006">
     <span class='ocr_line' id='line_1_60' title="bbox 2143 2933 3728 3006; baseline 0.001 -19"><span class='ocrx_word' id='word_1_430' title='bbox 2143 2934 2467 3005; x_wconf 72' lang='grc' dir='ltr'>πρωιὼνιον</span> <span class='ocrx_word' id='word_1_431' title='bbox 2516 2935 2611 2987; x_wconf 81' lang='grc' dir='ltr'>τοῦ</span> <span class='ocrx_word' id='word_1_432' title='bbox 2654 2934 2995 3003; x_wconf 78' lang='grc' dir='ltr'>Μονογενοῦς</span> <span class='ocrx_word' id='word_1_433' title='bbox 3046 2933 3320 3006; x_wconf 74' lang='grc' dir='ltr'>ὕπαρξινς</span> <span class='ocrx_word' id='word_1_434' title='bbox 3371 2937 3618 3006; x_wconf 82' lang='grc' dir='ltr'>ἀρνεῖται</span> <span class='ocrx_word' id='word_1_435' title='bbox 3668 2935 3728 2988; x_wconf 79' lang='grc' dir='ltr'><strong>δὲ</strong></span> 
     </span>
    </p>
   </div>
   <div class='ocr_carea' id='block_1_61' title="bbox 2143 3026 3728 3098">
    <p class='ocr_par' dir='ltr' id='par_1_61' title="bbox 2143 3026 3728 3098">
     <span class='ocr_line' id='line_1_61' title="bbox 2143 3026 3728 3098; baseline 0.002 -21"><span class='ocrx_word' id='word_1_436' title='bbox 2143 3028 2237 3078; x_wconf 76' lang='grc' dir='ltr'>καὶ</span> <span class='ocrx_word' id='word_1_437' title='bbox 2269 3027 2367 3096; x_wconf 82' lang='grc' dir='ltr'>τὴν</span> <span class='ocrx_word' id='word_1_438' title='bbox 2398 3027 2750 3097; x_wconf 84' lang='grc' dir='ltr'>οἰκονομικὴν</span> <span class='ocrx_word' id='word_1_439' title='bbox 2787 3026 2953 3080; x_wconf 80' lang='grc' dir='ltr'>αὐτοῦ</span> <span class='ocrx_word' id='word_1_440' title='bbox 2992 3027 3127 3098; x_wconf 83' lang='grc' dir='ltr'>πρὸς</span> <span class='ocrx_word' id='word_1_441' title='bbox 3176 3026 3501 3097; x_wconf 77' lang='grc' dir='ltr'>ἀνθρώπους</span> <span class='ocrx_word' id='word_1_442' title='bbox 3536 3027 3728 3097; x_wconf 73' lang='grc' dir='ltr'>ἐπιδη-</span> 
     </span>
    </p>
   </div>
   <div class='ocr_carea' id='block_1_62' title="bbox 465 3099 2037 3191">
    <p class='ocr_par' dir='ltr' id='par_1_62' title="bbox 465 3116 2037 3183">
     <span class='ocr_line' id='line_1_62' title="bbox 465 3116 2037 3183; baseline -0.004 -8"><span class='ocrx_word' id='word_1_443' title='bbox 465 3131 571 3177; x_wconf 79' lang='lat' dir='ltr'><strong>tein</strong></span> <span class='ocrx_word' id='word_1_444' title='bbox 595 3127 805 3175; x_wconf 89' lang='lat' dir='ltr'><strong>nuncet</strong></span> <span class='ocrx_word' id='word_1_445' title='bbox 827 3119 1117 3171; x_wconf 87' lang='lat' dir='ltr'><strong>audaciora</strong></span> <span class='ocrx_word' id='word_1_446' title='bbox 1136 3118 1298 3169; x_wconf 81' lang='lat' dir='ltr'><strong>audio</strong></span> <span class='ocrx_word' id='word_1_447' title='bbox 1312 3116 1533 3178; x_wconf 87' lang='lat' dir='ltr'><strong>tentari,</strong></span> <span class='ocrx_word' id='word_1_448' title='bbox 1553 3131 1714 3183; x_wconf 88' lang='lat' dir='ltr'><strong>quam</strong></span> <span class='ocrx_word' id='word_1_449' title='bbox 1740 3116 1809 3169; x_wconf 88' lang='lat' dir='ltr'><strong>ab</strong></span> <span class='ocrx_word' id='word_1_450' title='bbox 1832 3116 2037 3168; x_wconf 89' lang='lat' dir='ltr'><strong>insulso</strong></span> 
     </span>
    </p>
   </div>
   <div class='ocr_carea' id='block_1_63' title="bbox 2149 3099 3728 3191">
    <p class='ocr_par' dir='ltr' id='par_1_63' title="bbox 2149 3116 3728 3191">
     <span class='ocr_line' id='line_1_63' title="bbox 2149 3116 3728 3191; baseline 0.003 -23"><span class='ocrx_word' id='word_1_451' title='bbox 2149 3117 2309 3186; x_wconf 88' lang='grc' dir='ltr'>μίαν,</span> <span class='ocrx_word' id='word_1_452' title='bbox 2351 3116 2449 3187; x_wconf 80' lang='grc' dir='ltr'>τὴν</span> <span class='ocrx_word' id='word_1_453' title='bbox 2503 3118 2583 3181; x_wconf 77' lang='grc' dir='ltr'><strong>εἰς</strong></span> <span class='ocrx_word' id='word_1_454' title='bbox 2619 3117 2745 3187; x_wconf 75' lang='grc' dir='ltr'>ᾅδου</span> <span class='ocrx_word' id='word_1_455' title='bbox 2789 3117 3047 3182; x_wconf 83' lang='grc' dir='ltr'>κάθοδον,</span> <span class='ocrx_word' id='word_1_456' title='bbox 3105 3118 3201 3187; x_wconf 75' lang='grc' dir='ltr'><strong>τὴν</strong></span> <span class='ocrx_word' id='word_1_457' title='bbox 3236 3121 3534 3172; x_wconf 82' lang='grc' dir='ltr'>ἀνάστασιν</span> <span class='ocrx_word' id='word_1_458' title='bbox 3560 3159 3573 3180; x_wconf 89' lang='grc'><strong>,</strong></span> <span class='ocrx_word' id='word_1_459' title='bbox 3621 3119 3728 3191; x_wconf 69' lang='grc' dir='ltr'>τὴν</span> 
     </span>
    </p>
   </div>
   <div class='ocr_carea' id='block_1_64' title="bbox 465 3205 2035 3274">
    <p class='ocr_par' dir='ltr' id='par_1_64' title="bbox 465 3205 2035 3274">
     <span class='ocr_line' id='line_1_64' title="bbox 465 3205 2035 3274; baseline -0.006 -8"><span class='ocrx_word' id='word_1_460' title='bbox 465 3210 726 3267; x_wconf 88' lang='lat' dir='ltr'><strong>Sabellio.</strong></span> <span class='ocrx_word' id='word_1_461' title='bbox 764 3208 999 3262; x_wconf 83' lang='lat' dir='ltr'><strong>Narrant</strong></span> <span class='ocrx_word' id='word_1_462' title='bbox 1030 3208 1197 3269; x_wconf 90' lang='lat' dir='ltr'><strong>enim,</strong></span> <span class='ocrx_word' id='word_1_463' title='bbox 1232 3215 1289 3259; x_wconf 92' lang='lat' dir='ltr'><strong>ut</strong></span> <span class='ocrx_word' id='word_1_464' title='bbox 1324 3205 1566 3260; x_wconf 82' lang='lat' dir='ltr'><strong>referunt</strong></span> <span class='ocrx_word' id='word_1_465' title='bbox 1597 3205 1690 3274; x_wconf 90' lang='lat' dir='ltr'><strong>qui</strong></span> <span class='ocrx_word' id='word_1_466' title='bbox 1724 3205 2035 3266; x_wconf 89' lang='lat' dir='ltr'><strong>audierunt,</strong></span> 
     </span>
    </p>
   </div>
   <div class='ocr_carea' id='block_1_65' title="bbox 461 3298 2040 3368">
    <p class='ocr_par' dir='ltr' id='par_1_65' title="bbox 461 3298 2040 3368">
     <span class='ocr_line' id='line_1_65' title="bbox 461 3298 2040 3368; baseline -0.004 -10"><span class='ocrx_word' id='word_1_467' title='bbox 461 3300 787 3358; x_wconf 85' lang='lat' dir='ltr'><strong>contendere</strong></span> <span class='ocrx_word' id='word_1_468' title='bbox 803 3315 900 3354; x_wconf 90' lang='lat' dir='ltr'><strong>eos</strong></span> <span class='ocrx_word' id='word_1_469' title='bbox 917 3299 1008 3367; x_wconf 93' lang='lat' dir='ltr'><strong>qui</strong></span> <span class='ocrx_word' id='word_1_470' title='bbox 1033 3298 1171 3368; x_wconf 85' lang='lat' dir='ltr'><strong>apud</strong></span> <span class='ocrx_word' id='word_1_471' title='bbox 1197 3313 1291 3352; x_wconf 86' lang='lat' dir='ltr'><strong>vos</strong></span> <span class='ocrx_word' id='word_1_472' title='bbox 1314 3298 1585 3366; x_wconf 83' lang='lat' dir='ltr'><strong>sapientes</strong></span> <span class='ocrx_word' id='word_1_473' title='bbox 1608 3304 1759 3358; x_wconf 86' lang='lat' dir='ltr'><strong>sunt,</strong></span> <span class='ocrx_word' id='word_1_474' title='bbox 1781 3311 1841 3349; x_wconf 89' lang='lat' dir='ltr'><strong>ac</strong></span> <span class='ocrx_word' id='word_1_475' title='bbox 1859 3298 2040 3352; x_wconf 68' lang='lat' dir='ltr'><strong>dicere</strong></span> 
     </span>
    </p>
   </div>
   <div class='ocr_carea' id='block_1_66' title="bbox 463 3385 2040 3458">
    <p class='ocr_par' dir='ltr' id='par_1_66' title="bbox 463 3385 2040 3458">
     <span class='ocr_line' id='line_1_66' title="bbox 463 3385 2040 3458; baseline -0.006 -10"><span class='ocrx_word' id='word_1_476' title='bbox 463 3393 721 3448; x_wconf 87' lang='lat' dir='ltr'><strong>traditum</strong></span> <span class='ocrx_word' id='word_1_477' title='bbox 747 3406 854 3445; x_wconf 92' lang='lat' dir='ltr'><strong>non</strong></span> <span class='ocrx_word' id='word_1_478' title='bbox 881 3406 1002 3445; x_wconf 87' lang='lat' dir='ltr'><strong>esse</strong></span> <span class='ocrx_word' id='word_1_479' title='bbox 1033 3405 1229 3443; x_wconf 90' lang='lat' dir='ltr'><strong>nomen</strong></span> <span class='ocrx_word' id='word_1_480' title='bbox 1256 3387 1553 3458; x_wconf 87' lang='lat' dir='ltr'><strong>Unigeniti,</strong></span> <span class='ocrx_word' id='word_1_481' title='bbox 1585 3388 1678 3441; x_wconf 86' lang='lat' dir='ltr'><strong>sed</strong></span> <span class='ocrx_word' id='word_1_482' title='bbox 1714 3402 1909 3439; x_wconf 91' lang='lat' dir='ltr'><strong>nomen</strong></span> <span class='ocrx_word' id='word_1_483' title='bbox 1942 3385 2040 3439; x_wconf 90' lang='lat' dir='ltr'><strong>ad-</strong></span> 
     </span>
    </p>
   </div>
   <div class='ocr_carea' id='block_1_67' title="bbox 459 3478 2038 3549">
    <p class='ocr_par' dir='ltr' id='par_1_67' title="bbox 459 3478 2038 3549">
     <span class='ocr_line' id='line_1_67' title="bbox 459 3478 2038 3549; baseline -0.006 -12"><span class='ocrx_word' id='word_1_484' title='bbox 459 3484 723 3545; x_wconf 88' lang='lat' dir='ltr'><strong>versarii;</strong></span> <span class='ocrx_word' id='word_1_485' title='bbox 759 3498 961 3549; x_wconf 71' lang='lat' dir='ltr'><strong>eosque</strong></span> <span class='ocrx_word' id='word_1_486' title='bbox 994 3483 1045 3533; x_wconf 91' lang='lat' dir='ltr'><strong>in</strong></span> <span class='ocrx_word' id='word_1_487' title='bbox 1080 3481 1182 3534; x_wconf 86' lang='lat' dir='ltr'><strong>hoc</strong></span> <span class='ocrx_word' id='word_1_488' title='bbox 1218 3482 1384 3533; x_wconf 75' lang='lat' dir='ltr'><strong>lzetari</strong></span> <span class='ocrx_word' id='word_1_489' title='bbox 1418 3494 1482 3532; x_wconf 84' lang='lat' dir='ltr'><strong>ac</strong></span> <span class='ocrx_word' id='word_1_490' title='bbox 1511 3478 1711 3540; x_wconf 76' lang='lat' dir='ltr'><strong>eiTerri,</strong></span> <span class='ocrx_word' id='word_1_491' title='bbox 1745 3478 1875 3529; x_wconf 90' lang='lat' dir='ltr'><strong>utin</strong></span> <span class='ocrx_word' id='word_1_492' title='bbox 1908 3493 2038 3546; x_wconf 87' lang='lat' dir='ltr'><strong>pro-</strong></span> 
     </span>
    </p>
   </div>
   <div class='ocr_carea' id='block_1_68' title="bbox 461 3568 2035 3645">
    <p class='ocr_par' dir='ltr' id='par_1_68' title="bbox 461 3568 2035 3645">
     <span class='ocr_line' id='line_1_68' title="bbox 461 3568 2035 3645; baseline -0.004 -17"><span class='ocrx_word' id='word_1_493' title='bbox 461 3576 580 3645; x_wconf 85' lang='lat' dir='ltr'><strong>prio</strong></span> <span class='ocrx_word' id='word_1_494' title='bbox 608 3575 848 3626; x_wconf 85' lang='lat' dir='ltr'><strong>invento.</strong></span> <span class='ocrx_word' id='word_1_495' title='bbox 883 3573 1092 3625; x_wconf 78' lang='lat' dir='ltr'><strong>Dictum</strong></span> <span class='ocrx_word' id='word_1_496' title='bbox 1125 3581 1209 3626; x_wconf 85' lang='lat' dir='ltr'><strong>est</strong></span> <span class='ocrx_word' id='word_1_497' title='bbox 1233 3573 1376 3625; x_wconf 88' lang='lat' dir='ltr'><strong>enim</strong></span> <span class='ocrx_word' id='word_1_498' title='bbox 1401 3613 1413 3633; x_wconf 85' lang='lat'><em>.</em></span> <span class='ocrx_word' id='word_1_499' title='bbox 1447 3571 1655 3640; x_wconf 87' lang='lat' dir='ltr'><strong>inquit,</strong></span> <span class='ocrx_word' id='word_1_500' title='bbox 1698 3568 1808 3638; x_wconf 84' lang='lat' dir='ltr'><strong>Ego</strong></span> <span class='ocrx_word' id='word_1_501' title='bbox 1844 3571 1957 3622; x_wconf 83' lang='lat' dir='ltr'><strong>veni</strong></span> <span class='ocrx_word' id='word_1_502' title='bbox 1982 3570 2035 3621; x_wconf 64' lang='lat' dir='ltr'><strong>in</strong></span> 
     </span>
    </p>
   </div>
   <div class='ocr_carea' id='block_1_69' title="bbox 427 3661 2036 3735">
    <p class='ocr_par' dir='ltr' id='par_1_69' title="bbox 427 3661 2036 3735">
     <span class='ocr_line' id='line_1_69' title="bbox 427 3661 2036 3735; baseline -0.004 -14"><span class='ocrx_word' id='word_1_503' title='bbox 427 3673 667 3735; x_wconf 55' lang='lat' dir='ltr'><strong>,nomine</strong></span> <span class='ocrx_word' id='word_1_504' title='bbox 702 3666 879 3719; x_wconf 82' lang='lat' dir='ltr'><strong>Patris</strong></span> <span class='ocrx_word' id='word_1_505' title='bbox 916 3666 1051 3729; x_wconf 86' lang='lat' dir='ltr'><strong>mei,</strong></span> <span class='ocrx_word' id='word_1_506' title='bbox 1080 3675 1128 3718; x_wconf 80' lang='lat' dir='ltr'><strong>et</strong></span> <span class='ocrx_word' id='word_1_507' title='bbox 1157 3682 1258 3717; x_wconf 87' lang='lat' dir='ltr'><strong>non</strong></span> <span class='ocrx_word' id='word_1_508' title='bbox 1294 3665 1558 3731; x_wconf 79' lang='lat' dir='ltr'><strong>recepistis</strong></span> <span class='ocrx_word' id='word_1_509' title='bbox 1593 3678 1701 3717; x_wconf 85' lang='lat' dir='ltr'><strong>me:</strong></span> <span class='ocrx_word' id='word_1_510' title='bbox 1735 3663 1782 3714; x_wconf 87' lang='lat' dir='ltr'><strong>si</strong></span> <span class='ocrx_word' id='word_1_511' title='bbox 1810 3661 1947 3714; x_wconf 80' lang='lat' dir='ltr'><strong>alius</strong></span> <span class='ocrx_word' id='word_1_512' title='bbox 1982 3663 2036 3715; x_wconf 79' lang='lat' dir='ltr'><strong>in</strong></span> 
     </span>
    </p>
   </div>
   <div class='ocr_carea' id='block_1_70' title="bbox 458 3752 2034 3823">
    <p class='ocr_par' dir='ltr' id='par_1_70' title="bbox 458 3752 2034 3823">
     <span class='ocr_line' id='line_1_70' title="bbox 458 3752 2034 3823; baseline -0.004 -12"><span class='ocrx_word' id='word_1_513' title='bbox 458 3758 669 3813; x_wconf 76' lang='lat' dir='ltr'><strong>nomine</strong></span> <span class='ocrx_word' id='word_1_514' title='bbox 713 3773 809 3811; x_wconf 73' lang='lat' dir='ltr'><strong>suo</strong></span> <span class='ocrx_word' id='word_1_515' title='bbox 846 3757 1078 3821; x_wconf 81' lang='lat' dir='ltr'><strong>venerit,</strong></span> <span class='ocrx_word' id='word_1_516' title='bbox 1122 3756 1257 3808; x_wconf 84' lang='lat' dir='ltr'><strong>hunc</strong></span> <span class='ocrx_word' id='word_1_517' title='bbox 1294 3756 1547 3823; x_wconf 79' lang='lat' dir='ltr'><strong>recipietis</strong></span> <span class='ocrx_word' id='word_1_518' title='bbox 1579 3755 1646 3807; x_wconf 81' lang='lat'><strong>&quot;.</strong></span> <span class='ocrx_word' id='word_1_519' title='bbox 1683 3752 1748 3805; x_wconf 83' lang='lat' dir='ltr'><strong>Et</strong></span> <span class='ocrx_word' id='word_1_520' title='bbox 1776 3752 2034 3821; x_wconf 89' lang='lat' dir='ltr'><strong>quoniam</strong></span> 
     </span>
    </p>
   </div>
   <div class='ocr_carea' id='block_1_71' title="bbox 457 3844 2037 3913">
    <p class='ocr_par' dir='ltr' id='par_1_71' title="bbox 457 3844 2037 3913">
     <span class='ocr_line' id='line_1_71' title="bbox 457 3844 2037 3913; baseline -0.006 -10"><span class='ocrx_word' id='word_1_521' title='bbox 457 3850 664 3903; x_wconf 88' lang='lat' dir='ltr'><strong>dictum</strong></span> <span class='ocrx_word' id='word_1_522' title='bbox 690 3857 809 3901; x_wconf 88' lang='lat' dir='ltr'><strong>est:</strong></span> <span class='ocrx_word' id='word_1_523' title='bbox 848 3846 1040 3899; x_wconf 73' lang='lat' dir='ltr'><strong>Docete</strong></span> <span class='ocrx_word' id='word_1_524' title='bbox 1071 3862 1248 3899; x_wconf 85' lang='lat' dir='ltr'><strong>omnes</strong></span> <span class='ocrx_word' id='word_1_525' title='bbox 1274 3858 1474 3911; x_wconf 85' lang='lat' dir='ltr'><strong>gentes,</strong></span> <span class='ocrx_word' id='word_1_526' title='bbox 1511 3845 1838 3913; x_wconf 77' lang='lat' dir='ltr'><strong>baptizantes</strong></span> <span class='ocrx_word' id='word_1_527' title='bbox 1870 3859 1956 3895; x_wconf 87' lang='lat' dir='ltr'><strong>eos</strong></span> <span class='ocrx_word' id='word_1_528' title='bbox 1984 3844 2037 3895; x_wconf 85' lang='lat' dir='ltr'><strong>in</strong></span> 
     </span>
    </p>
   </div>
   <div class='ocr_carea' id='block_1_72' title="bbox 458 3932 2038 4003">
    <p class='ocr_par' dir='ltr' id='par_1_72' title="bbox 458 3932 2038 4003">
     <span class='ocr_line' id='line_1_72' title="bbox 458 3932 2038 4003; baseline -0.006 -9"><span class='ocrx_word' id='word_1_529' title='bbox 458 3941 665 3995; x_wconf 72' lang='lat' dir='ltr'><strong>nomine</strong></span> <span class='ocrx_word' id='word_1_530' title='bbox 698 3939 878 3993; x_wconf 84' lang='lat' dir='ltr'><strong>Patris</strong></span> <span class='ocrx_word' id='word_1_531' title='bbox 913 3948 962 3991; x_wconf 85' lang='lat' dir='ltr'><strong>et</strong></span> <span class='ocrx_word' id='word_1_532' title='bbox 1000 3938 1127 3990; x_wconf 75' lang='lat' dir='ltr'><strong>Filii</strong></span> <span class='ocrx_word' id='word_1_533' title='bbox 1160 3949 1206 3990; x_wconf 89' lang='lat' dir='ltr'><strong>et</strong></span> <span class='ocrx_word' id='word_1_534' title='bbox 1246 3938 1479 4001; x_wconf 75' lang='lat' dir='ltr'><strong>Spiritus</strong></span> <span class='ocrx_word' id='word_1_535' title='bbox 1504 3937 1678 3990; x_wconf 89' lang='lat' dir='ltr'><strong>sancti</strong></span> <span class='ocrx_word' id='word_1_536' title='bbox 1704 3935 1777 3965; x_wconf 74' lang='lat'><strong>&quot;&quot;</strong></span> <span class='ocrx_word' id='word_1_537' title='bbox 1826 3932 2038 4003; x_wconf 86' lang='lat' dir='ltr'><strong>perspi-</strong></span> 
     </span>
    </p>
   </div>
   <div class='ocr_carea' id='block_1_73' title="bbox 2139 3210 3725 3279">
    <p class='ocr_par' dir='ltr' id='par_1_73' title="bbox 2139 3210 3725 3279">
     <span class='ocr_line' id='line_1_73' title="bbox 2139 3210 3725 3279; baseline 0.001 -17"><span class='ocrx_word' id='word_1_538' title='bbox 2139 3210 2355 3279; x_wconf 80' lang='grc' dir='ltr'>κρίσιν·</span> <span class='ocrx_word' id='word_1_539' title='bbox 2399 3212 2641 3278; x_wconf 79' lang='grc' dir='ltr'>ἀρνεῖται</span> <span class='ocrx_word' id='word_1_540' title='bbox 2684 3211 2739 3263; x_wconf 81' lang='grc' dir='ltr'>δὲ</span> <span class='ocrx_word' id='word_1_541' title='bbox 2780 3212 2873 3263; x_wconf 79' lang='grc' dir='ltr'>καὶ</span> <span class='ocrx_word' id='word_1_542' title='bbox 2926 3210 3023 3274; x_wconf 76' lang='grc' dir='ltr'><strong>τὰς</strong></span> <span class='ocrx_word' id='word_1_543' title='bbox 3076 3210 3378 3274; x_wconf 69' lang='grc' dir='ltr'>ἰδιαζούσας</span> <span class='ocrx_word' id='word_1_544' title='bbox 3411 3210 3505 3263; x_wconf 80' lang='grc' dir='ltr'>τοῦ</span> <span class='ocrx_word' id='word_1_545' title='bbox 3547 3212 3725 3264; x_wconf 73' lang='grc' dir='ltr'>Πνεῦ-</span> 
     </span>
    </p>
   </div>
   <div class='ocr_carea' id='block_1_74' title="bbox 2142 3302 3725 3373">
    <p class='ocr_par' dir='ltr' id='par_1_74' title="bbox 2142 3302 3725 3373">
     <span class='ocr_line' id='line_1_74' title="bbox 2142 3302 3725 3373; baseline 0.002 -21"><span class='ocrx_word' id='word_1_546' title='bbox 2142 3317 2310 3369; x_wconf 85' lang='grc' dir='ltr'>ματος</span> <span class='ocrx_word' id='word_1_547' title='bbox 2366 3302 2667 3370; x_wconf 82' lang='grc' dir='ltr'>ἐνεργείας.</span> <span class='ocrx_word' id='word_1_548' title='bbox 2704 3302 2862 3373; x_wconf 86' lang='grc' dir='ltr'><strong>Παρά</strong></span> <span class='ocrx_word' id='word_1_549' title='bbox 2906 3302 2963 3355; x_wconf 80' lang='grc' dir='ltr'><strong>δὲ</strong></span> <span class='ocrx_word' id='word_1_550' title='bbox 3000 3305 3126 3371; x_wconf 83' lang='grc' dir='ltr'>ὑμῖν</span> <span class='ocrx_word' id='word_1_551' title='bbox 3179 3302 3274 3355; x_wconf 80' lang='grc' dir='ltr'>νῦν</span> <span class='ocrx_word' id='word_1_552' title='bbox 3317 3303 3411 3355; x_wconf 79' lang='grc' dir='ltr'><strong>καὶ</strong></span> <span class='ocrx_word' id='word_1_553' title='bbox 3460 3304 3725 3357; x_wconf 80' lang='grc' dir='ltr'>νεανικώ-</span> 
     </span>
    </p>
   </div>
   <div class='ocr_carea' id='block_1_75' title="bbox 2137 3391 3720 3463">
    <p class='ocr_par' dir='ltr' id='par_1_75' title="bbox 2137 3391 3720 3463">
     <span class='ocr_line' id='line_1_75' title="bbox 2137 3391 3720 3463; baseline 0.004 -21"><span class='ocrx_word' id='word_1_554' title='bbox 2137 3408 2272 3461; x_wconf 82' lang='grc' dir='ltr'>τερα</span> <span class='ocrx_word' id='word_1_555' title='bbox 2299 3391 2484 3444; x_wconf 81' lang='grc' dir='ltr'>ἀκούω</span> <span class='ocrx_word' id='word_1_556' title='bbox 2516 3392 2817 3462; x_wconf 86' lang='grc' dir='ltr'>τολμᾶσθαι</span> <span class='ocrx_word' id='word_1_557' title='bbox 2847 3393 2941 3445; x_wconf 81' lang='grc' dir='ltr'>τοῦ</span> <span class='ocrx_word' id='word_1_558' title='bbox 2979 3393 3374 3463; x_wconf 78' lang='grc' dir='ltr'>ματαιόφρονος</span> <span class='ocrx_word' id='word_1_559' title='bbox 3407 3393 3720 3448; x_wconf 80' lang='grc' dir='ltr'>Σαϐελλίου.</span> 
     </span>
    </p>
   </div>
   <div class='ocr_carea' id='block_1_76' title="bbox 2140 3483 3723 3555">
    <p class='ocr_par' dir='ltr' id='par_1_76' title="bbox 2140 3483 3723 3555">
     <span class='ocr_line' id='line_1_76' title="bbox 2140 3483 3723 3555; baseline 0.002 -21"><span class='ocrx_word' id='word_1_560' title='bbox 2140 3483 2374 3551; x_wconf 81' lang='grc' dir='ltr'>Λέγουσι</span> <span class='ocrx_word' id='word_1_561' title='bbox 2404 3485 2511 3554; x_wconf 86' lang='grc' dir='ltr'><strong>γάρ</strong></span> <span class='ocrx_word' id='word_1_562' title='bbox 2532 3525 2545 3548; x_wconf 91' lang='grc'><em>,</em></span> <span class='ocrx_word' id='word_1_563' title='bbox 2576 3485 2651 3548; x_wconf 81' lang='grc' dir='ltr'>ὡς</span> <span class='ocrx_word' id='word_1_564' title='bbox 2692 3488 2739 3537; x_wconf 81' lang='grc' dir='ltr'>οἱ</span> <span class='ocrx_word' id='word_1_565' title='bbox 2785 3486 3083 3555; x_wconf 78' lang='grc' dir='ltr'>ἀκηκοότες</span> <span class='ocrx_word' id='word_1_566' title='bbox 3118 3486 3228 3553; x_wconf 79' lang='grc'><strong>(51)</strong></span> <span class='ocrx_word' id='word_1_567' title='bbox 3254 3485 3418 3553; x_wconf 66' lang='grc' dir='ltr'>φασὶ,</span> <span class='ocrx_word' id='word_1_568' title='bbox 3456 3484 3723 3537; x_wconf 83' lang='grc' dir='ltr'>διατείνε-</span> 
     </span>
    </p>
   </div>
   <div class='ocr_carea' id='block_1_77' title="bbox 2142 3574 3722 3645">
    <p class='ocr_par' dir='ltr' id='par_1_77' title="bbox 2142 3574 3722 3645">
     <span class='ocr_line' id='line_1_77' title="bbox 2142 3574 3722 3645; baseline 0.001 -21"><span class='ocrx_word' id='word_1_569' title='bbox 2142 3574 2265 3625; x_wconf 81' lang='grc' dir='ltr'>σθαι</span> <span class='ocrx_word' id='word_1_570' title='bbox 2302 3574 2427 3637; x_wconf 82' lang='grc' dir='ltr'>τοὺς</span> <span class='ocrx_word' id='word_1_571' title='bbox 2462 3577 2591 3645; x_wconf 84' lang='grc' dir='ltr'>παρ’</span> <span class='ocrx_word' id='word_1_572' title='bbox 2626 3576 2754 3645; x_wconf 78' lang='grc' dir='ltr'>ὑμῖν</span> <span class='ocrx_word' id='word_1_573' title='bbox 2806 3577 3003 3643; x_wconf 78' lang='grc' dir='ltr'>σοφοὺς</span> <span class='ocrx_word' id='word_1_574' title='bbox 3047 3576 3138 3627; x_wconf 78' lang='grc' dir='ltr'><strong>καὶ</strong></span> <span class='ocrx_word' id='word_1_575' title='bbox 3189 3574 3367 3642; x_wconf 82' lang='grc' dir='ltr'>λέγειν</span> <span class='ocrx_word' id='word_1_576' title='bbox 3395 3617 3410 3640; x_wconf 85' lang='grc'><em>,</em></span> <span class='ocrx_word' id='word_1_577' title='bbox 3439 3575 3519 3626; x_wconf 82' lang='grc' dir='ltr'><strong>ὅτι</strong></span> <span class='ocrx_word' id='word_1_578' title='bbox 3552 3574 3722 3643; x_wconf 75' lang='grc' dir='ltr'>ὄνομα</span> 
     </span>
    </p>
   </div>
   <div class='ocr_carea' id='block_1_78' title="bbox 2140 3663 3723 3737">
    <p class='ocr_par' dir='ltr' id='par_1_78' title="bbox 2140 3663 3723 3737">
     <span class='ocr_line' id='line_1_78' title="bbox 2140 3663 3723 3737; baseline -0.001 -21"><span class='ocrx_word' id='word_1_579' title='bbox 2140 3663 2234 3716; x_wconf 81' lang='grc' dir='ltr'>τοῦ</span> <span class='ocrx_word' id='word_1_580' title='bbox 2279 3667 2617 3733; x_wconf 82' lang='grc' dir='ltr'>Μονογενοῦς</span> <span class='ocrx_word' id='word_1_581' title='bbox 2671 3668 2731 3719; x_wconf 84' lang='grc' dir='ltr'>οὺ</span> <span class='ocrx_word' id='word_1_582' title='bbox 2770 3666 3158 3737; x_wconf 79' lang='grc' dir='ltr'>παραδέδοται,</span> <span class='ocrx_word' id='word_1_583' title='bbox 3208 3665 3380 3736; x_wconf 72' lang='grc' dir='ltr'>ὄνομα</span> <span class='ocrx_word' id='word_1_584' title='bbox 3413 3665 3472 3718; x_wconf 80' lang='grc' dir='ltr'>δὲ</span> <span class='ocrx_word' id='word_1_585' title='bbox 3502 3665 3597 3717; x_wconf 79' lang='grc' dir='ltr'>τοῦ</span> <span class='ocrx_word' id='word_1_586' title='bbox 3627 3668 3723 3718; x_wconf 85' lang='grc' dir='ltr'>ἀν-</span> 
     </span>
    </p>
   </div>
   <div class='ocr_carea' id='block_1_79' title="bbox 2140 3758 3720 3829">
    <p class='ocr_par' dir='ltr' id='par_1_79' title="bbox 2140 3758 3720 3829">
     <span class='ocr_line' id='line_1_79' title="bbox 2140 3758 3720 3829; baseline 0 -20"><span class='ocrx_word' id='word_1_587' title='bbox 2140 3758 2452 3827; x_wconf 81' lang='grc' dir='ltr'>τικειμένου</span> <span class='ocrx_word' id='word_1_588' title='bbox 2493 3761 2641 3811; x_wconf 76' lang='grc' dir='ltr'>ἐστί’</span> <span class='ocrx_word' id='word_1_589' title='bbox 2682 3761 2775 3813; x_wconf 76' lang='grc' dir='ltr'>καὶ</span> <span class='ocrx_word' id='word_1_590' title='bbox 2802 3760 2894 3812; x_wconf 80' lang='grc' dir='ltr'>ἐπὶ</span> <span class='ocrx_word' id='word_1_591' title='bbox 2931 3760 3106 3829; x_wconf 67' lang='grc' dir='ltr'>τούτῳ</span> <span class='ocrx_word' id='word_1_592' title='bbox 3142 3758 3439 3827; x_wconf 79' lang='grc' dir='ltr'>γάννυσθαι</span> <span class='ocrx_word' id='word_1_593' title='bbox 3473 3758 3591 3827; x_wconf 80' lang='grc' dir='ltr'>μὲν,</span> <span class='ocrx_word' id='word_1_594' title='bbox 3627 3758 3720 3810; x_wconf 74' lang='grc' dir='ltr'><strong>καὶ</strong></span> 
     </span>
    </p>
   </div>
   <div class='ocr_carea' id='block_1_80' title="bbox 2142 3846 3716 3921">
    <p class='ocr_par' dir='ltr' id='par_1_80' title="bbox 2142 3846 3716 3921">
     <span class='ocr_line' id='line_1_80' title="bbox 2142 3846 3716 3921; baseline 0.001 -22"><span class='ocrx_word' id='word_1_595' title='bbox 2142 3846 2284 3917; x_wconf 82' lang='grc' dir='ltr'>μέγα</span> <span class='ocrx_word' id='word_1_596' title='bbox 2316 3852 2554 3918; x_wconf 80' lang='grc' dir='ltr'>φρονεῖν,</span> <span class='ocrx_word' id='word_1_597' title='bbox 2580 3850 2653 3913; x_wconf 82' lang='grc' dir='ltr'>ὡς</span> <span class='ocrx_word' id='word_1_598' title='bbox 2682 3850 2775 3902; x_wconf 78' lang='grc' dir='ltr'>ἐπὶ</span> <span class='ocrx_word' id='word_1_599' title='bbox 2801 3851 2986 3921; x_wconf 80' lang='grc' dir='ltr'>οἰκείῳ</span> <span class='ocrx_word' id='word_1_600' title='bbox 3009 3852 3299 3921; x_wconf 82' lang='grc' dir='ltr'>εὑρήματι.</span> <span class='ocrx_word' id='word_1_601' title='bbox 3330 3849 3557 3920; x_wconf 76' lang='grc' dir='ltr'>Εἴρηται</span> <span class='ocrx_word' id='word_1_602' title='bbox 3587 3848 3716 3917; x_wconf 77' lang='grc' dir='ltr'>γὰρ,</span> 
     </span>
    </p>
   </div>
   <div class='ocr_carea' id='block_1_81' title="bbox 2139 3932 3717 4007">
    <p class='ocr_par' dir='ltr' id='par_1_81' title="bbox 2139 3932 3717 4007">
     <span class='ocr_line' id='line_1_81' title="bbox 2139 3932 3717 4007; baseline 0.007 -25"><span class='ocrx_word' id='word_1_603' title='bbox 2139 3932 2342 4001; x_wconf 78' lang='grc' dir='ltr'>φησίνο</span> <span class='ocrx_word' id='word_1_604' title='bbox 2386 3935 2527 4004; x_wconf 78' lang='grc' dir='ltr'><strong>Ἐγὼ</strong></span> <span class='ocrx_word' id='word_1_605' title='bbox 2559 3933 2750 4006; x_wconf 75' lang='grc' dir='ltr'><strong>ἦλθον</strong></span> <span class='ocrx_word' id='word_1_606' title='bbox 2801 3939 2871 3991; x_wconf 79' lang='grc' dir='ltr'><strong>ἐν</strong></span> <span class='ocrx_word' id='word_1_607' title='bbox 2919 3938 2998 4004; x_wconf 85' lang='grc' dir='ltr'>τῷ</span> <span class='ocrx_word' id='word_1_608' title='bbox 3049 3939 3293 4007; x_wconf 78' lang='grc' dir='ltr'>ὀνόματι</span> <span class='ocrx_word' id='word_1_609' title='bbox 3343 3936 3448 3991; x_wconf 88' lang='grc' dir='ltr'>τοῦ</span> <span class='ocrx_word' id='word_1_610' title='bbox 3487 3937 3717 4006; x_wconf 63' lang='grc' dir='ltr'>Πατρός</span> 
     </span>
    </p>
   </div>
   <div class='ocr_carea' id='block_1_82' title="bbox 456 4025 2037 4100">
    <p class='ocr_par' dir='ltr' id='par_1_82' title="bbox 456 4025 2033 4100">
     <span class='ocr_line' id='line_1_82' title="bbox 456 4025 2033 4100; baseline -0.008 -12"><span class='ocrx_word' id='word_1_611' title='bbox 456 4048 621 4088; x_wconf 89' lang='lat' dir='ltr'><strong>cuum</strong></span> <span class='ocrx_word' id='word_1_612' title='bbox 650 4041 755 4094; x_wconf 80' lang='lat' dir='ltr'><strong>est,</strong></span> <span class='ocrx_word' id='word_1_613' title='bbox 785 4035 1035 4100; x_wconf 81' lang='lat' dir='ltr'><strong>inquiunt</strong></span> <span class='ocrx_word' id='word_1_614' title='bbox 1060 4068 1074 4088; x_wconf 89' lang='lat'><strong>,</strong></span> <span class='ocrx_word' id='word_1_615' title='bbox 1108 4044 1305 4082; x_wconf 85' lang='lat' dir='ltr'><strong>nomen</strong></span> <span class='ocrx_word' id='word_1_616' title='bbox 1339 4030 1505 4081; x_wconf 80' lang='lat' dir='ltr'><strong>unum</strong></span> <span class='ocrx_word' id='word_1_617' title='bbox 1537 4044 1678 4081; x_wconf 73' lang='lat' dir='ltr'><strong>esse.</strong></span> <span class='ocrx_word' id='word_1_618' title='bbox 1730 4025 1848 4079; x_wconf 61' lang='lat' dir='ltr'><strong>bon</strong></span> <span class='ocrx_word' id='word_1_619' title='bbox 1887 4025 2033 4078; x_wconf 90' lang='lat' dir='ltr'><strong>enim</strong></span> 
     </span>
    </p>
   </div>
   <div class='ocr_carea' id='block_1_83' title="bbox 2149 4025 3717 4100">
    <p class='ocr_par' dir='ltr' id='par_1_83' title="bbox 2149 4026 3717 4099">
     <span class='ocr_line' id='line_1_83' title="bbox 2149 4026 3717 4099; baseline 0.006 -25"><span class='ocrx_word' id='word_1_620' title='bbox 2149 4040 2252 4075; x_wconf 83' lang='lat' dir='ltr'><strong>uov</strong></span> <span class='ocrx_word' id='word_1_621' title='bbox 2275 4063 2289 4087; x_wconf 93' lang='lat'><strong>,</strong></span> <span class='ocrx_word' id='word_1_622' title='bbox 2326 4026 2421 4078; x_wconf 78' lang='grc' dir='ltr'>καὶ</span> <span class='ocrx_word' id='word_1_623' title='bbox 2483 4029 2593 4080; x_wconf 66' lang='grc' dir='ltr'>οὐκ</span> <span class='ocrx_word' id='word_1_624' title='bbox 2630 4028 2874 4084; x_wconf 74' lang='grc' dir='ltr'><strong>ἐ.1ά6³ετέ</strong></span> <span class='ocrx_word' id='word_1_625' title='bbox 2919 4047 3025 4099; x_wconf 71' lang='grc' dir='ltr'>με*</span> <span class='ocrx_word' id='word_1_626' title='bbox 3082 4030 3191 4083; x_wconf 80' lang='grc' dir='ltr'><strong>ἐὰν</strong></span> <span class='ocrx_word' id='word_1_627' title='bbox 3224 4031 3413 4094; x_wconf 77' lang='grc' dir='ltr'>ἄλλος</span> <span class='ocrx_word' id='word_1_628' title='bbox 3460 4030 3606 4096; x_wconf 71' lang='grc' dir='ltr'><strong>ἔλθῃ</strong></span> <span class='ocrx_word' id='word_1_629' title='bbox 3645 4029 3717 4082; x_wconf 78' lang='grc' dir='ltr'><strong>ἐν</strong></span> 
     </span>
    </p>
   </div>
   <div class='ocr_carea' id='block_1_84' title="bbox 457 4118 1723 4185">
    <p class='ocr_par' dir='ltr' id='par_1_84' title="bbox 457 4118 1723 4185">
     <span class='ocr_line' id='line_1_84' title="bbox 457 4118 1723 4185; baseline -0.006 -6"><span class='ocrx_word' id='word_1_630' title='bbox 457 4125 662 4179; x_wconf 90' lang='lat' dir='ltr'><strong>dictum</strong></span> <span class='ocrx_word' id='word_1_631' title='bbox 697 4131 802 4183; x_wconf 83' lang='lat' dir='ltr'><strong>est,</strong></span> <span class='ocrx_word' id='word_1_632' title='bbox 834 4123 888 4175; x_wconf 86' lang='lat' dir='ltr'><strong>in</strong></span> <span class='ocrx_word' id='word_1_633' title='bbox 911 4120 1232 4181; x_wconf 84' lang='lat' dir='ltr'><strong>nominibus,</strong></span> <span class='ocrx_word' id='word_1_634' title='bbox 1259 4118 1375 4177; x_wconf 88' lang='lat' dir='ltr'><strong>sed,</strong></span> <span class='ocrx_word' id='word_1_635' title='bbox 1412 4121 1467 4171; x_wconf 85' lang='lat' dir='ltr'><strong>in</strong></span> <span class='ocrx_word' id='word_1_636' title='bbox 1496 4120 1723 4185; x_wconf 72' lang='lat' dir='ltr'><strong>npmine.</strong></span> 
     </span>
    </p>
   </div>
   <div class='ocr_carea' id='block_1_85' title="bbox 2136 4112 3716 4191">
    <p class='ocr_par' dir='ltr' id='par_1_85' title="bbox 2136 4112 3716 4191">
     <span class='ocr_line' id='line_1_85' title="bbox 2136 4112 3716 4191; baseline 0.004 -25"><span class='ocrx_word' id='word_1_637' title='bbox 2136 4112 2216 4177; x_wconf 84' lang='grc' dir='ltr'>τῷ</span> <span class='ocrx_word' id='word_1_638' title='bbox 2259 4115 2384 4183; x_wconf 75' lang='grc' dir='ltr'>ἰδίῳ</span> <span class='ocrx_word' id='word_1_639' title='bbox 2418 4120 2691 4188; x_wconf 77' lang='grc' dir='ltr'>ὀνόματι,</span> <span class='ocrx_word' id='word_1_640' title='bbox 2740 4123 2974 4175; x_wconf 76' lang='grc' dir='ltr'>ἐκεῖνον</span> <span class='ocrx_word' id='word_1_641' title='bbox 3016 4123 3314 4191; x_wconf 65' lang='grc' dir='ltr'>λήψεσθε.</span> <span class='ocrx_word' id='word_1_642' title='bbox 3363 4122 3474 4174; x_wconf 76' lang='grc' dir='ltr'><strong>Καὶ</strong></span> <span class='ocrx_word' id='word_1_643' title='bbox 3526 4120 3613 4173; x_wconf 78' lang='grc' dir='ltr'>διὰ</span> <span class='ocrx_word' id='word_1_644' title='bbox 3653 4120 3716 4172; x_wconf 73' lang='grc' dir='ltr'><strong>τὸ</strong></span> 
     </span>
    </p>
   </div>
   <div class='ocr_carea' id='block_1_86' title="bbox 457 4204 3714 4290">
    <p class='ocr_par' dir='ltr' id='par_1_86' title="bbox 457 4204 3714 4290">
     <span class='ocr_line' id='line_1_86' title="bbox 457 4204 3714 4290; baseline -0.001 -19"><span class='ocrx_word' id='word_1_645' title='bbox 457 4216 741 4290; x_wconf 77' lang='grc' dir='ltr'>εἰρῆσθαι.</span> <span class='ocrx_word' id='word_1_646' title='bbox 777 4216 1203 4282; x_wconf 54' lang='grc' dir='ltr'>ΜαθητειΜατε</span> <span class='ocrx_word' id='word_1_647' title='bbox 1248 4212 1446 4266; x_wconf 82' lang='grc' dir='ltr'>πάντα</span> <span class='ocrx_word' id='word_1_648' title='bbox 1494 4211 1564 4264; x_wconf 84' lang='grc' dir='ltr'>τὰ</span> <span class='ocrx_word' id='word_1_649' title='bbox 1605 4211 1787 4277; x_wconf 77' lang='grc' dir='ltr'><strong>ἔθνη,</strong></span> <span class='ocrx_word' id='word_1_650' title='bbox 1816 4204 2213 4273; x_wconf 72' lang='grc' dir='ltr'>,ϐαπτίζοντες</span> <span class='ocrx_word' id='word_1_651' title='bbox 2252 4211 2474 4277; x_wconf 81' lang='grc' dir='ltr'>αὐτοὺς</span> <span class='ocrx_word' id='word_1_652' title='bbox 2508 4216 2596 4279; x_wconf 79' lang='grc' dir='ltr'>εἰς</span> <span class='ocrx_word' id='word_1_653' title='bbox 2666 4217 2731 4267; x_wconf 83' lang='grc' dir='ltr'>τὸ</span> <span class='ocrx_word' id='word_1_654' title='bbox 2781 4216 2970 4283; x_wconf 75' lang='grc' dir='ltr'>ὄνομα</span> <span class='ocrx_word' id='word_1_655' title='bbox 3010 4217 3116 4270; x_wconf 88' lang='grc' dir='ltr'>τοῦ</span> <span class='ocrx_word' id='word_1_656' title='bbox 3159 4214 3387 4283; x_wconf 79' lang='grc' dir='ltr'>Πατρός</span> <span class='ocrx_word' id='word_1_657' title='bbox 3447 4214 3546 4268; x_wconf 73' lang='grc' dir='ltr'>καὶ</span> <span class='ocrx_word' id='word_1_658' title='bbox 3609 4214 3714 4267; x_wconf 80' lang='grc' dir='ltr'>τοῦ</span> 
     </span>
    </p>
   </div>
   <div class='ocr_carea' id='block_1_87' title="bbox 465 4300 3716 4378">
    <p class='ocr_par' dir='ltr' id='par_1_87' title="bbox 465 4300 3716 4378">
     <span class='ocr_line' id='line_1_87' title="bbox 465 4300 3716 4378; baseline -0.002 -14"><span class='ocrx_word' id='word_1_659' title='bbox 465 4310 602 4365; x_wconf 79' lang='grc' dir='ltr'><strong>Υὶοῦ</strong></span> <span class='ocrx_word' id='word_1_660' title='bbox 647 4309 744 4363; x_wconf 72' lang='grc' dir='ltr'>καὶ</span> <span class='ocrx_word' id='word_1_661' title='bbox 772 4308 879 4362; x_wconf 90' lang='grc' dir='ltr'>τοῦ</span> <span class='ocrx_word' id='word_1_662' title='bbox 929 4308 1101 4377; x_wconf 69' lang='grc' dir='ltr'>ἁγίου</span> <span class='ocrx_word' id='word_1_663' title='bbox 1139 4307 1516 4374; x_wconf 74' lang='grc' dir='ltr'>Πνεύματος,</span> <span class='ocrx_word' id='word_1_664' title='bbox 1550 4304 1706 4375; x_wconf 71' lang='grc' dir='ltr'>δῆλόν</span> <span class='ocrx_word' id='word_1_665' title='bbox 1746 4306 1894 4364; x_wconf 83' lang='grc' dir='ltr'>ἐστι,</span> <span class='ocrx_word' id='word_1_666' title='bbox 1924 4302 2090 4367; x_wconf 70' lang='grc' dir='ltr'>φασὶν</span> <span class='ocrx_word' id='word_1_667' title='bbox 2140 4300 2251 4374; x_wconf 77' lang='lat'><strong>(5‘2)</strong></span> <span class='ocrx_word' id='word_1_668' title='bbox 2279 4342 2292 4366; x_wconf 96' lang='lat'><strong>,</strong></span> <span class='ocrx_word' id='word_1_669' title='bbox 2324 4304 2405 4356; x_wconf 87' lang='grc' dir='ltr'>ὃτι</span> <span class='ocrx_word' id='word_1_670' title='bbox 2432 4306 2490 4358; x_wconf 78' lang='grc' dir='ltr'>ἓν</span> <span class='ocrx_word' id='word_1_671' title='bbox 2556 4308 2703 4361; x_wconf 81' lang='grc' dir='ltr'>ἐστιν</span> <span class='ocrx_word' id='word_1_672' title='bbox 2731 4308 2921 4378; x_wconf 74' lang='grc' dir='ltr'>ὄνομα.</span> <span class='ocrx_word' id='word_1_673' title='bbox 2960 4309 3034 4361; x_wconf 83' lang='grc' dir='ltr'><strong>Οὐ</strong></span> <span class='ocrx_word' id='word_1_674' title='bbox 3063 4307 3170 4378; x_wconf 87' lang='grc' dir='ltr'><strong>γάρ</strong></span> <span class='ocrx_word' id='word_1_675' title='bbox 3222 4308 3457 4377; x_wconf 82' lang='grc' dir='ltr'>εἴρηται,</span> <span class='ocrx_word' id='word_1_676' title='bbox 3520 4308 3603 4371; x_wconf 81' lang='grc' dir='ltr'>εις</span> <span class='ocrx_word' id='word_1_677' title='bbox 3644 4306 3716 4358; x_wconf 84' lang='grc' dir='ltr'>τὰ</span> 
     </span>
    </p>
   </div>
   <div class='ocr_carea' id='block_1_88' title="bbox 456 4401 1414 4471">
    <p class='ocr_par' dir='ltr' id='par_1_88' title="bbox 456 4401 1414 4471">
     <span class='ocr_line' id='line_1_88' title="bbox 456 4401 1414 4471; baseline -0.004 -14"><span class='ocrx_word' id='word_1_678' title='bbox 456 4404 751 4471; x_wconf 79' lang='grc' dir='ltr'>ὀνόματα,</span> <span class='ocrx_word' id='word_1_679' title='bbox 791 4401 927 4465; x_wconf 79' lang='grc' dir='ltr'>ἀλλ’,</span> <span class='ocrx_word' id='word_1_680' title='bbox 967 4404 1052 4467; x_wconf 85' lang='grc' dir='ltr'>εὶς</span> <span class='ocrx_word' id='word_1_681' title='bbox 1095 4402 1160 4453; x_wconf 83' lang='grc' dir='ltr'>τὸ</span> <span class='ocrx_word' id='word_1_682' title='bbox 1205 4401 1414 4468; x_wconf 73' lang='grc' dir='ltr'>ὄνομα.</span> 
     </span>
    </p>
   </div>
   <div class='ocr_carea' id='block_1_89' title="bbox 525 4488 2037 4567">
    <p class='ocr_par' dir='ltr' id='par_1_89' title="bbox 525 4492 2025 4564">
     <span class='ocr_line' id='line_1_89' title="bbox 525 4492 2025 4564; baseline -0.007 -13"><span class='ocrx_word' id='word_1_683' title='bbox 525 4497 579 4553; x_wconf 75' lang='grc'>4.</span> <span class='ocrx_word' id='word_1_684' title='bbox 609 4495 734 4550; x_wconf 61' lang='lat' dir='ltr'><strong>Hac</strong></span> <span class='ocrx_word' id='word_1_685' title='bbox 761 4510 851 4549; x_wconf 71' lang='lat' dir='ltr'><strong>non</strong></span> <span class='ocrx_word' id='word_1_686' title='bbox 903 4496 1022 4549; x_wconf 93' lang='lat' dir='ltr'><strong>sine</strong></span> <span class='ocrx_word' id='word_1_687' title='bbox 1049 4496 1246 4548; x_wconf 87' lang='lat' dir='ltr'><strong>rubore</strong></span> <span class='ocrx_word' id='word_1_688' title='bbox 1279 4494 1475 4563; x_wconf 88' lang='lat' dir='ltr'><strong>scripsi</strong></span> <span class='ocrx_word' id='word_1_689' title='bbox 1522 4492 1701 4556; x_wconf 86' lang='lat' dir='ltr'><strong>vobis,</strong></span> <span class='ocrx_word' id='word_1_690' title='bbox 1736 4493 1862 4564; x_wconf 87' lang='lat' dir='ltr'><strong>quia</strong></span> <span class='ocrx_word' id='word_1_691' title='bbox 1892 4506 2025 4546; x_wconf 83' lang='lat' dir='ltr'><strong>con-</strong></span> 
     </span>
    </p>
   </div>
   <div class='ocr_carea' id='block_1_90' title="bbox 2149 4488 3710 4567">
    <p class='ocr_par' dir='ltr' id='par_1_90' title="bbox 2198 4488 3710 4567">
     <span class='ocr_line' id='line_1_90' title="bbox 2198 4488 3710 4567; baseline 0 -25"><span class='ocrx_word' id='word_1_692' title='bbox 2198 4488 2252 4543; x_wconf 69' lang='grc' dir='ltr'><strong>ό.</strong></span> <span class='ocrx_word' id='word_1_693' title='bbox 2286 4491 2471 4546; x_wconf 82' lang='grc' dir='ltr'>Ταῦτα</span> <span class='ocrx_word' id='word_1_694' title='bbox 2502 4494 2771 4567; x_wconf 74' lang='grc' dir='ltr'>ἐρυθριῶν</span> <span class='ocrx_word' id='word_1_695' title='bbox 2812 4494 3051 4567; x_wconf 69' lang='grc' dir='ltr'>ἔγραφον</span> <span class='ocrx_word' id='word_1_696' title='bbox 3086 4495 3248 4565; x_wconf 82' lang='grc' dir='ltr'>ὑμῖν,</span> <span class='ocrx_word' id='word_1_697' title='bbox 3293 4493 3375 4545; x_wconf 78' lang='grc' dir='ltr'>ὅτι</span> <span class='ocrx_word' id='word_1_698' title='bbox 3421 4492 3498 4560; x_wconf 82' lang='grc' dir='ltr'>ἀφ</span> <span class='ocrx_word' id='word_1_699' title='bbox 3542 4490 3710 4560; x_wconf 78' lang='grc' dir='ltr'>αἷμα-</span> 
     </span>
    </p>
   </div>
   <div class='ocr_carea' id='block_1_91' title="bbox 521 4646 1674 4714">
    <p class='ocr_par' dir='ltr' id='par_1_91' title="bbox 521 4646 1674 4714">
     <span class='ocr_line' id='line_1_91' title="bbox 521 4646 1674 4714; baseline -0.007 -7"><span class='ocrx_word' id='word_1_700' title='bbox 521 4652 568 4686; x_wconf 81' lang='grc'><strong>⁹⁶</strong></span> <span class='ocrx_word' id='word_1_701' title='bbox 598 4650 756 4708; x_wconf 79' lang='lat' dir='ltr'><strong>Joan.</strong></span> <span class='ocrx_word' id='word_1_702' title='bbox 785 4666 839 4714; x_wconf 84' lang='grc' dir='ltr'>ν,</span> <span class='ocrx_word' id='word_1_703' title='bbox 873 4650 964 4705; x_wconf 69' lang='grc'><strong>45.</strong></span> <span class='ocrx_word' id='word_1_704' title='bbox 1039 4649 1084 4681; x_wconf 77' lang='grc'><strong><em>⁸⁸</em></strong></span> <span class='ocrx_word' id='word_1_705' title='bbox 1120 4646 1316 4703; x_wconf 84' lang='lat' dir='ltr'><strong>Matth.</strong></span> <span class='ocrx_word' id='word_1_706' title='bbox 1355 4662 1551 4711; x_wconf 75' lang='lat' dir='ltr'><strong>xxvut,</strong></span> <span class='ocrx_word' id='word_1_707' title='bbox 1589 4646 1674 4702; x_wconf 86' lang='grc'><strong>19.</strong></span> 
     </span>
    </p>
   </div>
   <div class='ocr_carea' id='block_1_92' title="bbox 523 4804 2031 4898">
    <p class='ocr_par' dir='ltr' id='par_1_92' title="bbox 523 4804 2031 4898">
     <span class='ocr_line' id='line_1_92' title="bbox 523 4804 2031 4898; baseline 0 0"><span class='ocrx_word' id='word_1_708' title='bbox 523 4814 637 4898; x_wconf 70' lang='grc' dir='ltr'><strong>(εδ)</strong></span> <span class='ocrx_word' id='word_1_709' title='bbox 661 4810 990 4898; x_wconf 26' lang='grc' dir='ltr'><strong>,Ἀινοοῖεοίο</strong></span> <span class='ocrx_word' id='word_1_710' title='bbox 1022 4807 1527 4898; x_wconf 45' lang='lat' dir='ltr'><strong>semusti???</strong></span> <span class='ocrx_word' id='word_1_711' title='bbox 1554 4804 2031 4898; x_wconf 58' lang='lat' dir='ltr'><strong>°f£9:§£‘3“?-§?:</strong></span> 
     </span>
    </p>
   </div>
   <div class='ocr_carea' id='block_1_93' title="bbox 454 4876 2028 4950">
    <p class='ocr_par' dir='ltr' id='par_1_93' title="bbox 454 4876 2028 4950">
     <span class='ocr_line' id='line_1_93' title="bbox 454 4876 2028 4950; baseline -0.008 -9"><span class='ocrx_word' id='word_1_712' title='bbox 454 4876 707 4942; x_wconf 58' lang='lat' dir='ltr'><strong>risien&#39;sis</strong></span> <span class='ocrx_word' id='word_1_713' title='bbox 742 4876 1009 4950; x_wconf 67' lang='grc' dir='ltr'>ἦγνοεῖτο,</span> <span class='ocrx_word' id='word_1_714' title='bbox 1042 4879 1204 4950; x_wconf 67' lang='lat' dir='ltr'><strong>Basil.</strong></span> <span class='ocrx_word' id='word_1_715' title='bbox 1252 4889 1306 4932; x_wconf 87' lang='lat' dir='ltr'><strong>et</strong></span> <span class='ocrx_word' id='word_1_716' title='bbox 1337 4876 1545 4950; x_wconf 71' lang='lat' dir='ltr'><strong>Hagan.</strong></span> <span class='ocrx_word' id='word_1_717' title='bbox 1580 4878 1846 4944; x_wconf 85' lang='grc' dir='ltr'>ἁγνοείτο.</span> <span class='ocrx_word' id='word_1_718' title='bbox 1884 4878 2028 4950; x_wconf 73' lang='lat' dir='ltr'><strong>lnl&#39;ra</strong></span> 
     </span>
    </p>
   </div>
   <div class='ocr_carea' id='block_1_94' title="bbox 451 4898 2032 5019">
    <p class='ocr_par' dir='ltr' id='par_1_94' title="bbox 451 4898 2032 5019">
     <span class='ocr_line' id='line_1_94' title="bbox 454 4898 2028 4950; baseline -0.008 -9"><span class='ocrx_word' id='word_1_719' title='bbox 454 4899 707 4942; x_wconf 75' lang='lat' dir='ltr'><strong>I&#39;ISICDSIS</strong></span> <span class='ocrx_word' id='word_1_720' title='bbox 742 4898 777 4950; x_wconf 82' lang='grc' dir='ltr'><strong>η</strong></span> <span class='ocrx_word' id='word_1_721' title='bbox 847 4898 1009 4943; x_wconf 83' lang='grc' dir='ltr'>οειτο,</span> <span class='ocrx_word' id='word_1_722' title='bbox 1042 4898 1204 4933; x_wconf 80' lang='lat' dir='ltr'><strong>Das&quot;.</strong></span> <span class='ocrx_word' id='word_1_723' title='bbox 1252 4898 1306 4932; x_wconf 82' lang='lat' dir='ltr'><strong>et</strong></span> <span class='ocrx_word' id='word_1_724' title='bbox 1337 4898 1545 4947; x_wconf 81' lang='lat' dir='ltr'><strong>nagan.</strong></span> <span class='ocrx_word' id='word_1_725' title='bbox 1580 4898 1846 4944; x_wconf 79' lang='grc' dir='ltr'>αγνοειτο.</span> <span class='ocrx_word' id='word_1_726' title='bbox 1884 4898 2028 4929; x_wconf 70' lang='lat' dir='ltr'><strong>ultra</strong></span> 
     </span>
     <span class='ocr_line' id='line_1_95' title="bbox 451 4898 2032 5019; baseline -0.008 -7"><span class='ocrx_word' id='word_1_727' title='bbox 451 4956 585 5011; x_wconf 86' lang='lat' dir='ltr'><strong>editi</strong></span> <span class='ocrx_word' id='word_1_728' title='bbox 614 4898 963 5006; x_wconf 61' lang='grc' dir='ltr'>ἐναυλάνὲστι</span> <span class='ocrx_word' id='word_1_729' title='bbox 996 4951 1092 5002; x_wconf 78' lang='grc' dir='ltr'><strong>καὶ</strong></span> <span class='ocrx_word' id='word_1_730' title='bbox 1123 4947 1217 5001; x_wconf 85' lang='grc' dir='ltr'>νῦν</span> <span class='ocrx_word' id='word_1_731' title='bbox 1249 4950 1401 5019; x_wconf 80' lang='grc' dir='ltr'>ἡμῖν.</span> <span class='ocrx_word' id='word_1_732' title='bbox 1441 4946 1659 5017; x_wconf 86' lang='lat' dir='ltr'><strong>Septem</strong></span> <span class='ocrx_word' id='word_1_733' title='bbox 1712 4961 1847 5000; x_wconf 86' lang='lat' dir='ltr'><strong>mss.</strong></span> <span class='ocrx_word' id='word_1_734' title='bbox 1886 4956 1945 5000; x_wconf 93' lang='lat' dir='ltr'><strong>ut</strong></span> <span class='ocrx_word' id='word_1_735' title='bbox 1975 4948 2032 5000; x_wconf 89' lang='lat' dir='ltr'><strong>in</strong></span> 
     </span>
    </p>
   </div>
   <div class='ocr_carea' id='block_1_95' title="bbox 452 5034 624 5081">
    <p class='ocr_par' dir='ltr' id='par_1_95' title="bbox 452 5034 624 5081">
     <span class='ocr_line' id='line_1_96' title="bbox 452 5034 624 5081; baseline -0.023 0"><span class='ocrx_word' id='word_1_736' title='bbox 452 5034 624 5081; x_wconf 79' lang='lat' dir='ltr'><strong>textu.</strong></span> 
     </span>
    </p>
   </div>
   <div class='ocr_carea' id='block_1_96' title="bbox 525 5084 2031 5167">
    <p class='ocr_par' dir='ltr' id='par_1_96' title="bbox 525 5084 2031 5167">
     <span class='ocr_line' id='line_1_97' title="bbox 525 5084 2031 5167; baseline -0.005 -20"><span class='ocrx_word' id='word_1_737' title='bbox 525 5095 637 5167; x_wconf 75' lang='grc'><strong>(27)</strong></span> <span class='ocrx_word' id='word_1_738' title='bbox 684 5094 793 5151; x_wconf 84' lang='grc' dir='ltr'><strong>Τοῦ</strong></span> <span class='ocrx_word' id='word_1_739' title='bbox 822 5087 1361 5167; x_wconf 12' lang='grc' dir='ltr'>μ-ετὰᾳου.γ1ιιιηιιςθε</span> <span class='ocrx_word' id='word_1_740' title='bbox 1406 5084 2031 5167; x_wconf 62' lang='lat' dir='ltr'><strong>vetustissimicodiges</strong></span> 
     </span>
    </p>
   </div>
   <div class='ocr_carea' id='block_1_97' title="bbox 452 5154 2031 5233">
    <p class='ocr_par' dir='ltr' id='par_1_97' title="bbox 452 5154 2031 5233">
     <span class='ocr_line' id='line_1_98' title="bbox 452 5154 2031 5233; baseline -0.009 -13"><span class='ocrx_word' id='word_1_741' title='bbox 452 5154 576 5220; x_wconf 73' lang='lat' dir='ltr'><strong>cuin</strong></span> <span class='ocrx_word' id='word_1_742' title='bbox 604 5154 1055 5233; x_wconf 54' lang='lat' dir='ltr'><strong>duobus&#39;Regiis,</strong></span> <span class='ocrx_word' id='word_1_743' title='bbox 1086 5158 1410 5233; x_wconf 81' lang='lat' dir='ltr'><strong>et_e_diti_one</strong></span> <span class='ocrx_word' id='word_1_744' title='bbox 1446 5156 1803 5233; x_wconf 59' lang='lat' dir='ltr'><strong>Haganocnsi</strong></span> <span class='ocrx_word' id='word_1_745' title='bbox 1835 5165 1889 5209; x_wconf 92' lang='lat' dir='ltr'><strong>et</strong></span> <span class='ocrx_word' id='word_1_746' title='bbox 1921 5154 2031 5233; x_wconf 59' lang='lat' dir='ltr'><strong>Ea-</strong></span> 
     </span>
    </p>
   </div>
   <div class='ocr_carea' id='block_1_98' title="bbox 453 5224 2029 5300">
    <p class='ocr_par' dir='ltr' id='par_1_98' title="bbox 453 5224 2029 5300">
     <span class='ocr_line' id='line_1_99' title="bbox 453 5224 2029 5300; baseline -0.009 -10"><span class='ocrx_word' id='word_1_747' title='bbox 453 5236 697 5290; x_wconf 89' lang='lat' dir='ltr'><strong>sileensi.</strong></span> <span class='ocrx_word' id='word_1_748' title='bbox 729 5224 1254 5300; x_wconf 42' lang='lat' dir='ltr'><strong>Parisiensigaddit</strong></span> <span class='ocrx_word' id='word_1_749' title='bbox 1280 5224 1600 5300; x_wconf 77' lang='grc' dir='ltr'>Γρηγορίου.</span> <span class='ocrx_word' id='word_1_750' title='bbox 1626 5225 1900 5300; x_wconf 86' lang='lat' dir='ltr'><strong>Similiter</strong></span> <span class='ocrx_word' id='word_1_751' title='bbox 1921 5224 2029 5300; x_wconf 72' lang='lat' dir='ltr'><strong>Ba-</strong></span> 
     </span>
    </p>
   </div>
   <div class='ocr_carea' id='block_1_99' title="bbox 454 5296 2028 5374">
    <p class='ocr_par' dir='ltr' id='par_1_99' title="bbox 454 5296 2028 5374">
     <span class='ocr_line' id='line_1_100' title="bbox 454 5296 2028 5374; baseline -0.008 -15"><span class='ocrx_word' id='word_1_752' title='bbox 454 5306 612 5359; x_wconf 89' lang='lat' dir='ltr'><strong>silius</strong></span> <span class='ocrx_word' id='word_1_753' title='bbox 642 5304 891 5374; x_wconf 12' lang='lat' dir='ltr'><strong>iniiepist.</strong></span> <span class='ocrx_word' id='word_1_754' title='bbox 925 5301 1027 5374; x_wconf 68' lang='grc' dir='ltr'><strong>1ιρ</strong></span> <span class='ocrx_word' id='word_1_755' title='bbox 1058 5296 1804 5374; x_wconf 76' lang='lat' dir='ltr'><strong>Eusebiuiit_desig_nat,__non</strong></span> <span class='ocrx_word' id='word_1_756' title='bbox 1837 5296 2028 5374; x_wconf 56' lang='lat' dir='ltr'><strong>addito</strong></span> 
     </span>
    </p>
   </div>
   <div class='ocr_carea' id='block_1_100' title="bbox 453 5363 2029 5435">
    <p class='ocr_par' dir='ltr' id='par_1_100' title="bbox 453 5363 2029 5435">
     <span class='ocr_line' id='line_1_101' title="bbox 453 5363 2029 5435; baseline -0.008 -7"><span class='ocrx_word' id='word_1_757' title='bbox 453 5374 674 5428; x_wconf 86' lang='lat' dir='ltr'><strong>nomine</strong></span> <span class='ocrx_word' id='word_1_758' title='bbox 704 5363 942 5428; x_wconf 70' lang='lat' dir='ltr'><strong>Eusebii.</strong></span> <span class='ocrx_word' id='word_1_759' title='bbox 990 5371 1107 5423; x_wconf 89' lang='lat' dir='ltr'><strong>Duo</strong></span> <span class='ocrx_word' id='word_1_760' title='bbox 1139 5369 1230 5422; x_wconf 88' lang='lat' dir='ltr'><strong>alii</strong></span> <span class='ocrx_word' id='word_1_761' title='bbox 1276 5369 1496 5422; x_wconf 85' lang='lat' dir='ltr'><strong>codices</strong></span> <span class='ocrx_word' id='word_1_762' title='bbox 1511 5363 1682 5435; x_wconf 65' lang='grc' dir='ltr'>Ῥινεῆ</span> <span class='ocrx_word' id='word_1_763' title='bbox 1716 5380 1839 5418; x_wconf 89' lang='lat' dir='ltr'><strong>cum</strong></span> <span class='ocrx_word' id='word_1_764' title='bbox 1866 5363 2029 5435; x_wconf 2' lang='grc' dir='ltr'><strong>(νειιί-</strong></span> 
     </span>
    </p>
   </div>
   <div class='ocr_carea' id='block_1_101' title="bbox 452 5434 2028 5505">
    <p class='ocr_par' dir='ltr' id='par_1_101' title="bbox 452 5434 2028 5505">
     <span class='ocr_line' id='line_1_102' title="bbox 452 5434 2028 5505; baseline -0.006 -8"><span class='ocrx_word' id='word_1_765' title='bbox 452 5458 592 5497; x_wconf 85' lang='lat' dir='ltr'><strong>cano</strong></span> <span class='ocrx_word' id='word_1_766' title='bbox 630 5451 685 5496; x_wconf 87' lang='lat' dir='ltr'><strong>et</strong></span> <span class='ocrx_word' id='word_1_767' title='bbox 734 5445 904 5498; x_wconf 80' lang='lat' dir='ltr'><strong>Coisl.</strong></span> <span class='ocrx_word' id='word_1_768' title='bbox 935 5439 1179 5496; x_wconf 87' lang='lat' dir='ltr'><strong>secundo</strong></span> <span class='ocrx_word' id='word_1_769' title='bbox 1222 5436 1592 5491; x_wconf 76' lang='grc' dir='ltr'>κατασϐεσθὲν</span> <span class='ocrx_word' id='word_1_770' title='bbox 1622 5434 1693 5487; x_wconf 77' lang='grc' dir='ltr'>δὲ</span> <span class='ocrx_word' id='word_1_771' title='bbox 1738 5434 1889 5505; x_wconf 82' lang='grc' dir='ltr'>παρὰ</span> <span class='ocrx_word' id='word_1_772' title='bbox 1919 5434 2028 5488; x_wconf 84' lang='grc' dir='ltr'><strong>τῶν</strong></span> 
     </span>
    </p>
   </div>
   <div class='ocr_carea' id='block_1_102' title="bbox 454 5511 2028 5665">
    <p class='ocr_par' dir='ltr' id='par_1_102' title="bbox 454 5511 2028 5665">
     <span class='ocr_line' id='line_1_103' title="bbox 454 5511 2028 5665; baseline -0.006 -30"><span class='ocrx_word' id='word_1_773' title='bbox 454 5511 1109 5665; x_wconf 53' lang='grc' dir='ltr'><strong>Υὲγξυμιξίνων.</strong></span> <span class='ocrx_word' id='word_1_774' title='bbox 1141 5576 1289 5665; x_wconf 67' lang='lat' dir='ltr'><strong>Harl.</strong></span> <span class='ocrx_word' id='word_1_775' title='bbox 1312 5586 1367 5658; x_wconf 77' lang='lat' dir='ltr'><strong>et</strong></span> <span class='ocrx_word' id='word_1_776' title='bbox 1387 5592 1532 5665; x_wconf 69' lang='lat' dir='ltr'><strong>unqs</strong></span> <span class='ocrx_word' id='word_1_777' title='bbox 1557 5572 2028 5665; x_wconf 53' lang='lat' dir='ltr'><strong>es‘iiqgiisittpb;</strong></span> 
     </span>
    </p>
   </div>
   <div class='ocr_carea' id='block_1_103' title="bbox 455 5644 1895 5722">
    <p class='ocr_par' dir='ltr' id='par_1_103' title="bbox 455 5644 1895 5722">
     <span class='ocr_line' id='line_1_104' title="bbox 455 5644 1895 5722; baseline -0.008 -18"><span class='ocrx_word' id='word_1_778' title='bbox 455 5644 943 5722; x_wconf 53' lang='grc' dir='ltr'>ὲκῂαῖνωνξβθέεῑ</span> <span class='ocrx_word' id='word_1_779' title='bbox 971 5650 1132 5704; x_wconf 88' lang='lat' dir='ltr'><strong>etiam</strong></span> <span class='ocrx_word' id='word_1_780' title='bbox 1166 5644 1282 5701; x_wconf 73' lang='grc' dir='ltr'>εἶτα</span> <span class='ocrx_word' id='word_1_781' title='bbox 1315 5648 1368 5701; x_wconf 90' lang='lat' dir='ltr'><strong>in</strong></span> <span class='ocrx_word' id='word_1_782' title='bbox 1400 5647 1589 5702; x_wconf 84' lang='lat' dir='ltr'><strong>codice</strong></span> <span class='ocrx_word' id='word_1_783' title='bbox 1626 5644 1895 5701; x_wconf 70' lang='lat' dir='ltr'><strong>Medicam.</strong></span> 
     </span>
    </p>
   </div>
   <div class='ocr_carea' id='block_1_104' title="bbox 2207 4801 3712 4878">
    <p class='ocr_par' dir='ltr' id='par_1_104' title="bbox 2207 4801 3712 4878">
     <span class='ocr_line' id='line_1_105' title="bbox 2207 4801 3712 4878; baseline -0.009 -16"><span class='ocrx_word' id='word_1_784' title='bbox 2207 4807 2320 4878; x_wconf 76' lang='lat'><strong>(29)</strong></span> <span class='ocrx_word' id='word_1_785' title='bbox 2361 4806 2575 4874; x_wconf 78' lang='grc' dir='ltr'>Ἠμῶν.</span> <span class='ocrx_word' id='word_1_786' title='bbox 2599 4804 2753 4859; x_wconf 83' lang='lat' dir='ltr'><strong>Hanc</strong></span> <span class='ocrx_word' id='word_1_787' title='bbox 2777 4819 2964 4878; x_wconf 77' lang='lat' dir='ltr'><strong>vocem</strong></span> <span class='ocrx_word' id='word_1_788' title='bbox 2984 4801 3295 4878; x_wconf 79' lang='lat' dir='ltr'><strong>addidimus</strong></span> <span class='ocrx_word' id='word_1_789' title='bbox 3317 4812 3543 4878; x_wconf 46' lang='lat' dir='ltr'><strong>eruiss.</strong></span> <span class='ocrx_word' id='word_1_790' title='bbox 3566 4804 3712 4878; x_wconf 64' lang='lat' dir='ltr'><strong>octo.</strong></span> 
     </span>
    </p>
   </div>
   <div class='ocr_carea' id='block_1_105' title="bbox 2207 4866 3713 4946">
    <p class='ocr_par' dir='ltr' id='par_1_105' title="bbox 2207 4866 3713 4946">
     <span class='ocr_line' id='line_1_106' title="bbox 2207 4866 3713 4946; baseline -0.009 -13"><span class='ocrx_word' id='word_1_791' title='bbox 2207 4866 2319 4946; x_wconf 83' lang='grc'><strong>(50)</strong></span> <span class='ocrx_word' id='word_1_792' title='bbox 2356 4866 2873 4946; x_wconf 57' lang='grc' dir='ltr'>Πολυπρόσωπογ.</span> <span class='ocrx_word' id='word_1_793' title='bbox 2892 4874 3010 4946; x_wconf 14' lang='lat' dir='ltr'><strong>Alta_</strong></span> <span class='ocrx_word' id='word_1_794' title='bbox 3028 4871 3235 4946; x_wconf 84' lang='lat' dir='ltr'><strong>Hagan.</strong></span> <span class='ocrx_word' id='word_1_795' title='bbox 3266 4870 3441 4946; x_wconf 75' lang='lat' dir='ltr'><strong>editio</strong></span> <span class='ocrx_word' id='word_1_796' title='bbox 3480 4877 3535 4946; x_wconf 74' lang='lat' dir='ltr'><strong>et</strong></span> <span class='ocrx_word' id='word_1_797' title='bbox 3566 4866 3713 4921; x_wconf 85' lang='lat' dir='ltr'><strong>Basi-</strong></span> 
     </span>
    </p>
   </div>
   <div class='ocr_carea' id='block_1_106' title="bbox 2135 4936 3709 5006">
    <p class='ocr_par' dir='ltr' id='par_1_106' title="bbox 2135 4936 3709 5006">
     <span class='ocr_line' id='line_1_107' title="bbox 2135 4936 3709 5006; baseline -0.007 -6"><span class='ocrx_word' id='word_1_798' title='bbox 2135 4936 2338 5002; x_wconf 46' lang='lat' dir='ltr'><strong>Iee‘nsi&#39;s</strong></span> <span class='ocrx_word' id='word_1_799' title='bbox 2361 4957 2415 5001; x_wconf 90' lang='lat' dir='ltr'><strong>et</strong></span> <span class='ocrx_word' id='word_1_800' title='bbox 2438 4936 2726 5001; x_wconf 58' lang='lat' dir='ltr'><strong>octo&#39;mss.</strong></span> <span class='ocrx_word' id='word_1_801' title='bbox 2760 4944 2940 4997; x_wconf 66' lang='lat' dir='ltr'><strong>l&#39;Jditio</strong></span> <span class='ocrx_word' id='word_1_802' title='bbox 2978 4936 3310 4995; x_wconf 76' lang='lat' dir='ltr'><strong>Parisiensis</strong></span> <span class='ocrx_word' id='word_1_803' title='bbox 3338 4936 3709 5006; x_wconf 83' lang='grc' dir='ltr'>πολυώνυμον.</span> 
     </span>
    </p>
   </div>
   <div class='ocr_carea' id='block_1_107' title="bbox 2134 5009 3714 5086">
    <p class='ocr_par' dir='ltr' id='par_1_107' title="bbox 2134 5009 3714 5086">
     <span class='ocr_line' id='line_1_108' title="bbox 2134 5009 3714 5086; baseline -0.009 -15"><span class='ocrx_word' id='word_1_804' title='bbox 2134 5017 2281 5071; x_wconf 85' lang='lat' dir='ltr'><strong>lnl‘ra</strong></span> <span class='ocrx_word' id='word_1_805' title='bbox 2312 5017 2548 5071; x_wconf 86' lang='lat' dir='ltr'><strong>Basilius</strong></span> <span class='ocrx_word' id='word_1_806' title='bbox 2579 5016 2724 5069; x_wconf 90' lang='lat' dir='ltr'><strong>hanc</strong></span> <span class='ocrx_word' id='word_1_807' title='bbox 2752 5014 3003 5086; x_wconf 70' lang='lat' dir='ltr'><strong>haeresim</strong></span> <span class='ocrx_word' id='word_1_808' title='bbox 3027 5020 3198 5086; x_wconf 81' lang='lat' dir='ltr'><strong>vocat_</strong></span> <span class='ocrx_word' id='word_1_809' title='bbox 3221 5009 3527 5086; x_wconf 74' lang='grc' dir='ltr'>ἀνωνυμον,</span> <span class='ocrx_word' id='word_1_810' title='bbox 3552 5015 3604 5086; x_wconf 75' lang='lat' dir='ltr'><strong>et</strong></span> <span class='ocrx_word' id='word_1_811' title='bbox 3624 5022 3714 5086; x_wconf 58' lang='lat' dir='ltr'><strong>no:</strong></span> 
     </span>
    </p>
   </div>
   <div class='ocr_carea' id='block_1_108' title="bbox 2136 5075 3714 5155">
    <p class='ocr_par' dir='ltr' id='par_1_108' title="bbox 2136 5075 3714 5155">
     <span class='ocr_line' id='line_1_109' title="bbox 2136 5075 3714 5155; baseline -0.008 -16"><span class='ocrx_word' id='word_1_812' title='bbox 2136 5104 2257 5141; x_wconf 80' lang='lat' dir='ltr'><strong>inen</strong></span> <span class='ocrx_word' id='word_1_813' title='bbox 2296 5087 2414 5141; x_wconf 87' lang='lat' dir='ltr'><strong>Filii</strong></span> <span class='ocrx_word' id='word_1_814' title='bbox 2443 5088 2513 5141; x_wconf 88' lang='lat' dir='ltr'><strong>ab</strong></span> <span class='ocrx_word' id='word_1_815' title='bbox 2542 5102 2604 5140; x_wconf 90' lang='lat' dir='ltr'><strong>ea</strong></span> <span class='ocrx_word' id='word_1_816' title='bbox 2647 5086 2836 5155; x_wconf 88' lang='lat' dir='ltr'><strong>negari</strong></span> <span class='ocrx_word' id='word_1_817' title='bbox 2867 5079 3333 5155; x_wconf 85' lang='lat' dir='ltr'><strong>declarat._Paulo</strong></span> <span class='ocrx_word' id='word_1_818' title='bbox 3359 5075 3482 5148; x_wconf 72' lang='lat' dir='ltr'><strong>pust</strong></span> <span class='ocrx_word' id='word_1_819' title='bbox 3510 5076 3637 5131; x_wconf 88' lang='lat' dir='ltr'><strong>editi</strong></span> <span class='ocrx_word' id='word_1_820' title='bbox 3661 5075 3714 5128; x_wconf 82' lang='grc' dir='ltr'><strong>τί</strong></span> 
     </span>
    </p>
   </div>
   <div class='ocr_carea' id='block_1_109' title="bbox 2134 5153 3394 5226">
    <p class='ocr_par' dir='ltr' id='par_1_109' title="bbox 2134 5153 3394 5226">
     <span class='ocr_line' id='line_1_110' title="bbox 2134 5153 3394 5226; baseline -0.007 -16"><span class='ocrx_word' id='word_1_821' title='bbox 2134 5157 2264 5210; x_wconf 50' lang='grc' dir='ltr'>ἄλλο</span> <span class='ocrx_word' id='word_1_822' title='bbox 2299 5160 2464 5220; x_wconf 84' lang='grc' dir='ltr'>ποιεῖ,</span> <span class='ocrx_word' id='word_1_823' title='bbox 2494 5155 2635 5226; x_wconf 79' lang='grc' dir='ltr'>οὐχί.</span> <span class='ocrx_word' id='word_1_824' title='bbox 2669 5153 2835 5226; x_wconf 82' lang='lat' dir='ltr'><strong>Iidem</strong></span> <span class='ocrx_word' id='word_1_825' title='bbox 2871 5169 3004 5226; x_wconf 79' lang='lat' dir='ltr'><strong>mss.</strong></span> <span class='ocrx_word' id='word_1_826' title='bbox 3042 5163 3101 5226; x_wconf 86' lang='lat' dir='ltr'><strong>ut</strong></span> <span class='ocrx_word' id='word_1_827' title='bbox 3138 5153 3190 5204; x_wconf 91' lang='lat' dir='ltr'><strong>in</strong></span> <span class='ocrx_word' id='word_1_828' title='bbox 3220 5159 3394 5226; x_wconf 56' lang='lat' dir='ltr'><strong>testu.</strong></span> 
     </span>
    </p>
   </div>
   <div class='ocr_carea' id='block_1_110' title="bbox 2206 5215 3710 5297">
    <p class='ocr_par' dir='ltr' id='par_1_110' title="bbox 2206 5215 3710 5297">
     <span class='ocr_line' id='line_1_111' title="bbox 2206 5215 3710 5297; baseline -0.01 -13"><span class='ocrx_word' id='word_1_829' title='bbox 2206 5229 2321 5297; x_wconf 80' lang='grc'><strong>(51)</strong></span> <span class='ocrx_word' id='word_1_830' title='bbox 2367 5215 2740 5292; x_wconf 58' lang='grc' dir='ltr'>’Λαὶηκοᾎτεᾳ</span> <span class='ocrx_word' id='word_1_831' title='bbox 2765 5224 2943 5297; x_wconf 82' lang='lat' dir='ltr'><strong>Editio</strong></span> <span class='ocrx_word' id='word_1_832' title='bbox 2962 5223 3136 5276; x_wconf 83' lang='lat' dir='ltr'><strong>Paris.</strong></span> <span class='ocrx_word' id='word_1_833' title='bbox 3168 5221 3319 5297; x_wconf 87' lang='lat' dir='ltr'><strong>addit</strong></span> <span class='ocrx_word' id='word_1_834' title='bbox 3348 5215 3549 5297; x_wconf 65' lang='grc' dir='ltr'>αυτῶν,</span> <span class='ocrx_word' id='word_1_835' title='bbox 3569 5216 3710 5284; x_wconf 90' lang='lat' dir='ltr'><strong>quod</strong></span> 
     </span>
    </p>
   </div>
   <div class='ocr_carea' id='block_1_111' title="bbox 2132 5292 3709 5367">
    <p class='ocr_par' dir='ltr' id='par_1_111' title="bbox 2132 5292 3709 5367">
     <span class='ocr_line' id='line_1_112' title="bbox 2132 5292 3709 5367; baseline -0.008 -16"><span class='ocrx_word' id='word_1_836' title='bbox 2132 5312 2237 5351; x_wconf 76' lang='lat' dir='ltr'><strong>nec</strong></span> <span class='ocrx_word' id='word_1_837' title='bbox 2264 5292 2362 5353; x_wconf 83' lang='lat' dir='ltr'><strong>sua</strong></span> <span class='ocrx_word' id='word_1_838' title='bbox 2392 5306 2588 5367; x_wconf 89' lang='lat' dir='ltr'><strong>sponte</strong></span> <span class='ocrx_word' id='word_1_839' title='bbox 2621 5296 2999 5367; x_wconf 79' lang='lat' dir='ltr'><strong>necessarium</strong></span> <span class='ocrx_word' id='word_1_840' title='bbox 3028 5300 3136 5367; x_wconf 68' lang='lat' dir='ltr'><strong>est,</strong></span> <span class='ocrx_word' id='word_1_841' title='bbox 3165 5300 3219 5345; x_wconf 89' lang='lat' dir='ltr'><strong>et</strong></span> <span class='ocrx_word' id='word_1_842' title='bbox 3247 5293 3299 5367; x_wconf 81' lang='lat' dir='ltr'><strong>in</strong></span> <span class='ocrx_word' id='word_1_843' title='bbox 3332 5292 3463 5367; x_wconf 70' lang='lat' dir='ltr'><strong>octq</strong></span> <span class='ocrx_word' id='word_1_844' title='bbox 3490 5302 3621 5367; x_wconf 64' lang='lat' dir='ltr'><strong>mss.</strong></span> <span class='ocrx_word' id='word_1_845' title='bbox 3647 5301 3709 5339; x_wconf 86' lang='lat' dir='ltr'><strong>ac</strong></span> 
     </span>
    </p>
   </div>
   <div class='ocr_carea' id='block_1_112' title="bbox 2131 5355 3707 5436">
    <p class='ocr_par' dir='ltr' id='par_1_112' title="bbox 2131 5355 3707 5436">
     <span class='ocr_line' id='line_1_113' title="bbox 2131 5355 3707 5436; baseline -0.008 -16"><span class='ocrx_word' id='word_1_846' title='bbox 2131 5369 2187 5420; x_wconf 90' lang='lat' dir='ltr'><strong>in</strong></span> <span class='ocrx_word' id='word_1_847' title='bbox 2216 5355 2462 5436; x_wconf 52' lang='lat' dir='ltr'><strong>antiqui-8</strong></span> <span class='ocrx_word' id='word_1_848' title='bbox 2484 5367 2826 5436; x_wconf 83' lang='lat' dir='ltr'><strong>editionibus</strong></span> <span class='ocrx_word' id='word_1_849' title='bbox 2845 5364 3016 5436; x_wconf 71' lang='lat' dir='ltr'><strong>deest.</strong></span> <span class='ocrx_word' id='word_1_850' title='bbox 3041 5355 3160 5415; x_wconf 86' lang='lat' dir='ltr'><strong>Non</strong></span> <span class='ocrx_word' id='word_1_851' title='bbox 3188 5355 3707 5436; x_wconf 69' lang='lat' dir='ltr'><strong>multoinfrajidem</strong></span> 
     </span>
    </p>
   </div>
   <div class='ocr_carea' id='block_1_113' title="bbox 2130 5425 3705 5508">
    <p class='ocr_par' dir='ltr' id='par_1_113' title="bbox 2130 5425 3705 5508">
     <span class='ocr_line' id='line_1_114' title="bbox 2130 5425 3705 5508; baseline -0.008 -16"><span class='ocrx_word' id='word_1_852' title='bbox 2130 5439 2262 5492; x_wconf 89' lang='lat' dir='ltr'><strong>editi</strong></span> <span class='ocrx_word' id='word_1_853' title='bbox 2293 5425 2522 5508; x_wconf 72' lang='grc' dir='ltr'>Εἴρηται</span> <span class='ocrx_word' id='word_1_854' title='bbox 2540 5436 2671 5508; x_wconf 83' lang='grc' dir='ltr'>γὰρ,</span> <span class='ocrx_word' id='word_1_855' title='bbox 2696 5435 2883 5505; x_wconf 79' lang='grc' dir='ltr'>φασίν.</span> <span class='ocrx_word' id='word_1_856' title='bbox 2906 5432 3045 5486; x_wconf 90' lang='lat' dir='ltr'><strong>Octo</strong></span> <span class='ocrx_word' id='word_1_857' title='bbox 3070 5446 3203 5485; x_wconf 90' lang='lat' dir='ltr'><strong>mss.</strong></span> <span class='ocrx_word' id='word_1_858' title='bbox 3228 5440 3280 5485; x_wconf 88' lang='lat' dir='ltr'><strong>et</strong></span> <span class='ocrx_word' id='word_1_859' title='bbox 3302 5430 3473 5485; x_wconf 87' lang='lat' dir='ltr'><strong>editio</strong></span> <span class='ocrx_word' id='word_1_860' title='bbox 3506 5425 3705 5496; x_wconf 81' lang='lat' dir='ltr'><strong>llagan.</strong></span> 
     </span>
    </p>
   </div>
   <div class='ocr_carea' id='block_1_114' title="bbox 2130 5511 2891 5567">
    <p class='ocr_par' dir='ltr' id='par_1_114' title="bbox 2130 5511 2891 5567">
     <span class='ocr_line' id='line_1_115' title="bbox 2130 5511 2891 5567; baseline -0.009 -5"><span class='ocrx_word' id='word_1_861' title='bbox 2130 5516 2191 5563; x_wconf 92' lang='lat' dir='ltr'><strong>ut</strong></span> <span class='ocrx_word' id='word_1_862' title='bbox 2231 5511 2284 5562; x_wconf 92' lang='lat' dir='ltr'><strong>in</strong></span> <span class='ocrx_word' id='word_1_863' title='bbox 2329 5517 2502 5561; x_wconf 77' lang='lat' dir='ltr'><strong>textu.</strong></span> <span class='ocrx_word' id='word_1_864' title='bbox 2886 5558 2891 5567; x_wconf 67' lang='grc'>,</span> 
     </span>
    </p>
   </div>
   <div class='ocr_carea' id='block_1_115' title="bbox 2202 5563 3705 5649">
    <p class='ocr_par' dir='ltr' id='par_1_115' title="bbox 2202 5563 3705 5649">
     <span class='ocr_line' id='line_1_116' title="bbox 2202 5563 3705 5649; baseline -0.011 -16"><span class='ocrx_word' id='word_1_865' title='bbox 2202 5577 2312 5649; x_wconf 76' lang='lat'><strong>(32)</strong></span> <span class='ocrx_word' id='word_1_866' title='bbox 2354 5578 2567 5632; x_wconf 74' lang='grc' dir='ltr'>Φασίν.</span> <span class='ocrx_word' id='word_1_867' title='bbox 2612 5563 2903 5631; x_wconf 74' lang='lat' dir='ltr'><strong>Medicaats</strong></span> <span class='ocrx_word' id='word_1_868' title='bbox 2933 5581 2986 5628; x_wconf 88' lang='lat' dir='ltr'><strong>et</strong></span> <span class='ocrx_word' id='word_1_869' title='bbox 3028 5587 3170 5626; x_wconf 89' lang='lat' dir='ltr'><strong>unus</strong></span> <span class='ocrx_word' id='word_1_870' title='bbox 3198 5586 3263 5625; x_wconf 76' lang='lat' dir='ltr'><strong>ex</strong></span> <span class='ocrx_word' id='word_1_871' title='bbox 3307 5568 3495 5638; x_wconf 81' lang='lat' dir='ltr'><strong>Regiis</strong></span> <span class='ocrx_word' id='word_1_872' title='bbox 3530 5563 3705 5636; x_wconf 72' lang='grc' dir='ltr'>φησίν.</span> 
     </span>
    </p>
   </div>
  </div>
