3862 6220
149 311 258 366 773

1002 278 1015 291 ‘
1070 302 1562 362 EPlSTOLARUM
1600 306 1885 367 cussrs
1921 308 1984 366 n.
2027 311 2249 369 EPIST.
2291 313 2447 369 ccx.

3299 322 3404 377 77$

145 449 242 495 τος
274 428 546 502 ἡμετέρου
580 428 719 482 εἰσὶν
748 428 798 481 oi
834 427 1045 491 τούτοις
1084 428 1255 499 ἔνοχοι
1277 470 1290 491 ,
1326 431 1420 483 καὶ
1471 446 1738 484 καταστε-

1845 435 2131 504 sanguinei
2166 436 2341 491 nostri
2376 443 2528 499 sunt,
2567 436 2662 507 qui
2712 436 2800 492 bis
2849 437 3230 509 implicantur,
3270 442 3421 497 etde

147 524 299 587 νάζω
333 523 434 593 τῆς
464 520 704 593 ἐμαυτοῦ
734 521 910 591 ψυχῆς
931 561 945 583 ,
980 521 1063 574 ὅτι
1098 520 1478 591 ἀναγκάζομαι
1505 563 1518 585 ,
1549 521 1738 593 ὥσπερ

149 618 201 671 οἱ
248 615 385 687 πρὸς
417 614 510 668 δύο
547 613 908 677 πυκτεύοντες
932 655 946 676 ,
990 613 1088 674 τὰς
1121 613 1205 680 ἐφ’
1246 607 1483 685 ἑκάτερα
1516 612 1609 665 τοῦ
1653 614 1740 666 λό-

149 725 250 777 γου
286 707 652 780 παρατροπὰς
706 704 920 777 κρούων
968 709 1079 769 τοῖς
1116 706 1388 775 ἐλέγχοις,
1443 706 1536 759 καὶ
1570 722 1739 759 κατα-

152 803 364 857 ϐάλλων
386 843 402 867 ,
429 802 529 872 τὴν
564 802 947 873 προσήκουσαν
982 800 1133 869 ἰσχὺν
1162 799 1471 853 ἀποδιδόναι
1509 802 1573 869 τῇ
1615 799 1741 871 ἀλη-

151 894 295 965 θεία.
343 891 624 947 Ἐντεῦθεν
660 892 769 962 γάρ
806 893 835 945 ὁ
874 892 1152 961 Ἀνόμοιος
1202 892 1348 961 ἡμᾶς
1394 892 1735 962 σπαράσσει·

152 986 420 1058 ἑτέρωθεν
453 986 510 1040 δὲ
538 1025 551 1050 ,
601 966 678 1048 ὡς
712 984 887 1037 ἔοικεν
913 1024 927 1045 ,
980 987 1008 1037 ὁ
1057 984 1363 1047 Σαϐἐλλιος.
1422 983 1561 1037 Ἀλλ’
1595 985 1738 1054 ὑμᾶς

151 1076 461 1148 παρακαλῶ
485 1120 498 1142 ,
547 1079 660 1139 τοῖς
704 1075 977 1145 βδελυροῖς
1008 1075 1219 1138 τούτοις
1263 1076 1356 1127 καὶ
1399 1074 1603 1145 μηδένα
1634 1092 1739 1128 πα-

155 1169 423 1239 ρατρέψαι
456 1168 774 1237 δυναμένοις
820 1168 1117 1237 σοφίσμασι
1172 1167 1244 1238 μὴ
1304 1168 1591 1237 προσέχειν
1645 1164 1738 1219 τὸν

150 1261 281 1314 νοῦν
300 1279 314 1291 ·
347 1260 544 1313 εἰδέναι
579 1260 657 1321 δὲ,
689 1261 771 1313 ὅτι
803 1259 920 1312 ’ἐστι
949 1258 1011 1311 τὸ
1039 1259 1210 1329 ὄνομα
1236 1258 1327 1311 τοῦ
1360 1258 1597 1329 Χριστοῦ
1626 1257 1736 1329 (55)

148 1353 213 1406 τὸ
251 1353 394 1423 ὑπὲρ
447 1348 555 1405 πᾶν
595 1352 764 1421 ὄνομα
792 1392 805 1411 ,
842 1350 973 1404 αὐτὸ
1005 1349 1064 1403 τὸ
1105 1350 1389 1403 καλεῖσθαι
1429 1352 1540 1420 (54)
1577 1350 1739 1403 αὑτὸν

151 1444 283 1498 Υἱὸν
313 1443 408 1496 τοῦ
442 1443 607 1506 Θεοῦ,
642 1442 736 1495 καὶ
781 1441 923 1495 κατά
957 1442 1046 1495 τὺν
1096 1442 1305 1512 Πέτρου
1352 1442 1509 1509 λόγον
1534 1459 1547 1473 ·
1589 1441 1741 1495 eaet

146 1536 325 1588 ἐστιν
357 1533 563 1601 ἕτερον
600 1533 785 1601 ὄνομα
828 1533 947 1587 ὑπὸ
992 1534 1098 1587 τὸν
1144 1534 1439 1601 οὐρανὸν,
1476 1534 1543 1587 τὸ
1575 1533 1739 1588 δεδο-

144 1625 343 1695 μένον
397 1626 467 1677 ἐν
516 1624 851 1691 ἀνθρώποις
887 1623 998 1692 (55)
1028 1664 1042 1683 ,
1099 1625 1170 1677 ἐν
1226 1617 1275 1689 ᾧ
1326 1624 1422 1677 δεῖ
1471 1623 1741 1692 σωθῆναι

152 1715 332 1786 ἡμᾶς.
375 1715 520 1785 Πρὸς
551 1714 607 1766 δὲ
638 1714 729 1775 τδ,
762 1715 844 1766 ὅτε
896 1713 1039 1783 Ἐγὼ
1075 1710 1267 1783 ἦλθον
1297 1714 1367 1767 ἐν
1394 1712 1473 1778 τῷ
1496 1715 1741 1782 ὀνόματι

151 1807 262 1862 τοῦ
301 1807 534 1874 Πατρός
572 1823 725 1875 μου,
777 1807 954 1857 ἐκεῖνο
995 1805 1193 1857 εἰδέναι
1218 1806 1323 1876 χρὴ
1350 1846 1364 1868 ,
1402 1806 1519 1871 ὅτι,
1569 1806 1743 1878 ἀρχὴν
1778 1807 1816 1861 Β

152 1898 352 1953 ἑαυτοῦ
380 1898 475 1950 καὶ
498 1898 676 1950 αἰτίαν
706 1897 1147 1968 ἐπιγραφόμενος
1172 1898 1262 1950 τὸν
1293 1898 1538 1969 Πατέρα.
1566 1898 1738 1952 ταῦτα

152 1990 323 2057 λέγει.
363 1989 424 2042 Et
463 1990 519 2042 δὲ
572 1988 787 2059 εἴρηται
813 2029 827 2046 .
865 1988 1267 2054 Πορευθέντες
1294 1989 1609 2052 ,ϐαπτίζετε
1652 1992 1740 2056 εις

152 2081 222 2134 τὸ
252 2080 441 2149 ὄνομα
472 2081 579 2133 τοῦ
603 2081 832 2147 Πατρός
866 2080 966 2133 καὶ
993 2081 1101 2133 τοῦ
1140 2080 1276 2133 Υὶοῦ
1301 2082 1399 2133 καὶ
1434 2081 1540 2135 τοῦ
1565 2082 1738 2151 ἁγίου

155 2175 502 2243 Πνεύματος
522 2172 633 2241 ('56)
655 2213 668 2235 ,
695 2172 756 2225 ού
775 2172 925 2243 παρὰ
954 2172 1113 2226 τοῦτο
1132 2172 1237 2242 χρὴ
1261 2172 1504 2243 νομίζειν
1525 2172 1581 2224 ἓν
1606 2174 1739 2242 ἡμῖν

152 2264 328 2336 ὄνομα
358 2263 773 2336 παραδεδόσθαι.
817 2265 904 2327 Ὠς
951 2264 1059 2334 γὰρ
1096 2265 1125 2314 ό
1170 2262 1339 2315 είπὼν
1362 2303 1377 2324 ,
1408 2263 1618 2327 Παῦλος
1645 2264 1741 2316 καὶ

152 2357 443 2419 Σιλουανδς
481 2357 575 2409 καὶ
620 2355 919 2424 Τιμόθεος,
953 2356 1081 2426 τρία
1129 2355 1229 2424 μὲν
1278 2352 1431 2407 εἶπεν
1478 2357 1735 2425 ὀνόματα.

154 2446 414 2516 συνέδησε
440 2445 497 2497 δὲ
522 2445 660 2498 αὐτὰ
690 2444 938 2515 ἀλλήλοις
966 2445 1055 2498 διὰ
1087 2447 1187 2516 τῆς
1212 2485 1225 2507 ,
1261 2446 1355 2498 καὶ
1382 2484 1396 2508 ,
1437 2445 1703 2515 συλλαϐῆς
1723 2463 1734 2475 ·

152 2539 331 2602 οὕτως
365 2541 393 2592 ὁ
431 2537 601 2591 εἰπὼν
646 2538 816 2609 ὄνομα
857 2538 1074 2608 Πατρδς
1130 2540 1223 2591 καὶ
1264 2538 1395 2590 Υίοῦ
1436 2539 1529 2590 καὶ
1584 2539 1739 2606 ἁγίου

155 2629 476 2700 Πνεύματος
497 2670 511 2691 ,
541 2629 669 2699 τρία
716 2626 887 2680 είπὼν
906 2668 921 2692 ,
976 2627 1301 2693 συνέπλεξεν
1335 2627 1476 2681 αὑτά
1506 2627 1583 2696 τῷ
1620 2644 1741 2679 συν-

150 2722 373 2791 δέσμῳ,
404 2721 619 2790 ἑκάστῳ
671 2720 894 2790 ὀνόματι
954 2719 1083 2771 ἴδιον
1121 2719 1523 2788 ὑποϐεϐλῆσθαι
1553 2719 1613 2772 τὸ
1647 2736 1743 2786 ση-

157 2815 486 2886 μαινόμενον
515 2813 849 2867 ὲκδιδάσκων
870 2829 883 2841 ·
917 2812 1049 2865 διότι
1084 2811 1430 2882 πραγμάτων
1476 2812 1593 2865 ἐστὶ
1643 2829 1741 2882 ση-

156 2905 399 2977 μαντικά
452 2905 520 2959 τὰ
566 2905 827 2975 ὀνόματα.
866 2905 945 2957 Τὰ
993 2904 1050 2956 δὲ
1092 2905 1393 2975 πράγματα
1435 2904 1742 2968 ἰδιάζουσαν

156 2999 252 3051 καὶ
277 2999 538 3067 αὐτοτελῆ
571 2997 668 3066 τὴν
708 2995 944 3067 ὓπαρξιν
988 2996 1132 3066 ἔχειν
1170 2996 1344 3056 οὐδεὶς
1377 2994 1487 3047 τῶν
1520 2996 1616 3048 καὶ
1652 3014 1741 3064 μι-

157 3088 290 3159 κρὸν
331 3091 666 3158 μετεχόντων
718 3085 810 3139 τοῦ
836 3147 842 3154 ι
866 3089 1082 3156 φρονεῖν
1129 3085 1479 3155 ἀμφιϐάλλει.
1532 3085 1744 3154 Πατρὸς

1841 527 2037 582 anima:
2070 544 2203 583 mea:
2247 529 2354 583 situ
2398 527 2697 598 ingemisco
2718 568 2734 592 ,
2766 529 2913 598 quod
2954 546 3120 600 cogar
3144 573 3159 595 ,
3199 532 3348 586 velut
3378 532 3416 587 ii

1840 620 1932 689 qui
1964 628 2151 674 contra
2176 620 2316 675 duos
2344 628 2609 690 pugnant,
2628 619 2889 674 doctrina:
2913 637 2977 676 ex
3008 632 3238 693 utraque
3268 631 3419 693 parte

1840 710 2177 778 corruptelas
2210 710 2545 779 argumentis
2587 710 2813 778 pulsans
2855 717 2910 762 et
2956 720 3244 777 evertens,
3287 727 3420 766 con-

1841 810 2159 855 sentaneum
2202 802 2414 856 veritati
2463 802 2633 855 robur
2677 803 2923 856 reddere.
2972 802 3109 857 Hinc
3138 804 3282 858 enim
3316 819 3418 860 nos

1840 889 2103 944 dilacerat
2130 890 2461 944 Anommus:
2505 890 2691 952 illinc,
2730 899 2788 943 ut
2825 899 3049 959 apparet
3072 932 3085 951 .
3126 890 3416 948 Sabellius.

1841 978 2041 1035 Verum
2077 981 2308 1035 obsecro
2334 996 2450 1044 vos,
2476 989 2534 1036 ut
2565 996 2631 1036 ne
2656 982 3011 1036 exsecrandis
3040 983 3126 1037 his
3158 998 3220 1038 ac
3244 985 3417 1040 nemi-

1840 1087 1963 1125 nem
1997 1072 2315 1125 subvertere
2350 1072 2655 1125 valentibus
2689 1073 3123 1141 sophismatibus
3167 1075 3417 1130 animum

1841 1163 2171 1218 intendatis:
2208 1163 2302 1218 sed
2332 1165 2542 1225 sciatis,
2576 1164 2783 1221 Christi
2815 1181 3011 1220 nomen
3037 1168 3181 1237 quod
3209 1176 3292 1223 est
3322 1184 3419 1224 su-

1840 1269 1937 1324 per
1970 1270 2131 1308 omne
2163 1270 2386 1318 nomen,
2423 1256 2525 1309 hoc
2556 1256 2733 1326 ipsum
2761 1273 2903 1320 esse,
2941 1259 3087 1327 quod
3122 1257 3290 1314 Filius
3324 1257 3416 1313 Dei

1839 1355 2098 1412 vocatur;
2148 1356 2200 1402 et
2244 1349 2543 1403 secundum
2596 1348 2740 1403 Petri
2788 1352 3037 1418 dictum,
3081 1350 3262 1421 Neque
3305 1368 3418 1406 esse

1840 1449 1988 1502 aliud
2020 1467 2205 1505 nomen
2233 1453 2327 1531 sub
2356 1451 2482 1505 calo
2514 1452 2699 1506 datum
2728 1453 3048 1519 hominibus,
3077 1457 3130 1509 in
3153 1473 3250 1523 quo
3271 1473 3419 1526 opor-

1840 1550 1947 1595 teat
1972 1559 2065 1595 nos
2095 1542 2269 1596 salvos
2297 1544 2412 1611 ﬁeri
2441 1543 2479 1597 ¹.
2512 1544 2666 1608 Quod
2707 1554 2886 1600 autem
2918 1547 3111 1601 attinet
3140 1546 3208 1601 ad
3245 1549 3402 1609 illud.

1842 1630 1953 1703 Ego
1979 1634 2091 1686 veni
2122 1635 2178 1686 in
2216 1636 2425 1688 nomine
2459 1634 2643 1690 Patria
2670 1638 2792 1698 mei,
2830 1638 3115 1692 sciendum
3143 1647 3228 1694 est
3258 1656 3406 1702 eum,

1839 1741 1962 1779 cum
2003 1724 2213 1781 Patrem
2265 1728 2614 1797 profiteretur
2655 1730 2737 1784 sui
2775 1730 2948 1799 ipsius
2978 1733 3305 1801 principium
3352 1747 3419 1786 ac

1847 1831 2067 1869 causam
2092 1857 2106 1879 ,
2139 1818 2254 1873 hazc
2281 1818 2505 1873 dixisse.
2540 1820 2695 1885 Quod
2739 1822 2784 1875 si
2821 1822 3028 1876 dictum
3066 1833 3180 1879 eSt:
3219 1824 3417 1880 ﬂantes

1845 1909 2107 1976 baptizata
2136 1912 2187 1962 in
2215 1912 2421 1964 nomine
2443 1911 2620 1964 Patris
2643 1921 2691 1966 et
2722 1910 2851 1965 Filii
2871 1922 2919 1966 et
2945 1913 3179 1983 Spiritus
3216 1918 3410 1979 sancti,

1846 2016 1954 2054 non
1986 2002 2190 2054 idcirco
2218 2000 2518 2069 putandunt
2548 2010 2630 2056 est
2657 2018 2852 2057 nomen
2877 2021 3042 2059 unum
3066 2008 3224 2062 nobis
3254 2008 3421 2064 fuisse

1846 2090 2130 2145 traditum.
2163 2090 2633 2155 Quemadmodum
2661 2093 2804 2145 enim
2840 2093 2933 2163 qui
2963 2094 3117 2157 dicit,
3143 2094 3343 2153 Paulus
3365 2106 3422 2153 et

1849 2180 2102 2236 Silvanus
2143 2188 2198 2236 et
2240 2179 2582 2248 Timotheus,
2632 2183 2734 2235 tria
2778 2183 2999 2251 quidem
3048 2189 3421 2254 pronuntiavit

1845 2274 2088 2334 nomina,
2116 2274 2210 2328 sed
2240 2288 2302 2327 ea
2337 2272 2479 2326 inter
2518 2290 2577 2328 se
2608 2290 2704 2344 per
2731 2285 2780 2328 et
2809 2276 3071 2345 syllabam
3101 2279 3374 2349 colligavit
3401 2322 3416 2343 ,

1848 2367 1927 2418 sic
1951 2368 2040 2435 qui
2067 2366 2199 2419 dicit
2222 2380 2419 2419 nomen
2449 2363 2629 2421 Patris
2652 2378 2705 2421 et
2732 2366 2849 2420 Filii
2879 2377 2932 2421 et
2957 2365 3195 2437 Spiritus
3222 2375 3423 2439 sancti,

1848 2458 1951 2511 tria
1980 2458 2190 2518 dicens,
2220 2459 2518 2512 connexuit
2541 2459 2656 2527 ipsa
2685 2476 2779 2527 per
2800 2460 3270 2528 conjunctionein.
3296 2467 3422 2519 uni-

1848 2552 2045 2619 cuique
2067 2551 2273 2604 nomini
2302 2552 2579 2620 proprium
2613 2552 2839 2606 subesse
2870 2552 3234 2623 signiﬁcatum
3257 2555 3426 2628 316

1848 2644 2084 2708 docens;
2121 2657 2245 2696 nam
2278 2658 2365 2696 res
2400 2644 2547 2712 ipsas
2576 2643 2886 2713 signiﬁcant
2915 2644 3158 2699 nomina.
3190 2644 3297 2701 Res
3322 2662 3423 2701 au-

1848 2743 1955 2787 tem
1994 2732 2269 2801 propriam
2298 2731 2674 2786 exsistentiam
2699 2746 2763 2784 ac
2790 2747 2885 2800 per
2913 2746 2973 2786 se
3000 2730 3297 2801 perfectam
3326 2733 3425 2788 ha-

1849 2827 2014 2888 bere,
2065 2838 2224 2878 nemo
2274 2822 2355 2876 vel
2402 2837 2595 2891 parum
2645 2821 2953 2893 intelligens
3004 2821 3237 2877 dubitat.
3289 2822 3424 2878 Nam

1848 2915 2026 2971 Patris
2057 2925 2111 2969 et
2144 2912 2261 2968 Filii
2291 2922 2344 2968 et
2382 2912 2618 2982 Spiritus
2648 2915 2822 2967 saneti
2859 2923 3049 2968 natura
3083 2914 3301 2983 quidem
3332 2930 3426 2970 ea-

1851 3007 1974 3061 dem
2018 3015 2071 3061 et
2110 3006 2370 3059 divinitas
2410 3019 2550 3057 una:
2591 3004 2809 3057 nomina
2847 3020 2979 3058 vero
3013 3004 3268 3068 diversa,
3315 3004 3426 3059 cir-

1851 3098 2212 3167 cumscriptas
2233 3104 2286 3151 et
2313 3096 2591 3150 absolutas
2620 3096 2874 3150 notiones
2900 3096 3057 3151 nobis
3088 3096 3421 3151 cxhibentia.

154 3182 269 3251 γὰρ
323 3181 416 3232 καὶ
460 3179 585 3231 fio-3
634 3180 729 3231 καὶ
779 3178 932 3247 ἁγίου
979 3177 1294 3248 Πνεύματος
1357 3178 1515 3246 φύσις
1558 3179 1657 3247 μὲν
1708 3180 1741 3247 ἡ

1849 3188 1990 3242 Fieri
2013 3188 2158 3243 enim
2188 3203 2296 3242 non
2329 3195 2530 3257 potest,
2559 3195 2619 3241 ut
2644 3204 2817 3251 mens,
2848 3190 2952 3242 nisi
2988 3191 3040 3242 in
3071 3190 3427 3260 uniuscujus:

154 3271 333 3340 αὐτὴ,
394 3271 489 3323 καὶ
534 3270 724 3340 θεότης
767 3272 905 3340 μίαν
957 3271 1198 3340 ὀνόματα
1245 3270 1300 3322 δὲ
1344 3270 1608 3340 διάφορα,
1649 3288 1746 3322 πε-

160 3361 531 3434 ριωρισμένας
588 3363 683 3414 καὶ
738 3361 1153 3432 άπηρτισμένας
1204 3359 1304 3423 τὰς
1350 3360 1558 3423 ἐννοίας
1612 3363 1743 3429 ἡμῖν

160 3453 534 3526 παριστῶπιτα.
590 3453 899 3523 Ἀμήχανον
932 3452 1077 3523 γὰρ,
1120 3453 1193 3522 μὴ
1247 3454 1305 3504 ἐν
1353 3455 1464 3517 τοῖς
1510 3453 1742 3506 ἑκάστου

163 3547 421 3617 ἰδιώμασι
466 3547 565 3615 τὴν
599 3546 839 3600 διάνοιαν
875 3545 1177 3615 γενομένην
1216 3544 1553 3615 άσύγχυτον.
1581 3545 1742 3616 δυνη-

162 3635 326 3705 θῆναι
360 3636 537 3705 "arpi.
567 3637 663 3688 καὶ
700 3633 814 3704 Υἱῷ
854 3635 949 3687 καὶ
973 3636 1116 3703 ἁγίῳ
1151 3635 1429 3705 Πνεύματι
1470 3635 1569 3706 τὴν
1598 3635 1745 3699 δοξο-

161 3726 350 3794 λογίαν
378 3726 796 3797 ἀποπληρῶσαι.
837 3725 963 3778 Ἐὰν
995 3728 1091 3797 μὲν
1123 3722 1216 3778 οῦν
1251 3725 1523 3796 ἀρνῶνται
1554 3726 1627 3796 μὴ
1662 3726 1747 3777 λέ-

162 3836 281 3890 γειν
303 3819 479 3874 ταῦτα
500 3860 514 3879 ,
549 3818 681 3889 μηδὲ
712 3818 983 3871 διδάσκειν
1011 3817 1155 3871 οὕτω
1175 3856 1189 3880 ,
1230 3817 1588 3888 κατώρθωται
1612 3821 1746 3889 ἡμῖν

161 3912 232 3965 τὰ
259 3910 690 3980 σπουδαζόμενα.
721 3909 910 3964 Καίτοι
944 3910 1185 3980 χαλεπὴν
1225 3910 1409 3972 αὐτοῖς
1439 3906 1606 3963 οὖσαν
1633 3910 1747 3981 ὁρῶ

160 4004 263 4075 τὴν
305 4002 565 4075 ἄρνησιν,
597 4001 685 4055 διὰ
717 4001 778 4054 τὸ
828 4001 1056 4064 πολλοὺς
1099 4000 1244 4071 ἔχειν
1274 4000 1381 4053 τῶν
1410 3999 1583 4068 λόγων
1625 4000 1747 4053 τού-

161 4113 271 4148 των
321 4096 447 4157 τοὺς
488 4094 791 4165 μάρτυρας.
842 4094 987 4164 Πλὴν
1045 4094 1161 4147 ἀλλ’
1212 4093 1274 4146 οὐ
1324 4092 1635 4164 σκοποῦμεν
1679 4093 1749 4146 τὰ

162 4188 501 4259 παρελθόντα
523 4227 536 4249 ,
569 4187 635 4240 τὰ
669 4186 913 4257 παρόντα
957 4187 1117 4257 μόνον
1159 4187 1575 4255 ύγιαινέτωσαν.
1624 4176 1767 4237 Ἐάν

157 4277 221 4330 δὲ
257 4280 371 4341 τοῖς
406 4279 588 4340 αὐτοῖς
633 4279 1000 4347 ἐπιμένωσιν.
1037 4280 1249 4350 ἀνάγκη
1286 4281 1379 4333 καὶ
1419 4279 1557 4350 πρὸς
1583 4278 1748 4341 ἄλλας

163 4366 494 4437 Ἐκκλησίας
532 4366 792 4437 ἐκϐοῆσαι
820 4369 967 4437 ἡμᾶς
983 4369 1082 4439 τὴν
1112 4368 1233 4422 καθ’
1267 4372 1413 4441 ὑμᾶς
1437 4370 1745 4442 συμφορὰν,

163 4456 259 4507 καὶ
296 4454 524 4524 ποιῆσαι
576 4456 730 4527 παρά
778 4456 1040 4510 πλειόνων
1093 4460 1410 4514 ἐπισκόπων
1442 4461 1747 4532 γράμματα

1848 3294 1954 3348 que
1994 3279 2422 3348 proprietatibus
2477 3279 2596 3332 sine
2640 3278 2965 3333 confusione
3013 3280 3428 3337 considerandis

1847 3378 2117 3427 versetur,
2155 3368 2303 3421 Patri
2333 3375 2389 3423 et
2418 3369 2557 3422 Filio
2587 3375 2640 3423 et
2675 3366 2903 3437 Spiritui
2932 3378 3122 3422 sancto
3153 3368 3429 3438 gloriﬁca-

1850 3462 2051 3515 tionem
2086 3463 2381 3531 persolvat.
2411 3459 2528 3513 Jam
2562 3461 2608 3514 si
2640 3467 2839 3527 negent
2870 3474 2929 3513 se
2959 3459 3071 3512 haec
3100 3459 3303 3524 dicere,
3332 3466 3430 3514 aut

1850 3550 1920 3602 ita
1954 3548 2172 3609 docere,
2216 3551 2555 3619 propositum
2588 3565 2779 3603 sumus
2810 3549 3067 3603 assecuti.
3106 3548 3426 3620 Quanquam

1846 3641 2067 3696 difficile
2098 3641 2205 3695 illis
2236 3656 2360 3694 esse
2394 3640 2549 3694 video
2586 3655 2804 3705 negare,
2848 3622 3282 3709 praptereaquod
3313 3655 3427 3693 non

1847 3731 2006 3800 pauci
2038 3738 2166 3785 sunt
2191 3729 2384 3781 horum
2410 3743 2724 3783 sermonum
2758 3738 2946 3783 testes.
2975 3728 3078 3782 Sed
3112 3737 3291 3783 tamen
3319 3744 3428 3785 non

1850 3831 2162 3893 spectamus
2194 3822 2505 3890 prmterita,
2552 3820 2928 3874 tantummodo
2970 3836 3100 3876 sana
3136 3821 3248 3874 sint
3290 3836 3429 3889 prte-

1851 3915 2048 3969 sentia.
2093 3911 2248 3979 Quod
2284 3911 2329 3967 si
2361 3913 2414 3966 in
2450 3911 2642 3966 iisdem
2677 3912 3174 3981 perseveraverint,
3204 3927 3429 3968 necesse

1850 4004 2171 4059 habebimus
2193 4011 2245 4057 et
2266 4003 2331 4057 ad
2356 4002 2491 4056 alias
2508 4001 2781 4057 Ecclesias
2804 4003 3163 4057 calamitatem
3193 4013 3429 4057 vestram

1848 4095 2150 4159 clamitare,
2182 4108 2243 4146 ac
2283 4093 2544 4162 perlicere
2571 4102 2627 4145 ut
2659 4093 2722 4147 ad
2751 4108 2849 4146 vos
2874 4093 3095 4147 veniant
3120 4108 3149 4146 a
3180 4094 3427 4162 pluribus

1847 4186 2120 4255 episcopis
2156 4185 2350 4238 litterae
2371 4225 2384 4249 ,
2423 4200 2543 4253 qua:
2572 4184 2711 4239 hanc
2744 4185 3092 4255 assurgentis
3124 4186 3428 4255 impietatis

1850 4279 2046 4332 molem
2104 4277 2461 4347 perfringant.
2522 4276 2613 4331 Vel
2668 4277 2813 4332 enim
2863 4278 2913 4331 id
2966 4279 3033 4332 ad
3088 4280 3427 4347 propositum

1851 4380 2099 4423 nostrum
2131 4369 2405 4439 proderit.
2464 4368 2547 4421 vel
2597 4384 2730 4424 sane
2760 4369 2875 4424 heec
2922 4371 3218 4426 obtestatio
3248 4386 3351 4426 nos
3396 4387 3427 4424 a

1850 4462 2010 4529 culpa
2043 4460 2096 4513 in
2115 4459 2326 4528 judicio
2354 4458 2626 4513 liberabit.

164 4544 294 4614 ὑμῖν
332 4545 665 4614 ἀφικέσθαι,
712 4547 774 4599 τὸ
827 4548 1055 4617 μέγεθος
1103 4550 1263 4604 τοῦτο
1313 4553 1413 4622 τῆς
1467 4552 2127 4623 ύποκατασκευαζομένης
2178 4552 2291 4623 (57)
2346 4550 2602 4615 ἀσεϐείας
2652 4552 3131 4624 καταρρηγνύντα.
3194 4554 3264 4606 Ἦ
3317 4552 3429 4622 γάρ

165 4638 442 4711 προῦργου
491 4657 542 4691 τι
577 4639 728 4693 ἔσται
788 4643 869 4704 είς
900 4642 998 4713 τὴν
1054 4645 1321 4717 σπουδὴν,
1367 4646 1398 4716 ἢ
1461 4647 1681 4711 πάντως
1732 4650 1765 4719 ἡ
1806 4647 2058 4720 παροῦσα
2102 4644 2471 4718 διαμαρτυρία
2521 4645 2722 4716 ἀφήσει
2771 4646 2919 4715 ἡμᾶς
2970 4646 3069 4716 τῆς
3114 4646 3295 4709 αἰτίας
3335 4645 3429 4697 ἐπὶ

166 4729 259 4782 τοῦ
287 4746 447 4782 not-ur.
459 4729 594 4782 οίου.

233 4747 259 4781 υ
287 4747 323 4782 κ
365 4746 446 4781 ιττ
493 4746 594 4782 ιου.

233 4745 520 4891 δεξιδᾹΞε
552 4822 643 4874 καὶ
678 4823 737 4875 ὲν
754 4824 1125 4895 συντάγμασιν
1145 4827 1366 4892 οἰκείοις
1398 4830 1741 4884 κατεϐάλοντι

1924 4824 1977 4878 5.
2005 4820 2124 4876 Jam
2162 4832 2343 4875 autem
2381 4829 2436 4876 et
2472 4822 2526 4876 in
2570 4822 2808 4892 propriis
2850 4821 3073 4891 scriptis
3122 4822 3429 4890 iniecerunt

165 4911 291 4973 τοὺς
323 4909 519 4977 λόγους
562 4909 785 4976 τούτους
809 4931 822 4944 ο
855 4913 1067 4986 οὕσπερ
1105 4918 1198 4969 καὶ¹
1241 4919 1569 4974 ἀπέστειλαν
1598 4921 1741 4993 πρῶ-

1853 4916 1955 4970 hos
1990 4928 2297 4975 sermones,
2331 4929 2469 4983 quos
2509 4916 2746 4985 primum
2777 4913 3001 4984 quidem
3037 4914 3307 4971 miserunt
3336 4917 3428 4972 ho-

237 5021 252 5049 '
290 5019 411 5073 Act.
446 5019 630 5082 tv,1‘2.

235 5133 350 5204 (35)
371 5131 649 5200 Χριστοῦ.
676 5132 1028 5208 Additeditio
1040 5131 1245 5208 Paris,
1264 5134 1463 5207 Ἰησοῦ,
1482 5135 1575 5191 sed
1596 5137 1741 5192 deest

1850 5136 1918 5188 τὰ
1944 5134 2202 5208 ὀνόματα.
2239 5135 2357 5208 Sed
2402 5147 2706 5208 repugnant
2750 5147 2875 5191 octo
2906 5139 3125 5194 codices
3160 5142 3333 5196 nostri
3375 5152 3430 5196 ct

165 5202 536 5277 inLocAtoniss.
565 5211 617 5256 et
647 5205 890 5277 antiquis
919 5205 1280 5277 editionibus.
1329 5202 1355 5277 ί
1518 5276 1537 5277 ἡ
1854 5202 2080 5277 vetustte
2119 5206 2415 5277 editiones.
2465 5202 2517 5260 in
2542 5202 2753 5277 'quibus
2797 5208 2913 5264 haec
2957 5212 3180 5264 desunt.
3230 5212 3427 5267 iisdem

233 5271 347 5351 (δέ)
394 5272 464 5351 Τό
502 5271 843 5351 ξιανίέιξὶξσὸναιζ
872 5274 1197 5351 eAtc._Editio
1242 5274 1608 5351 Paris._'ro'3'ro
1645 5293 1741 5351 κα-

1845 5275 2136 5351 codicibus
2163 5271 2642 5351 fretiniutavini'tts
2663 5280 2818 5351 _quod
2845 5278 2993 5351 infra
3015 5282 3067 5351 in
3092 5282 3255 5351 editis
3286 5287 3429 5351 lege-

163 5340 370 5421 λείσθαι
400 5342 561 5421 αύτδν
592 5344 719 5395 Υἱδν
738 5342 846 5421 ’τοῦ
879 5343 1199 5421 Θεοῦηκατὰ
1226 5345 1316 5399 τὸν
1347 5345 1465 5406 τοῦ.
1499 5355 1609 5402 etc.
1643 5346 1741 5400 Co-

1845 5345 2008 5421 ba_tur
2035 5343 2210 5421 ταῦτα
2258 5344 2509 5421 αλλήλοις
2534 5359 2588 5401 et
2620 5340 2704 5417 τῷ
2735 5347 2849 5421 καὶ(
2876 5349 3178 5421 συνδέσμῳ.
3213 5340 3429 5407 ﬂabant

164 5413 315 5467 dices
347 5415 522 5466 nostri
553 5424 605 5467 et
639 5414 879 5483 antiqua:
917 5414 1190 5470 editiones
1218 5432 1433 5471 summo
1461 5432 1741 5471 consensu
1845 5416 2021 5485 etiam
2046 5413 2122 5484 τῷ
2157 5413 2437 5485 συνδέσμῳ
2465 5413 2691 5471 vetusta:
2725 5418 3017 5473 editiones.

166 5491 223 5535 ut
253 5485 557 5558 ἰατρευμ-
625 5557 633 5558 7
697 5554 706 5558 Δ
921 5554 950 5558 _
1379 5557 1386 5558 ί
1470 5556 1478 5558 4
1576 5555 1620 5558 __
1679 5555 1689 5558 _

1857 5555 1869 5558 _
1920 5484 2033 5555 (57)
2075 5484 2842 5558 ’Υίτοκατιισξιευαζομὲφηᾳ
2875 5486 2951 5541 Ita
2977 5496 3101 5558 octo
3124 5505 3257 5545 mss.
3286 5490 3426 5546 Fdili

233 5554 346 5629 (53)
386 5552 483 5603 Ἐν
525 5554 875 5629 ἀνθρωποις.
921 5554 1081 5611 Deest
1114 5557 1429 5626 praepositio
1469 5556 1523 5610 in
1574 5555 1740 5621 Med.,

1847 5551 2376 5629 ὑποσκευαιζομένης.
2428 5557 2598 5629 Paulo
2630 5551 2782 5629 post:
2801 5551 2970 5613 editio
3014 5557 3190 5614 Paris.
3239 5563 3302 5613 ἐκ
3328 5562 3427 5629 τῆς

165 5619 403 5694 Hart'et
441 5639 553 5676 uno
590 5619 654 5677 ei
687 5619 889 5694 Regiis.
1114 5619 1129 5626 ’
1227 5619 1245 5626 ’
1729 5619 1733 5621 ν
1852 5623 2108 5694 σπουδῆς.
2148 5619 2560 5683 Ιὶᾶεηίρθᾱὶροε
2610 5619 2663 5684 et
2711 5628 2983 5685 editiones
3024 5636 3253 5687 vetustte
3285 5640 3343 5688 ut
3370 5619 3428 5687 ὦ

235 5693 347 5762 (56)
383 5695 750 5761 Πνεύματος.
777 5693 967 5751 Εὰἱιίο
1006 5694 1183 5751 Paris.
1216 5694 1365 5751 addit
1396 5696 1489 5749 καὶ
1527 5697 1628 5751 οὐκ
1662 5699 1741 5760 εἰς

1849 5703 2024 5750 textu.
