3862 6220
177 317 277 368 777

1098 308 1597 367 EPISTOLARUM
1634 307 1921 363 CLASSIS
1959 310 2021 364 ll.
2064 310 2282 368 EPIST.
2325 311 2481 367 CCX.

3326 312 3429 366 778

177 424 644 482 κατασϐεσθεῖσαν
676 424 776 496 τὴν
821 423 1033 495 πλάνην
1063 423 1418 478 ἀνανεοῦνται
1450 423 1546 476 νῦν
1583 423 1633 475 οἱ
1665 423 1764 493 τῆς

1878 427 2191 493 Itypostases
2220 425 2542 495 repudiant,
2575 430 2630 478 et
2669 433 2869 478 nomen
2909 422 3032 478 Filii
3071 423 3166 479 Dei
3211 435 3430 496 negant.

179 517 461 586 ἀνωνύμου
493 517 604 588 (47)
639 517 843 590 ταύτης
894 517 1158 589 αἱρέσεως
1207 515 1529 588 ἐφευρεταί·
1574 515 1623 568 οἱ
1661 515 1759 576 τὰς

179 611 504 673 ὃποστάσεις
535 609 893 674 ἀθετοῦντες,
942 611 1038 663 καὶ
1069 611 1132 664 τὸ
1169 611 1341 682 ὄνομα
1377 610 1470 664 τοῦ
1505 608 1636 661 Υίοῦ
1664 607 1758 662 τοῦ

180 702 313 756 Θεοῦ
344 701 768 773 ἀπαρνούμενοι.
806 699 933 766 Οὓς,
964 701 1060 756 ἐὰν
1091 703 1170 774 μὴ
1202 703 1518 756 παύσωνται
1547 702 1762 755 λαλοῦν·

184 808 270 855 τες
321 791 465 845 κατὰ
507 789 602 845 τοῦ
647 790 786 845 Θεοῦ
822 791 1080 860 ἀδικίαν,
1132 793 1420 865 ὀδύρεσθαι
1469 793 1577 866 χρὴ
1623 792 1762 864 μετά

183 883 288 937 τῶν
323 884 784 956 ἀρνησιχρίστων.

248 977 303 1030 6.
339 976 524 1029 Ταῦτα
554 973 870 1044 ἀναγκαίως
915 975 1046 1046 ὑμῖν
1077 975 1512 1046 διεστειλάμεθα,
1543 976 1628 1028 ἵνα
1663 975 1761 1038 τὰς

182 1069 290 1122 ἀπὸ
337 1069 446 1123 τῶν
501 1067 756 1138 πονηρῶν
803 1068 1150 1138 διδαγμάτων
1183 1067 1386 1138 βλάϐας
1425 1067 1759 1138 φυλάξησθε.

188 1161 272 1229 Γῷ
304 1161 417 1213 δντι
452 1162 581 1232 γὰρ,
617 1163 665 1213 εί
700 1160 806 1231 χρὴ
848 1159 948 1224 τὰς
996 1161 1238 1232 πονηράς
1275 1159 1625 1223 διδασκαλίας
1648 1161 1762 1224 τοῖς

181 1253 447 1324 ὀλεθρίοις
467 1254 778 1324 φαρμάκοις
807 1252 1111 1323 ἐξομοιοῦν,
1134 1253 1210 1316 ὡς
1237 1256 1284 1306 οί
1316 1255 1444 1324 παρ’
1478 1255 1604 1324 ὑμῖν
1625 1253 1763 1306 ὀνει-

181 1346 440 1416 ροσκόποι
475 1345 815 1414 φασ“ι,ταῦτά
835 1346 952 1397 ἐστι
980 1345 1073 1397 καὶ
1102 1343 1346 1410 κώνειον,
1374 1346 1465 1398 καὶ
1495 1345 1761 1409 ἀκόνιτον,

182 1437 275 1490 καὶ
299 1437 417 1489 εῖτι
447 1436 634 1508 ἓτερον
665 1437 956 1508 φάρμακον
979 1437 1317 1509 ἀνδροφόνον.
1362 1437 1546 1492 Ταῦτα
1576 1438 1763 1508 ψυχῶν

180 1525 504 1596 δηλητήρια,
560 1527 658 1596 οὐχ
705 1528 754 1579 οἱ
810 1526 1068 1597 ἡμέτεροι
1119 1526 1286 1596 λόγοι,
1346 1527 1490 1598 άπερ
1532 1530 1587 1580 αἱ
1629 1527 1765 1580 οἰνό-

183 1618 414 1687 πληκτοι
442 1618 552 1689 (48)
579 1621 840 1690 μήνιγγες
875 1618 1130 1681 ἐκϐοῶσι,
1155 1618 1586 1689 πολυφάνταστοι
1611 1615 1766 1671 οὖσαι

181 1708 268 1761 διὰ
299 1711 360 1762 τὸ
392 1709 562 1773 πάθος
586 1728 599 1740 ο
633 1709 746 1774 οὒς,
771 1710 928 1781 εἴπερ
960 1711 1326 1781 ἐσωφρόνουν,
1355 1711 1522 1782 ἐχρῆν
1543 1711 1764 1772 εἰδέναι,

181 1800 262 1851 ὃτι
283 1803 406 1862 ταῖς
438 1801 727 1870 ἀχράντοις
751 1801 844 1852 καὶ
873 1800 1051 1870 πάσης
1081 1801 1294 1872 κηλῖδος
1326 1800 1765 1871 κεκαθαρμὲναις

181 1889 379 1959 ψυχαῖς
411 1890 470 1942 τὸ
504 1891 840 1962 προφητικὸν
866 1889 1157 1958 ἐναυγάζει
1185 1891 1448 1960 χάρισμα.
1485 1889 1621 1944 Οὔτε
1654 1889 1764 1960 γὰρ

181 1984 474 2054 κατόπτρῳ
526 1983 768 2053 ῥυπῶντι
825 1983 1048 2036 δυνατὸν
1103 1981 1212 2035 τῶν
1256 1982 1478 2035 εἰκόνων
1515 1981 1766 2046 δέξασθαι

182 2078 283 2141 τὰς
307 2077 594 2146 ἐμφάσεις,
639 2074 764 2128 οὔτε
801 2073 978 2146 ψυχὴν
1007 2075 1129 2137 ταῖς
1171 2073 1448 2144 βιωτικαῖς
1480 2072 1769 2145 προειλημ-

187 2151 358 2241 μένην
420 2168 733 2240 μερίμναις,
769 2168 864 2221 καὶ
901 2169 1014 2230 τοῖς
1060 2168 1124 2220 ἐκ
1166 2165 1261 2219 τοῦ
1297 2168 1644 2238 φρονήματος
1669 2167 1768 2237 τῆς

183 2263 390 2333 σαρκὸς
414 2259 877 2332 ἐπισκοτουμένην
911 2257 1132 2322 πάθεσι,
1159 2259 1383 2311 δυνατὸν
1407 2256 1767 2322 ὑποδέξασθαι

182 2354 279 2408 τοῦ
337 2354 492 2422 ἁγίου
547 2352 861 2423 Πνεύματος
909 2350 1007 2415 τὰς
1061 2349 1377 2420 ἐλλάμψεις.
1416 2350 1488 2402 Οὐ
1513 2349 1621 2420 γὰρ
1659 2350 1768 2402 πᾶν

183 2445 439 2500 ἐνύπνιον
471 2444 633 2508 εὐθὺς
669 2442 996 2514 προφητεία,
1031 2440 1106 2506 ῶς
1147 2459 1278 2512 φησι
1303 2441 1613 2512 Ζαχαρίας·
1649 2444 1768 2496 Κύ-

183 2557 316 2606 ριος
354 2538 608 2604 ἐποίησε
649 2536 1015 2605 φαντασίαν,
1050 2534 1147 2588 καὶ
1188 2535 1367 2588 ὑετόν
1413 2534 1768 2604 χειμερινόν,

184 2630 338 2684 διότι
375 2633 428 2682 οἱ
479 2627 992 2696 ἀποφθεγγόμενοι
1043 2624 1359 2691 ἐλάλησαν
1399 2626 1645 2690 κόπους,
1670 2626 1768 2678 καὶ

186 2720 261 2773 τὰ
317 2719 574 2772 ἐνύπνια
639 2716 837 2786 ψευδῆ
900 2716 1187 2771 ἐλάλουν.
1237 2708 1397 2769 Οὗτοι
1448 2717 1504 2769 δὲ
1553 2718 1772 2771 κάκεῖνο

187 2809 494 2877 ἀγνοοῦσιν,
529 2810 742 2861 οἱκατά
767 2808 860 2860 τὸν
903 2807 1131 2862 Ἡσαΐαν
1164 2808 1608 2877 ἐνυπνιαζόμενοι
1678 2811 1772 2862 καὶ

187 2902 378 2973 κοίτην
436 2900 715 2970 φιλοῦντες
767 2899 1052 2964 νυστάξαι,
1101 2900 1183 2952 ὅτι
1223 2899 1490 2964 πολλάκις
1523 2901 1772 2972 ἐνέργεια

189 2993 402 3062 πλάνης
430 2991 817 3045 ἀποστέλλεται
851 2991 944 3043 ἐπὶ
983 2991 1108 3054 τοὺς
1148 2991 1296 3054 υἱοὺς
1329 2994 1427 3063 τῆς
1468 2991 1768 3055 ἀπειθείας.

1863 514 2073 580 Quibus
2101 517 2346 588 quidem,
2385 517 2491 572 nisi
2522 515 2781 571 desinant
2804 515 2951 586 loqui
2971 516 3235 572 adversus
3261 516 3433 572 Deum

1863 607 2205 677 iniquitatem
2241 611 2284 675 ',
2318 607 2610 680 lugendum
2651 615 2736 664 est
2766 622 2889 663 cum
2926 609 2994 664 iis
3024 610 3117 680 qui
3151 609 3432 664 Christum

1862 707 2082 770 negant.

1935 965 1988 1020 6.
2031 964 2156 1020 Haec
2195 966 2348 1021 vobis
2399 967 2712 1022 necessario
2753 967 3096 1037 scripsimus,
3132 976 3190 1021 ut
3235 967 3432 1022 damna

1863 1075 1892 1113 a
1921 1058 2106 1129 pravis
2130 1057 2476 1113 documentis
2505 1058 2870 1127 impendentia
2897 1060 3154 1114 caveatis.
3180 1059 3315 1114 Nam
3351 1076 3437 1114 re-

1863 1165 2014 1210 vera.
2059 1149 2106 1202 si
2151 1163 2334 1219 pravae
2361 1149 2629 1203 doctrinae
2678 1163 2802 1202 cum
2841 1149 3152 1218 pharmacis
3187 1151 3438 1204 exitiosis

1863 1239 2264 1309 comparandae,
2294 1237 2750 1308 quemadmodum
2789 1239 2930 1310 apud
2967 1254 3065 1293 vos
3097 1239 3438 1293 somniorum

1864 1331 2193 1401 interpretes
2214 1325 2434 1396 dicunt,
2463 1331 2577 1384 liasc
2603 1338 2732 1385 sunt
2765 1340 2820 1385 et
2848 1331 3029 1384 cicuta
3055 1340 3107 1384 et
3135 1313 3436 1394 aconitum,

1863 1432 1918 1478 ct
1948 1423 2153 1494 siquod
2184 1423 2332 1477 aliud
2365 1423 2565 1478 lethale
2600 1423 2978 1492 pharmacum.
3014 1421 3140 1477 llaec
3158 1431 3287 1478 sunt
3317 1424 3430 1476 ani-

1864 1531 2076 1570 marum
2107 1530 2340 1579 venena,
2372 1531 2480 1570 non
2510 1516 2686 1572 nostri
2717 1530 3020 1578 sermones,
3059 1525 3116 1570 υῐ
3144 1515 3436 1569 temulenta

1863 1609 1959 1662 illa
1993 1609 2387 1664 cerebellorum
2417 1609 2702 1663 involucra
2737 1609 3044 1672 clamitant,
3075 1609 3208 1663 visis
3251 1608 3439 1662 multis

1867 1702 1940 1757 ob
1986 1703 2238 1757 morbum
2295 1703 2545 1757 referta:
2584 1717 2724 1773 quos
2771 1701 3013 1772 quidem,
3065 1701 3111 1755 si
3161 1708 3435 1770 saperent,

1867 1811 2031 1851 nosse
2075 1797 2381 1866 Oportebat,
2431 1795 2774 1850 intaminatis
2820 1802 2876 1849 et
2922 1795 2990 1847 ab
3027 1794 3174 1849 omni
3224 1794 3439 1847 macula

1866 1891 2184 1961 expurgatis
2226 1889 2504 1944 mentibus
2533 1890 2914 1960 propheticum
2941 1889 3147 1944 donum
3189 1890 3437 1946 illucet‘e.

1865 1979 2053 2052 Neque
2110 1981 2251 2035 enim
2310 1979 2538 2050 speculo
2597 1979 2821 2036 sordido
2864 1987 3096 2051 possunt
3141 1980 3440 2052 imaginum

1866 2073 2045 2142 excipi
2096 2073 2345 2142 species;
2387 2087 2565 2142 neque
2609 2072 2792 2127 anima
2841 2072 3198 2127 sazcularibus
3231 2088 3442 2142 pratoc-

1867 2171 2066 2236 cupata
2098 2165 2268 2228 curis,
2316 2171 2370 2218 et
2404 2164 2492 2217 cui
2529 2163 2767 2218 carnalis
2810 2178 3007 2219 sensus
3043 2164 3260 2220 aﬂ’cctio
3290 2174 3442 2220 tene-

1867 2257 1996 2312 bras
2035 2255 2291 2319 oﬂ‘undit,
2339 2254 2763 2310 illustrationem
2811 2253 3048 2326 Spiritus
3079 2259 3255 2312 sancti
3298 2259 3443 2314 reci-

1869 2363 1997 2419 pere
2024 2354 2218 2418 potest.
2249 2345 2369 2401 Non
2399 2347 2545 2402 enim
2590 2362 2753 2402 omne
2782 2349 3058 2402 somnium
3095 2350 3278 2404 statim
3311 2366 3443 2420 pro-

1871 2441 2054 2510 phetia
2089 2449 2194 2504 est,
2227 2447 2284 2492 ut
2307 2438 2383 2492 ait
2409 2437 2706 2495 Zacharias
2735 2457 2749 2494 :
2780 2438 3038 2494 Dominus
3069 2440 3188 2510 fecit
3221 2441 3444 2510 phanta-

1869 2533 2042 2596 siam,
2093 2539 2142 2584 et
2197 2530 2427 2600 pluviam
2478 2529 2784 2594 hibernam,
2839 2531 2964 2600 quia
3027 2532 3439 2586 sermocinante:

1872 2625 2034 2677 locuti
2078 2633 2198 2677 sunt
2245 2623 2472 2688 labores,
2523 2631 2572 2676 et
2610 2623 2821 2677 somnia
2854 2623 2998 2692 falsa
3030 2623 3375 2693 loquebantur
3397 2625 3441 2680 ⁸.

1873 2716 1937 2771 lli
1968 2724 2151 2772 autem
2177 2720 2270 2787 qui
2305 2713 2606 2772 secundum
2628 2715 2822 2770 Isaiam
2851 2716 3125 2771 somniant
3156 2725 3211 2771 et
3241 2716 3446 2772 dormi—

1872 2819 1991 2864 tare
2020 2815 2206 2863 amant
2248 2808 2307 2863 in
2350 2807 2516 2862 cubili
2540 2807 2583 2873 ‘,
2613 2807 2749 2862 illud
2796 2808 2960 2862 etiam
2994 2808 3272 2878 ignorant,
3303 2823 3448 2879 saepe

1873 2901 2246 2971 operationem
2291 2901 2498 2957 erroris
2528 2899 2749 2954 immitti
2795 2899 2851 2954 in
2893 2899 3036 2956 ﬁlios
3069 2900 3383 2958 diilidentia:
3401 2902 3445 2957 '.

1874 2991 1965 3048 Est
2001 2999 2055 3047 et
2091 2992 2318 3062 spiritus
2348 2991 2608 3058 mendax,
2641 2992 2732 3061 qui
2777 3005 2901 3045 cum
2935 2991 2990 3046 in
3024 2990 3178 3048 falsis
3209 2995 3448 3066 prOphe-

189 3084 302 3138 Καὶ
361 3083 476 3136 ἐστι
537 3082 756 3152 πνεῦμα
809 3080 1022 3151 ψευδὲς,
1066 3080 1115 3145 ὃ,
1155 3083 1213 3134 ὲν
1261 3084 1373 3144 τοῖς
1397 3081 1767 3154 ψευδοπροφή-

1878 3089 1950 3143 tis
1983 3099 2149 3152 esset,
2182 3086 2374 3142 Achab
2399 3085 2617 3158 decepit
2636 3087 2677 3140 °.
2713 3085 2840 3141 Haec
2867 3086 3110 3143 scientes
3146 3103 3255 3144 non
3285 3103 3451 3159 opor-

189 3191 314 3237 ταις
351 3173 461 3245 (49)
485 3172 797 3243 γενόμενον,
843 3171 936 3224 τὸν
983 3168 1187 3240 Ἀχαάϐ
1229 3169 1560 3241 ἐξηπάτησε.
1590 3171 1774 3225 Ταῦτα

191 3268 393 3330 εἰδότες
447 3266 580 3338 (50),
615 3265 722 3319 ἔδει
784 3264 860 3336 μὴ
911 3263 1167 3316 τοσοῦτον
1206 3263 1605 3335 ὑπεραρθῆναι,
1631 3263 1773 3318 ῶστε

193 3360 406 3420 ἑαυτοῖς
433 3355 770 3427 προφητείαν
803 3357 1270 3424 προσμαρτυρεῖν,
1301 3353 1354 3406 οῖ
1385 3370 1448 3421 γε
1471 3353 1775 3410 δείκνυνται

192 3451 286 3503 καὶ
309 3447 403 3502 τοῦ
428 3447 794 3502 οίωνοσκόπου
829 3445 1058 3516 Βαλαὰμ
1092 3449 1192 3516 τῆς
1241 3446 1527 3516 ἀκριϐείας
1558 3448 1776 3503 ἀπολει-

194 3540 446 3608 πόμενοι.
484 3538 602 3602 Ὃς,
635 3537 740 3590 ὑπὸ
775 3536 869 3590 τοῦ
905 3535 1166 3606 βασιλέως
1205 3535 1314 3590 τῶν
1347 3538 1653 3592 Μωαϐιτῶν
1682 3541 1776 3592 ἐπὶ

198 3629 485 3698 μεγίσταις
532 3627 762 3698 δωρεαῖς
802 3624 1184 3696 μετακληθεὶς,
1237 3627 1336 3678 οὐκ
1377 3627 1634 3698 ἠνέσχετο
1662 3628 1774 3700 (51)

196 3719 412 3787 ἀφεῖναι
445 3717 625 3788 φωνὴν
657 3716 807 3787 παρὰ
837 3717 898 3770 τὸ
926 3715 1170 3786 βούλημα
1195 3716 1285 3769 τοῦ
1311 3716 1465 3781 Θεοῦ,
1490 3719 1609 3770 οὐδὲ
1641 3720 1777 3789 ἀρά-

197 3808 392 3862 σασθαι
431 3808 521 3861 τὸν
571 3807 808 3879 Ἰσραὴλ,
867 3807 925 3859 ὃν
955 3808 1054 3860 οὐκ
1087 3807 1284 3877 ἀρᾶται
1326 3807 1547 3876 Κύριος.
1578 3810 1640 3861 Ei
1677 3811 1775 3878 μὲν

197 3898 288 3956 οὖν
305 3905 424 3964 ταῖς
469 3902 704 3964 ἐντολαῖς
737 3901 830 3954 τοῦ
859 3901 1071 3971 Κυρίου
1101 3901 1158 3952 αἱ
1192 3900 1334 3954 κατὰ
1364 3901 1454 3955 τόν
1488 3901 1654 3956 ῦπνον
1679 3905 1777 3957 αὺ-

198 3993 304 4048 τῶν
392 3995 685 4062 φαντασίαι
735 3993 1157 4064 συντρέχουσιν,
1215 3994 1595 4064 ἀρκείσθωσαν
1664 4001 1776 4061 τοῖς

198 4086 576 4155 Εὑαγγελίοις,
615 4086 872 4156 οὐδεμιᾶς
921 4085 1172 4156 βοηθείας
1211 4087 1275 4138 ἐκ
1303 4085 1411 4140 τῶν
1443 4087 1666 4160 ὀνείρων
1696 4091 1776 4152 εἰς

195 4179 294 4248 τὴν
334 4177 676 4241 ἀξιοπιστίαν
711 4177 1163 4248 προσδεομένοιςο
1207 4179 1255 4230 εξ
1290 4177 1342 4229 δὲ
1377 4179 1404 4229 ὁ
1437 4179 1534 4248 μὲν
1573 4178 1780 4250 Κύριος

195 4269 294 4340 τὴν
320 4270 512 4322 ἐαυτοῦ
531 4271 752 4340 εἰρήνην
780 4269 992 4338 ἀφῆκεν
1021 4271 1171 4338 ἡμῖν,
1211 4268 1306 4321 καὶ
1339 4269 1556 4339 ἐντολὴν
1585 4271 1774 4342 καινὴν

197 4359 396 4413 ἔδωκεν
422 4363 574 4429 ἡμῖν,
597 4360 683 4414 ἵνα
710 4359 1012 4429 ἀγαπῶμεν
1039 4359 1318 4428 ἀλλήλους,
1338 4359 1406 4413 τὰ
1432 4359 1486 4412 δὲ
1519 4361 1773 4432 ὀνείρατα

1875 3178 2025 3233 tebat
2053 3177 2191 3232 adeo
2220 3177 2526 3248 superbire,
2556 3184 2614 3230 ut
2639 3176 2882 3243 sibiipsis
2916 3177 3218 3248 prophetiae
3244 3177 3450 3233 donum

1877 3270 2217 3325 ascriberent
2250 3287 2264 3322 :
2294 3269 2386 3338 qui
2435 3283 2503 3322 ne
2546 3268 2769 3338 auguris
2797 3267 3017 3338 quidem
3066 3268 3286 3323 Balaam
3325 3270 3454 3324 dili-

1877 3361 2116 3432 gentiam
2141 3360 2362 3430 assequi
2391 3359 2898 3430 deprehenduntur.
2924 3359 2974 3414 is
3005 3360 3151 3415 enim
3181 3376 3213 3415 a
3241 3361 3452 3415 Moabi-

1876 3461 2054 3507 tarum
2102 3466 2249 3522 rege,
2279 3452 2494 3520 magnis
2521 3450 2842 3507 muneribus
2873 3450 3092 3516 oblatis,
3122 3453 3449 3517 accersitus,

1878 3543 2076 3598 adduci
2108 3558 2219 3596 non
2248 3541 2450 3613 potuit,
2505 3551 2564 3595 ut
2594 3555 2784 3595 vocem
2832 3551 3029 3611 praeter
3064 3540 3156 3595 Dei
3191 3542 3450 3596 volunta-

1875 3645 1984 3690 tem
2014 3637 2307 3701 cmittcret,
2354 3642 2449 3687 aut
2479 3632 2669 3688 lsraeli
2696 3633 3086 3701 {malediceret,
3127 3634 3216 3686 cui
3255 3631 3446 3687 Domi-

1876 3743 1981 3782 nus
2011 3742 2121 3780 non
2154 3724 2513 3780 maledicebat
2534 3723 2576 3776 ⁷.
2621 3722 2809 3793 itaque
2834 3723 2881 3778 si
2913 3725 3204 3793 prmceptis
3235 3723 3452 3779 Domini

1876 3820 2060 3874 oblata
2102 3819 2212 3872 illis
2245 3833 2340 3887 per
2371 3831 2626 3872 somnum
2654 3816 2772 3870 visa
2803 3816 3176 3877 consentiunt,
3208 3817 3454 3871 contenti

1877 3913 1987 3965 sint
2016 3910 2348 3980 Evangeliis,
2379 3924 2503 3978 quae
2532 3909 2873 3964 somniorum
2906 3909 3165 3979 praesidio
3193 3910 3259 3963 ad
3291 3909 3450 3964 tidem

1878 4000 2184 4055 faciendam
2209 4015 2316 4054 non
2340 4001 2606 4070 indigent.
2637 3999 2803 4070 318
2823 3999 2978 4066 Quod
3001 4002 3048 4057 si
3075 4017 3262 4070 pacem
3296 4017 3455 4057 suam

1877 4092 2037 4147 nobis
2078 4091 2300 4162 reliquit
2340 4091 2626 4158 Dominus,
2671 4107 2984 4162 novumque
3029 4093 3189 4147 nobis
3228 4093 3452 4147 manda-

1880 4191 1992 4238 tum
2043 4185 2218 4246 dedit,
2249 4191 2309 4237 ut
2335 4182 2630 4254 diligamus
2662 4183 2919 4247 invicem,
2959 4185 3168 4238 somnia
3205 4200 3334 4238 vero
3363 4200 3457 4253 pu-

1879 4294 2038 4348 gnam
2073 4292 2136 4330 ac
2175 4275 2464 4331 dissidium
2499 4285 2553 4329 ct
2589 4276 2880 4330 cbaritatis
2905 4275 3328 4331 exstinctionem
3370 4276 3456 4328 in-

1877 4368 2123 4434 ducunt;
2180 4381 2289 4420 non
2346 4365 2476 4419 dent
2529 4364 2876 4420 occasionem
2933 4362 3153 4418 diabolo
3208 4361 3450 4431 ipsorum

200 4452 378 4521 μάχην
426 4453 518 4504 καὶ
559 4451 840 4504 διάστασιν
886 4452 981 4504 καὶ
1031 4451 1251 4519 ἀγάπης
1298 4452 1610 4522 ἀφανισμὸν
1677 4455 1767 4523 ὑφ’

1883 4464 2092 4515 animas
2122 4475 2216 4529 per
2245 4472 2498 4513 somnum
2522 4455 2836 4521 invadendi,
2869 4469 2970 4510 nec
3004 4454 3121 4509 suis
3149 4453 3454 4509 visionibus

196 4547 406 4613 ηγεῖται
434 4545 579 4614 (52)’
609 4545 683 4614 μὴ
723 4543 1012 4597 διδότωσαν
1059 4542 1250 4612 καιρὸν
1302 4541 1379 4613 τῷ
1420 4543 1649 4614 διαϐόλῳ
1689 4546 1776 4603 διὰ

1885 4554 2007 4624 plus
2036 4552 2303 4614 tribuant,
2337 4565 2500 4620 quam
2534 4548 2870 4604 salutaribus
2908 4546 3277 4602 documentis.

196 4637 288 4691 τοῦ
324 4637 495 4691 ὕπνου
523 4642 640 4701 ταῖς
689 4639 888 4709 ψυχαῖς
928 4637 1106 4690 αὐτῶν
1145 4636 1444 4689 ἐ’ῖτιῦιπιίνετιν
1472 4655 1486 4670 ’
1521 4639 1654 4709 μηδὲ
1699 4647 2007 4720 κυριώτερα
2045 4649 2369 4702 ποιείτωσαν
2408 4644 2478 4698 τά
2516 4646 2644 4717 παρ’
2676 4643 2884 4697 ἑαυτῶν
2927 4642 3039 4714 (55)
3093 4640 3456 4712 φαντάσματα

199 4734 306 4786 τῶν
341 4735 624 4805 σωτηρίων
651 4734 1016 4804 δίδαγμάτων.

270 4877 289 4905 ί
321 4871 467 4924 Psal.
495 4882 680 4933 Lxxw,
709 4865 763 4919 6.
843 4865 862 4895 ³
887 4862 1054 4917 Zach.
1101 4879 1156 4925 ι,
1197 4863 1249 4928 ι,
1293 4861 1348 4914 2.

200 4959 333 5004 nu,
370 4941 430 4993 ll
463 4954 586 5008 sqq.

269 5057 380 5122 (Π)
427 5051 542 5120 Τῆς
586 5052 924 5122 ἀνωνύμων.
955 5046 1184 5122 Videtur
1233 5044 1469 5101 Basilius
1522 5048 1772 5122 haeresim

200 5118 800 5185 illam'innominatam,
848 5121 963 5174 sive
1005 5118 1224 5172 nomine
1255 5127 1534 5171 carentem
1561 5119 1769 5183 dicere,

200 5201 320 5267 quia
357 5210 560 5249 nomen
595 5192 718 5267 Filii
748 5191 996 5267 tollebat.
1031 5204 1093 5241 ac
1122 5187 1382 5267 traditum
1417 5189 1673 5257 negabat.

267 5268 377 5336 (48)
415 5267 592 5332 Ἃπερ
655 5264 716 5315 al
763 5261 1189 5336 οὶνὸπᾼῃκτοι...
1215 5257 1306 5310 Sic
1358 5259 1773 5336 om_nes_nostri

197 5327 439 5396 codices,
470 5327 578 5388 uno
597 5341 843 5400 excepto,
875 5330 967 5400 qui
988 5329 1302 5396 habetiirzsp
1329 5329 1383 5380 αἱ
1410 5327 1768 5396 οἰνόφλυκτοι.

201 5405 334 5458 Editi
372 5405 488 5460 ἀλλ’
524 5405 664 5473 άπερ
684 5399 1121 5473 αίίοίνόφλυκτοι.

267 5477 378 5546 (49)
421 5466 968 5541 Ψευδοέτρρςρήτάις.
1027 5467 1195 5523 Coisl.
1249 5467 1460 5538 primus
1511 5475 1569 5522 et
1631 5466 1771 5522 Med.

198 5548 528 5600 προφήταις.

240 5565 607 5686 ⁵ἓῗῖῦτιι
621 5627 870 5686 ενοοτες.
897 5608 1350 5686 Coisl.__u_t_erque,
1383 5606 1522 5662 Med.
1551 5613 1605 5686 et
1634 5623 1777 5686 unus

199 5677 285 5741 ex‘
315 5677 500 5756 Itcgiis
546 5681 720 5756 ταῦτα
753 5680 983 5742 εἰδότας.
1021 5677 1167 5732 Nihil
1219 5677 1430 5756 tamen.
1452 5678 1776 5756 mutandum

200 5745 538 5826 putavimus.
595 5753 668 5806 ob
723 5765 819 5804 eas
870 5763 1070 5804 causas
1112 5763 1253 5818 quas
1305 5745 1470 5803 modo
1507 5747 1771 5802 diximus.

518 5843 791 5901 Ρλτιιοι..
839 5838 956 5899 Gn.
1007 5836 1272 5897 XXXII.

1449 4862 1469 4892 ⁸
1496 4863 1604 4917 lsa.
1648 4879 1801 4931 xxix,
1835 4863 1888 4918 8.

1977 4865 1998 4895 ⁸
2030 4863 2228 4932 Ephcs.
2271 4879 2331 4924 ll,
2369 4861 2423 4916 2.
2530 4860 2550 4890 ⁸
2590 4857 2658 4912 lll
2688 4857 2823 4929 Reg.
2876 4875 3013 4927 mi,
3040 4859 3130 4914 22.

3235 4864 3255 4894 "
3291 4863 3453 4923 Num.

1879 5049 2066 5119 Neque
2093 5053 2239 5103 enim
2285 5053 2553 5115 repugnat
2599 5045 2835 5119 vulgata
2868 5044 3142 5119 scriptura
3177 5046 3321 5115 stylo
3352 5047 3456 5100 Ba-

1881 5113 2012 5182 silii,
2067 5133 2131 5172 ac
2184 5113 2446 5188 prmterca
2511 5113 2784 5184 reperitur
2823 5114 2875 5168 iu
2911 5113 3196 5170 Harlmano
3234 5113 3290 5170 et
3335 5119 3458 5174 aliis

1879 5189 2186 5246 codicibus.

1951 5258 2060 5330 (5t)
2110 5256 2443 5330 Ἠνέσχετο.
2475 5252 2842 5330 Sic_pl_et:ique
2873 5253 3091 5330 codices
3130 5270 3267 5310 mss.
3313 5253 3455 5330 Editi

1879 5324 2141 5400 ἠνείχετο.
2178 5324 2346 5400 Paulo
2379 5333 2502 5400 post
2532 5324 2661 5400 editi
2689 5324 2748 5400 ὃν
2777 5325 2836 5376 οὐ
2867 5325 3191 5394 καταρᾶται,
3229 5333 3282 5379 et
3313 5324 3456 5378 infra

1882 5393 2034 5470 πρὸξ
2079 5399 2183 5470 τὴν
2226 5393 2586 5463 ἀξιοπιστίαν.
2618 5393 2850 5450 Codices
2889 5393 3024 5449 mss.
3071 5409 3290 5450 summo
3320 5410 3456 5450 con-

1882 5468 2046 5526 sensu
2083 5478 2143 5521 ιιι
2172 5468 2226 5521 in
2257 5473 2429 5522 textu.

1955 5540 2068 5608 (δῖ)
2105 5533 2782 5608 '1"59”1T8itat._lta_novem
2813 5549 2948 5590 mss.
2980 5533 3122 5608 Editi
3144 5534 3456 5608 ἀφηγεῖται,

1957 5603 2068 5680 (55)
2104 5603 2531 5680 Πὰρίὲαῃτῶν.
2556 5605 2648 5662 Sic
2673 5614 2786 5664 tres
2817 5605 3179 5663 vetustiSsimi
3196 5603 3454 5663 codices.

1883 5675 2028 5737 Editi
2051 5675 2203 5751 amp"
2223 5675 2412 5734 αὐτοῦ.

3141 5829 3221 5893 25
