3862 6220
392 296 491 348 779

871 488 889 497 ,
914 422 1247 480 emsrem
1286 421 1483 477 ccxr.

1730 287 1789 343 S.
1834 284 2069 341 BASlLlI
2115 282 2326 338 MAGN!

3550 280 3666 337 780

2601 415 2939 468 ΕΠἸΣΤΟΛΗ
2970 413 3119 470 ElA’.

392 539 643 609 Significat
666 554 735 603 se,
783 538 915 590 lectis
941 536 1156 602 Olympii
1198 535 1368 587 litteris
1392 532 1609 646 ﬁliisyne.
1644 534 1775 585 illius
1814 532 1949 591 visis,
1991 532 2186 603 oblitum
2226 546 2327 582 esse
2354 529 2518 602 veneni
2546 533 2587 582 Ν
2593 528 3011 582 ευεωδανὶεηεὶιιηι
3042 544 3059 580 :
3085 528 3224 581 addit
3247 544 3299 582 se
3331 533 3440 597 jam
3462 531 3661 586 littera:

1494 613 1513 646 ‹
1529 601 1685 646 etus-se
1703 607 1747 646 et
1770 597 2016 646 daturum.
2042 609 2085 645 ει
2105 597 2226 646 volet
2246 595 2514 646 Ottmwms.

1494 595 1685 650 dedisse
1703 607 1747 649 et
1770 597 2016 653 daturum,
2042 595 2085 645 si
2105 597 2226 646 volet
2246 595 2514 659 Olympius.

1047 703 1316 775 οῳωπω

376 878 379 881 ,
468 823 536 878 Et
581 822 741 878 lectis
787 820 1117 891 priestantia!
1166 826 1274 873 tute
1322 818 1558 882 litteris,
1608 816 1788 872 factus
1841 832 1963 872 sum

389 919 601 987 meipso
638 914 868 969 hilarior
906 929 970 968 ac
1017 913 1274 975 alacrior,
1314 921 1367 967 et
1401 912 1493 966 ubi
1521 926 1648 965 cum
1682 911 1966 981 optatissi-

388 1010 496 1064 mis
525 1008 636 1062 tuis
662 1004 790 1059 filiis
823 1019 943 1059 sum
978 1004 1309 1068 collocutus,
1340 1003 1576 1071 teipsum
1613 1001 1800 1056 videre
1832 1000 1968 1054 mihi

388 1100 543 1153 visus
586 1093 846 1157 sum.lli,
879 1109 1002 1148 cum
1056 1093 1308 1147 aluit-tam
1360 1093 1584 1148 omnino
1625 1107 1801 1146 meam
1850 1092 1970 1146 ani-

388 1188 536 1245 main
577 1187 959 1248 offendissent,
1013 1186 1094 1241 sic
1140 1185 1459 1249 aﬂ‘ecerunt,
1509 1192 1569 1239 ut
1612 1184 1968 1239 obliviscerer

389 1281 605 1345 veneni,
640 1280 784 1351 quod
807 1279 950 1352 apud
984 1294 1088 1334 vos
1119 1279 1460 1333 somniorum
1491 1276 1803 1334 venditores
1832 1293 1962 1331 cau-

388 1388 702 1446 ponesque,
764 1382 822 1426 ut
889 1386 918 1425 a
973 1371 1173 1441 quibus
1229 1367 1483 1453 conducti
1543 1379 1671 1425 sunt
1727 1369 1958 1440 gratiam

388 1467 597 1526 ineant,
630 1468 821 1517 contra
855 1474 952 1515 nos
990 1458 1405 1513 circumierunt.
1436 1457 1711 1529 Epistolas
1739 1458 1960 1529 quidem

384 1557 495 1626 jam
528 1553 823 1609 nommllas
851 1552 997 1613 misi,
1032 1551 1169 1606 alias
1200 1557 1380 1606 autem
1411 1551 1466 1605 in
1499 1557 1781 1620 posterum
1816 1549 1965 1604 dabi-

387 1660 534 1711 mus,
586 1647 630 1702 si
662 1645 834 1698 voles.
873 1641 1276 1697 Tantummodo
1302 1644 1513 1712 prosint
1538 1640 1960 1714 aer-ipientibus.

864 1867 1201 1944 Epl's'rom
1235 1872 1481 1944 CCXII“.

2705 699 3019 767 Ὀλυμπίῳ.

2077 794 2101 813 ⁸
2134 815 2251 868 Καὶ
2277 815 2387 876 τοῖς
2427 812 2751 883 γράμμασιν
2784 810 3021 883 ἐντυχὼν
3055 809 3157 882 τῆς
3183 816 3499 884 τιμιότητος
3531 830 3656 877 σου,

2075 904 2234 975 ἡδίων
2258 903 2495 975 ἐμαυτοῦ
2543 904 2639 957 καὶ
2690 904 3059 976 εύθυμότερος
3098 904 3386 977 ἐγενόμην,
3417 906 3512 959 καὶ
3539 909 3660 970 τοῖς

2069 997 2469 1061 ποθεινοτὰτοις
2523 999 2695 1051 υἱέσιν
2748 999 2827 1061 είς
2864 998 3083 1069 ὁμιλίαν
3120 995 3325 1064 ἐλθὼν,
3380 998 3544 1053 αὐτόν
3592 1018 3656 1053 σε

2068 1088 2223 1153 ἔδοξα
2256 1088 2517 1160 καθορᾷν.
2550 1090 2636 1149 οἳ,
2684 1089 2825 1143 πάνυ
2865 1107 2967 1159 μου
3008 1089 3120 1159 (54)
3146 1089 3244 1162 τὴν
3279 1089 3457 1161 ψυχὴν
3488 1108 3658 1145 κεκα-

2069 1181 2327 1253 κωμένην
2368 1181 2797 1254 παραλαϐόντες,
2841 1180 2986 1235 οὕτω
3006 1181 3283 1252 διέθηκαν,
3306 1181 3446 1235 ὥστε
3467 1183 3662 1237 ἐπιλει-⁵

2062 1270 2256 1327 ’θέσθαι
2303 1291 2369 1344 με
2416 1274 2510 1327 τοῦ
2558 1275 2689 1347 παρ’
2735 1272 2864 1346 ὑμῖν
2910 1274 3156 1340 κωνείου,
3213 1273 3241 1328 ὃ
3272 1276 3320 1328 οἱ
3353 1275 3655 1347 ὀνειροπῶ-

2066 1365 2156 1418 λαι
2190 1365 2301 1435 (55)
2331 1366 2425 1419 καὶ
2458 1365 2895 1438 ὀνειροκάπηλοι,
2936 1368 3017 1430 εἰς
3046 1365 3143 1438 τὴν
3166 1365 3273 1418 τῶν
3299 1364 3659 1437 ἐκμι⁶σθωσαορ

2072 1456 2247 1526 μένων
2279 1457 2476 1520 αὐτοὺς
2506 1457 2686 1528 χάριν,
2710 1455 2831 1510 καθ’
2867 1456 3023 1527 ἡμῶν
3048 1457 3454 1528 περιφέρουσιν.
3499 1456 3660 1510 Ἐπι-

2072 1548 2265 1611 στολὰς
2294 1547 2359 1601 δέ,
2378 1548 2476 1612 τὰς
2503 1547 2601 1619 μέν
2630 1547 2855 1618 ἔπεμψα
2885 1548 3022 1619 (56),
3056 1549 3153 1612 τὰς
3187 1549 3246 1602 δὲ
3278 1549 3371 1602 κα)⁵
3393 1549 3475 1611 εἰς
3499 1547 3662 1600 ὓστε-

2074 1657 2166 1711 ρον
2208 1638 2477 1710 δώσομεν,
2522 1639 2617 1692 ἐὰν
2650 1636 2860 1713 ἐθέλῃς.
2895 1640 3069 1693 Μόνον
3103 1638 3190 1709 εἴη
3220 1656 3271 1691 τι
3299 1638 3491 1707 ὄφελος
3524 1638 3658 1709 παρ’

2073 1733 2253 1786 αὐτῶν
2276 1734 2387 1795 τοῖς
2423 1731 2838 1812 λαμϐάνουεειςδ

2637 1873 2982 1943 tantarum
3020 1887 3162 1945 2m.

391 2015 618 2069 Dolorem
649 2022 790 2076 suum
811 2004 1049 2076 signiﬁcat
1070 2006 1201 2076 quod
1229 2005 1484 2076 quimone
1509 2002 1757 2076 Hilarium
1778 2005 2095 2076 nonutjidcrit.
2129 2004 2346 2076 Injttrias
2369 2004 2677 2076 inimicorum
2696 2012 3045 2076 pmnmengorat
3066 2018 3243 2076 aestui
3265 2012 3375 2055 cum
3413 2003 3661 2056 Δηοηιωίιι

771 2068 911 2131 battis,
936 2068 1111 2121 etcum
1130 2068 1193 2118 iis
1211 2068 1297 2132 qui
1314 2068 1465 2119 medii
1482 2068 1574 2119 sibi
1597 2068 1838 2119 videntur.
1863 2068 2112 2119 Hilarium
2129 2068 2308 2120 morbis
2325 2070 2621 2120 laborantem
2640 2070 2705 2118 ad
2720 2068 3263 2133 patiauiamiiorlatur.

1060 2172 1295 2227 Hilario.

466 2290 513 2343 ί.
554 2286 694 2354 Quid
726 2297 948 2356 passum
992 2297 1080 2337 me
1112 2298 1237 2337 esse
1277 2289 1459 2353 putas,
1488 2289 1603 2336 'aut
1640 2298 1752 2353 quo
1783 2297 1965 2344 animo

392 2384 583 2443 fuisse,
624 2395 749 2436 cum
787 2377 1083 2431 Dazimona
1122 2375 1271 2438 veni,
1311 2389 1374 2429 ac
1404 2370 1571 2429 didici
1609 2377 1801 2444 paucis
1842 2383 1965 2446 post

392 2476 687 2529 adventum
737 2482 920 2523 meum
951 2464 1147 2520 diebus
1177 2463 1501 2532 lacundiam.
1536 2472 1686 2518 tuam
1729 2465 1968 2520 exiisse?

391 2567 509 2621 Non
549 2564 694 2619 enim
743 2561 921 2616 solum
964 2558 1036 2612 ob
1066 2558 1230 2611 illam
1268 2556 1714 2622 admirationem,
1767 2570 1875 2628 qua
1918 2569 1968 2613 te

393 2675 423 2713 a
457 2656 660 2713 teneris
702 2656 1029 2723 prosecutus
1062 2663 1209 2712 sum,
1242 2648 1427 2703 statim
1470 2648 1543 2702 ab
1570 2647 1706 2718 ipsis
1749 2648 1962 2702 schola-

392 2764 515 2804 rum
543 2741 1033 2801 exercitationibus
1064 2739 1401 2807 colloquium
1429 2747 1584 2793 tuum
1612 2754 1829 2811 semper
1854 2741 1969 2810 plu-

392 2836 685 2901 rimi'ieci,
710 2834 812 2890 sed
855 2833 1019 2888 etiam
1056 2833 1185 2902 quia
1225 2831 1360 2885 nihil
1408 2846 1556 2886 nunc
1593 2841 1744 2887 tanto
1785 2848 1971 2887 amore

393 2930 641 3001 dignum,
671 2941 833 2997 quam
867 2924 1085 2980 animus
1106 2924 1359 2980 veritatis
1390 2939 1605 2992 amans,
1633 2939 1695 2979 ac
1726 2932 1878 2979 recte
1903 2925 1971 2980 de

394 3022 559 3077 rebus
583 3016 794 3086 judicio
829 3015 1112 3086 (traditus,
1139 3016 1285 3085 quod
1321 3016 1542 3086 quidem
1583 3017 1730 3085 apud
1761 3024 1813 3071 te
1853 3032 1970 3070 ser-

396 3110 514 3166 vari
541 3109 894 3163 arbitramur.
927 3105 1062 3160 Nam
1092 3116 1415 3161 cmterormu
1444 3107 1727 3162 hominum
1760 3109 1974 3178 pleros-

395 3214 503 3271 que
533 3197 806 3261 videmus,
857 3203 919 3251 ut
962 3197 1015 3250 in
1047 3198 1289 3267 equcSIri
1334 3212 1526 3261 cursu,
1556 3198 1707 3254 alios
1752 3197 1972 3268 quidem

400 3292 545 3355 istis,
580 3290 718 3346 alios
747 3304 879 3345 vero
905 3288 991 3344 bis
1024 3288 1256 3344 favendo
1279 3284 1471 3356 dividi,
1493 3302 1559 3345 ac
1593 3288 1848 3346 factionis
1873 3291 1974 3346 du-

397 3385 556 3438 cibus
584 3382 911 3438 acclamare.
942 3379 1021 3435 'l‘e
1055 3396 1211 3446 vero,
1238 3396 1365 3435 cum
1395 3390 1450 3437 et
1480 3382 1675 3437 timore
1699 3389 1754 3437 et
1784 3397 1973 3439 assen-

398 3477 607 3532 tatione
651 3484 706 3530 et
751 3475 949 3546 ignavo
981 3475 1130 3529 omni
1176 3474 1385 3530 alicctu.
1411 3475 1683 3530 excelsior
1727 3475 1827 3538 sis,
1864 3490 1971 3530 non

397 3570 595 3623 mirum
628 3575 713 3624 est
741 3567 902 3621 oculo
937 3581 1074 3621 sano
1102 3566 1387 3622 veritatem
1423 3567 1721 3638 speculari.
1752 3566 1887 3621 Nam
1921 3578 1975 3623 et

397 3668 451 3715 te
496 3659 741 3730 intelligo
780 3673 892 3714 non
924 3658 1119 3713 leviter
1167 3658 1320 3730 tangi
1368 3660 1535 3714 rebus
1580 3656 1973 3725 Ecelesiarum,

396 3750 839 3824 quandoquidem
876 3759 929 3806 et
971 3750 1037 3805 ad
1091 3767 1177 3806 me
1218 3751 1418 3807 misisti
1462 3752 1753 3823 quamdam
1784 3751 1851 3807 de
1889 3752 1976 3807 bis

397 3846 722 3916 epistolam,
787 3853 843 3898 ut
893 3844 1001 3909 bis_
1035 3844 1307 3916 proximis
1361 3845 1563 3902 litteris
1610 3845 1975 3913 declarabas;

399 3954 563 4009 quam
596 3937 815 4009 quidem
847 3938 973 4008 quis
1001 3936 1386 4006 perferendam
1419 3939 1715 4009 acceperit,
1744 3937 1979 3994 libenter

399 4028 707 4091 didicerim,
753 4039 810 4082 ut
841 4029 1117 4083 hominem
1163 4028 1232 4082 de
1272 4044 1360 4084 me
1409 4030 1549 4084 male
1590 4030 1844 4084 meritum
1882 4045 1978 4085 co-

401 4135 685 4189 gnoscam.
714 4118 969 4174 Nondum
1002 4119 1149 4174 enim
1184 4127 1310 4177 tuas
1358 4119 1426 4174 ad
1471 4135 1557 4176 me
1591 4120 1679 4177 bis
1714 4122 1783 4177 de
1813 4122 1981 4179 rebus

404 4214 615 4269 litteras
640 4212 775 4266 vidi.

470 4384 527 4438 2.
568 4383 772 4450 Quanti
806 4399 940 4455 ergo
968 4393 1131 4456 putas
1156 4399 1469 4456 empturum
1502 4400 1589 4442 me
1621 4386 1794 4443 fuisse
1826 4395 1979 4443 tuum

401 4478 762 4547 colloquium,
795 4487 856 4532 ut
885 4479 982 4533 tibi
1025 4480 1295 4549 aperirem
1326 4495 1448 4550 qua:
1478 4494 1563 4536 me
1604 4480 1846 4552 alliigunt
1879 4484 1983 4549 (af-

404 4570 504 4623 fert
537 4568 707 4635 enim,
730 4576 791 4623 ut
818 4569 986 4635 nosti,
1022 4570 1108 4624 vel
1147 4570 1268 4640 ipsa
1301 4571 1546 4625 narratio
1572 4573 1774 4642 aliquid
1803 4574 1979 4627 solatii

403 4661 764 4733 dolentibus),
797 4668 853 4717 et
881 4662 945 4716 ad
976 4661 1209 4732 quaesita
1238 4660 1650 4733 responderem,
1675 4663 1842 4735 319
1874 4680 1982 4719 non

478 4822 495 4843 ⁶
525 4818 675 4874 Alias
702 4818 909 4873 CLXX.
950 4818 1166 4889 Scripta
1200 4834 1346 4874 anno
1376 4820 1503 4874 575.

481 4890 680 4944 "Alias
709 4890 1002 4946 CCCLXX.
1038 4889 1250 4959 Scripta
1275 4891 1555 4945 annoﬁ'ib'.

478 4959 590 5028 (54)
617 4959 684 5011 Οἳ
705 4961 866 5015 πάνυ
899 4979 1039 5030 μου.
1071 4960 1234 5014 Deest
1268 4962 1458 5015 ultima
1478 4960 1668 5014 vocula
1688 4960 1741 5014 in
1766 4960 1981 5019 duobus

404 5030 795 5085 vetustissimis
825 5032 1111 5087 codicibus
1146 5032 1300 5085 llarl.
1335 5043 1388 5086 et
1421 5032 1618 5096 Coisl.,
1661 5047 1763 5086 nec
1792 5049 1983 5089 neces-

409 5102 553 5155 saria
586 5101 819 5156 videtur.

481 5169 592 5238 (55)
631 5170 1065 5239 Ὀνειροπῶλαι.
1101 5170 1178 5225 Ita
1211 5170 1361 5225 llarl.
1385 5180 1439 5226 et
1464 5171 1597 5241 Reg.
1624 5171 1854 5241 primus.
1888 5173 1984 5229 His

409 5238 596 5361 gavent
626 5250 736 5363 (ἷξε
768 5238 863 5297 alii
909 5243 966 5297 in
990 5243 1189 5314 quibus
1224 5243 1419 5313 legitur
1448 5238 1809 5313 ὀνειροπόλαι.
1840 5243 1982 5298 Editi

441 5327 632 5363 νειοοπ
693 5329 764 5363 οι.

441 5327 764 5365 νειροπολοα

410 5327 919 5518 ἒζῖἕῷἷέζέέιυψα.
956 5381 1160 5454 Regius
1180 5390 1411 5453 uterque
1432 5392 1486 5437 et
1513 5382 1682 5437 Consi.
1710 5384 1990 5439 secundus

438 5465 648 5520 γραψα-

483 5520 595 5589 (57)
637 5521 1009 5589 Ἑσχηκέναι.
1056 5522 1287 5578 Οοὰιορε
1340 5523 1517 5585 multi,
1545 5523 1640 5577 sed
1690 5539 1796 5578 non
1838 5534 1992 5583 vetu-

412 5589 665 5662 stissimi,
691 5591 887 5662 ἐσχειν.

508 5659 598 5735 56)
628 5659 925 5735 domitent.
962 5661 1126 5735 coisl.
1153 5664 1361 5734 primus
1388 5661 1466 5733 τῷ
1498 5663 1776 5735 Δαζιμόνι.

508 5729 597 5801 59)
636 5729 769 5787 Vide
797 5731 1078 5787 Addenda.

2733 2175 2979 2242 'IJapltp.

2140 2292 2189 2346 1.
2234 2290 2364 2359 Ἑμέ
2416 2291 2474 2345 δὲ
2533 2292 2584 2344 τί
2633 2290 2735 2345 οἴει
2786 2290 3134 2353 πεπονθέναι,
3175 2290 3207 2361 ἦ
3252 2290 3376 2344 τίνα
3428 2290 3662 2362 γηθεῖ-μην

2068 2385 2360 2456 ἐσχηκέναι
2417 2384 2552 2455 (57),
2613 2382 2803 2454 ἐπειδὴ
2858 2382 3183 2453 ἐπεδήμησα
3244 2381 3342 2452 μὲν
3385 2377 3463 2450 τῷ
3496 2380 3665 2442 Λαζι-

2071 2474 2209 2545 μῶνι
2242 2474 2494 2547 (58),(5θ)
2508 2473 2707 2545 ἔμαθον
2738 2471 2792 2526 δὲ
2821 2472 3030 2541 ὀλίγαις
3052 2470 3275 2542 ὕστερον
3294 2471 3530 2542 ἡμέραις
3560 2469 3666 2539 τῆς

2069 2566 2372 2638 παρουσίας
2416 2565 2577 2637 ἡμῶν
2635 2563 3018 2635 ἐξεληλυθέναι
3072 2580 3166 2616 σου
3197 2566 3297 2635 τὴν
3332 2562 3664 2632 λογιότητα;

2069 2658 2144 2710 Od
2175 2657 2281 2729 γὰρ
2306 2659 2465 2729 μόνον
2499 2658 2585 2712 διὰ
2620 2658 2679 2712 τὸ
2711 2661 2776 2711 ἐκ
2829 2656 3019 2720 παιδὸς
3060 2656 3244 2726 θαῦμα
3283 2654 3312 2707 ὃ
3344 2653 3500 2725 ἔσχον
3530 2652 3665 2724 περὶ

2072 2750 2155 2815 σέ,
2186 2749 2348 2815 εὐθὺς
2398 2751 2514 2804 ἀπὸ
2562 2749 2856 2823 διατριϐῶν
2914 2744 3096 2803 αὐτῶν
3142 2742 3229 2800 ἀεὶ
3265 2745 3458 2801 πολλοῦ
3503 2745 3665 2810 ἀξίαν

2072 2842 2275 2912 ἐθέμην
2307 2841 2404 2911 τὴν
2426 2839 2640 2911 ὁμιλίαν
2670 2857 2786 2901 σου,
2810 2838 2951 2893 ἀλλὰ
2986 2838 3078 2891 καί
3111 2837 3203 2891 διὰ
3224 2836 3285 2889 τὸ
3319 2836 3485 2907 μηδὲν
3515 2836 3661 2890 οὕτω

2072 2933 2357 2987 σπουδαῖον
2388 2932 2498 3002 (60)
2533 2924 2672 2985 εἶναι
2705 2931 2821 2995 νῦν,
2857 2930 2934 2993 ὼς
2977 2927 3242 3000 φιλαλήθη
3275 2926 3477 2997 ψυχὴν,
3506 2924 3665 2994 ύγιὲς

2071 3024 2179 3077 τῶν
2233 3022 2578 3094 πραγμάτων
2635 3021 2697 3075 τὸ
2750 3021 3034 3092 κριτήριον
3106 3018 3482 3089 κεκτημένην·
3522 3018 3664 3090 ὅπερ

2072 3111 2354 3185 ἡγούμεθα
2382 3111 2534 3184 παρὰ
2572 3111 2657 3165 σοὶ
2704 3102 3089 3173 διασώζεσθαι.
3113 3108 3224 3162 Καὶ
3270 3108 3379 3180 γὰρ
3413 3108 3524 3160 τῶν
3554 3107 3667 3161 λοι-

2075 3205 2193 3259 πῶν
2242 3205 2368 3267 τοὺς
2424 3203 2711 3267 πλείστους
2759 3202 2999 3275 ὁρῶμεν,
3046 3200 3237 3272 ὥσπερ
3266 3201 3324 3253 ἐν
3353 3196 3668 3263 ταίςίππο-

2072 3298 2345 3370 δρομίαις,
2371 3298 2498 3361 τοὺς
2541 3296 2643 3367 μέν
2677 3295 2753 3360 ὡς
2783 3294 3024 3361 τούτους,
3062 3294 3186 3356 τοὺς
3214 3293 3272 3346 δέ
3304 3292 3381 3356 ὼς
3420 3293 3665 3357 ἐκείνους

2074 3391 2455 3463 διῃρημένους,
2516 3390 2612 3445 καὶ
2670 3389 3076 3453 συνεκ6οῶντας
3126 3389 3238 3452 τοῖς
3282 3386 3667 3451 στασιάζουσι.

2076 3484 2144 3537 Σὲ
2170 3482 2247 3547 δὲ,
2280 3482 2375 3537 κα)⁸
2398 3482 2563 3553 φὸὁου
2587 3482 2684 3535 καὶ
2716 3480 3009 3553 θεραπείας
3040 3479 3135 3533 καὶ
3164 3478 3365 3539 παντὸς
3396 3477 3664 3547 ἀγεννοῦς

2078 3574 2283 3639 πάθους
2334 3573 2665 3647 ὑψηλότερον
2701 3573 2851 3636 ὅντα,
2892 3572 3039 3636 εἰκὸς
3071 3569 3335 3642 ὀφθαλμῷ
3371 3569 3670 3639 ὑγιαίνοντι

2077 3666 2317 3737 καθορᾷν
2344 3666 2444 3736 τὴν
2476 3665 2754 3736 ἀλήθειαν.
2786 3664 2897 3717 Καὶ
2942 3662 3050 3733 γὰρ
3074 3660 3404 3731 αἰσθάνομαί
3460 3678 3553 3713 σου
3588 3659 3668 3731 μὴ

2078 3759 2371 3830 παρέργως
2392 3757 2502 3829 (61)
2525 3757 2741 3828 ἔχοντος
2771 3754 2990 3828 πρὸςτὲι
3012 3754 3117 3808 τῶν
3152 3752 3507 3823 Ἐκκλησιῶν.
3531 3753 3668 3805 ὅπου

2078 3869 2142 3922 γε
2176 3853 2273 3905 καὶ
2312 3852 2449 3924 πρὸς
2488 3853 2636 3923 ἡμᾶς
2682 3849 2933 3921 ἔπεμψας
2963 3867 3085 3902 τινα
3135 3848 3263 3919 περὶ
3298 3846 3505 3899 τούτων
3541 3847 3667 3899 ἐπι-

2082 3943 2307 4014 στολὴν,
2350 3943 2426 4006 ὠς
2464 3944 2521 3996 ἐν
2576 3944 2690 4005 τοῖς
2740 3940 2967 4011 ἔναγχος
3019 3938 3229 4002 τούτοις
3282 3937 3507 4021 ἐδήλους
3552 3936 3665 4007 (62)

2079 4033 2438 4105 γράμμασιν,
2489 4033 2559 4105 ἣν
2608 4033 2736 4096 τίςὸ
2768 4029 3106 4104 παραλαϐὼν
3131 4029 3271 4083 ὥστε
3320 4028 3665 4098 διακομίσαι,

2081 4122 2251 4195 ἡδέως
2286 4124 2352 4179 ἂν
2384 4123 2636 4195 μάθοιμι,
2669 4123 2810 4177 ὥστε
2840 4121 3037 4175 εἰδέναι
3076 4120 3166 4173 τὸν
3196 4119 3554 4190 ἀδικήσαντα.
3588 4119 3667 4171 Οὐ

2080 4215 2190 4287 γὰρ
2241 4215 2488 4286 ἐνέτυχόν
2535 4231 2623 4268 πω
2661 4214 2954 4286 γράμμασι
3004 4214 3117 4276 σοῖς
3163 4210 3301 4281 πρὸς
3348 4211 3497 4281 ἡμᾶς
3554 4208 3667 4281 (65)

2083 4326 2151 4361 πε
2161 4308 2213 4380 ρ).
2238 4307 2462 4362 τούτων.

2151 4399 2206 4453 2.
2233 4398 2405 4453 Ιίόσου
2439 4399 2558 4454 ποτ’
2581 4398 2647 4452 ἂν
2674 4394 2767 4454 οὖν
2800 4400 2901 4453 οἴει
2930 4395 3196 4470 πρίασθαι
3229 4414 3296 4469 με
3313 4396 3412 4468 τὴν
3445 4396 3668 4467 ὁμιλίαν

2086 4507 2201 4555 σου,
2230 4492 2367 4564 ὑπὲρ
2390 4490 2484 4545 τοῦ
2508 4491 2773 4562 γνωρίσαι
2794 4491 2863 4562 μέ
2893 4508 2975 4544 σοι
2998 4489 3067 4543 τὰ
3086 4488 3359 4542 λυποῦντά
3391 4505 3460 4559 με
3488 4488 3671 4560 (φέρει

2083 4582 2212 4654 γὰρ,
2237 4582 2315 4647 ὡς
2376 4580 2533 4636 οἶσθα
2570 4583 2704 4654 (64),
2740 4584 2835 4637 καὶ
2876 4582 2937 4635 τὸ
2968 4580 3205 4646 ἐξειπεῖν
3231 4579 3516 4652 ῥᾳστώνην
3547 4580 3671 4632 τινὰ.

2082 4677 2195 4739 τοῖς
2217 4674 2618 4746 ὀδυνωμένοις),
2658 4675 3060 4749 ἀποκρίνασθαί
3090 4691 3150 4727 τε
3179 4673 3307 4745 περὶ
3330 4671 3440 4724 τῶν
3471 4670 3671 4743 ἐπιζη-

2161 4830 2273 4903 (60)
2308 4832 2683 4903 Σπουδαῖον.
2746 4831 2901 4903 Legit
2961 4830 3327 4888 Comtwiisius
3396 4829 3665 4896 σπάνιον,

2014 4880 2059 4934 Ῐ)
2089 4880 2220 4955 ιιὶΙίίι
2248 4880 2378 4954 (ideo
2410 4919 2613 4956 rarum.

2160 4972 2270 5040 (61)
2302 4972 2633 5042 Παρέργως.
2666 4970 2742 5042 lla
2767 4988 2859 5027 sex
2891 4988 3021 5027 mss.
3053 4970 3195 5025 Editi
3234 4968 3562 5042 θῖῖεριέργωςἶ

2162 5038 2273 5111 (62)
2315 5038 2629 5110 Ἐδήλους.
2677 5041 2754 5095 Ita
2807 5055 3034 5112 septem.
3084 5057 3218 5095 mss.
3266 5038 3406 5112 Editi
3454 5038 3672 5112 ἐδήλου.

2089 5109 2261 5193 Paulo
2282 5121 2403 5183 post
2441 5109 2730 5168 Medicaaus
2763 5122 2817 5167 et
2859 5109 3027 5168 Coisl.
3060 5113 3270 5182 primus
3297 5110 3440 5163 ὥστε
3483 5109 3673 5162 διακο-

2089 5200 2271 5237 νησαμ

2121 5200 2274 5321 ηῗὲἐ)
2306 5253 2442 5317 Σοῖς
2468 5252 2618 5321 πρὸς
2646 5251 2822 5321 ἡμᾶς.
2851 5253 2928 5305 lla
2977 5252 3147 5321 Coisl.
3190 5257 3244 5305 et
3284 5247 3425 5321 Med.
3460 5258 3516 5321 et
3551 5250 3675 5320 plu-

2095 5319 2185 5378 res
2222 5326 2334 5376 alii.
2370 5319 2521 5376 Editi‘
2541 5327 2652 5387 τοῖς
2674 5319 2815 5394 ’πρὸς
2840 5324 3007 5394 ἡμᾶς.
3036 5320 3209 5375 Paulo
3239 5332 3359 5394 post
3381 5319 3673 5394 Medii-iens

2095 5409 2219 5446 cum
2261 5394 2439 5447 tribus
2478 5394 2602 5449 aliis
2652 5390 2744 5447 οὖν
2791 5390 2912 5446 οἴει.
2955 5393 3148 5447 Deerat
3175 5393 3371 5445 vocula
3407 5391 3463 5444 in
3485 5391 3673 5446 editis.

2093 5462 2318 5530 Legitur
2345 5463 2432 5534 οἵῃ
2464 5463 2516 5534 in
2541 5465 2711 5518 Coisl.
2742 5463 2987 5519 secundo
3012 5460 3230 5534 etilleg.
3263 5463 3533 5534 secundo.

2178 5534 2290 5603 (64)
2320 5530 2635 5599 Ὠςίόἷσθιι
2654 5534 2807 5588 Multi
2832 5533 3133 5596 couicesdi;
3157 5531 3323 5594 οἶδας.
3353 5531 3526 5584 Paulo
3557 5541 3676 5603 post

2091 5602 2278 5674 Cnisl.’
2310 5607 2541 5673 primus,
2596 5605 2736 5659 Med.
2788 5616 2840 5661 et
2888 5604 2978 5659 alii
3032 5606 3221 5674 plures
3246 5602 3673 5674 ἀποκρίνασθαι.

2092 5673 2233 5729 Editi
2272 5675 2683 5745 ἀποκρίνεσθαι.
