3862 6220
192 332 203 339 ·
233 311 324 364 781
1170 310 1661 369 EPISTOLARUM
1702 310 1989 367 CLASSIS
2020 312 2091 368 ῘΙ.
2132 313 2350 369 EPIST.
2392 313 2600 369 CCXII.

3380 319 3485 377 782

227 426 504 498 τουμένων
530 446 543 458 ·
565 428 627 481 ού
664 429 986 501 γράμμασιν
1016 426 1246 498 ἀψύχοις
1277 427 1800 489 καταπιστεύσαντα,

1914 425 2112 481 litteris
2140 426 2401 482 inanimis
2425 426 2796 491 committens,
2825 426 2920 484 sed
2955 443 3052 499 per
3078 444 3165 485 me
3190 430 3307 501 ipse
3337 432 3483 487 clare

240 520 349 572 Ἀλ*
378 520 539 574 αὐτὸν
563 520 628 573 δι’
656 519 892 591 ὲμαυτοῦ
921 519 1164 591 ἐναργῶς
1196 518 1422 587 λέγοντα
1453 520 1680 583 ἕκαστα,
1714 519 1809 571 καὶ

228 609 537 676 ἐπεξιόντα.
588 613 654 666 Οἱ
700 611 812 684 γὰρ
874 611 1107 682 ἕμψυχοι
1176 610 1326 679 λόγοι
1370 611 1810 685 δραστικωτέραν

229 702 414 772 ἔχουσι
435 703 533 775 τὴν
557 702 761 757 πειθώ⁶
789 703 923 776 πρός
937 720 997 756 τε
1014 703 1077 756 τὸ
1104 703 1518 774 εὐεπιχείρητον
1548 704 1644 756 καὶ
1671 703 1808 775 πρὸς

232 794 597 864 συκοφαντίαν
616 794 888 849 εὐάλωτον
913 794 1097 848 οὐκέτι
1139 794 1314 864 ὅμοιοι
1342 796 1456 858 τοῖς
1485 794 1809 866 γεγραμμέ-

227 903 343 951 νοις
389 887 514 954 εἰσί.
563 888 673 940 Καὶ
721 888 829 959 γὰρ
867 886 1019 941 οὐδὲν
1047 886 1353 958 ἀτόλμητον
1384 886 1571 941 λοιπὸν
1612 887 1805 951 οὐδενὶ,
1846 924 1851 929 ο

224 979 363 1031 ὅπου
388 995 452 1047 γε
484 978 577 1031 καὶ
612 980 660 1031 οἱ
694 977 763 1032 τὰ
799 978 1029 1049 μέγιστα
1061 978 1190 1049 παρ’
1221 977 1378 1049 ἡμῶν
1408 977 1808 1041 πιστευθέντες,

223 1069 326 1133 οὓς
357 1070 727 1142 ᾐσθανόμεθα,
782 1070 918 1142 μετά
958 1069 1067 1124 τῶν
1101 1068 1405 1140 ἀνθρώπων
1452 1069 1708 1141 ὁρῶντες,
1734 1067 1811 1131 ὼς

228 1161 416 1233 μεῖζόν
440 1180 491 1215 τι
525 1161 686 1226 ὄντας
709 1161 743 1234 ἢ
779 1161 922 1215 κατά
949 1160 1256 1233 ἄνθρωπον,
1283 1153 1430 1214 οὗτοι
1457 1160 1811 1226 κατεδέξαντο

227 1254 640 1326 συγγράμματά
690 1270 833 1317 τινος
885 1250 953 1306 τά
997 1254 1157 1307 ὁποῖα
1209 1251 1409 1324 δήποτε
1458 1252 1535 1315 ὡς
1567 1250 1811 1323 ἡμέτερα

227 1346 655 1418 παραπέμπειν·
699 1346 794 1399 καὶ
822 1346 909 1398 ἐπ’
940 1346 1125 1409 αὐτοῖς
1178 1344 1290 1416 (65)
1347 1343 1654 1398 διαϐάλλειν
1689 1346 1811 1407 ταῖς

224 1438 602 1509 ἀδελφότησιν,
633 1438 710 1501 ὡς
735 1437 901 1509 μηδὲν
920 1437 1109 1489 λοιπὸν
1131 1436 1227 1490 τοῦ
1251 1436 1522 1507 ἡμετέρου
1542 1435 1809 1506 ὀνόματος

224 1530 586 1603 φευκτότερον
624 1524 763 1583 εἶναι
794 1532 907 1592 τοίς
937 1527 1207 1582 εὐλαϐέσι.
1240 1527 1314 1581 Τὸ
1342 1527 1451 1599 γὰρ
1476 1526 1809 1597 ἀγνοηθῆναι

221 1621 518 1693 γενόμενος
545 1620 603 1688 ἐξ
631 1621 808 1692 ἀρχῆς
851 1619 1233 1690 ἐπιτηδεύσας,
1263 1619 1339 1682 ὡς
1358 1618 1459 1671 οὐκ
1494 1614 1612 1672 οἶδα
1639 1617 1693 1671 εί
1720 1635 1808 1680 τις

220 1713 383 1778 ἄλλος
409 1713 517 1768 τῶν
541 1712 971 1783 ὲπεσκεμμένων
1001 1710 1101 1782 τὴν
1144 1710 1495 1782 ἀνθρωπίνην
1521 1709 1805 1763 ἀσθένειαν

1914 535 2196 590 exponens
2244 520 2499 590 singula,
2552 533 2616 573 ac
2661 520 2999 578 edisserens.
3045 521 3286 577 Animati
3339 524 3483 579 cnim

1912 626 2194 667 sermones
2242 610 2601 666 eﬂicaciorem
2653 610 2857 666 habent
2898 612 3336 682 persuasionem,
3384 631 3481 669 nec

1913 709 2022 755 tam
2058 701 2217 758 facile
2246 717 2409 772 quam
2448 702 2664 773 scripti,
2695 702 3006 773 impugnari
3032 712 3266 775 possunt
3308 713 3365 761 et
3395 721 3478 761 ca-

1912 794 2138 849 lumniis
2161 794 2364 863 appeti.
2387 792 2535 847 Nihil
2562 794 2709 849 enim
2730 793 2843 863 jam
2868 795 3129 866 cuiquam
3153 796 3482 852 intentatum

1914 882 2168 937 relictum
2209 891 2327 950 est;
2365 883 2634 953 siquidem
2666 884 2704 937 ii
2732 883 2934 954 quibus
2977 885 3214 940 maxima
3255 902 3486 957 quaeque

1911 975 2350 1044 credideramus,
2383 991 2635 1048 quosque
2661 976 2791 1031 dum
2816 976 2963 1031 inter
2994 976 3248 1033 homines
3272 978 3484 1033 videre-

1910 1082 2056 1130 mus,
2092 1066 2270 1136 majus
2298 1067 2579 1137 quidpiam
2625 1081 2750 1122 esse
2782 1067 3168 1132 credebamus,
3208 1083 3373 1139 quam
3407 1066 3486 1125 fe-

1908 1163 1994 1207 rat
2026 1155 2265 1208 humana
2300 1165 2516 1220 natura,
2565 1154 2619 1208 hi
2658 1155 2881 1211 adducti
2911 1164 3063 1224 sunt,
3095 1164 3155 1211 ut
3195 1159 3483 1227 cujusdam

1909 1244 2139 1315 scripta,
2193 1245 2598 1315 qualiacunque
2652 1246 2745 1299 illa
2794 1249 2925 1314 sint,
2983 1255 3246 1319 tanquam
3294 1260 3486 1305 nostra

1913 1340 2374 1404 transmitterem,
2399 1347 2453 1394 et
2478 1340 2548 1394 ob
2567 1355 2630 1396 ea
2659 1340 2920 1396 invidiam
2947 1343 3091 1412 apud
3113 1342 3312 1401 fratres
3333 1359 3489 1399 crea-

1908 1439 2054 1495 rent,
2098 1432 2235 1487 adeo
2274 1439 2333 1486 ut
2374 1432 2509 1486 nihil
2536 1433 2647 1501 jam
2696 1441 2890 1490 nostro
2941 1436 3164 1492 nomine
3194 1437 3488 1494 detestabi-

1910 1522 2018 1576 lius
2064 1522 2136 1577 sit
2176 1522 2321 1591 apud
2362 1523 2505 1591 pios.
2536 1521 2672 1577 Nam
2709 1538 2835 1578 cum
2885 1525 2955 1580 ab
2991 1527 3148 1581 initio
3172 1527 3342 1583 latere
3376 1535 3487 1584 stu-

1908 1614 2146 1680 duerim,
2193 1613 2338 1669 haud
2386 1615 2502 1670 scio
2551 1630 2620 1669 an
2653 1618 2829 1689 magis
2859 1634 3026 1688 quam
3056 1620 3349 1689 quisquam
3392 1636 3486 1676 eo-

1872 1762 1889 1782 .
1907 1721 2055 1770 rum,
2078 1706 2171 1775 qui
2188 1705 2617 1762 imbecillitatem
2640 1708 2935 1765 humanam
2957 1711 3481 1779 consideraverunt;

219 1803 342 1867 νῦν,
373 1804 627 1877 καθάπερ
654 1804 717 1857 τὸ
748 1803 990 1857 ἐναντίον
1007 1802 1368 1874 προελόμενος
1402 1802 1567 1855 πᾶσιν
1598 1799 1800 1871 ἀνθρώ-

1910 1812 2059 1850 nuuc
2086 1797 2244 1867 quasi
2271 1806 2461 1851 contra
2484 1800 2823 1869 propositum
2847 1801 2981 1857 mihi
3016 1801 3211 1859 fuisset
3235 1804 3480 1859 omnium

222 1912 349 1959 ποις
379 1894 657 1967 γνώριμον
682 1895 920 1966 ἐμαυτὸν
953 1893 1315 1963 καταστῆσαι,
1345 1892 1488 1947 οὕτω
1524 1892 1801 1963 πανταχοῦ

217 1989 347 2058 γῆς,
394 1987 691 2059 προσθήσω
735 1986 814 2051 δὲ,
853 1987 935 2039 ὃτι
959 1986 1054 2039 καὶ
1085 1985 1379 2055 θαλάσσης,
1420 1984 1806 2056 διατεθρύλληο

221 2095 344 2149 μαι.
379 2079 448 2131 Ui
475 2094 535 2131 τε
566 2078 674 2150 γὰρ
707 2077 801 2131 τὸν
831 2077 1058 2148 ἔσχατον
1094 2077 1219 2147 ὅρον
1253 2077 1352 2147 τῆς
1386 2076 1641 2140 ἀσεϐείας
1679 2079 1804 2130 ὲπι-

215 2167 561 2239 τηδεύοντες,
604 2169 699 2222 καὶ⁸
754 2168 815 2222 τὺ
868 2168 1025 2222 ἄθεον
1059 2168 1159 2238 τῆς
1202 2167 1591 2240 ἀνομοιότητος
1625 2167 1806 2238 δόγμα

217 2262 346 2323 ταῖς
378 2258 732 2331 Ἐκκλησίαις
766 2259 1065 2328 ἐπάγοντες
1087 2257 1223 2329 (66),
1248 2257 1382 2329 πρὸς
1409 2259 1509 2330 ἐμὲ
1530 2257 1621 2313 τὸν
1649 2258 1807 2313 πόλεο

224 2368 326 2423 μον
360 2351 576 2421 ἔχουσιν
598 2368 612 2381 ο
631 2352 687 2405 οἴ
701 2369 762 2404 τε
780 2352 879 2421 τὴν
908 2352 1079 2423 μέσην
1104 2349 1442 2415 ἐλαύνοντες,
1472 2350 1548 2413 ὡς
1575 2350 1803 2414 οἴονται,

218 2445 319 2499 καὶ
340 2445 449 2497 ἀπὸ
482 2444 579 2515 μὲν
599 2444 709 2498 τῶν
731 2444 909 2499 αὐτῶν
942 2444 1165 2498 ἐκείνων
1203 2442 1316 2515 (67)
1338 2442 1523 2515 ἀρχῶν
1538 2443 1702 2516 ὼρμη
1711 2443 1807 2513 μέ-

217 2554 323 2599 νοι,
348 2539 413 2608 τῇ
443 2537 501 2590 δὲ
529 2536 638 2590 τῶν
680 2535 956 2607 λογισμῶν
998 2535 1292 2607 ἀκολουθίᾳ
1317 2533 1391 2606 μὴ
1426 2535 1674 2605 ἐφιέντες
1716 2533 1806 2588 διὰ

217 2628 283 2681 τὸ
313 2628 632 2683 ὑπεναντίον
661 2633 782 2693 ταῖς
820 2630 1011 2693 ἀκοαῖς
1035 2629 1146 2683 τῶν
1174 2628 1405 2692 πολλῶν,
1442 2630 1592 2699 ἡμᾶς
1611 2628 1805 2697 δυσχε-

220 2719 468 2789 ραίνουσι
528 2720 623 2773 καὶ
653 2719 912 2774 πλύνουσι
946 2719 1044 2791 μὲν
1074 2722 1197 2783 ταῖς
1225 2718 1539 2791 λοιδορίαις,
1570 2720 1655 2787 ἐφ’
1679 2720 1806 2772 ὅσον

216 2809 496 2875 δύνανται,
553 2811 808 2883 οὐδεμιᾶς
837 2812 894 2864 δὲ
931 2811 1225 2882 ἀπέχονται
1256 2812 1356 2881 τῆς
1396 2811 1721 2882 ἐπιϐουλῆς·
1757 2813 1805 2865 εί

218 2902 313 2956 καὶ
342 2903 426 2956 ὅτι
469 2904 498 2956 ὁ
548 2902 752 2975 Κύριος
785 2903 1099 2975 ἀπράκτους
1125 2903 1305 2958 αὐτῶν
1335 2902 1435 2966 τὰς
1462 2903 1807 2973 ὲγχειρήσεις

216 2995 467 3067 ἐποίησε.
502 2993 691 3050 Ταῦτα
718 2995 836 3060 πῶς
862 2997 923 3049 οὐ
959 2996 1181 3068 λυπηρά
1203 3013 1218 3062 ;
1251 2995 1369 3060 πῶς
1390 2996 1512 3066 ο⁴ύχὶ
1534 2993 1805 3066 ὀδυνηρὰν

219 3104 312 3157 μοι
343 3088 444 3158 τὴν
474 3087 617 3159 ζωὴν
671 3087 1149 3153 κατασκευάζοντα
1179 3088 1329 3160 (68);
1367 3089 1426 3152 ὃς
1457 3104 1521 3156 γε
1552 3087 1680 3158 μίαν
1720 3086 1803 3139 τί-

214 3178 380 3250 θειηι
444 3179 551 3233 τῶν
581 3180 769 3234 κακῶν
819 3181 1195 3253 παραμυθίαν,
1235 3182 1336 3252 τὴν
1385 3179 1672 3233 ἀσθένειαν
1699 3181 1799 3249 τῆς

217 3270 442 3342 σαρκὸς,
497 3271 586 3341 ὑφ’
633 3267 703 3344 ἧς
740 3272 1044 3343 πέπεισμαι
1086 3271 1161 3344 μὴ
1195 3272 1362 3325 πολὺν
1400 3271 1592 3341 χρόνον
1615 3288 1797 3340 παρα--

219 3362 402 3432 μένειν
433 3362 501 3432 τῇ
528 3361 774 3433 δυστήνῳ
804 3361 978 3435 ταύτῃ
1028 3361 1163 3433 ζωῇ.
1206 3362 1316 3415 Καὶ
1359 3361 1533 3416 ταῦτα
1571 3361 1672 3433 μὲν
1717 3362 1800 3425 είς

217 3452 491 3507 τοσοῦτον.
521 3453 590 3505 Σὲ
620 3453 680 3507 δὲ
733 3454 829 3507 ἐπὶ
862 3456 975 3518 τοῖς
1000 3452 1200 3507 πάθεσι
1225 3451 1320 3507 τοῦ
1344 3452 1597 3524 σώματος
1619 3470 1799 3524 παρα-

217 3543 369 3597 καλῶ
412 3543 767 3614 μεγαλοφυῶς
816 3545 911 3599 καὶ
939 3545 1102 3613 ἀξίως
1144 3543 1236 3597 τοῦ
1289 3544 1618 3609 καλέσαντος
1651 3546 1801 3617 ἡμᾶς

216 3633 353 3687 Θεοῦ
378 3633 724 3689 διακεῖσθαι’
757 3636 837 3701 ὃς,
884 3635 979 3690 ἐὰν
1012 3637 1097 3709 ἴδῃ
1120 3638 1267 3708 ἡμᾶς
1300 3639 1417 3707 μετ’
1448 3637 1801 3709 εὐχαριστίας
1861 3692 1866 3696 ,

216 3725 544 3798 δεξαμένους
572 3729 641 3783 τά
698 3730 964 3801 παρόντα,
1012 3729 1045 3801 ἢ
1084 3730 1344 3800 ὲπανήσει
1387 3728 1457 3783 τὰ
1503 3727 1801 3792 λυποῦντα,

218 3818 293 3882 ὣς
319 3820 414 3872 ἐπὶ
437 3820 531 3874 τοῦ
560 3820 713 3889 Ἰὼϐ,
742 3821 776 3893 ἢ
809 3824 921 3886 τοῖς
944 3821 1199 3893 μεγάλοις
1234 3819 1519 3891 στεφάνοις
1536 3820 1635 3890 τῆς
1665 3821 1801 3873 ὐπο-

217 3911 388 3981 μονῆς
412 3910 703 3982 ἀμείψεται
736 3914 794 3965 ὲν
828 3915 899 3983 τῇ
945 3910 1085 3968 μετὰ
1124 3910 1328 3982 ταύτην
1347 3910 1446 3981 τὴν
1472 3909 1616 3983 ζωὴν
1642 3909 1801 3981 ήμῶν

219 4004 572 4057 καταστάσει.

285 4177 398 4250 (65)
441 4179 571 4250 Ἐπ’
595 4176 821 4243 αὐτοῖς.
853 4175 934 4250 Ita
959 4191 1093 4231 mss.
1110 4184 1226 4250 tres
1260 4190 1370 4230 non
1397 4173 1794 4250 antiquissimi.

216 4245 325 4304 Sed
353 4245 598 4319 profecto
636 4250 752 4303 hinc
784 4248 1061 4317 scriptura
1108 4247 1269 4317 longe
1305 4245 1643 4317 praeferenda
1674 4246 1799 4299 vul-

216 4327 373 4391 gata;
384 4319 702 4391 ὲπξαύταῖς.

288 4389 402 4459 (66)
445 4387 820 4459 Ἐπάγοντες.
862 4384 955 4440 Sic
985 4402 1123 4459 mss.
1149 4401 1365 4453 omnes,
1396 4399 1536 4457 quos
1570 4382 1792 4455 quidem

218 4457 538 4514 viderimus.
572 4458 714 4513 Editi
748 4457 1139 4525 ἐπαγαγόντες.

288 4528 399 4601 (67)
432 4530 736 4601 γἘκείνων-ᾉ.
775 4527 925 4601 satis
947 4526 1235 4601 commode
1248 4525 1381 4582 editi
1410 4525 1519 4601 ἀπὸ
1556 4525 1654 4601 μεν
1680 4524 1795 4601 τῶν

216 4595 397 4655 αὐτῶν
427 4599 658 4670 ἐκείνοις
704 4597 917 4670 ἀρχῶν,
958 4597 1024 4650 ab
1073 4596 1263 4670 iisdem
1303 4595 1486 4670 ac__il_l_i
1518 4595 1793 4670 principiis

217 4671 460 4741 profecti.
511 4667 618 4725 Sed
645 4670 708 4741 in
745 4665 1253 4741 omnibusunostris
1282 4665 1568 4741 codicibus
1596 4666 1794 4741 legitur

217 4735 467 4802 ἐκείνων,
515 4739 661 4809 quod
699 4740 890 4794 eodem
933 4737 1095 4809 redit.
1130 4735 1567 4809 Videtur-prima
1607 4736 1793 4809 specie

217 4804 551 4885 Eustathius
595 4810 953 4885 Sebastenus
993 4808 1079 4862 his
1122 4807 1309 4885 verbis
1357 4804 1656 4885 designari,
1700 4806 1792 4885 qui

216 4884 355 4935 viam
382 4881 634 4942 mediam,
671 4888 727 4931 ut
747 4878 849 4932 sibi
869 4878 1127 4941 videnlur,
1160 4879 1427 4930 incedunt.
1459 4878 1617 4929 Hunc
1642 4878 1788 4929 enim

217 4951 458 5005 Basilius
500 4951 556 5003 in
606 4951 767 5018 epist.
802 4949 906 5003 128
937 4949 1173 5003 medium
1203 4962 1341 5018 esse
1375 4948 1471 5018 ait,
1500 4959 1603 5018 nec
1626 4944 1789 5018 quid:

214 5036 382 5091 quam
428 5020 595 5091 medii
635 5012 1063 5091 hominis_statu
1101 5017 1381 5091 antiquius
1428 5012 1656 5091 habere.
1682 5012 1789 5068 Sed

215 5084 423 5153 tamen,
478 5089 525 5145 si
576 5104 664 5144 res
717 5088 981 5144 attentius
1026 5084 1429 5151 consideretur,
1455 5101 1566 5139 non
1597 5084 1790 5138 Eusta-

214 5162 393 5214 thium
425 5160 646 5229 pr0prie
670 5159 773 5212 hoc
804 5159 943 5222 loco,
975 5157 1070 5229 sed
1095 5156 1393 5229 generatim
1425 5155 1652 5229 eosdem
1678 5155 1784 5207 lue-

215 5224 606 5299 reticoslqu—os
628 5238 821 5283 contra
855 5230 992 5282 liber
1012 5224 1319 5299 De_'_Spiritu
1343 5236 1526 5299 sancio
1545 5224 1787 5299 scl‘iptus

214 5307 322 5364 est,
352 5294 700 5369 perspicuum
722 5299 826 5352 erit
857 5300 1056 5353 notari.
1086 5294 1220 5351 Nam
1246 5297 1459 5369 medius
1478 5294 1788 5369 ille_Eu_sta-

213 5372 316 5425 thii
351 5364 531 5424 status
560 5370 614 5423 iu
638 5383 705 5424 eo
737 5369 948 5439 positus
983 5375 1123 5434 erat,
1157 5365 1303 5436 quod
1340 5381 1440 5422 nec
1485 5364 1786 5422 catholicus

1907 1886 2189 1941 homirnam
2224 1885 2369 1942 fama
2393 1886 2687 1953 celebrari,
2726 1890 2807 1945 sic
2838 1890 3039 1962 ubique
3060 1900 3351 1957 terrarum,
3382 1894 3482 1947 ad-

1905 1978 2028 2033 dam
2062 1987 2117 2035 et
2158 1978 2414 2043 marium,
2459 1980 2786 2039 decantatus
2834 1998 2979 2039 sum.
3006 1982 3151 2040 Nam
3193 1991 3249 2041 et
3288 1985 3383 2056 qui
3428 1986 3483 2040 in

1903 2080 2152 2128 extremo
2178 2072 2480 2142 impietatis
2521 2074 2761 2129 termino
2795 2090 2919 2133 sese
2961 2088 3245 2143 exercent,
3284 2086 3339 2133 et
3379 2079 3484 2134 im-

1905 2165 2055 2234 pium
2078 2164 2555 2223 dissimilitudinis
2582 2165 2783 2238 dogma
2822 2167 3175 2227 in'Ecclcsias
3197 2170 3481 2233 invehunt,

1904 2255 2107 2310 bellum
2145 2272 2359 2312 mecum
2411 2258 2635 2314 habent.
2678 2258 2745 2313 Et
2788 2259 2882 2330 qui
2921 2260 3066 2314 viam
3112 2261 3372 2327 ‘mediam,
3423 2270 3484 2316 ut

1907 2347 2010 2403 sibi
2044 2348 2322 2415 videntur,
2360 2350 2644 2415 incedunt,
2684 2360 2741 2407 et
2782 2352 2852 2408 ab
2881 2352 3075 2408 iisdem
3126 2354 3238 2411 illis
3276 2355 3484 2426 princi-

1906 2438 2011 2509 piis
2038 2440 2294 2510 profecti,
2318 2442 2804 2499 ratiocinationum
2822 2445 3200 2501 consecutioni
3227 2461 3338 2503 non
3362 2448 3486 2503 sub-

1908 2532 2180 2598 scrihunt,
2215 2548 2281 2587 eo
2314 2534 2460 2604 quod
2496 2535 2791 2591 abhorreat
2827 2551 2857 2590 a
2899 2537 3195 2593 multorum
3229 2539 3481 2603 auribus,

1904 2625 1963 2680 hi
2014 2626 2177 2681 nobis
2227 2625 2428 2683 infensi
2479 2638 2608 2684 sunt
2664 2643 2730 2685 ac
2810 2630 3481 2701 conviciis‘perl‘undunt,

1907 2725 2177 2788 quantum
2227 2729 2480 2789 possunt,
2531 2735 2633 2775 nec
2687 2721 2829 2776 ullas
2877 2724 3309 2794 prietermittunt
3355 2725 3486 2780 insi-

1905 2810 2049 2874 dias,
2078 2810 2331 2879 quamvis
2359 2808 2624 2867 Dominus
2665 2826 2855 2867 eorum
2886 2825 3117 2869 conatus
3139 2814 3327 2870 irritos
3355 2816 3485 2870 red-

1906 2899 2128 2955 diderit.
2171 2901 2460 2966 Quomodo
2508 2903 2624 2957 haec
2666 2904 2897 2960 molesta
2948 2920 3058 2960 non
3088 2904 3307 2962 forent?
3343 2923 3479 2978 quo-

1906 2993 2073 3046 modo
2108 3007 2218 3046 non
2254 2993 2506 3047 acerbam
2539 2993 2674 3049 mihi
2714 2995 2886 3050 vitam
2919 2995 3203 3053 facerent?
3231 2999 3324 3069 qui
3357 3014 3486 3068 pro-

1907 3080 2052 3137 fecto
2107 3084 2336 3138 unicum
2394 3083 2572 3140 habeo
2623 3085 2894 3141 malorum
2953 3089 3247 3152 solatium,
3299 3089 3483 3145 carnis

1907 3175 2298 3244 inﬁrmitatem,
2330 3194 2451 3248 quae
2472 3178 2603 3233 mihi
2628 3178 2918 3249 persuadet
2945 3195 3055 3235 non
3084 3180 3315 3235 multum
3343 3190 3483 3236 tem-

1907 3264 2059 3331 poris
2091 3280 2177 3320 me
2212 3266 2267 3322 in
2315 3266 2421 3321 hac
2452 3268 2659 3323 infelici
2699 3268 2807 3322 vita
2838 3284 3181 3325 mansurum.
3221 3270 3345 3326 Haec
3383 3286 3483 3325 au-

1906 3360 2015 3407 tem
2048 3352 2334 3409 hactenus.
2368 3353 2446 3409 Te
2482 3364 2665 3411 autem
2700 3356 2757 3410 in
2784 3358 3033 3427 corporis
3072 3353 3483 3416 infirmitatibus

1906 3445 2189 3506 adhortor,
2233 3456 2292 3500 ut
2333 3455 2653 3504 constanter
2681 3458 2736 3503 et
2774 3450 2938 3520 digne
2974 3449 3105 3514 Deo,
3135 3452 3228 3521 qui
3262 3468 3363 3507 nos
3390 3469 3485 3508 vo-

1906 3539 2072 3601 cavit,
2108 3549 2161 3593 te
2201 3554 2362 3609 geras
2393 3558 2406 3594 :
2437 3540 2561 3609 qui,
2592 3540 2636 3596 si
2673 3556 2776 3596 nos
2807 3540 3007 3597 viderit
3040 3559 3163 3597 cum
3182 3545 3481 3615 gratiarum

1906 3629 2126 3683 actione
2170 3632 2462 3699 praesentia
2492 3630 2799 3702 suscipere,
2835 3640 2930 3687 aut
2979 3633 3192 3689 sedabit
3236 3635 3477 3699 dolores,

1906 3721 1984 3773 uti
2019 3721 2074 3774 in
2105 3719 2267 3787 Jobo,
2298 3732 2391 3776 aut
2434 3725 2647 3795 magnis
2674 3726 2953 3794 patientiae
2983 3729 3207 3782 coronis
3237 3744 3482 3786 remune-

1903 3814 2116 3868 rahitur
2147 3814 2202 3867 in
2229 3813 2413 3870 futuro
2439 3826 2565 3886 post
2595 3816 2739 3871 hanc
2770 3817 2940 3872 vitam
2970 3827 3140 3874 statu.

1903 4176 2309 4245 potentioribus
2335 4177 2557 4230 Arianis
2587 4178 2877 4233 catholicis
2906 4172 3081 4233 videri
3118 4179 3297 4235 vellet.
3328 4178 3476 4234 Nou-

1902 4249 2031 4320 dum
2049 4254 2250 4320 aperte
2306 4262 2439 4320 cum‘
2478 4248 2699 4304 Arianis
2748 4248 3100 4320 conjunctus,
3132 4264 3234 4303 nec
3276 4265 3477 4320 negare

1903 4316 2140 4390 audebat
2158 4332 2274 4390 nec
2322 4317 2555 4390 probare
2584 4333 2707 4388 quae
2744 4316 3167 4390 ipsi'a_Basilio
3206 4316 3476 4390 pr0p6nc-

1902 4385 2123 4458 bantur.
2142 4387 2212 4439 At
2229 4385 2368 4458 quos
2405 4388 2491 4441 hic
2514 4385 2907 4443 commemorat
2936 4385 3267 4456 Basiliusfhi
3287 4385 3477 4445 catho-

1903 4455 2314 4529 licairdoctrina:
2343 4457 2545 4529 bellum
2572 4467 2821 4528 apertum
2847 4458 3180 4525 indixerant,
3202 4468 3256 4514 et
3279 4476 3475 4529 quam-

1828 4510 1872 4566 D
1900 4510 2485 4599 yisdissimilitudinis
2530 4510 3438 4599 amanus";iuges;Vinum;
3452 4572 3468 4589 .

1898 4597 2093 4668 iisdem
2128 4607 2332 4661 tamen,
2365 4612 2430 4668 ac
2459 4597 2734 4662 Anonioei,
2763 4597 3047 4668 principiis
3086 4601 3325 4661 stabant.
3359 4600 3471 4654 lloc

1897 4667 1978 4721 eis
2012 4669 2314 4738 exprobrat
2375 4666 2611 4723 Basilius
2653 4670 2706 4723 in
2749 4666 2887 4738 libro
2922 4666 3001 4723 De
3020 4667 3222 4736 Spiritu
3259 4682 3463 4729 sancto,

1896 4750 2018 4806 cap.
2054 4737 2109 4801 2,
2130 4737 2222 4791 ubi
2251 4739 2444 4810 impias
2471 4752 2661 4810 eorum
2680 4739 2753 4810 de
2778 4737 2916 4792 Filio
2943 4754 3007 4794 ac
3041 4740 3248 4810 Spiritu
3277 4750 3469 4795 sancto

1894 4821 2069 4878 nugas
2097 4825 2159 4863 ex
2187 4808 2475 4878 principiis
2495 4808 2633 4863 Aetii
2654 4808 2919 4864 deductas
2949 4824 3071 4865 esse
3084 4808 3465 4866 'demoustrat.

1894 4878 2060 4950 iidem
2100 4878 2344 4950 haeretici
2365 4893 2489 4950 Anon
2522 4880 2804 4950 desierunt
2827 4878 3037 4950 nefaria
3067 4878 3255 4935 Basilii
3289 4883 3469 4950 expel-

1895 4947 2041 5002 lendi
2088 4948 2316 5003 consilia
2364 4947 2523 5003 inire.
2570 4948 2771 5002 Eorum
2812 4948 3059 5003 convicia
3091 4950 3146 5004 in
3179 4947 3464 5012 Basilium,

1891 5016 2126 5073 insidias
2158 5026 2212 5072 et
2240 5016 2483 5073 nefarias
2516 5019 2852 5079 molitiones,
2899 5017 3138 5075 furorem
3170 5035 3234 5073 ac
3260 5019 3463 5074 bellum

1892 5087 2408 5158 inexpiabile,_t'ide
2430 5156 2437 5158 ξ
2460 5089 2685 5158 ἰιιλιὶὺνο
2722 5089 2797 5142 De
2832 5087 3037 5158 Spiritu
3073 5101 3280 5154 sancto,
3308 5105 3459 5150 num.

1892 5158 1982 5220 15,
2009 5156 2100 5222 25,
2134 5158 2225 5220 δι,
2256 5156 2345 5218 52,
2380 5156 2470 5211 60.
2506 5156 2595 5221 69,
2630 5158 2718 5214 75.

1963 5229 2072 5298 ((58)
2100 5225 2651 5300 Καταςκευάζοντα.
2700 5228 2794 5300 Sic
2846 5227 3014 5285 Coisl.
3061 5238 3293 5300 uterque
3339 5243 3489 5299 cum,

1889 5295 2065 5354 tribus
2088 5300 2232 5353 aliis.
2266 5295 2407 5351 Editi
2434 5298 2956 5364 κατασκευάζονται.
