3862 6220
369 298 480 355 ἴω
842 388 1178 446 EPISTOLA
1219 388 1424 444 (lCXlt.
1453 429 1466 441 .

1712 295 1771 352 S.
1807 295 2053 352 BASlLll
2097 295 2317 350 MAG.“

3539 296 3569 322 ιγ

2588 388 2935 444 ΕΠΙΣΤΟΛΗ
2973 392 3092 444 Σῐῗν
3571 298 3648 353 ω

371 484 565 548 Gratias
584 478 685 548 agit
705 480 834 548 quod
857 494 908 532 se
930 481 1058 531 inter
1080 479 1322 548 molestias
1346 493 1655 548 enumerasti
1676 480 1924 548 hominum
1953 479 2259 532 multitudine
2287 492 2549 548 eorumque
2578 480 2860 548 ductoribus
2885 488 3104 545 acceptas
3131 480 3301 548 litteris
3331 483 3648 548 recreaverit.

436 541 673 614 Implor'at
697 541 833 614 illius
846 556 1022 614 preces
1048 555 1148 614 pro
1175 541 1439 614 miserabili
1457 556 1568 614 ,ειμι
1608 541 1729 614 vita._
1748 545 1935 614 Narrat
1958 556 2009 614 se
2041 551 2323 612 aspectare
2361 541 2487 614 quin
2518 543 2566 614 in
2586 542 2773 611 _aulam
2807 541 3085 614 accersiitur
3108 555 3126 612 ς
3147 542 3330 614 sibique
3362 544 3651 614 epjscopum

433 603 709 677 quandam,
734 604 816 654 ubi
837 603 940 655 {nec
960 603 1165 677 uudipit,
1186 610 1429 677 ait-ctorth
1451 603 1630 677 fuisse.
1644 603 1761 677 utfin
1781 606 2186 677 .Mesopotarniam
2205 619 2257 656 se
2273 604 2505 664 conferat,
2530 603 2690 667 ibique
2711 603 2890 655 coactis
2910 603 3146 669 episcopis
3159 603 3289 655 idem
3310 603 3649 665 sentientibus,

435 664 776 732 imperatorem
797 678 899 715 una
924 678 1036 714 cum
1069 664 1170 716 illis
1190 666 1351 715 adeat.
1378 664 1529 726 Rogat
1548 665 1665 729 quia
1691 664 1971 729 faciendum
1999 666 2078 715 sit.

675 748 798 804 Sine
824 748 1187 817 inscriptione,
1228 748 1328 801 viri
1363 748 1439 815 pii
1465 764 1651 801 causa.

448 865 502 920 Ι.
543 863 827 926 Dominus,
871 861 965 931 qui
1018 861 1252 916 celerem
1300 860 1431 914 mihi
1480 858 1534 912 in
1567 858 1951 914 amictionibus

376 970 532 1025 apem
559 962 799 1026 praestat,
826 955 942 1024 ipse
973 953 1070 1008 tibi
1094 953 1457 1012 allevationis,
1487 967 1593 1020 qua
1619 967 1703 1005 me
1728 952 1781 1004 in
1810 965 1953 1020 prae-

304 1072 309 1077 σ
379 1048 521 1102 senti
560 1063 654 1117 per
684 1048 893 1102 litteras
933 1045 1245 1099 visitatione
1266 1043 1430 1114 320
1453 1044 1734 1107 recreasti,
1780 1041 1951 1097 vicem

358 1139 659 1209 ~rependat,
700 1153 823 1194 vera
850 1153 914 1192 ac
936 1150 1132 1207 magna
1159 1135 1389 1205 spiritus
1419 1135 1605 1189 laetitia
1646 1132 1954 1189 mercedem

374 1235 447 1289 ob
497 1233 931 1289 consolationem
984 1229 1317 1285 humilitatis
1375 1236 1579 1284 nostra).
1624 1228 1953 1298 adimplens.

372 1324 534 1380 Eram
589 1325 736 1379 enim
791 1322 1191 1393 quodammodo
1253 1321 1395 1376 male
1439 1321 1670 1376 allectus
1726 1321 1951 1387 animo,

352 1430 497 1469 ~enm
521 1415 576 1469 in
603 1429 802 1484 magna
827 1413 1112 1468 hominum
1135 1413 1486 1467 multitudine
1509 1411 1738 1467 ferinam
1760 1425 1954 1481 qnam-

374 1504 500 1558 dam
538 1518 604 1557 ac
637 1502 868 1557 rationis
900 1501 1126 1556 omnino
1153 1509 1434 1570 expertem
1463 1500 1649 1571 populi
1688 1499 1952 1554 vidissem

375 1594 710 1655 socordiam.
740 1601 796 1649 et
819 1593 1117 1648 ductorum
1153 1593 1513 1649 inveteratam
1537 1592 1738 1662 vixque
1763 1606 1953 1646 emen-

354 1685 774 1755 -dabilem_mali
805 1683 1286 1741 consuetudinem.
1336 1683 1405 1738 At
1443 1684 1534 1738 ubi
1569 1682 1679 1738 vidi
1718 1682 1953 1748 litteras,

374 1786 430 1833 et
478 1778 822 1833 reconditum
875 1777 934 1833 in
1004 1777 1198 1834 iisdem
1260 1776 1547 1833 charitatis
1603 1775 1951 1839 thesaurum,

376 1868 569 1938 agnovi
618 1868 868 1923 illuxisse
920 1867 1081 1923 nobis
1130 1867 1188 1921 in
1236 1866 1603 1921 amaritudine
1647 1864 1955 1920 viventibus

374 1961 535 2015 dulce
567 1960 820 2015 solatium
851 1958 921 2014 ab
943 1974 1010 2015 eo
1047 1958 1143 2029 qui
1177 1966 1368 2014 nostra
1397 1956 1736 2011 moderatur.
1771 1954 1956 2022 Quare

375 2052 725 2106 sanctitatem
757 2058 907 2105 tuam
946 2050 1215 2114 resaluto,
1268 2050 1428 2105 solita
1459 2064 1624 2119 prece
1677 2061 1866 2112 orans,
1896 2053 1956 2100 ut

1984 753 2032 809 Α

2316 746 2772 817 Ἀνεπίγραερος,
2802 746 2898 800 ἐπὶ
2922 746 3094 816 ἀνδρί
3135 747 3393 803 εὐσεϐεῖ.

2123 858 2177 913 l.
2204 857 2407 930 Κύριος
2452 859 2480 910 ὁ
2514 856 2932 929 παρασχόμενιπ
2974 875 3065 929 μοι
3110 862 3334 930 ταχεῖαν
3382 860 3479 914 ἐπὶ
3520 864 3651 925 ταῖς

2054 950 2273 1020 θλίψεσι
2321 950 2420 1022 τὴν
2453 950 2756 1021 ἀντίληψιν,
2812 951 2977 1017 αὐτός
3011 968 3090 1006 σοι
3128 953 3227 1023 τῆς
3259 951 3644 1019 ἀναπαύσεως,

2054 1044 2120 1113 ἢν
2142 1041 2458 1105 ἀνέπαυσας
2481 1042 2626 1113 ἡμᾶς
2656 1042 2715 1094 ἐν
2747 1043 2812 1113 τῇ
2846 1041 3094 1113 παρούσῃ
3130 1042 3219 1095 διὰ
3250 1042 3344 1095 τοῦ
3374 1042 3647 1113 γράμμα-

2053 1152 2146 1198 τος
2171 1133 2482 1204 ἐπισκέψει,
2512 1134 2848 1206 παράσχοιτο
2870 1136 2968 1207 τὴν
2988 1134 3298 1205 ἀντίληψιν,
3318 1139 3385 1205 τῇ
3411 1135 3646 1206 ἀληθινῇ

2054 1228 2150 1280 καὶ
2192 1227 2402 1299 μεγάλῃ
2455 1226 2761 1298 εὐφροσύνῃ
2793 1226 2890 1280 τοῦ
2939 1227 3249 1298 πνεύματος
3300 1227 3392 1280 τὸν
3434 1228 3529 1280 ἐπὶ
3569 1230 3643 1298 τῇ

2055 1318 2401 1390 παρακλήσει
2434 1317 2623 1389 μισθὸν
2646 1316 2746 1387 τῆς
2777 1316 3160 1380 ταπεινώσεως
3193 1315 3350 1387 ἡμῶν
3385 1316 3647 1386 ἀποπλη-

2059 1410 2189 1483 ρῶν.
2228 1411 2463 1481 Ἔτυχον
2507 1409 2617 1480 γάρ
2649 1426 2766 1473 πως
2798 1410 2897 1480 τὴν
2923 1408 3099 1479 ψυχὴν
3138 1409 3549 1477 κεκακωμένος,
3582 1410 3647 1461 ἐν

2056 1501 2467 1573 πολυανθρώπῳ
2501 1500 2762 1572 συλλήψει
2808 1499 3056 1572 κτηνώδη
3084 1500 3206 1553 τινὰ
3235 1500 3329 1554 καὶ
3358 1499 3648 1564 παντελῶς

2055 1593 2249 1663 ἄλογον
2277 1592 2371 1648 τοῦ
2395 1592 2524 1646 λαοῦ
2552 1590 2889 1664 καταμαθὼν
2907 1590 3200 1664 ῥᾳθυμίαν,
3229 1591 3323 1644 καί
3348 1593 3457 1644 τῶν
3481 1592 3650 1660 ἀγόν-

2055 1703 2163 1739 των
2190 1685 2389 1748 αὐτοὺς
2409 1684 2647 1738 παλαιὰν
2684 1685 2777 1739 καὶ
2807 1683 3196 1754 δυσδιόρθωτον
3230 1683 3516 1754 συνήθειαν
3547 1682 3646 1737 τοῦ

2055 1776 2252 1830 κακοῦ.
2296 1777 2449 1830 Ἐπεὶ
2495 1776 2554 1831 δὲ
2579 1773 2720 1830 εἶδον
2760 1775 2828 1829 τὰ
2856 1777 3180 1848 γράμματα,
3214 1778 3309 1830 καὶ
3338 1776 3429 1829 τὸν
3461 1778 3520 1828 ἐν
3546 1778 3649 1829 αὑ·-

2054 1871 2170 1932 τοῖς
2194 1869 2295 1939 τῆς
2320 1869 2542 1941 ἀγάπης
2582 1868 2878 1941 θησαυρὸν,
2925 1868 3194 1938 ἐπέγνων,
3216 1870 3298 1923 ὅτι
3325 1867 3649 1937 ἐπέλαμψεν

2056 1960 2187 2030 ἡμῖν
2223 1961 2338 2022 τοῖς
2387 1961 2445 2013 ὲν
2505 1958 2702 2029 πικρίᾳ
2752 1957 2887 2022 ζῶσι
2919 1957 3177 2026 γλυκεῖαν
3230 1957 3586 2029 παραμυθίαν
3617 1961 3650 2011 ὁ

2054 2049 2354 2120 οἰκονομῶν
2398 2049 2469 2104 τὰ
2502 2049 2767 2121 ἡμέτερα.
2821 2049 2915 2103 Διὸ
2944 2051 3039 2104 καὶ
3079 2048 3517 2120 ἀντιφθεγγομαί
3550 2066 3649 2102 σου

375 2158 476 2212 pro
518 2143 834 2198 miseranda
874 2158 995 2197 mea
1045 2143 1158 2198 vita
1202 2142 1414 2213 precari
1466 2156 1576 2196 non
1620 2155 1834 2202 cesses.
1885 2153 1956 2194 ne

2065 2143 2156 2213 τὴν
2184 2111 2446 2214 ὁσιότητα
2471 2111 2584 2213 (ϐθ)
2616 2111 2953 2215 παρακαλῶν
2995 2141 3096 2213 τὴν
3127 2111 3328 2212 συνήθη
3355 2111 3652 2211 παράκλη-

377 2233 522 2288 forte
550 2231 753 2287 mundi-
773 2232 942 2302 hujus
977 2232 1161 2304 specie
1193 2231 1510 2289 immersus.
1536 2230 1833 2286 obliviscar
1860 2228 1957 2283 Dei

375 2323 468 2393 qui
499 2338 727 2392 egenum
760 2331 958 2378 eterra
987 2322 1150 2393 erigit
1170 2322 1216 2385 ⁸,
1246 2330 1301 2376 et
1333 2322 1518 2392 aliqua
1547 2321 1729 2375 elatus
1765 2334 1960 2390 super-

375 2414 464 2468 bia
490 2414 546 2469 in
563 2413 833 2484 judicium
864 2412 1104 2468 incidam
1135 2412 1375 2467 diaboli9
1401 2428 1416 2467 :
1446 2419 1540 2466 aut
1585 2412 1837 2483 neglecta
1864 2410 1961 2466 ad-

375 2505 779 2560 ministratione
801 2503 1082 2561 dormiens
1113 2520 1143 2559 a
1165 2504 1400 2559 Domino
1429 2504 1835 2575 deprehendar,
1861 2510 1958 2559 aut

358 2613 475 2668 .per
509 2599 674 2652 noxia
706 2612 875 2667 opera
903 2596 1053 2651 illam
1090 2611 1307 2667 gerens.
1331 2608 1386 2652 et
1412 2611 1803 2651 conservorum
1830 2610 1957 2666 per-

356 2691 595 2746 vcntiens
620 2688 1014 2746 conscientiam
1037 2690 1104 2749 ⁸ο.
1142 2696 1236 2743 aut
1277 2689 1442 2745 etiam
1484 2703 1608 2743 cum
1641 2687 1812 2743 ebriis
1856 2687 1962 2742 im-

377 2796 625 2841 morans,
664 2782 719 2835 in
751 2782 907 2851 justo
930 2779 1027 2836 Dei
1059 2780 1272 2849 judicio
1307 2794 1498 2851 poenas
1527 2780 1686 2834 malis
1723 2777 1961 2833 admini-

359 2871 713 2926 stratoribus
773 2872 1078 2927 intentatas
1131 2872 1457 2927 sustineam.
1516 2872 1706 2942 Itaque
1752 2869 1958 2933 Deum,

378 2978 586 3035 quaso,
635 2963 692 3018 in
741 2963 997 3019 omnibus
1041 2964 1298 3035 precibus
1328 2978 1479 3027 ores,
1530 2972 1591 3017 ιιι
1631 2962 1848 3033 vigilem
1900 2963 1958 3016 in

377 3056 673 3121 omnibus,
735 3070 808 3110 ne
857 3054 1097 3112 dedecus
1154 3070 1219 3109 ac
1273 3056 1535 3125 probrum
1580 3055 1683 3109 sim
1746 3054 1957 3110 nomini

378 3141 609 3208 Christi,
637 3144 691 3198 in
721 3143 1054 3200 revelatione
1087 3159 1416 3200 arcanorum
1445 3143 1635 3199 cordis
1673 3145 1869 3207 nostri,
1902 3145 1956 3199 in

381 3252 582 3307 magno
626 3236 719 3291 illo
762 3236 852 3292 die
903 3236 1174 3294 adventus
1236 3236 1543 3294 Salvatoris
1600 3238 1778 3293 nostri
1823 3235 1958 3294 Iesu

375 3328 608 3383 Christi.

2059 2253 2167 2302 σιν,
2202 2235 2278 2308 μὴ
2333 2236 2600 2290 διαλιπεῖν
2635 2253 2695 2289 σε
2742 2234 3036 2306 εὐχόμενον
3080 2234 3221 2307 ὑπὲρ
3264 2233 3364 2303 τῆς
3405 2233 3651 2303 ἐλεεινῆς

2064 2346 2166 2400 μου
2227 2328 2407 2399 ζωῆς’
2444 2327 2678 2399 μήποτε,
2737 2329 2805 2398 τῇ
2841 2325 3111 2398 φαντασίᾳ
3164 2324 3258 2379 τοῦ
3307 2324 3421 2396 βίου
3453 2324 3647 2378 τούτου

2060 2420 2542 2483 καταϐαπτισθεὶς,
2565 2418 2911 2489 ἐπιλάθωμαι
2944 2418 3041 2488 μέν
3071 2416 3167 2470 τοῦ
3198 2414 3333 2469 Θεοῦ
3363 2414 3459 2469 τοῦ
3501 2414 3651 2483 ἐγεί-

2064 2529 2250 2584 ροντος
2270 2510 2380 2583 (70)
2409 2511 2518 2564 ἀπὸ
2546 2511 2648 2582 γῆς
2683 2510 2919 2580 πτωχὸν,
2946 2508 3177 2580 ἔπαρσιν
3204 2506 3261 2561 δέ
3282 2523 3404 2560 τινα
3432 2505 3647 2566 παθὼν,

2060 2604 2141 2666 είς
2172 2604 2349 2673 κρῖμα
2396 2600 2624 2672 ἐμπέσω
2655 2599 2751 2653 τοῦ
2779 2600 3026 2654 διαϐόλου
3051 2615 3064 2628 ·
3100 2598 3427 2671 ῥαθυμήσας
3454 2596 3512 2650 δέ
3547 2596 3650 2666 τῆς

2060 2691 2396 2762 οἰκονομίας,
2429 2690 2704 2745 καθεύδων
2734 2690 2838 2744 ὑπὸ
2863 2689 2956 2744 τοῦ
2978 2689 3247 2743 Δεσπὸτου
3281 2686 3649 2757 καταληφθῶ,

2061 2784 2095 2854 ἢ
2144 2784 2238 2836 καὶ
2291 2782 2379 2836 διὰ
2443 2782 2551 2836 τῶν
2606 2782 2886 2855 βλαϐερῶν
2935 2782 3113 2853 ἔργων
3171 2780 3502 2852 προστιθεὶς,
3551 2780 3652 2831 καὶ

2062 2874 2281 2928 τύπτων
2309 2874 2406 2946 τὴν
2453 2873 2756 2944 συνείδησιν
2803 2873 2909 2926 τῶν
2951 2871 3272 2934 συνδούλων,
3307 2871 3340 2941 ἢ
3381 2870 3476 2923 καὶ
3509 2871 3653 2940 μετὰ

2062 2966 2172 3019 τῶν
2211 2964 2518 3037 μεθυόντων
2576 2965 2880 3036 γινόμενος,
2931 2965 2990 3016 ἐν
3040 2966 3105 3034 τῇ
3140 2961 3506 3032 δικαιοκρισία
3555 2958 3651 3013 τοῦ

2064 3056 2199 3111 Θεοῦ
2224 3056 2384 3110 πάθω
2408 3055 2476 3109 τὰ
2509 3058 2623 3118 τοῖς
2652 3058 2910 3126 πονηροῖς
2942 3055 3051 3109 τῶν
3084 3054 3382 3124 οἰκονόμων
3413 3052 3651 3122 ἠπειλη-

2066 3149 2222 3221 μένα.
2256 3146 2567 3220 Παρακαλῶ
2611 3143 2704 3200 οὖν
2730 3164 2789 3213 σε
2815 3147 2907 3200 ἐπὶ
2938 3146 3087 3218 πάσῃ
3131 3148 3408 3217 προσευχῇ
3432 3144 3655 3199 δέεσθαι

2059 3243 2152 3295 τοῦ
2178 3240 2312 3295 Θεοῦ
2350 3242 2543 3312 νήφειν
2576 3241 2724 3311 ἡμᾶς
2760 3242 2816 3293 ἐν
2846 3241 3011 3293 πᾶσιν
3031 3257 3044 3270 ·
3081 3240 3168 3292 ἵνα
3200 3238 3274 3310 μὴ
3302 3237 3540 3308 αἰσχύνη
3567 3254 3659 3306 γι-

2063 3331 2286 3403 νώμεθα
2336 3331 2432 3384 καὶ
2478 3330 2683 3395 ὄνειδος
2719 3330 2798 3401 τῷ
2827 3332 3054 3403 ὀνὸματι
3081 3331 3174 3384 τοῦ
3209 3332 3467 3401 Χριστοῦ,
3494 3331 3553 3381 ὲν
3582 3332 3653 3400 τῇ

302 3462 311 3472 .
378 3422 717 3494 ἀποκαλύψει
764 3423 873 3478 τῶν
924 3425 1177 3497 κρυπτῶν
1207 3426 1303 3496 τῆς
1336 3423 1561 3496 καρδίας
1588 3425 1768 3496 ἡμῶν,
1815 3428 1956 3479 κατὰ
1994 3425 2091 3498 τὴν
2136 3426 2380 3498 μεγάλην
2442 3425 2661 3497 ἡμέραν
2718 3425 2820 3496 τῆς
2860 3424 3186 3496 ἐπιφανείας
3233 3423 3328 3477 τοῦ
3393 3421 3654 3493 Σωτῆρος

383 3519 540 3592 ἡμῶν
585 3518 758 3592 Ἰησοῦ
785 3521 1022 3593 Χριστοῦ
1046 3521 1182 3593 (7i).

449 3614 506 3666 2.
545 3609 830 3683 Cognosce
854 3620 1034 3669 autem
1069 3630 1156 3670 me
1187 3621 1529 3685 exspectare.
1564 3615 1691 3669 dum
1721 3629 1818 3683 per
1845 3614 1959 3668 hae-

2134 3605 2189 3660 2.
2223 3605 2462 3660 Γίνωσκε
2493 3604 2551 3656 δέ
2572 3621 2638 3674 με
2670 3605 2727 3656 ἐν
2762 3603 3061 3674 προσδοκίᾳ
3089 3599 3228 3656 εἶναι
3253 3601 3344 3656 τοῦ
3382 3606 3656 3675 κατ’ἐπή·

379 3704 680 3760 reticorum
721 3703 1123 3774 improbitatem
1179 3703 1245 3758 ad
1297 3704 1480 3757 aulam
1538 3704 1966 3767 30081⁸831⁸,ηο1)’

379 3803 533 3850 tentu
565 3798 715 3866 pacis
748 3797 1007 3852 videlicet
1034 3816 1046 3850 :
1073 3805 1128 3851 et
1157 3795 1479 3866 episcopum
1513 3796 1691 3861 illum,
1724 3795 1814 3850 ubi
1845 3795 1961 3850 haec

382 3889 613 3953 audivit,
646 3889 778 3944 mihi
819 3890 1138 3960 scripsisse.
1173 3897 1235 3943 ut
1269 3888 1597 3963 festinanter
1621 3903 1707 3943 me
1750 3888 1809 3943 in
1857 3887 1963 3942 Me-

380 3981 745 4051 sopotamiam
779 3980 1082 4045 conferam,
1106 3982 1329 4053 illicque
1355 3998 1454 4038 eos
1478 3983 1573 4052 qni
1602 3980 1744 4037 idem
1770 3995 1834 4035 ac
1858 3994 1963 4035 nos

381 4074 626 4131 sentiunt
655 4088 721 4129 ac
764 4072 1042 4129 Ecclesias
1070 4074 1419 4139 conﬁrmant,
1444 4074 1501 4128 in
1537 4088 1706 4127 unum
1735 4086 1963 4141 cogens,

383 4180 490 4218 una
521 4179 645 4219 cum
676 4165 811 4236 ipsis
828 4165 1149 4236 proﬁciscar
1173 4166 1239 4219 ad
1264 4156 1674 4236 imperatorem.
1713 4162 1840 4216 Mihi
1870 4178 1968 4216 au-

379 4259 492 4308 tem
537 4253 675 4308 forte
725 4270 793 4310 ne
834 4254 1013 4324 ipsum
1064 4256 1287 4322 quidem
1338 4269 1541 4324 corpus
1594 4251 1661 4306 ad
1710 4252 1817 4305 hoc
1863 4250 1968 4304 iter

384 4343 564 4399 hieme
594 4344 842 4400 sufﬁciet.
871 4343 1059 4415 Neque
1084 4345 1352 4401 hactenus
1377 4361 1467 4401 res
1498 4345 1618 4398 visa
1658 4351 1744 4400 est
1771 4356 1965 4397 neces-

383 4437 554 4500 saria,
606 4437 716 4491 nisi
765 4439 885 4513 ipse
930 4437 1137 4507 aliquid
1194 4437 1460 4492 suaseris.
1512 4435 1647 4489 Nam
1697 4443 1752 4490 et
1801 4442 1957 4486 tuum

382 4529 716 4598 exspectabo
755 4528 1071 4589 consilium,
1098 4536 1159 4582 ut
1187 4529 1460 4583 sententia
1502 4527 1768 4581 ﬁrmetur.
1802 4524 1954 4591 Qua-

380 4627 606 4689 propter
634 4634 788 4689 rogo,
825 4625 885 4674 ut
913 4619 1026 4672 cito
1056 4619 1218 4674 nobis
1249 4633 1344 4688 per
1393 4618 1629 4688 aliquem
1675 4631 1740 4671 ex
1773 4614 1963 4686 probis

383 4708 670 4773 fratribus,
695 4709 828 4779 quid
858 4710 1033 4765 visum
1067 4708 1229 4763 fuerit
1254 4718 1360 4762 tua:
1383 4707 1705 4777 perfectioni
1738 4720 1802 4759 ac
1826 4704 1965 4759 divi-

382 4799 533 4855 nitus
560 4809 721 4855 motae
741 4800 1064 4870 prudentiae.
1091 4798 1391 4870 signiﬁces.

2069 3713 2222 3768 ρειαν
2248 3695 2356 3748 τῶν
2401 3693 2695 3766 αἱρετικῶν
2745 3692 3219 3764 ἁνακληθήσεσθαι
3252 3695 3333 3756 εἰς
3387 3698 3450 3747 τὸ
3486 3712 3648 3764 στρα-

2066 3787 2309 3850 τόπεδον,
2352 3788 2444 3841 ἐπὶ
2488 3788 2759 3859 προφάσει
2817 3787 2881 3857 δὴ
2930 3788 3028 3856 τῆς
3065 3788 3319 3858 εἰρήνης·
3359 3789 3456 3841 καὶ
3492 3788 3655 3842 τοῦτο

2065 3880 2374 3935 ἀκούσαντα
2400 3879 2513 3948 (τε)
2546 3881 2639 3932 κοιλ¹
2670 3880 2759 3932 τὸν
2793 3879 3086 3932 ἐπίσκοπον
3122 3877 3271 3930 τόνδε
3322 3879 3655 3934 ἐπεσταλκέ-

2067 3990 2156 4027 ναι
2183 3976 2318 4043 ἡμῖν
2340 3972 2640 4026 σπουδάσαι
2658 3972 2786 4042 περὶ
2807 3970 2904 4041 τὴν
2925 3970 3349 4040 Μεσοποταμίαν
3370 3971 3649 4038 γενέσθαι,

2068 4064 2162 4117 καὶ
2188 4063 2295 4115 τῶν
2325 4065 2442 4115 ἐκεῖ
2464 4063 2590 4126 τοὺς
2619 4062 2905 4133 ὁμοδόξους
2929 4062 3022 4114 καὶ
3046 4060 3508 4130 ἐπικρατύνοντας
3536 4064 3650 4131 (73)

2065 4154 2135 4207 τὰ
2168 4152 2276 4206 τῶν
2314 4154 2652 4220 Ἑκκλησιῶν
2680 4153 3074 4223 συναγαγόντα,
3115 4154 3231 4223 μετ’
3267 4153 3445 4207 αὐτῶν
3474 4156 3653 4226 ὁρμῆ-

2069 4261 2159 4297 σαι
2207 4244 2344 4317 πρὸς
2402 4244 2494 4298 τὸν
2554 4232 2799 4316 βασιλέα.
2859 4246 3012 4315 Ἐμοὶ
3037 4244 3094 4298 δὲ
3124 4244 3264 4315 τάχα
3305 4244 3401 4314 μὲν
3427 4246 3652 4298 οὐδὲτὸ

2068 4336 2227 4408 σῶμα
2248 4339 2380 4392 αὐτὸ
2414 4338 2550 4409 πρὸς
2590 4338 2689 4407 τὴν
2724 4337 2781 4389 ἐν
2818 4334 2898 4406 τῷ
2942 4334 3170 4404 χειμῶνι
3210 4334 3521 4405 ὁδοιπορίαν
3549 4336 3652 4407 ἀρ-

2066 4430 2252 4482 κέσειο
2289 4429 2428 4493 τέως
2473 4429 2531 4481 δὲ
2582 4427 2705 4480 οὐδὲ
2749 4428 3045 4494 ἀναγκαῖον
3075 4425 3138 4478 τὸ
3179 4427 3409 4497 πρᾶγμα
3450 4426 3647 4498 ἐφάνη,

2062 4520 2203 4593 πλὴν
2235 4522 2283 4574 εί
2313 4520 2387 4591 μὴ
2419 4520 2583 4582 αὐτὸς
2605 4517 3017 4589 συμϐουλεύσῃς
3050 4516 3183 4588 (74).
3226 4518 3509 4588 Ἀναμενῶ
3539 4520 3648 4587 γὰρ

2062 4614 2159 4665 καὶ
2204 4611 2302 4683 τὴν
2351 4611 2503 4683 παρὰ
2549 4611 2649 4681 τῆς
2675 4609 2986 4673 θεοσεϐείας
3018 4625 3110 4663 σου
3141 4609 3472 4679 συμϐουλὴν,
3508 4609 3649 4663 ὥστε

2064 4704 2435 4773 κρατυνθῆναι
2484 4703 2585 4772 τὴν
2647 4700 2896 4773 γνώμην.
2954 4701 3044 4754 Διὸ
3098 4701 3403 4771 παρακαλῶ
3454 4702 3648 4755 θᾶττον

2066 4797 2199 4866 ἡμῖν
2258 4794 2349 4848 διά
2388 4811 2533 4857 τινος
2578 4792 2690 4845 τῶν
2737 4792 3047 4847 σπουδαίων
3089 4792 3338 4861 ἀδελφῶν
3365 4793 3428 4846 τὸ
3472 4811 3651 4866 παρα-

383 4892 517 4945 στάν
549 4896 618 4964 τῇ
663 4893 960 4965 τελειότητι
1000 4910 1092 4946 σου
1120 4894 1218 4946 καὶ
1255 4892 1425 4962 ἐνθέῳ
1469 4889 1680 4944 συνέσει
1715 4887 2115 4959 φανερωθῆναι.

455 5008 639 5094 'Psal.
671 5024 806 5075 cx",
840 5007 894 5063 7.
964 5007 986 5038 ’
1015 5006 1035 5060 Ι
1074 5006 1215 5062 Tim.
1253 5022 1335 5070 ιιι,
1365 5004 1419 5059 6.
1492 5004 1537 5036 ¹⁶
1566 5004 1581 5057 l
1611 5001 1740 5057 Cor.
1772 5018 1892 5066 vni,
1929 4999 2023 5055 19..

2001 5121 2046 5178 ι)
2074 5111 2241 5167 eundi
2277 5110 2693 5168 cmendavimus
2720 5113 2864 5182 quod
2904 5111 3155 5182 ιιι-ποίη,
3172 5109 3334 5182 editis
3363 5108 3649 5182 legebatur

457 5121 670 5192 '_Alias
687 5119 937 5192 CCLXII.
980 5120 1194 5192 Scripta
1230 5135 1374 5175 anno
1407 5117 1534 5192 575.

455 5190 570 5264 (69)
629 5186 1270 5264 Tipndatdmta.'l’teg.
1298 5189 1627 5264 _sec‘undus.
1665 5186 1857 5264 Paris.
1907 5195 1963 5240 et

382 5258 561 5317 Coisl.
586 5260 954 5333 secundusrﬁ
984 5258 1246 5333 ὁσιότητι.
1297 5259 1470 5316 Paulo
1500 5266 1623 5331 post
1665 5258 1828 5312 iidem
1867 5271 1964 5310 co-

383 5333 538 5402 dices
566 5330 715 5402 ὑπὲρ
744 5330 1036 5402 εὐχόμενον
1064 5330 1185 5402 τῆς.

382 5398 570 5524 ὲἼΓ(ἕο)
611 5393 722 5455 Τσῧ
742 5393 1095 5471 ἐγείροντος.
1122 5393 1300 5456 ὈοίεΙ.
1334 5400 1542 5471 primus
1574 5406 1627 5452 et
1652 5394 1832 5450 Paris.
1866 5393 1959 5447 τοῦ

450 5486 477 5523 ε
507 5485 711 5524 nemo;

450 5486 711 5534 ειραντος.

414 5484 711 5539 γειραντος.

459 5538 600 5609 (Ἠ),
638 5538 826 5609 ᾘμῶν
875 5539 1066 5609 Ἰησοῦ
1125 5537 1405 5609 Χριστοῦ.
1460 5537 1535 5590 Ita
1575 5550 1766 5609 omnes
1822 5549 1959 5609 mss.

383 5605 528 5682 ξςιίιὶ
553 5605 720 5682 ’ἡμῶν
746 5612 812 5682 τῇ
839 5605 1225 5682 τοῦΧριστοῦ.
1285 5607 1489 5664 Ibidem
1525 5609 1666 5664 male
1701 5608 1758 5661 in
1788 5605 1953 5660 editis

382 5679 629 5749 Γίνωακε
652 5679 711 5732 δὲ
744 5678 840 5749 μή.
875 5678 1097 5749 Μεείιιι
1128 5680 1184 5734 in
1203 5688 1374 5735 textu.

456 5748 572 5819 (τε)
617 5743 996 5804 Ἀκοῦἁαντα.
1025 5747 1141 5823 Ope
1169 5749 1302 5822 Reg.
1330 5745 1559 5805 secundi
1588 5753 1644 5802 et
1667 5743 1836 5802 Coisl.
1863 5757 1956 5800 se-

2070 5182 2423 5246 ἀκούσαντας.
2456 5183 2656 5237 Ibidem
2690 5179 2819 5238 editi
2844 5179 3269 5236 ἀπεσταλκέναι.
3295 5181 3469 5234 Coisl.
3497 5194 3647 5233 uter-

2065 5267 2192 5320 que.
2220 5251 2357 5321 Reg.
2391 5252 2691 5316 secundus,
2724 5253 2898 5307 Paris.
2928 5260 2983 5307 et
3018 5253 3272 5321 (.‘larom.
3295 5259 3356 5321 nt
3385 5250 3441 5303 in
3472 5258 3644 5321 textu.

2067 5319 2376 5391 Episcopus
2411 5324 2502 5389 qui
2538 5323 2651 5376 hate
2687 5322 2895 5376 Basilio
2941 5322 3187 5391 scripsit.
3227 5320 3448 5373 videtur
3478 5319 3645 5391 Mele-

2067 5387 2178 5445 tius
2204 5387 2396 5452 fuisse.
2430 5387 2595 5460 idque
2625 5393 2906 5461 colligitur
2954 5406 3019 5445 ex
3058 5387 3223 5444 initio
3250 5387 3644 5461 epistol:92l6.

2136 5462 2248 5527 (75)
2289 5460 2843 5529 Ἐπικρατύνοντὰς.
2874 5461 2948 5514 Ita
2978 5476 3113 5517 mss.
3147 5476 3241 5515 sex
3280 5475 3381 5530 pro
3411 5474 3478 5514 eo
3500 5460 3647 5529 quod

2063 5541 2183 5603 erat
2207 5533 2270 5603 in
2303 5531 2467 5603 editis
2497 5531 2952 5603 ἐπικρατοῦντας.

2135 5600 2248 5669 (74)
2271 5603 2318 5653 Σ
2325 5597 2763 5668 υμϐουλεύὰῃς.
2796 5601 2985 5669 κϐυἱειι.
3026 5608 3262 5669 uterque
3291 5606 3349 5654 et
3390 5597 3647 5669 Reg._se-

2062 5665 2289 5741 cundus
2308 5665 2755 5741 συμϐουλεύσεις.
2786 5668 2903 5725 Sub
2926 5672 3084 5727 ﬁnem
3122 5665 3253 5724 editi
3285 5671 3342 5725 ἐν
3371 5665 3514 5724 Θειῖῖ.
3534 5665 3647 5725 He-

2062 5738 2175 5797 lius
2196 5738 2657 5813 CoisL'uterque,
2690 5756 2832 5814 quos
2849 5741 3026 5815 secuti
3059 5754 3277 5796 sumus.
