3862 6220
222 327 327 384 785

745 470 832 524 ΕΠ
838 471 1091 527 ΙΣΤΟΛΗ
1129 477 1267 531 XLV.

1148 334 1643 396 EPISTOLARUM
1679 341 1970 397 CLASS!S
2012 339 2326 411 ll._EPIST.
2365 340 2594 398 CCXIV.

3380 353 3476 411 788

2357 477 2698 535 EPISTULA
2733 480 2981 537 CCXIV'.

223 578 343 657 Cum
368 574 733 657 fauimiqmici
761 583 1270 657 Tereiitium‘pampas
1290 601 1392 657 suis
1414 600 1680 657 adﬁngere
1706 596 2011 657 conarentur,
2031 603 2091 639 ac
2110 590 2303 657 litteras
2316 590 2661 657 Romaaltatas
2679 591 3063 657 circumferrem,
3085 602 3243 648 monet
3260 597 3475 651 Basilius

284 639 583 721 aegrisque:
595 639 636 721 is
648 716 664 721 Α
673 648 784 721 ξιέέέ
796 642 957 721 iisabl
967 639 1229 721 gymnasio
1251 649 1315 697 ad
1331 639 1828 721 faut'iumn‘scrtptis
1841 639 2120 721 moveatur.
2137 639 2950 721 linamenti};
2967 639 3220 721 maliti;
3226 639 3474 721 ’1ἷᾶιῖἷῦδῖ

282 698 426 782 litiget
572 700 1139 782 ldieietiijuradefendit
1151 698 1503 779 mutationem
1518 698 1587 782 de
1599 698 1871 776 Vli'y'pofstdsi.
1897 698 2082 782 aequa
2099 698 2806 779 mauuszauinégaté'u'i;
2814 698 3477 782 Es'éé'niJJieSiii,"ué'

309 768 437 822 ogar,
462 768 515 810 ut
533 762 600 810 ad
621 762 833 814 reditum
856 762 1082 818 exsulant
1102 762 1442 834 episcoporum
1465 788 1544 825 res
1563 762 1756 840 integra
1775 762 2006 824 seruetur:

654 875 936 942 Τερεντίᾳ)
976 877 1189 947 κόμητι
1230 880 1363 953 (75).

293 976 345 1030 l.
371 979 499 1032 Ὅτε
528 982 845 1055 ἠκούσαμεν
873 987 974 1057 τὴν
999 990 1308 1063 σεμνότητά
1342 1009 1435 1046 σου
1459 995 1620 1049 πάλιν
1647 997 1802 1049 ἐκδε-

222 1067 443 1123 6ιάσθαι
477 1072 613 1142 πρὸς
640 1073 741 1146 τὴν
778 1075 885 1129 τῶν
913 1078 1112 1132 κοινῶν
1134 1081 1473 1151 ἐπιμέλειαν,
1508 1084 1668 1148 εὐθὺς
1702 1085 1802 1156 μὲν

222 1156 658 1233 διεταράχθημεν
685 1167 988 1237 (εἰρήσεται
1019 1169 1127 1242 γάρ
1161 1172 1435 1244 τάληθὲς),
1465 1175 1801 1246 λογιζόμενοι

162 1254 169 1259 ’
221 1246 372 1311 ὅπως
432 1266 514 1304 σοι
561 1255 713 1324 παρά
748 1254 976 1328 γνώμην
1022 1259 1192 1322 ἐστὶν,
1225 1260 1373 1326 ἅπαξ
1408 1262 1662 1331 ἀφεθέντι
1692 1263 1802 1317 τῶν

216 1337 493 1408 δημοσίων
542 1343 863 1413 φροντίδων,
906 1347 1001 1400 καὶ
1048 1348 1374 1418 σχολάσαντι
1412 1354 1484 1422 τῇ
1518 1352 1803 1425 ἐπιμελείᾳ

215 1428 320 1497 τῆς
372 1431 569 1484 ἑαυτοῦ
616 1431 819 1506 ψυχῆς,
885 1436 1046 1490 πάλιν
1107 1439 1512 1509 ἀναγκάζεσθαι
1555 1442 1692 1513 πρὸς
1733 1442 1803 1496 τὰ

215 1519 362 1573 αὺτά
382 1522 748 1596 ὑποστρέφειν
767 1527 900 1600 (76).
932 1531 1164 1586 Ἔπειτα
1186 1535 1266 1597 εἰς
1297 1533 1507 1588 ἔννοιαν
1534 1535 1799 1599 ἐλθόντες.

214 1609 295 1673 ὡς
322 1612 406 1664 ὅτι
432 1614 574 1684 τάχα
624 1619 653 1670 ό
686 1618 914 1691 Κύριος,
960 1620 1281 1693 βουλόμενος
1309 1623 1416 1677 τῶν
1447 1626 1657 1698 μυρίων
1685 1627 1803 1680 ὀδυ-

216 1701 347 1765 νῶν,
389 1704 447 1757 αῖ
494 1706 590 1759 νῦν
645 1708 745 1773 τὰς
789 1710 909 1764 καθ’
937 1715 1085 1784 ἡμᾶς
1125 1715 1448 1787 Ἐκκλησίας
1497 1719 1800 1790 συνέχουσι,

218 1793 352 1862 μίαν
391 1794 593 1868 ταύτην
622 1801 948 1870 χαρίσασθαι
977 1807 1352 1876 παραμυθίαν,
1371 1810 1469 1881 τὴν
1491 1809 1586 1880 σὴν
1609 1810 1803 1881 σεμνο-

216 1882 487 1953 πρέπειαν
528 1887 691 1942 πάλιν
738 1890 1088 1964 ᾡκονόμησεν
1150 1897 1245 1949 ἐπὶ
1303 1897 1413 1951 τῶν
1462 1901 1802 1970 πραγμάτων

216 1977 490 2047 φανῆναιο
525 1983 619 2033 καὶ
675 1981 741 2052 δὴ
802 1986 898 2038 καὶ
947 1987 1060 2057 (77)
1098 1988 1455 2061 εὐθυμότεροι
1509 1987 1680 2062 ἦμεν,
1726 1993 1803 2057 ὡς

220 2068 512 2137 μέλλοντες
565 2073 647 2128 ἔτι
685 2075 819 2144 γοῦν
871 2077 1039 2146 ἅπαξ,
1093 2080 1224 2152 πρὶν
1266 2082 1488 2135 ἀπιέναι
1516 2083 1618 2153 τῆς
1659 2083 1803 2156 ζωῆς

214 2161 444 2235 ταύτης,
475 2169 859 2234 συντεύξεσθαι
883 2174 948 2243 τῇ
972 2172 1248 2244 τιμιότητί
1288 2190 1403 2226 σου.

288 2256 344 2310 2.
397 2257 557 2313 Ἀλλά
616 2261 777 2317 πάλιν
815 2264 963 2335 ἡμᾶς
1006 2266 1174 2337 ἑτέρα
1214 2268 1370 2338 φήμη
1406 2265 1691 2336 κατέσχεν,
1722 2265 1798 2331 ὡς

216 2348 312 2402 ἐπὶ
337 2351 437 2422 τῆς
469 2353 798 2425 Ἀντιοχείας
842 2356 1141 2426 διάγοντος,
1173 2360 1266 2412 καὶ
1287 2359 1356 2412 τὰ
1392 2361 1450 2412 ἐν
1481 2360 1638 2431 χερσὶ
1666 2359 1801 2430 πρά-

216 2457 407 2512 γματα
437 2449 559 2509 ταῖς
593 2448 861 2517 μεγάλαις
897 2452 1093 2521 ἀρχαῖς
1139 2451 1533 2514 συνδιέποντος.
1565 2451 1709 2524 Πρὸς
1743 2452 1799 2505 δὲ

216 2537 283 2604 τῇ
315 2539 476 2607 φήμῃ
522 2538 692 2610 ταύτῃ
736 2542 1036 2596 κατέλαϐεν
1089 2544 1238 2613 ἡμᾶς
1278 2544 1438 2614 ἀκοὴ,
1482 2545 1565 2598 ὅτι
1603 2544 1696 2597 καὶ
1749 2544 1799 2597 οἱ

217 2627 317 2696 τῆς
354 2630 497 2683 κατά
548 2632 812 2686 Παυλῖνον
871 2635 1171 2700 συντάξεως
1220 2634 1437 2703 ἀδελφοὶ
1463 2634 1800 2704 διαλέγονταί

216 2734 341 2772 τινα
374 2720 488 2791 (78)
517 2725 582 2793 τῇ
615 2722 867 2795 ὀρθότητί
897 2743 992 2778 σου
1030 2726 1158 2799 περὶ
1189 2726 1289 2797 τῆς
1312 2726 1445 2799 πρὸς
1477 2727 1625 2797 ἡμᾶς
1663 2725 1800 2780 ἐνώ-

219 2827 376 2874 σεωςο
406 2815 557 2883 ἡμᾶς
582 2814 638 2868 δὲ
666 2815 812 2885 λέγω
836 2818 964 2881 τοὺς
1003 2818 1100 2889 τῆς
1132 2817 1347 2889 μερίδος
1378 2817 1473 2871 τοῦ
1510 2817 1797 2889 ἀνθρώπου

217 2900 313 2953 τοῦ
345 2902 502 2965 Θεοῦ,
532 2905 815 2971 Μελετίου,
842 2906 936 2959 τοῦ
977 2908 1296 2961 ἐπισκόπου.
1323 2906 1430 2971 Οὓς
1466 2907 1560 2961 καὶ
1618 2907 1799 2978 γράμ-

221 3011 370 3065 ματα
388 2995 499 3066 (79)
526 2997 710 3051 ἀκούω
725 2998 821 3053 νῦν
849 2999 956 3054 τῶν
985 3000 1227 3054 Δυτικῶν
1258 3000 1597 3071 περιφέρειν,
1614 3002 1798 3063 αὐτοῖς

216 3088 318 3156 τὴν
341 3088 648 3161 ἐπισκοπὴν
684 3090 788 3161 τῆς
810 3091 950 3146 κατά
977 3093 1310 3164 Ἀντιόχειαν
1333 3092 1656 3162 Ἐκκλησίας
1681 3095 1799 3146 ἐπι-

215 3180 509 3248 τρέποντα,
552 3182 1026 3255 παραλογιζόμενα
1085 3186 1144 3239 δὲ
1199 3185 1291 3238 τὸν
1349 3184 1797 3256 θαυμασιώτατον

218 3273 520 3328 ἐπίσκοπον
545 3276 645 3347 τῆς
667 3276 929 3347 ἀληθινῆς
954 3277 1048 3330 τοῦ
1078 3277 1212 3331 Θεοῦ
1256 3278 1582 3343 Ἐκκλησίας
1618 3276 1796 3332 Μελέ-

214 3382 352 3419 τιον.
395 3368 509 3420 Καὶ
545 3368 607 3420 οὐ
659 3368 924 3439 θαυμάζω
953 3368 1131 3424 τοῦτο.
1166 3370 1231 3422 υἱ
1279 3370 1376 3441 μὲν
1408 3369 1516 3440 γὰρ
1545 3369 1797 3438 ἀγνοοῦσι

219 3459 501 3523 παντελῶς
524 3460 592 3513 τὰ
619 3461 856 3515 ἐνταῦθα
879 3479 894 3493 ο
933 3463 984 3515 οἱ
1015 3463 1093 3526 δὲ,
1130 3462 1226 3516 καὶ
1262 3462 1548 3526 δοκοῦντες
1577 3462 1793 3529 εἰδέναι,

218 3547 654 3620 φιλονεικότερον
709 3551 908 3622 μᾶλλον
962 3553 996 3624 ἧ
1050 3552 1414 3625 ἀληθέστερον
1477 3554 1659 3617 αὐτοῖς
1714 3553 1799 3619 ὲξ-
1826 3574 1868 3633 C

218 3636 502 3706 ηγοῦνται.
541 3639 689 3711 Πλὴν
714 3641 828 3694 ἀλλ’
868 3642 1112 3706 ἐκείνους
1154 3644 1251 3714 μὲν
1309 3643 1460 3698 οὐδὲν
1508 3644 1795 3717 ἀπεικὸςῆ

217 3728 436 3796 ἀγνοεῖν
473 3729 573 3801 τὴν
624 3730 906 3802 ἀλήθειαν,
932 3733 967 3803 ἧ
993 3736 1089 3787 καὶ
1118 3733 1563 3806 ἀποκρύπτεσθαι
1587 3734 1687 3808 τὴν
1715 3737 1800 3789 αι-

217 3820 360 3887 τίαν,
410 3821 482 3876 δι’
508 3824 575 3894 ἢν
610 3825 691 3887 εἰς
728 3826 789 3877 τὸ
813 3825 1049 3896 γράφειν
1085 3826 1334 3897 Παυλίνῳ
1363 3822 1528 3898 ἦλθεν
1556 3829 1585 3880 ὁ
1621 3844 1798 3898 μακα-

221 3910 485 3982 ριώτατος
511 3914 807 3979 ἐπίσκοπος
850 3915 1184 3980 Ἀθανάσιος.
1230 3917 1341 3988 Τὴν
1378 3916 1434 3969 δὲ
1464 3917 1561 3989 σὴν
1596 3917 1797 3971 τελειό-

217 4016 355 4074 τητα
376 4004 550 4057 αότοῦΔ
573 4004 802 4075 ἔχουσαν
852 4007 977 4070 τοὺς
1006 4007 1331 4078 δυναμένους
1357 4009 1425 4061 τὰ
1461 4007 1663 4078 μεταξὺ
1691 4007 1798 4061 τῶν

220 4095 538 4147 ἐπισκόπων
556 4095 666 4165 (80)
688 4096 956 4166 γενόμενα
986 4098 1077 4150 ἐπὶ
1093 4097 1199 4168 τῆς
1239 4097 1496 4153 Ἰοϐιανοῦ
1524 4097 1798 4169 βασιλείας

340 4249 494 4324 élias
525 4248 843 4306 CCCXLIX.
877 4254 1095 4324 Scripta
1127 4270 1274 4310 anno
1302 4257 1429 4311 575.

294 4318 422 4399 (75)⁸
448 4323 724 4399 Τερεντίῳ
757 4318 1149 4399 κόμητιηῬοει
1172 4328 1336 4399 banc
1370 4327 1672 4399 lectionem
1687 4328 1799 4399 alia

225 4394 523 4457 apponitur
553 4394 605 4445 in
645 4394 1034 4449 vetustissimis
1081 4396 1546 4452 codicibusCOisi.
1588 4396 1796 4454 ethicd.

223 4460 443 4535 Primus
465 4463 549 4535 sic
576 4461 737 4535 habet
775 4482 787 4516 :
818 4480 919 4535 fro.
951 4464 1378 4535 ΤερατὶνῳΚ’ω.
1413 4466 1663 4521 Teretina
1708 4468 1800 4520 do-

222 4530 568 4606 mino._Alt§r
601 4547 694 4606 γρ.
729 4530 1158 4606 καῖΤερεντίνῳ
1186 4530 1409 4606 κόμητι,
1440 4548 1490 4591 et
1522 4537 1799 4591 Terentina

225 4601 430 4654 comiti.
488 4600 757 4657 Comitem
791 4600 1033 4660 Orientis
1062 4600 1227 4660 vocat
1254 4600 1426 4662 codex
1480 4609 1798 4663 Claromou-

225 4680 411 4724 tantis.

295 4738 410 4811 (76)
459 4740 897 4810 Ύποστρέφειν.
928 4741 1005 4797 Ita
1040 4751 1153 4798 tres
1191 4746 1549 4802 vetustissimi
1581 4747 1800 4802 codices

225 4824 352 4867 cum
371 4813 663 4885 nonnullis
701 4815 847 4885 aliis.
872 4812 1017 4867 Edit-i
1044 4884 1049 4885 γ
1074 4816 1443 4884 ἐπιστρέφειν.
1473 4816 1642 4871 Paulo
1674 4829 1802 4885 post

225 4882 405 4956 multi
427 4884 668 4956 codices,
708 4882 809 4956 sed
827 4884 1204 4956 _recentiores.
1227 4882 1493 4956 ἐλθόντες,
1524 4888 1604 4941 ὅτι
1633 4882 1793 4956 τάχα.

300 4952 415 5024 (77)
448 4953 565 5024 Καὶ
591 4951 668 5021 δὴ
683 4953 803 5006 καί.
827 4952 1110 5009 Postrema
1128 4958 1321 5010 vocula
1347 4955 1501 5013 deest
1528 4958 1583 5012 in
1606 4951 1799 5012 codice

226 5021 467 5078 Harl.’et
500 5023 609 5076 alio
634 5025 894 5093 quodam.
1100 5092 1113 5093 γ
1494 5024 1504 5035 ⁸

301 5094 418 5164 (78)
465 5092 854 5166 Διαλέγονται
906 5110 1059 5148 τινα.
1091 5092 1254 5150 Deest
1301 5104 1580 5166 postrema
1610 5111 1713 5151 vox
1740 5097 1794 5152 in

230 5163 409 5218 tribus
436 5163 723 5217 codicibus
756 5178 864 5218 non
902 5163 1314 5220 vetustissimis.

302 5234 417 5305 (79)
454 5233 796 5305 Γράμματα.
851 5233 1082 5289 Exstant
1110 5236 1194 5289 hae
1237 5234 1453 5292 Damasi
1478 5235 1690 5299 litterae,
1740 5237 1796 5290 in

228 5301 523 5357 Paulinum
549 5301 770 5373 quidem
802 5305 1056 5359 liberales
1076 5314 1131 5359 et
1150 5307 1393 5374 prolixae,
1426 5308 1515 5360 cui
1540 5308 1607 5361 de
1639 5307 1798 5362 Vitali

228 5374 289 5445 in
326 5374 765 5445 communionem
796 5375 1109 5442 recipiendo
1138 5377 1405 5445 judicium
1429 5379 1795 5441 committunt,

228 5443 289 5514 i_n
324 5442 598 5514 Meletium
631 5452 809 5498 autem
838 5461 1026 5513 parum
1062 5442 1397 5510 honoriﬁcae,
1425 5461 1589 5514 quem
1606 5458 1799 5502 notare

230 5511 506 5587 Damasus
541 5512 773 5587 videtur,
798 5511 920 5569 cum
948 5531 1066 5578 eos,
1096 5519 1185 5587 qui
1220 5516 1284 5571 de
1321 5511 1573 5571 Ecclesiis
1601 5519 1669 5571 ad
1696 5517 1800 5571 Ec-

231 5583 426 5636 clesia:
484 5583 877 5653 migrauerunt,
924 5600 954 5639 a
1006 5583 1117 5639 sua
1153 5589 1539 5642 communione
1591 5589 1800 5643 alienos

233 5651 577 5778 Fronpntiat.
624 5651 795 5708 Paulo
840 5663 978 5735 post_
1012 5654 1170 5741 Harl.
1203 5666 1258 5711 et
1294 5656 1435 5739 bied.
1471 5663 1540 5740 et.
1564 5675 1704 5740 unus
1732 5674 1795 5713 ex

286 5739 426 5778 eatis
452 5723 548 5777 καὶ
576 5721 841 5778 θαυμάζω
888 5742 1065 5778 τουτο.
1097 5743 1287 5778 mirum
1326 5726 1379 5778 id
1411 5728 1539 5778 mihi
1575 5733 1794 5778 videtur.

286 5723 426 5793 egiis
452 5723 548 5777 καὶ
576 5721 858 5788 θαυμάζω
888 5725 1065 5795 τοῦτο,
1097 5729 1287 5782 mirum
1326 5726 1379 5780 id
1411 5727 1540 5783 mihi
1575 5731 1795 5785 videtur.

1823 891 1876 944 Δ

1829 4923 1877 4983 D

2452 883 2694 941 Terentio
2732 888 2926 942 comiti.

1980 996 2032 1051 Ι.
2072 996 2373 1069 Postquam
2427 1000 2742 1056 audivimus
2786 1002 3111 1073 gravitatem
3156 1011 3307 1059 tuam
3378 1018 3474 1061 co—

1902 1095 2078 1140 actam
2114 1087 2312 1143 iterum
2338 1087 2509 1145 fuisse
2538 1092 2905 1146 communium
2930 1107 3110 1147 rerum
3130 1108 3315 1149 curam
3354 1110 3478 1150 sus-

1901 1177 2106 1246 cipere,
2161 1178 2349 1234 statim
2421 1179 2643 1250 quidem
2691 1182 2991 1251 perturbati
3035 1196 3227 1238 sumus
3265 1183 3485 1254 (verum

1904 1268 2050 1324 enim
2082 1266 2344 1342 dicetur),
2376 1283 2499 1324 cum
2529 1271 2919 1342 cogitaremus,
2952 1288 3114 1343 quam
3149 1289 3258 1328 non
3286 1291 3354 1330 ex
3383 1285 3481 1330 tua

1887 1362 2172 1420 'sententia
2221 1361 2532 1425 accidisset,
2570 1372 2629 1417 ut
2657 1362 2815 1433 321
2849 1365 3014 1419 semel
3052 1365 3297 1434 publicis.
3328 1371 3478 1423 curis

1903 1456 2119 1511 solutus
2148 1461 2204 1510 et
2224 1454 2397 1508 otium
2424 1452 2491 1508 ad
2522 1459 2672 1508 tuam
2703 1455 2879 1525 ipsius
2907 1456 3145 1510 animam
3178 1458 3483 1513 curandam

1903 1546 2257 1617 impendens,
2319 1546 2520 1601 iterum
2582 1545 2860 1616 cogereris
2908 1545 2977 1600 ad
3025 1548 3215 1603 eadem
3277 1550 3474 1606 redire.

1902 1634 2111 1691 Deinde
2141 1636 2232 1691 ubi
2262 1634 2320 1689 in
2347 1641 2583 1689 mentem
2611 1635 2779 1697 venit,
2809 1632 2953 1690 forte
2974 1633 3263 1690 Dominum
3294 1638 3479 1693 volen-

1904 1734 2010 1780 tem
2036 1725 2340 1781 innumeris
2368 1723 2677 1789 doloribus,
2704 1724 2904 1793 quibus
2934 1739 3080 1779 nunc
3104 1725 3362 1781 Ecclesia:
3378 1743 3479 1781 no-

1903 1826 2030 1873 stra:
2082 1823 2425 1887 premuntur,
2472 1831 2643 1870 unum
2687 1814 2791 1870 hoc
2840 1815 3145 1872 concedere
3194 1819 3475 1886 solatium,

1902 1907 2200 1980 perfecisse
2240 1915 2298 1962 ut
2341 1907 2582 1977 dignitas
2623 1914 2714 1960 tua
2746 1907 2944 1962 iterum
2978 1906 3046 1962 ad
3088 1923 3180 1964 res
3210 1913 3476 1979 gerendas

1902 1997 2182 2069 prodiret;
2237 2004 2352 2051 tum
2404 2010 2539 2052 vero
2582 2005 2637 2051 et
2666 1995 2956 2053 hilariores
2994 1995 3124 2052 facti
3157 2014 3372 2064 sumus,
3417 2009 3477 2053 ut

1903 2087 2085 2143 adhuc
2110 2088 2328 2143 venturi
2359 2089 2551 2143 saltem
2582 2088 2772 2152 semel,
2804 2096 3096 2159 antequam
3123 2104 3381 2147 exeamus
3407 2105 3475 2145 ex

1829 2217 1876 2278 Β
1905 2180 2008 2235 hac
2038 2179 2173 2245 vita,
2208 2178 2263 2233 in
2297 2180 2628 2250 praestantiae
2655 2187 2759 2234 tuae
2785 2193 3163 2251 congressum.

1977 2270 2033 2326 2.
2073 2269 2144 2323 At
2170 2285 2367 2325 rursus
2402 2285 2594 2324 rumor
2629 2270 2769 2325 alius
2811 2269 2879 2325 ad
2905 2285 3008 2327 nos
3042 2273 3309 2342 pervenit,
3354 2289 3477 2329 ver-

1905 2364 2016 2419 sari
2044 2371 2098 2418 te
2124 2361 2451 2424 Antiochiae,
2480 2371 2534 2417 et
2563 2378 2685 2432 quae
2724 2363 2781 2417 in
2809 2363 3066 2418 manibus
3096 2372 3225 2420 sunt
3257 2364 3475 2435 negotia

1906 2467 2031 2507 cum
2104 2452 2336 2507 summis
2393 2451 2754 2521 potestatibus
2809 2450 3215 2508 administrare.
3271 2451 3476 2509 Praeter

1906 2543 2052 2597 hunc
2104 2558 2379 2598 rumorem
2419 2541 2555 2597 illud
2597 2542 2762 2598 etiam
2806 2543 3142 2613 accepimus,
3193 2551 3404 2600 stantes
3443 2559 3476 2598 a

1903 2632 2134 2687 Paulino
2165 2632 2364 2687 fratres
2406 2633 2669 2687 nonnulla
2705 2640 2885 2686 tecum
2934 2634 3206 2689 disserere
3234 2632 3303 2688 de
3342 2648 3478 2688 con-

1900 2724 2186 2794 junctione
2230 2723 2516 2779 nobiscum
2563 2723 2825 2789 ineunda,
2878 2723 2933 2778 id
2975 2733 3080 2789 est,
3126 2738 3249 2779 cum
3286 2724 3355 2779 iis
3380 2727 3476 2795 qui

1904 2823 2032 2870 sunt
2064 2831 2127 2870 ex
2154 2824 2309 2885 parte
2333 2815 2573 2870 hominis
2615 2814 2730 2880 Dei,
2767 2815 2990 2881 Meletii,
3026 2816 3293 2887 episcopi.
3323 2815 3476 2883 Quos

1901 2906 2066 2960 etiam
2113 2914 2168 2959 et
2212 2905 2425 2961 litteras
2477 2904 2640 2959 audio
2698 2921 2844 2960 nunc
2887 2904 3319 2962 Occidentalium
3366 2907 3477 2961 cir-

1903 2998 2195 3057 cumferre.
2246 3012 2369 3067 quae
2410 2998 2786 3067 episcOpatnm
2838 2999 3096 3054 Ecclesiae
3123 2998 3477 3054 Antiocheam

1904 3088 2041 3159 ipsis
2062 3087 2391 3150 attribuunt,
2415 3086 2690 3143 Meletinm
2723 3098 2904 3144 autem
2933 3091 3169 3145 maxime
3200 3089 3477 3144 admiran-

1903 3180 2032 3234 dum
2061 3194 2203 3234 verte
2231 3180 2324 3235 Dei
2353 3179 2613 3236 Ecclesia.
2636 3182 2954 3251 episcopum
2986 3182 3343 3237 frustrantur.
3380 3181 3477 3236 Ne-

1902 3285 2011 3342 que
2050 3272 2154 3326 hoc
2182 3272 2377 3327 miror.
2410 3272 2491 3326 llli
2523 3273 2669 3328 enim
2703 3288 2791 3328 res
2820 3282 3044 3329 nostras
3066 3276 3293 3330 omnino
3322 3275 3476 3345 igno-

1902 3371 2057 3431 rant;
2091 3363 2183 3418 isti
2211 3371 2416 3429 autem,
2450 3364 2554 3420 etsi
2587 3364 2845 3419 videntur
2879 3365 3039 3430 scire,
3083 3367 3320 3435 partium
3362 3382 3475 3419 ma-

1901 3457 1986 3525 gis
2030 3468 2193 3524 quam
2227 3453 2477 3510 veritatis
2518 3454 2706 3510 studio
2750 3455 2885 3526 ipsis
2923 3464 3171 3510 narrant.
3205 3456 3472 3511 Caeterum

1902 3544 2200 3600 verisimile
2223 3554 2308 3600 est
2340 3561 2435 3602 eos
2457 3554 2551 3600 aut
2577 3546 2857 3602 veritatem
2889 3548 3161 3618 ignorare,
3192 3550 3473 3603 autetiam
3540 3580 3541 3583 η

1899 3657 2122 3697 causam
2153 3641 2452 3703 occultare,
2484 3653 2586 3693 cur
2614 3638 2886 3694 adductus
2918 3638 3083 3692 fuerit
3122 3637 3473 3693 beatissimus

1898 3733 2192 3802 episcopus
2237 3730 2596 3793 Athanasius,
2655 3737 2716 3783 ut
2757 3727 2990 3782 Paulino
3034 3728 3316 3783 scriberet.
3366 3727 3472 3783 Sed

1898 3839 2025 3877 cum
2066 3822 2141 3877 ibi
2173 3822 2373 3876 habeat
2408 3820 2723 3891 praestantia
2750 3827 2866 3883 tua,
2899 3818 2990 3888 qui
3039 3834 3127 3874 res
3171 3818 3476 3888 imperante

1897 3912 2127 3970 Joviano
2154 3913 2300 3968 inter
2328 3911 2617 3982 episcopos
2640 3919 2822 3982 gestas
2847 3909 3041 3965 sedulo
3059 3925 3318 3966 enarrare
3347 3926 3475 3981 pos.

1899 4006 2031 4069 sint,
2066 4021 2198 4076 rogo
2230 4015 2288 4060 ut
2312 4006 2383 4060 ab
2414 4004 2546 4074 ipsis
2575 4001 2881 4057 edocearis.
2925 3999 3314 4055 Verumtamen
3344 4002 3489 4070 quia-

1900 4113 2232 4156 accusamus
2261 4097 2558 4161 neminem,
2601 4094 2712 4148 imo
2745 4108 2875 4164 erga
2922 4106 3114 4149 omnes
3149 4092 3473 4147 charitatem

1970 4252 2084 4324 (80)
2136 4249 2214 4324 Τὰ
2249 4248 2479 4324 μεταξρ
2502 4264 2644 4324 ,πων
2681 4248 3048 4324 επέᾳκόπῳν.
3078 4245 3167 4324 _ld_
3194 4253 3300 4309 est,
3334 4247 3476 4303 inter

1898 4314 2267 4379 Athanasium
2312 4329 2366 4374 et
2417 4318 2711 4373 Meletium.
2747 4314 2890 4369 Nam
2953 4317 3287 4387 beatissimus
3337 4333 3477 4387 papa

1899 4392 2250 4453 Athanasius,
2306 4389 2485 4459 inquit
2544 4387 2780 4459 Basilius
2830 4388 2883 4441 in
2944 4388 3105 4459 epist.
3157 4386 3476 4459 258,7'cum

1898 4462 2290 4518 Alexandriam
2306 4456 2619 4520 ademisset,
2638 4457 2851 4511 omnino
2867 4457 3106 4524 optabat,
3140 4466 3199 4509 ut
3228 4456 3330 4510 sibi
3356 4473 3476 4510 cum

1899 4551 1960 4588 eo
2004 4532 2265 4602 (Meletio)
2313 4528 2615 4602 communia
2657 4531 3052 4602 conciliaretur.
3261 4528 3476 4580 malitia

1898 4596 2331 4664 consiliariorum
2368 4603 2425 4653 iu
2466 4598 2615 4651 aliud
2647 4608 2848 4665 tempus
2886 4598 3060 4649 dilata
3088 4596 3303 4650 illorum
3331 4613 3477 4650 com-

1902 4676 2083 4727 munio
2111 4687 2130 4724 :
2158 4670 2295 4740 quod
2328 4672 2535 4723 utinam
2564 4684 2667 4740 non
2699 4669 2947 4740 evenisset
2968 4666 3014 4740 .'_
3036 4666 3151 4720 Hoc
3191 4668 3474 4720 Athanasii

1901 4759 2026 4796 cum
2062 4737 2278 4795 Meli-tio
2309 4738 2751 4793 communicandi
2780 4737 3116 4790 desiderium
3154 4746 3476 4806 argumento

1901 4821 2042 4878 erat,
2087 4811 2220 4881 quid
2253 4811 2321 4864 de
2369 4808 2591 4869 Meletii,
2631 4808 2761 4877 quid
2781 4808 2867 4881 _de
2901 4807 3115 4881 Paulini
3154 4812 3477 4881 episcopatu

1904 4877 2153 4939 sentiret.
2199 4882 2304 4935 Sed
2349 4887 2529 4932 tamen
2577 4892 2701 4931 cum
2743 4877 2865 4945 ejus
2897 4877 3129 4930 consilia
3168 4878 3236 4929 ad
3269 4879 3475 4931 exitum

1940 4953 2170 5008 erducta
2202 4966 2307 5003 non
2344 4950 2596 5012 fuissent,
2624 4949 2841 5000 interim
2874 4946 3051 5000 oblata
3081 4945 3314 5000 Paulino
3353 4948 3477 5001 lidei

1925 5023 2157 5085 ortnula,
2187 5023 2274 5074 cui
2305 5019 2595 5073 Paulinum
2629 5018 2895 5086 purgandi
2928 5017 3012 5070 sui
3042 5030 3207 5072 causa
3233 5018 3480 5072 subscri-

1902 5096 2078 5164 psisse
2101 5101 2291 5164 narrat
2320 5089 2874 5164 Epiphaninsliatres.
2904 5102 3184 5164 i._nvu,_n_.
3208 5087 3300 5152 20,
3326 5103 3480 5164 coni-

1904 5156 2203 5218 inunicavit
2226 5156 2439 5214 cumet}
2461 5158 2784 5217 Antiochiae.
2815 5165 2868 5211 et
2892 5156 3276 5211 Alexandriam
3306 5160 3477 5211 redux

1902 5234 1968 5287 ad
1999 5249 2122 5285 eum
2156 5230 2393 5299 scripsit.
2435 5227 2723 5282 Existimat
2755 5228 3142 5299 Tillemontius
3171 5238 3303 5282 tom.
3340 5224 3475 5286 νηί.

1904 5320 1958 5373 p.
1986 5303 2113 5364 221,
2139 5297 2843 5373 Athanasium,autequani
2867 5297 3475 5373 Antiochiamnvenirct.

1905 5367 2107 5428 auditis
2140 5387 2262 5442 qua:
2290 5371 2357 5423 de
2396 5367 2608 5442 Paulini
2642 5367 2744 5422 [ide
2775 5382 2966 5436 parum
3002 5367 3301 5442 honoriﬁce
3331 5368 3479 5421 dice-

1904 5446 2129 5505 bantur,
2156 5437 2223 5495 ad
2253 5455 2378 5494 eum
2410 5437 2723 5507 scripsisse.
2767 5442 2836 5490 At
2865 5452 2972 5506 qua
3005 5437 3073 5491 de
3108 5452 3166 5492 re
3195 5439 3479 5507 scripserit

1903 5513 2240 5567 Athanasius
2271 5510 2337 5565 ad
2368 5508 2679 5572 Paulinum,
2722 5509 2889 5564 statui
2934 5524 3048 5577 non
3085 5514 3265 5577 potest
3298 5526 3311 5562 :
3341 5508 3481 5577 scri-

1906 5586 2085 5655 psisse
2123 5591 2305 5637 autem
2347 5586 2635 5655 postquam
2684 5577 2975 5655 Antiochia
3018 5575 3299 5655 discessit,
3338 5576 3478 5655 inde

1905 5648 2257 5725 perspicitur,
2287 5648 2431 5723 quod
2461 5648 2695 5725 Basilius
2721 5650 2831 5725 bis,
2859 5661 2982 5725 qum
3002 5649 3307 5725 Antiochia:
3336 5648 3479 5725 inter

1907 5718 2196 5799 episcopos
2243 5718 2407 5796 'gésta
2472 5718 2705 5788 fuerant,
2766 5718 3065 5776 adductum
3127 5722 3297 5775 fuisse
3348 5721 3482 5773 dicit
