3862 6220
391 339 491 396 787

1701 345 1772 399 8..
1806 343 2051 401 BASILH
2085 334 2300 398 MAGNI

3533 342 3641 397 ’383

384 430 588 510 παῦσαι
614 455 884 525 cupimus,
916 464 971 511 et
1012 458 1250 514 maxime
1278 474 1405 531 erga
1440 459 1776 515 domesticos
1812 460 1957 524 ﬁdei,

2075 458 2307 531 Ξκριϐῶς
2334 456 2717 529 διηγήσασθαι,
2739 454 3162 527 παρακαλοῦμεν
3187 456 3277 507 ὐπ’
3299 453 3476 507 αὐτῶν
3500 452 3644 523 πλη-

386 545 723 616 gratulamur
750 547 818 602 iis
849 549 940 618 qui
966 548 1179 605 litteras
1201 548 1371 605 Roma
1402 560 1752 622 acceperunt.
1778 552 1959 620 Atque

386 635 605 691 etiamsi
634 637 784 706 quod
834 638 1200 694 honoriﬁcum
1241 649 1296 696 et
1341 656 1597 713 maguum
1631 641 1810 696 ferant
1851 642 1961 696 illis

386 728 787 794 testimonium,
819 741 1073 802 optamus
1104 748 1292 788 verum
1333 733 1470 788 illud
1510 749 1655 796 esse,
1695 745 1749 790 et
1782 734 1964 803 operi-

386 820 490 875 bus
539 821 674 892 ipsis
720 823 1126 877 conﬁrmatum.
1171 822 1289 878 Non
1336 825 1545 880 idcirco
1590 836 1768 879 tamen
1827 825 1960 878 mihi

388 910 505 979 ipse
548 928 786 982 unquam
832 914 1160 983 pers‘uadere
1193 915 1419 984 possim,
1459 922 1519 968 ut
1554 923 1649 968 aut
1683 914 1959 969 Meletium

386 1002 653 1072 ignorem,
704 1014 800 1057 aut
834 1004 1089 1060 Ecclesiae
1136 1007 1225 1060 cui
1261 1014 1453 1076 praeest
1498 1005 1817 1070 obliviscar,
1870 1014 1964 1059 aut

386 1094 741 1163 quiestiones,
796 1096 863 1151 de
920 1098 1121 1168 quibus
1168 1100 1237 1152 ab
1288 1098 1444 1153 initio
1481 1104 1610 1152 nata
1659 1097 1958 1161 dissensio,

385 1185 557 1239 exiles
588 1195 794 1256 putem,
827 1196 881 1242 et
912 1191 1064 1259 parvi
1104 1188 1171 1243 ad
1211 1189 1429 1259 pietatis
1458 1190 1799 1260 propositum
1839 1205 1960 1244 mo-

387 1278 575 1332 menti.
610 1277 724 1350 Ego
762 1282 910 1335 enim
943 1297 1051 1335 non
1103 1282 1304 1341 solum,
1347 1282 1392 1336 si
1422 1282 1549 1351 quis
1579 1283 1648 1335 ob
1680 1285 1961 1352 acceptam

387 1364 458 1417 ab
477 1365 788 1423 hominibus
814 1370 1097 1439 epistolam
1136 1368 1415 1433 eﬁeratur,
1448 1385 1556 1425 non
1586 1370 1793 1425 idcirco
1823 1371 1961 1425 abs-

386 1454 530 1507 trahi
584 1472 669 1511 me
697 1473 939 1528 unquam
969 1467 1023 1515 ct
1046 1460 1277 1516 subduci
1309 1461 1487 1532 patiar
1521 1481 1534 1515 :
1566 1461 1662 1517 scd
1692 1477 1887 1532 neque,
1912 1462 1961 1517 si

384 1560 449 1598 ex
484 1546 620 1616 ipsis
656 1551 822 1604 missa
854 1550 925 1605 sit
955 1551 1131 1615 cmlis,
1166 1567 1270 1607 nec
1299 1565 1489 1606 sanam
1523 1553 1619 1607 ille
1641 1551 1962 1622 proﬁteatur

384 1637 511 1693 ﬁdei
545 1640 874 1708 doctrinam,
918 1658 1140 1714 possum
1171 1647 1323 1700 illum
1356 1655 1675 1702 sanctorum
1715 1660 1962 1703 commu-

385 1731 567 1789 nionis
588 1736 911 1807 participem
942 1738 1280 1793 existimare.

2064 551 2427 624 ροφορηθῆναι
2461 550 2592 620 (81).
2617 549 2763 621 Πλὴν
2790 548 2903 602 ἀλλ’
2934 547 3120 618 ἐπειδὴ
3148 547 3361 609 οὐδενὸς
3401 562 3642 614 κατηγο-

2062 642 2283 713 ροῦμεν,
2314 640 2425 712 (82)
2450 640 2588 711 πρὸς
2612 640 2818 704 πάντας
2835 640 2893 693 δὲ
2918 639 3061 709 ἔχειν
3084 635 3352 708 εὐχόμεθα
3378 636 3477 707 τὴν
3498 634 3640 702 ἀγά-

2060 749 2190 804 πην,
2212 732 2305 785 καὶ
2331 732 2565 804 μάλιστα
2577 731 2713 804 πρὸς
2725 732 2851 795 τοὺς
2866 731 3100 794 οἰκείους
3118 730 3218 800 τῆς
3231 729 3480 792 πίττεως,
3500 744 3638 797 συγ·-

2060 824 2323 895 χαίρομεν
2367 826 2478 887 τοῖς
2527 824 2915 895 κομισαμένοις
2942 820 3029 876 ’τὰ
3068 823 3176 875 ἀπὸ
3204 820 3423 893 Ῥώμης
3451 821 3639 891 γράμ-
3714 848 3729 867 ο

2065 932 2227 985 ματα.
2292 914 2409 968 Κᾶν
2459 931 2579 967 τινα
2629 917 2831 986 σεμνὴν
2895 913 2990 967 καὶ
3029 912 3271 984 μεγάλην
3316 911 3411 983 ἔχῃ
3452 911 3641 971 αὐτοῖς

2069 1006 2396 1076 μαρτυρίαν,
2450 1003 2722 1075 εὐχόμεθα
2768 1002 2945 1074 άληθῆ
2997 998 3138 1057 εῖναι
3187 1000 3412 1069 ταύτην,
3448 1002 3543 1054 καὶ
3566 1000 3639 1052 δι’

2062 1096 2243 1150 αὐτῶν
2292 1097 2404 1163 (85)
2446 1096 2557 1149 τῶν
2610 1096 2788 1169 ἔργων
2846 1094 3260 1166 βεϐαιουμένην.
3313 1094 3386 1147 Οὐ
3453 1093 3639 1164 μέντοι

2062 1188 2252 1242 τούτου
2306 1205 2371 1256 γε
2432 1187 2622 1241 ἕνεκεν
2658 1187 2935 1259 δυνάμεθά
2972 1203 3100 1241 ποτε
3136 1178 3364 1249 ἑαυτοὺς
3393 1184 3640 1254 πεῖσαιῆ

2060 1276 2320 1334 Meles-iw
2353 1280 2638 1351 ἀγνοῆσαι,
2664 1279 2816 1350 ἢτῆς
2844 1279 2934 1332 ὐπ’
2967 1278 3131 1332 αὐτὸν
3170 1275 3494 1347 Ἐκκλησίας
3513 1275 3640 1327 ἐπι-

2060 1370 2340 1434 λαθέσθαι,
2373 1369 2406 1440 ἢ
2434 1368 2503 1422 τὰ
2530 1369 2838 1439 ζητήματα,
2874 1368 3015 1438 ὑπὲρ
3050 1361 3125 1421 ὧν
3165 1366 3223 1433 ἐξ
3250 1364 3423 1437 ἀρχῆς
3457 1367 3491 1437 ἠ
3523 1363 3642 1417 διά-

2064 1474 2253 1525 στασις
2297 1459 2513 1530 γέγονε,
2561 1459 2734 1531 μικρὰ
2764 1458 3097 1530 ἡγήσασθαι,
3146 1458 3241 1512 κα)⁸
3270 1457 3457 1529 ὀλίγην
3494 1457 3641 1527 ἔχειν

2060 1551 2322 1624 διαφορὰν
2380 1552 2600 1621 νομίσαι
2649 1552 2786 1623 πρὸς
2815 1552 2908 1606 τὸν
2948 1551 3048 1623 τῆς
3091 1549 3373 1613 εὐσεϐείας
3411 1550 3637 1603 σκοπόν.

2074 1643 2215 1713 Ἐγὼ
2278 1644 2405 1717 γὰρ,
2440 1646 2537 1715 οὐχ
2590 1646 2738 1709 ὅπως
2786 1647 2835 1698 εί
2888 1645 3174 1715 ἐπιστολήν
3213 1656 3299 1707 τις
3336 1641 3644 1713 ἀνθρώπων

2062 1736 2373 1807 δεξάμενος,
2401 1738 2485 1790 ἐπ’
2507 1737 2644 1808 αὐτῇ
2678 1736 2820 1808 μέγα
2839 1739 3046 1807 φρονεῖ,
3074 1734 3263 1789 τούτου
3294 1735 3476 1789 ἕνεκεν
3507 1734 3645 1786 ὐπο-

387 1827 647 1899 σταλῆναί
686 1848 814 1885 ποτε
842 1833 1233 1905 καταδέξομαι·
1276 1834 1394 1887 ἀλλ’
1431 1833 1540 1887 οὐδ’
1579 1832 1644 1887 ἂν
1677 1833 1735 1899 ἐξ
1774 1833 1958 1888 αὐτῶν
1991 1834 2103 1907 ἥκῃ
2130 1833 2237 1887 τῶν
2261 1831 2529 1904 οὐρανῶν,
2562 1831 2638 1904 μὴ
2702 1833 2886 1903 στοιχῇ
2920 1830 2977 1886 δὲ
3034 1830 3113 1904 τῷ
3154 1832 3447 1901 ὑγιαίνοντι
3494 1832 3644 1906 λόγῳ

383 1916 484 1986 τῆς
508 1918 763 1991 πίστεως,
789 1924 1023 1995 δύναμαι
1051 1926 1213 1979 αὐτὸν
1233 1926 1488 1980 κοινωνὸν
1519 1925 1827 1998 ἡγήσασθαι
1851 1926 1959 1980 τῶν
1996 1926 2189 1995 ἁγίων.

454 2039 508 2091 5.
539 2037 701 2109 322
731 2024 871 2097 Illud
898 2042 1045 2097 enim
1076 2044 1288 2112 cogita,
1321 2043 1405 2097 vir
1432 2043 1790 2109 admirando,
1818 2044 1963 2098 veri-
1995 2053 2036 2107 ι]

385 2129 514 2184 tatis
550 2140 905 2202 corruptores
929 2172 945 2197 ,
976 2133 1070 2203 qui
1102 2133 1366 2189 Arianum
1410 2136 1650 2190 schisma
1679 2136 1735 2189 in
1767 2149 1960 2190 sanam

383 2229 599 2291 patrum
623 2206 891 2278 inducunt
920 2223 1103 2289 ﬁdem,
1134 2226 1339 2280 nullam
1369 2227 1531 2281 aliam
1561 2226 1809 2296 prolerre
1832 2240 1964 2281 cau-

384 2320 501 2360 sam
521 2348 536 2375 ,
570 2323 671 2364 cur
696 2311 847 2381 piutn
875 2320 1091 2382 patrum
1120 2314 1316 2384 dogma
1348 2331 1459 2370 non
1487 2317 1790 2386 recipiant,
1822 2332 1962 2386 pra:-

385 2406 470 2452 ter
508 2401 999 2459 consubstantialis
1026 2407 1329 2472 notionem,
1368 2422 1532 2477 quam
1564 2424 1729 2477 prave
1774 2407 1878 2479 ipsi
1906 2416 1962 2463 et

384 2490 453 2544 ad
482 2491 604 2547 ﬁdei
631 2493 801 2550 totius
830 2495 1162 2550 calumniam
1192 2505 1474 2567 exponunt
1493 2540 1509 2566 ,
1540 2502 1671 2555 dum
1701 2498 1898 2555 Filium
1932 2516 1963 2555 a

383 2583 546 2638 nobis
582 2583 839 2640 dictitant
880 2588 1184 2643 secundum
1224 2589 1563 2659 bypostasim
1595 2592 1959 2648 consubstan-

384 2674 570 2729 tialem
603 2678 934 2732 asseverari.
971 2677 1070 2733 His
1097 2678 1144 2735 si
1177 2695 1342 2751 quam
1371 2682 1719 2737 occasionem
1746 2680 1965 2739 dederi-

384 2781 533 2832 mus,
564 2767 696 2823 dum
727 2768 798 2825 ab
825 2770 895 2825 iis
925 2770 1254 2841 abripimur,
1284 2771 1381 2842 qui
1409 2772 1765 2842 simplicitate
1788 2772 1963 2843 magis

386 2873 550 2929 quam
584 2859 795 2914 malitia
824 2860 939 2917 haec
960 2870 1056 2917 aut
1082 2861 1172 2918 his
1210 2862 1414 2919 similia
1438 2864 1664 2928 dicunt,
1691 2865 1827 2919 nihil
1861 2865 1964 2919 im-

386 2950 537 3020 pedit
566 2952 865 3021 quominus
893 2953 1280 3012 ineluctabiles
1309 2956 1365 3011 in
1397 2972 1499 3013 nos
1528 2972 1691 3012 ausas
1722 2958 1964 3027 prebea-

386 3057 547 3109 mus,
591 3057 892 3114 eorumque
934 3047 1258 3103 roboremus
1286 3048 1569 3116 haeresim,
1612 3050 1814 3118 quibus
1846 3049 1964 3105 haec

386 3147 495 3186 una
519 3134 841 3190 exercitatio
866 3146 970 3203 est,
993 3138 1123 3193 dum
1146 3139 1201 3193 in
1233 3139 1480 3196 Ecclesia
1506 3140 1830 3210 loquuntur,
1853 3158 1962 3196 non

388 3242 487 3283 sua
508 3229 775 3295 stabilire,
799 3231 894 3287 sed
918 3243 1111 3289 nostra
1129 3236 1475 3290 calumniari.
1496 3235 1758 3303 Qua-nam
1780 3246 1964 3294 autem

386 3320 491 3376 hac
538 3322 812 3378 calumnia
859 3326 1079 3395 gravior
1125 3342 1248 3382 esse
1293 3328 1492 3397 possit.
1535 3336 1590 3384 et
1637 3328 1706 3383 ad
1759 3332 1964 3384 multos

2135 2044 2188 2097 5.
2236 2041 2595 2114 Ἐνθυμήθητι
2626 2042 2757 2114 γάρ,
2796 2059 2841 2095 ω
2868 2039 3158 2110 θαυμάσιε,
3196 2041 3277 2094 ὅτι
3311 2040 3362 2093 οί
3388 2057 3644 2113 παραχα-

2063 2134 2261 2206 ράκται
2303 2133 2405 2203 τῆς
2451 2132 2731 2204 ἀληθείας,
2789 2134 2839 2185 oi
2878 2132 2940 2185 τὸ
2991 2131 3264 2204 Ἀρειανὸν
3324 2130 3529 2202 σχίσμα
3570 2133 3641 2203 τῇ

2060 2223 2204 2291 ὑγιεῖ
2234 2221 2342 2275 τῶν
2372 2222 2621 2293 πατέρων
2643 2222 3103 2291 ἐπεισαγαγόντες
3130 2221 3241 2293 (84)
3265 2220 3465 2287 πίστει,
3490 2221 3645 2274 οὐδε-

2064 2315 2192 2385 μίαν
2254 2313 2421 2384 ἄλλην
2476 2314 2655 2369 αἰτίαν
2716 2314 3113 2386 προϐάλλονται
3177 2315 3272 2369 τοῦ
3327 2315 3402 2385 μὴ
3461 2332 3642 2388 παρα-

2060 2403 2307 2474 δέχεσθαι
2334 2403 2394 2457 τὸ
2428 2404 2648 2467 εὐσεϐὲς
2673 2404 2781 2458 τῶν
2802 2405 3054 2476 πατέρων
3094 2404 3293 2475 δόγμα,
3327 2405 3361 2476 ἢ
3400 2404 3500 2476 τὴν
3544 2404 3640 2458 τοῦ

2059 2497 2345 2566 όμοουσίου
2362 2496 2621 2561 διάνοιαν,
2648 2496 2715 2567 ἣν
2741 2496 2897 2550 αὐτοὶ
2918 2495 3171 2567 πονηρῶς
3191 2497 3285 2549 καὶ
3310 2496 3401 2549 ἐπὶ
3418 2494 3641 2566 διαϐολῇ

2061 2588 2163 2658 τῆς
2202 2588 2332 2658 ὅλης
2382 2587 2494 2660 (85)
2547 2588 2783 2652 πίστεως
2833 2585 3191 2659 ἐξηγοῦνται,
3234 2588 3490 2656 λέγοντες
3548 2586 3643 2640 τὸν

2063 2680 2192 2734 Υἰὺν
2227 2680 2371 2734 κατὰ
2399 2680 2500 2753 τὴν
2551 2680 2851 2733 ὑπόστασιν
2890 2678 3172 2750 όμοούσιον
3217 2678 3470 2749 λέγεσθαι
3508 2677 3645 2750 παρ’

2050 2774 2243 2847 ἡμῶν.
2280 2768 2376 2837 Οἷς
2415 2774 2513 2827 ἐάν
2542 2790 2666 2826 τινα
2714 2772 2894 2844 δῶμεν
2925 2772 3200 2844 ἀφορμὴν,
3245 2773 3309 2825 ὲκ
3354 2769 3451 2824 τοῦ
3492 2787 3647 2842 περι-

2064 2866 2326 2938 φέρεσθαι
2367 2867 2479 2929 τοῖς
2521 2865 2588 2918 δι’
2627 2864 2906 2936 ἁπλότητα
2960 2862 3245 2935 μάλλον,ῆ
3297 2862 3387 2917 διὰ
3442 2862 3646 2917 κακίαν

2060 2956 2236 3010 ταῦτα
2280 2956 2314 3025 ἢ
2363 2955 2433 3009 τὰ
2479 2954 2693 3018 τούτοις
2741 2955 3098 3027 παραπλήσια
3151 2954 3434 3023 λέγουσιν,
3489 2953 3649 3008 οὐδὲν

2064 3048 2263 3104 κωλύει
2283 3052 2379 3103 κα),
2405 3049 2552 3119 ἡμᾶς
2579 3048 3006 3119 ἀναπιρρήτους
3030 3047 3129 3118 μὲν
3156 3046 3336 3100 δοῦναι
3359 3046 3482 3099 καθ’
3517 3048 3647 3099 ἐαυ-

2064 3142 2172 3196 τῶν
2202 3141 2303 3205 τὰς
2332 3140 2524 3203 λαϐὰς,
2574 3138 2800 3211 ἰσχυρὰν
2851 3138 2910 3192 δὲ
2956 3139 3187 3202 ἐκείνοις
3233 3139 3647 3191 κατασκευάσαι

2064 3234 2162 3305 τὴν
2190 3235 2425 3305 αἵρεσιν,
2458 3227 2540 3296 οἷς
2575 3233 2675 3303 μία
2710 3230 2910 3303 μελέτη
2952 3231 3120 3295 ἐστὶν,
3179 3231 3373 3293 ἐντοῖς
3408 3231 3504 3282 ἐπὶ
3546 3230 3647 3300 τῆς

2080 3326 2407 3397 Ἐκκλησίας
2436 3325 2685 3393 λόγοιςού
2704 3316 2771 3378 τὰ
2798 3323 3005 3377 ἑαυτῶν
3032 3321 3483 3386 κατασκευάζειν,
3508 3321 3648 3376 ἀλλὰ

386 3415 812 3471 commovendos
840 3417 1039 3486 aptior,
1065 3434 1226 3489 quam
1260 3421 1306 3477 si
1336 3424 1430 3491 qui
1463 3437 1530 3476 ex
1554 3422 1715 3478 nobis
1743 3423 1965 3478 videan-

2075 3420 2137 3474 τὰ
2162 3419 2406 3491 ἡμέτερα
2429 3417 2753 3471 διαϐάλλειν.
2789 3417 2885 3481 Τίς
2909 3416 2953 3469 δ’
2983 3414 3049 3469 ἂν
3078 3416 3289 3484 γένοιτο
3329 3417 3429 3485 τῆς
3462 3413 3644 3470 διαϐο-

387 3511 479 3556 tur
515 3501 697 3561 Patris
738 3514 794 3560 ct
826 3505 949 3563 Filii
981 3516 1036 3563 et
1065 3507 1305 3579 Spiritus
1353 3513 1534 3568 sancti
1583 3529 1746 3567 unam
1794 3514 1966 3585 hypo-

386 3595 582 3650 stasim
629 3596 835 3663 dicere,
886 3599 1004 3669 qui,
1053 3602 1273 3656 etiamsi
1327 3604 1553 3658 omnino
1603 3619 1965 3674 personarum

388 3687 748 3744 diﬁ‘erentiam
780 3699 968 3760 aperte
991 3692 1255 3748 doceant:
1281 3696 1408 3764 quia
1435 3703 1618 3752 tamen
1648 3695 1754 3752 hoc
1786 3696 1964 3767 ipsum

388 3781 543 3850 prius
575 3795 898 3852 usurpatum
930 3794 1017 3840 est
1044 3801 1075 3839 a
1108 3787 1368 3853 Sabellio,
1412 3804 1582 3843 unum
1611 3788 1835 3859 quidem
1867 3790 1966 3860 hy-

388 3873 597 3939 postasi
626 3870 795 3927 Deum
824 3888 948 3930 esse
972 3875 1212 3941 dicente,
1246 3877 1341 3933 sed
1377 3877 1480 3933 sub
1516 3877 1751 3934 diversis
1773 3894 1965 3949 perso—

389 3964 480 4018 nis
506 3978 537 4018 a
565 3963 852 4036 Scriptura
876 3970 1279 4039 repraesentari,
1305 3985 1404 4041 pro
1428 3972 1648 4042 prapria
1670 3986 1967 4027 occurren-

392 4056 463 4111 tis
496 4056 731 4113 subinde
755 4074 889 4115 usus
916 4060 1128 4115 ratione
1152 4079 1167 4128 ;
1197 4076 1261 4116 ac
1281 4078 1430 4117 nunc
1454 4064 1676 4133 quidem
1709 4071 1966 4133 paternas

390 4147 544 4202 illum
582 4149 687 4203 sibi
728 4151 1151 4206 accommodare
1172 4167 1355 4217 voces,
1377 4168 1501 4207 cum
1529 4154 1696 4223 hujus
1717 4169 1968 4223 persona:

391 4240 548 4295 adest
582 4241 841 4298 occasio:
884 4258 1033 4297 nunc
1066 4258 1198 4298 vero
1224 4258 1319 4301 eas
1361 4260 1485 4315 quae
1522 4244 1720 4300 Filium
1751 4246 1964 4310 decent,

391 4347 517 4386 cum
551 4332 617 4387 ad
659 4333 834 4387 nostri
875 4334 1282 4403 suscipiendam
1329 4349 1553 4400 curam,
1584 4344 1678 4389 aut
1729 4339 1795 4389 ad
1833 4337 1969 4392 alias

391 4424 658 4495 quasdam
682 4427 1057 4481 (economicas
1088 4427 1442 4497 Operationes
1470 4427 1753 4483 descendit
1778 4447 1792 4482 :
1821 4443 1970 4483 nunc

392 4516 615 4571 tandem
671 4515 912 4587 Spiritus
958 4518 1185 4574 induere
1214 4534 1506 4589 personam
1530 4558 1547 4583 ,
1593 4535 1718 4574 cum
1755 4527 1969 4589 tempus

391 4609 655 4682 proprias,
680 4609 845 4680 hujus
868 4624 1117 4679 persona:
1141 4626 1305 4666 voces
1328 4612 1613 4681 exposcit;
1643 4612 1688 4665 si
1719 4613 1811 4681 qui
1839 4627 1970 4682 ergo

389 4700 558 4755 etiam
589 4701 735 4771 apud
763 4716 864 4756 nos
896 4717 1067 4756 unum
1095 4702 1341 4772 subjecto
1360 4702 1581 4759 Patrem
1605 4711 1660 4758 et
1689 4701 1889 4758 Filium
1915 4712 1970 4758 et

393 4792 660 4861 Spiritum
684 4802 938 4847 sanctum
964 4792 1151 4848 dicere
1172 4793 1679 4864 deprehendantur.
1703 4804 1816 4849 tres
1839 4810 1970 4849 vero

392 4900 657 4955 personas
680 4885 953 4957 perfectas
977 4886 1260 4941 conﬁteri:
1288 4887 1562 4957 quomodo
1586 4903 1692 4941 non
1720 4898 1967 4957 apertum

394 5095 779 5156 Athanasium,
832 5101 893 5148 ut
938 5094 1205 5151 scriberet
1245 5093 1494 5151 Paulino.
1542 5094 1815 5151 Praeterea
1856 5110 1967 5150 non

395 5166 643 5230 dubium,
693 5165 824 5234 quin
881 5164 997 5235 haec
1042 5165 1273 5233 epistola
1320 5164 1608 5220 Paulinum
1652 5166 1968 5235 episcopum

398 5235 721 5306 salutaverit
753 5253 766 5289 :
801 5234 1004 5306 alioqui
1054 5235 1189 5288 nihil
1238 5236 1288 5289 ei
1336 5235 1654 5306 profuisset.
1684 5236 1754 5289 At
1789 5234 1971 5290 causa:

396 5301 611 5359 Paulini
639 5301 977 5359 Athanasius
1003 5315 1193 5374 aperte
1219 5301 1523 5369 non'lavit,
1549 5314 1841 5374 antequam
1877 5321 1971 5360 ve-

400 5374 951 5445 nfiretpAntiochiam.
1002 5372 1156 5429 Tunc
1206 5376 1351 5429 enim
1401 5372 1723 5445 propensior
1753 5387 1873 5430 erat
1914 5377 1970 5429 in

400 5443 697 5514 Meletium,
731 5458 795 5514 ac
838 5445 1050 5497 omnino
1088 5445 1322 5514 optabat,
1357 5454 1413 5498 ut
1454 5443 1557 5500 sibi
1585 5462 1703 5500 cum
1735 5462 1794 5500 eo
1823 5461 1968 5500 com-

402 5513 581 5567 munio
620 5513 1015 5568 conciliaretur.

475 5582 587 5652 (81)
621 5583 1179 5652 Πληροερορηθῆναι.
1205 5584 1296 5639 Sic
1320 5584 1676 5642 vetustissimi
1701 5590 1812 5641 tres
1837 5600 1969 5644 mss.

403 5661 455 5705 et
484 5651 577 5725 alii
605 5651 735 5725 duo.
770 5652 907 5725 Editi
939 5651 1272 5725 διδαχθῆναι.

476 5720 585 5790 (89.)
622 5719 751 5776 Vide
780 5722 1060 5779 Addenda.

2066 3512 2165 3583 λῆς
2188 3510 2388 3580 ταύτης
2420 3507 2799 3580 χαλεπωτέρα,
2841 3508 2937 3562 καὶ
2973 3507 3174 3578 μᾶλλον
3218 3507 3493 3578 δυναμένη
3520 3508 3647 3571 τοὺς

2068 3604 2295 3666 πολλοὺς
2336 3601 2707 3665 διασαλεῦσαι,
2760 3600 2793 3671 ἢ
2829 3602 2879 3654 εἰ
2915 3600 3025 3672 (86)
3068 3599 3365 3671 φανείησάν
3406 3617 3556 3663 τινες
3586 3600 3647 3666 ἐξ

2067 3696 2225 3767 ἡμῶν
2259 3693 2474 3765 Πατρὸς
2521 3693 2616 3745 καὶ
2653 3690 2784 3744 Υίοῦ
2833 3691 2929 3743 καὶ
2970 3690 3127 3759 ἁγίου
3162 3689 3482 3761 Πνεύματος
3520 3689 3648 3761 μία)

2068 3788 2366 3840 ὑπόστασιν
2393 3784 2663 3853 λέγοντες,
2701 3782 2772 3847 οἳ,
2809 3781 2912 3835 κᾶν
2945 3782 3086 3836 πάνυ
3108 3780 3169 3834 τὸ
3199 3780 3309 3833 τῶν
3337 3780 3648 3852 προσώπων

2065 3880 2321 3951 διάφορον
2347 3876 2595 3948 ἐναργῶς
2623 3873 3046 3946 δογματίζωσιν,
3078 3873 3193 3926 ἀλλ’
3234 3869 3328 3926 οὖν
3369 3872 3448 3943 τῷ
3493 3873 3647 3939 napi

2066 3970 2158 4023 τοῦ
2185 3968 2472 4023 Σαϐελλίου
2499 3965 2860 4040 προειλῆφθαι
2886 3965 2949 4018 τὸ
2984 3963 3117 4018 αὐτὸ
3158 3962 3317 4017 τοῦτο
3359 3963 3610 4034 λέγοντος
3631 3979 3647 3993 ο

2067 4062 2165 4116 ἕνα
2221 4062 2319 4132 μὲν
2366 4057 2507 4114 εἶναι
2549 4061 2616 4131 τῇ
2658 4058 2959 4114 ὑποστάσει
3001 4057 3094 4112 τὸν
3136 4055 3269 4109 Θεὸν
3296 4096 3311 4119 ,
3361 4073 3651 4126 προσωπο-

2069 4152 2336 4206 ποιείσοαι
2377 4151 2436 4203 δὲ
2484 4150 2589 4203 ὑπὸ
2626 4146 2726 4221 τῆς
2768 4148 2991 4221 Γραφῆς
3038 4146 3345 4217 διαφόρως,
3396 4146 3539 4199 κατὰ
3585 4147 3652 4199 τὶ

2073 4245 2268 4314 ἰδίωμα
2299 4244 2397 4314 τῆς
2424 4241 2796 4313 ὑποκειμένης
2839 4241 3100 4295 ἑκάστοτε
3152 4242 3370 4313 χρείας·
3417 4241 3513 4293 κα).
3551 4242 3651 4293 νῦν

2072 4335 2171 4404 μὲν
2215 4335 2314 4397 τὰς
2355 4333 2628 4405 πατρικὰς
2685 4331 2865 4402 ἑαυτῷ
2925 4331 3257 4403 περιτιθέναι
3291 4333 3495 4400 φωνὰς,
3522 4333 3651 4384 ὅταν

2068 4426 2260 4480 τούτου
2304 4425 2494 4496 καιρὸς
2625 4423 2721 4477 τοῦ
2777 4423 3105 4494 προσώπουο
3148 4423 3243 4497 νύν
3288 4421 3345 4475 δὲ
3388 4423 3488 4487 τὰς

2072 4518 2411 4591 πρεπούσας,
2458 4496 2586 4571 ὅταν
2613 4518 2752 4589 πρὸς
2799 4517 2898 4589 τὴν
2944 4496 3217 4589 ἡμετέραν
3255 4517 3575 4587 ἐπιμέλειαν
3616 4518 3649 4590 ἦ

2073 4613 2207 4681 πρὸς
2238 4610 2402 4673 ἄλλας
2431 4609 2585 4673 τινὰς
2621 4610 2972 4680 οἰκονομικὰς
3029 4611 3311 4681 ἐνεργείας
3360 4612 3650 4683 ὑποδαενιγ

2072 4702 2168 4755 νῦν
2188 4702 2243 4756 δὲ
2258 4701 2320 4754 τὸ
2343 4700 2437 4753 τοῦ
2467 4700 2785 4771 Πνεύματος
2812 4701 3139 4755 ὑποδύεσθαι
3157 4706 3500 4773 προσωπεῖον
3517 4703 3651 4774 (87),

2075 4798 2203 4849 ὅταν
2231 4796 2260 4846 ὁ
2286 4794 2477 4864 καιρὸς
2506 4793 2605 4858 τὰς
2645 4793 2754 4846 ἀπὸ
2799 4790 2893 4845 τοῦ
2924 4792 3167 4847 τοιούτου
3208 4794 3505 4863 προσώπου
3543 4814 3654 4865 φω-

2077 4885 2174 4949 νὰς
2206 4888 2441 4957 ἀπαιτῇ·
2469 4886 2564 4939 ἐὰν
2602 4882 2696 4940 οὖν
2728 4888 2824 4941 καὶ
2844 4889 2974 4958 παρ’
3004 4888 3138 4958 ἡμῖν
3168 4886 3381 4956 φανῶσί
3422 4902 3567 4953 τινες
3596 4888 3652 4941 ἓν

2146 5095 2259 5165 (83)
2291 5095 2401 5148 Kal
2437 5095 2510 5147 δι’
2552 5095 2772 5149 αὐτῶν.
2809 5095 3139 5163 Conjunctio
3177 5093 3459 5165 additae:
3498 5098 3655 5165 quin-

2075 5160 2182 5234 que
2228 5160 2389 5229 mss.,
2421 5181 2654 5234 quorum
2705 5173 2817 5220 tres
2863 5160 3244 5221 vetustissimi.
3276 5160 3486 5218 Ibidem
3516 5160 3655 5221 non-

2077 5236 2379 5305 nullirmss.
2405 5234 2694 5305 ἀληθεύειν
2726 5234 2908 5305 αὐτὴν
2926 5236 2993 5287 δι’
3027 5236 3229 5290 αὐτῶν.

2147 5304 2257 5375 (84)
2299 5304 2859 5376 Ἐπεισέαγαγρντες.
2890 5304 2973 5376 ita
3017 5313 3135 5376 tres
3159 5306 3525 5362 vetustissimi
3562 5322 3653 5362 cn-

2078 5373 2230 5429 diCes
2260 5388 2385 5427 cum
2415 5391 2525 5429 uno
2553 5373 2621 5444 ex
2655 5374 2859 5444 Regiis.
2888 5373 3028 5429 Editi
3055 5377 3460 5442 ἐπεισάγοντες.

2151 5444 2263 5514 (85)
2297 5445 2501 5513 Ὄλης.
2552 5443 2715 5500 Deest
2747 5443 2815 5499 in
2861 5446 3104 5515 quinque
3139 5461 3297 5509 mss.,
3319 5462 3431 5499 non
3476 5454 3654 5500 tamen

2080 5516 2488 5570 vetustissimis.

2151 5583 2262 5653 (86)
2300 5587 2369 5639 Ἠ
2394 5588 2467 5639 εὶ.
2496 5584 2679 5637 Prima
2713 5585 2907 5653 vocula
2933 5584 3116 5637 addita
3145 5600 3209 5639 ex
3247 5593 3455 5653 septem
3482 5600 3617 5638 mss.

2152 5654 2266 5725 (87)
2292 5654 2696 5724 Hpccrwnsior.
2721 5652 2967 5719 Quatuor
2987 5670 3120 5710 mss.
3145 5652 3481 5711 recentiores
3499 5659 3659 5726 ripis-

2081 5740 2226 5777 ωπον
2233 5763 2247 5778 ο
