3862 6220
219 291 328 345 789

1151 293 1646 352 EPiSTOLARUM
1686 295 1976 352 CLASSIS
2015 295 2078 352 II.
2122 297 2340 354 EPIST.
2380 299 2586 356 CCXV.

3385 299 3490 356 790

211 409 292 478 τῳ
317 409 664 480 ὑποκειμένῳ
695 410 918 479 Πατέρα
941 411 1035 463 καὶ
1063 411 1192 465 Υἱὺν
1241 413 1331 465 καὶ
1377 413 1530 482 ἆγιον
1579 415 1803 484 Πνεῦμα

1912 425 1956 472 et
2019 417 2395 486 insuperabile
2439 417 2775 478 videbuntur
2823 417 3020 476 afferre
3068 429 3488 491 argumentum,

211 499 490 567 λέγοντες,
540 503 666 573 τρία
711 503 768 555 δὲ
802 503 1074 573 πρόσωπα
1115 505 1296 559 τέλεια
1333 507 1443 576 (88)
1475 509 1800 576 ὁμολογοῦν-

1915 525 2015 564 cur
2051 525 2178 564 vera
2211 510 2324 566 sint
2357 525 2478 578 quae
2507 509 2574 564 de
2605 509 2762 566 nobis
2790 510 3084 566 dicuntur?

213 612 327 658 τες·
368 596 483 660 πῶς
518 599 640 668 οὐχὶ
671 600 816 670 σαιρῆ
875 601 970 652 καὶ
1023 601 1412 674 ἀναντίρρητον
1457 603 1668 672 δόξουσι
1739 604 2072 678 παρέχεσθαι
2116 603 2212 676 τὴν
2245 603 2516 670 ἀπόδειξιν
2555 604 2648 668 τοῦ
2720 605 2892 676 ἀληθῆ
2929 601 3074 660 εἶναι
3118 605 3186 660 τὰ
3225 605 3524 676 λεγόμενα

215 685 348 756 περὶ
385 687 574 758 quibit;

287 780 342 832 4.
385 780 520 850 Περὶ
542 779 598 832 δὲ
625 779 750 846 τοῦ,
775 781 856 833 ὅτι
891 781 1186 846 ὑπόστασις
1211 785 1304 836 καὶ
1337 785 1498 838 οὐσία
1527 787 1587 838 οὐ
1615 786 1808 840 ταυτόν

221 875 364 938 ἐστι,
399 875 490 928 καὶ
521 875 697 938 αὐτοὶ,
747 877 822 940 ὼς
873 878 1099 948 νομίζω,
1141 880 1572 952 ὑπεσημήναντο
1607 883 1654 935 oi
1701 882 1809 938 ἀπὸ

231 967 333 1036 τῆς
370 965 582 1031 Δύσεως
614 968 852 1038 ἀδελφοὶ,
905 971 970 1022 ὲν-
995 965 1077 1034 οἷς
1122 971 1188 1028 τὸ,
1219 973 1401 1024 στενὸν
1456 975 1554 1042 τῆς
1603 973 1810 1027 ἑαυτῶν

231 1058 481 1130 γλώττης
505 1060 868 1132 ὑφορώμενοι,
895 1063 955 1118 τὸ
981 1063 1081 1134 τῆς
1102 1065 1287 1127 οὐσίας
1309 1065 1478 1136 ὗνομα
1502 1068 1566 1137 τῇ
1600 1065 1809 1120 Ἑλλάδι

237 1154 388 1222 φωνῇ
418 1151 895 1222 παραδεδώκασιν·
943 1155 1058 1220 ἵνα,
1089 1157 1141 1209 ετ
1181 1173 1264 1218 τις
1294 1155 1378 1228 εἴη
1431 1157 1662 1227 διαφορά
1709 1156 1809 1226 τῆς

229 1239 460 1306 ἐννοίας,
495 1240 721 1305 σῴζοιτο
745 1243 888 1314 αὑτὴ
917 1244 975 1296 ἐν
1013 1247 1080 1316 τῇ
1113 1245 1352 1315 εὐκρινεῖ
1393 1245 1488 1298 καὶ
1517 1244 1809 1316 ἁσυγχύτῳ

216 1330 498 1386 διαστάσει
545 1334 656 1387 τῶν
701 1335 1002 1416 ὀνομάτων.
1057 1338 1120 1390 Εἰ
1171 1337 1228 1390 δὲ
1282 1336 1363 1390 δεῖ
1407 1338 1503 1391 καὶ
1551 1339 1698 1409 ἡμᾶς
1747 1337 1808 1392 τὸ

217 1423 412 1476 δοκοῦν
442 1427 574 1496 ἡμῖν
611 1429 668 1482 ὲν
701 1427 894 1498 βραχεί
919 1429 1112 1490 εἰπεῖν.
1147 1432 1325 1484 έκεῖνο
1352 1430 1478 1503 ὲροῦ
1487 1448 1607 1501 μεν,
1631 1431 1712 1484 ὅτι
1740 1430 1799 1486 ὃν

219 1513 333 1584 ἔχει
365 1515 522 1584 λόγον
550 1518 612 1574 τὸ
644 1520 820 1572 κοινὸν
861 1521 998 1594 πρὸς
1030 1521 1089 1574 τὸ
1134 1521 1286 1586 ἴδιον,
1333 1523 1518 1576 τοῦτον
1549 1521 1659 1594 (89)
1689 1521 1800 1592 ἔχει

219 1607 256 1676 ἡ
295 1607 452 1660 οὐσία
478 1609 612 1680 πρὸς
640 1609 740 1680 τὴν
760 1611 1074 1668 ὑπόστασιν.
1101 1612 1370 1676 Ἕκαστος
1397 1612 1505 1684 γὰρ
1523 1616 1556 1685 ἡ
1567 1613 1680 1682 μῶν
1709 1614 1800 1666 καίι

1985 783 2037 836 ι.
2080 781 2242 847 Quod
2269 789 2452 836 autem
2487 781 2806 854 hypostasis
2845 790 2898 837 et
2929 786 3168 838 essentia
3206 784 3345 840 idem
3381 803 3489 842 non

1914 883 2064 938 sunt,
2105 874 2158 928 id
2205 881 2258 928 et
2309 875 2437 946 ipsi,
2481 883 2544 928 ut
2577 884 2728 944 puto,
2763 874 3188 930 subindicarunt
3217 875 3489 932 Occiden-

1913 964 2058 1018 tales
2095 963 2294 1018 fratres
2315 1005 2329 1026 ,
2360 963 2488 1018 dum
2523 963 2722 1034 lingua:
2752 980 2863 1018 sua:
2890 965 3173 1034 angustias
3195 967 3486 1030 subveriti,

1912 1055 2165 1110 essentiae
2197 1070 2394 1110 nomen
2439 1055 2624 1126 lingua
2667 1053 2855 1110 Grteca
2902 1055 3282 1125 tradiderunt;
3317 1065 3376 1112 ut
3412 1069 3484 1126 et,

1913 1145 1958 1200 si
1983 1159 2092 1214 qua
2121 1153 2269 1199 esset
2300 1147 2586 1200 sententia:
2609 1145 3000 1216 discrepantia,
3031 1147 3122 1200 illa
3157 1147 3274 1218 ipsa
3304 1163 3488 1204 serva-

1913 1244 2065 1290 retur
2093 1237 2157 1290 .in
2188 1238 2336 1292 clara
2371 1243 2424 1290 et
2465 1238 2694 1300 minime
2725 1235 2960 1302 confusa
2991 1239 3274 1306 nominum
3307 1240 3490 1296 diver-

1913 1327 2094 1381 sitate.
2142 1326 2296 1392 Quod
2333 1328 2378 1382 si
2413 1332 2468 1381 et
2505 1327 2636 1380 mihi
2673 1327 2804 1398 quid
2837 1330 3072 1382 sentiam
3114 1331 3354 1388 breviter
3404 1334 3488 1388 di-

1911 1417 2146 1472 cendum
2168 1457 2182 1481 ,
2216 1418 2351 1472 illud
2380 1417 2556 1472 dicam
2581 1459 2594 1484 ,
2630 1434 2751 1488 qua:
2779 1421 2919 1474 ratio
2945 1428 3028 1476 est
3059 1423 3336 1476 communi
3363 1439 3487 1478 cum

1907 1524 1974 1564 eo
2005 1509 2151 1580 quod
2186 1509 2488 1580 proprium,
2519 1513 2766 1566 eamdem
2801 1527 2923 1567 esse
2954 1513 3208 1568 essentia:
3240 1529 3362 1568 cum
3391 1516 3487 1588 hy-

1907 1601 2132 1670 postasi.
2165 1599 2301 1658 Nam
2327 1600 2706 1671 unusquisque
2737 1609 2990 1658 nostrum
3023 1613 3077 1658 et
3113 1619 3212 1674 per
3241 1619 3487 1660 commu-

217 1698 298 1769 τῷ
321 1700 484 1770 κοινῷ
516 1701 612 1770 τῆς
641 1701 826 1767 οὐσίας
849 1703 992 1774 λόγῳ
1016 1703 1110 1758 τοῦ
1138 1698 1276 1758 εἶναι
1313 1705 1546 1776 μετέχει,
1567 1705 1660 1762 καὶ
1689 1707 1802 1768 τοῖς

1912 1705 2028 1746 nem
2055 1691 2307 1746 essentiaa
2337 1691 2603 1745 rationem
2634 1706 2759 1746 esse
2791 1691 3102 1762 participat.
3143 1701 3198 1746 et
3230 1707 3326 1762 per
3349 1708 3479 1746 suas

219 1791 351 1861 περὶ
373 1791 536 1845 αὐτὸν
571 1792 859 1864 ἱδιὼμασιν
890 1796 918 1846 ό
942 1794 1092 1848 δεῖνά
1105 1798 1220 1849 ἐστι
1262 1797 1354 1849 καὶ
1386 1799 1414 1850 ό
1438 1797 1608 1850 δεῖνα.
1654 1795 1810 1848 Οὕτω

221 1884 384 1936 κάκεῖ
405 1886 432 1936 ό
459 1885 557 1954 μὲν
591 1886 689 1956 τῆς
721 1885 908 1949 οὐσίας
927 1886 1086 1962 λόγος
1107 1881 1434 1952 κοινός-ὀἷον
1453 1891 1486 1958 ἡ
1517 1887 1814 1962 άγαθότης,

219 1978 253 2047 ἡ
288 1976 482 2050 Θεότης
512 1979 703 2051 (90),ἣ
734 1981 856 2033 εἴτι
884 1980 1010 2034 ἄλλο
1043 1984 1244 2034 νοοῖτο·
1280 1981 1393 2052 ἡδὲ
1425 1982 1719 2044 ὑπόστασις
1751 1983 1808 2033 ὲν

221 2070 301 2141 τῷ
335 2071 586 2142 ἰδιώματι
619 2075 722 2142 τῆς
749 2074 1111 2145 πατρότητος,
1140 2073 1172 2144 ἦ
1208 2075 1306 2144 τῆς
1337 2075 1602 2146 νεότητος,
1638 2074 1670 2144 ἢ
1709 2074 1808 2143 τῆς

221 2165 546 2234 ἁγιαστικῆς
575 2165 860 2244 δυνάμεως
899 2166 1210 2240 θεωρεῖται.
1233 2167 1297 2220 Et
1330 2165 1430 2236 μὲν
1475 2161 1568 2218 οῦν
1608 2165 1808 2219 ἀνυπό-

220 2275 390 2311 στατα
433 2258 650 2326 λέγουσι
701 2259 774 2312 τὰ
825 2259 1114 2329 πρόσωπα,
1168 2259 1394 2312 αὐτόθεν
1439 2259 1551 2329 ἔχει
1590 2262 1618 2312 ὁ
1650 2259 1807 2326 λόγος

217 2351 316 2424 τὴν
359 2352 590 2405 ἀτοπίαν
616 2369 628 2384 ·
685 2354 734 2405 εί
783 2352 840 2405 δὲ
885 2353 943 2405 ἐν
978 2351 1274 2405 ὑποστάσει
1322 2349 1459 2405 εἶναι
1510 2352 1654 2406 αὐτά
1682 2351 1809 2424 ἀλης

221 2445 338 2515 θινῇ
369 2443 743 2515 συγχωροῦσιν
776 2443 910 2514 (91),
934 2445 962 2497 ὃ
984 2443 1328 2514 ὁμολογοῦσι,
1347 2445 1440 2498 καὶ
1474 2442 1806 2514 ἀριθμείτω-

228 2553 346 2598 σαν,
381 2537 468 2589 ἵνα
519 2536 614 2589 καὶ
657 2534 802 2590 ότοῦ
841 2537 1126 2608 ὀμοουσίου
1171 2536 1330 2604 λόγος
1376 2535 1716 2608 διαφυλαχθῇ
1747 2539 1804 2590 ἐν

229 2630 304 2698 τῇ
327 2625 540 2696 ἑνότητι
569 2628 669 2697 τῆς
712 2626 984 2697 θεότητος,
1031 2626 1126 2680 καὶ
1171 2627 1205 2696 ἡ
1247 2627 1346 2696 τῆς
1378 2611 1658 2690 εὐσεϐείας
1684 2626 1804 2680 ἐπί-

227 2735 446 2788 γνωσις,
483 2718 696 2788 Πατρός
725 2717 821 2772 καὶ
861 2716 991 2771 Υίοῦ
1022 2719 1118 2772 καὶ
1152 2717 1309 2786 ἁγίου
1363 2717 1701 2789 Πνεύματος,
1747 2721 1804 2771 ὲν

225 2815 292 2884 τῇ
337 2811 721 2883 ἀπηρτισμένη
762 2812 860 2868 καὶ,
900 2809 1136 2864 ὁλοτελεῖ
1184 2809 1414 2863 ἑκάστου
1463 2809 1572 2863 τῶν
1612 2810 1806 2882 ὀνομα-

219 2904 463 2976 ζομένων
531 2904 824 2958 ὑποστάσει
901 2901 1266 2974 κηρόσσηται.
1339 2901 1531 2972 Ὅμως
1586 2901 1696 2971 (92)
1748 2901 1804 2954 δὲ

217 2999 394 3049 ἐκεῖνο
430 2997 690 3067 βούλομαι
748 2995 1040 3048 πεπεῖσθαι
1070 2995 1170 3068 τὴν
1215 2993 1526 3065 σεμνότητά
1560 3011 1676 3056 σου,
1715 2994 1802 3045 δτι

217 3089 310 3142 καὶ
333 3089 394 3142 σὲ
425 3089 519 3141 καὶ
543 3087 717 3140 πάντα
743 3087 834 3140 τὸν
872 3085 1270 3157 παραπλησίως
1305 3101 1387 3137 σοι
1409 3085 1510 3155 τῆς
1537 3083 1796 3155 ἀληθείας

217 3177 594 3251 φροντίζοντα,
620 3180 715 3232 καὶ
749 3181 875 3244 τοὺς
901 3180 1041 3250 ὑπὲρ
1079 3178 1176 3249 τῆς
1217 3177 1502 3240 εὐσεϐείας
1535 3173 1798 3245 ἀγωνιζο-

217 3271 411 3342 μένους
441 3273 514 3344 μὴ
540 3269 893 3342 ἀτιμάζοντα,
930 3271 1222 3342 ἀναμένειν
1257 3270 1339 3324 δεῖ
1380 3267 1799 3338 καθηγήσασθαι

215 3365 313 3434 τῆς
339 3365 635 3434 συναφείας
662 3365 863 3436 ταύτης
892 3365 987 3418 καὶ
1013 3365 1112 3435 τῆς
1151 3363 1377 3435 εἰρήνης
1405 3363 1533 3423 τοὺς
1565 3360 1802 3432 προστά-

215 3474 312 3522 τας
337 3457 448 3510 τῶν
495 3458 852 3529 Ἐκκλησιῶν,
886 3457 978 3522 οὓς
1006 3455 1117 3525 ἐγὼ
1151 3455 1373 3516 στύλους
1401 3455 1494 3508 καὶ
1525 3453 1805 3524 ἑδραίωμα

216 3549 313 3618 τῆς
363 3547 623 3618 ἀληθείας
679 3549 774 3602 καὶ
829 3547 929 3617 τῆς
1000 3545 1328 3617 Ἐκκλησίας
1391 3543 1644 3614 τίθεμαι,
1712 3541 1806 3594 καὶ
1858 3575 1865 3588 ι

216 3641 458 3710 τοσούτῳ
493 3641 655 3694 πλέον
685 3641 879 3704 αὐτοὺς
907 3637 1181 3707 αἰδοῦμαι,
1215 3637 1324 3706 ὅσῳ
1367 3634 1432 3688 ἂν
1466 3633 1806 3705 μακρότερον

217 3732 612 3797 ἐξοικισθῶσιν,
643 3733 766 3786 ἀντὶ
811 3722 1084 3802 τιμωρ³ίας
1117 3730 1302 3792 αὐτοῖς
1342 3727 1680 3797 ἐπαγομένου
1711 3723 1804 3778 τοῦ

217 3821 521 3892 χωρισμοῦ.
581 3820 894 3892 Παρακαλῶ
945 3815 1058 3882 οῦν,
1109 3818 1344 3887 φύλαξον
1390 3819 1524 3886 ἡμῖν
1578 3813 1804 3868 σεαυτὸν

1911 1782 2278 1851 proprietates
2305 1782 2396 1837 ille
2424 1791 2477 1836 et
2505 1782 2594 1836 ille
2616 1782 2848 1837 exsistit.
2877 1780 2952 1836 ita
2979 1791 3032 1837 et
3063 1783 3172 1838 illic
3205 1785 3344 1838 ratio
3366 1786 3488 1854 qui-

1909 1875 2030 1934 dem
2065 1874 2319 1932 essentize
2352 1876 2662 1930 communis
2685 1914 2702 1938 ,
2743 1875 2898 1930 velut
2927 1875 3168 1938 bonitas,
3203 1877 3486 1940 divinitas,

1910 1976 1999 2020 aut
2031 1967 2074 2020 si
2097 1967 2228 2036 quid
2263 1966 2408 2020 aliud
2437 1966 2746 2036 cogitatur:
2783 1966 3098 2038 hypostasis
3126 1985 3254 2024 vero
3281 1970 3336 2023 in
3364 1985 3492 2039 pro-

1909 2061 2142 2130 prietate
2199 2060 2551 2129 paternitatis
2577 2102 2592 2126 ,
2630 2068 2723 2114 aut
2753 2059 3068 2124 tiliationis,
3105 2073 3200 2116 aut
3231 2064 3490 2134 potentiae

1906 2152 2304 2208 sanctiﬁcantis
2340 2151 2695 2224 perspicitur.
2744 2153 2802 2208 Si
2837 2168 2970 2224 ergo
2997 2169 3264 2224 personas
3297 2157 3489 2210 dicunt

1907 2262 2016 2300 non
2052 2244 2359 2300 subsistere
2385 2287 2399 2311 ,
2433 2263 2530 2318 per
2560 2261 2620 2302 se
2667 2246 2906 2302 absurda
2934 2247 3050 2301 haec
3082 2247 3330 2302 doctrina
3357 2267 3369 2302 :
3400 2249 3488 2303 sin

1905 2335 2218 2394 concedunt
2249 2335 2372 2391 illas
2399 2351 2520 2392 esse
2547 2337 2610 2391 in-
2633 2352 2758 2392 vera
2788 2336 3098 2408 hypostasi,
3133 2339 3282 2408 quod
3313 2339 3488 2394 faten-

1906 2435 2026 2484 tur.
2059 2429 2162 2481 hoc
2207 2428 2370 2482 etiam
2413 2439 2747 2492 numerent,
2783 2436 2844 2483 ut
2893 2436 2948 2484 et
2999 2432 3486 2487 consubstantialis

1907 2517 2046 2571 ratio
2062 2525 2310 2573 servetur
2333 2517 2386 2570 in
2408 2519 2618 2574 unitate
2645 2517 2971 2584 divinitatis,
2991 2525 3045 2572 et
3069 2519 3289 2588 pietatis
3317 2520 3484 2590 323

1903 2610 2176 2680 cognitio,
2206 2609 2384 2664 Patris
2414 2617 2466 2664 et
2503 2609 2626 2664 Filii
2670 2619 2723 2665 et
2759 2608 2998 2679 Spiritus
3025 2611 3234 2674 sancti,
3277 2613 3329 2666 in
3363 2629 3488 2682 per-

1909 2701 2049 2756 fecta
2074 2709 2128 2756 et
2155 2702 2365 2773 integra
2389 2703 2825 2774 uniuscujusque
2849 2720 3060 2770 eorum,
3085 2705 3177 2775 qui
3203 2689 3483 2758 nominau-

1907 2803 2017 2858 tur,
2050 2795 2330 2866 hypostasi
2367 2795 2714 2867 praedicetur.
2757 2795 2894 2852 Illud
2943 2807 3125 2852 tamen
3161 2805 3270 2851 tuae
3298 2796 3481 2867 digni-

1913 2887 2010 2940 tati
2046 2901 2372 2956 persuasum
2403 2889 2548 2952 volo,
2577 2897 2631 2944 et
2662 2895 2716 2944 te
2745 2896 2800 2944 et
2825 2890 3076 2961 quisquis
3103 2890 3266 2945 smiili
3291 2891 3490 2943 verita-

1903 2981 1976 3033 tis
2008 2995 2140 3034 cura
2175 2981 2457 3052 tangitur,
2496 2997 2598 3035 nec
2639 2997 2736 3038 eos
2767 2982 3074 3038 contemnit
3113 2983 3204 3052 qui
3240 2998 3339 3053 pro
3370 2985 3486 3053 pie-

1905 3079 2013 3125 tate
2043 3071 2346 3136 decertant,
2379 3082 2704 3144 exspectare
2737 3075 2958 3141 debere,
2999 3076 3129 3130 dum
3172 3075 3342 3131 duces
3379 3077 3489 3130 sint

1905 3168 1958 3213 ct
1991 3169 2245 3217 auctores
2295 3161 2460 3232 hujus
2493 3165 2906 3233 coniunctionis
2953 3180 3018 3220 ac
3067 3168 3216 3236 pacis
3247 3167 3489 3238 prmfecti

1907 3253 2306 3318 Ecclesiarum,
2335 3271 2476 3325 quos
2518 3272 2620 3326 ego
2650 3258 2937 3316 columnas
2981 3274 3046 3312 ac
3089 3257 3488 3314 ﬁrmamentum

1907 3345 2160 3399 veritatis
2191 3351 2245 3400 et
2279 3343 2540 3401 Ecclesia:
2572 3362 2696 3402 esse
2729 3363 2892 3416 pono,
2930 3355 2983 3402 et
3020 3362 3086 3401 eo
3129 3349 3301 3418 magis
3338 3364 3488 3402 reve-

1919 3453 2067 3501 reor,
2099 3453 2209 3506 quo
2234 3437 2452 3507 longius
2481 3440 2714 3510 ablegati
2750 3447 2898 3504 sunt,
2936 3439 3142 3494 inﬂicto
3169 3441 3276 3496 illis
3294 3441 3491 3496 exsilio

1907 3533 1961 3585 in
1990 3547 2164 3601 poena:
2184 3532 2333 3584 loco.
2364 3530 2516 3601 Rogo
2542 3532 2748 3601 itaque,
2774 3546 2934 3586 serva
2968 3541 3020 3590 te
3057 3533 3216 3587 nobis
3251 3534 3320 3587 ab
3347 3534 3490 3587 anti-

1907 3624 2086 3693 cipata
2114 3622 2373 3691 opinione
2405 3623 2661 3686 liberum,
2689 3633 2746 3677 ut
2769 3624 2820 3678 in
2855 3632 2907 3678 te
2931 3625 3283 3694 acquiescere
3307 3626 3490 3679 valea-

1909 3731 2054 3778 mus,
2087 3729 2248 3784 quem
2285 3716 2339 3768 in
2375 3716 2633 3771 omnibus
2671 3717 2927 3770 baculum
2961 3716 3121 3771 nobis
3157 3727 3210 3772 et
3252 3716 3488 3774 fulcrum

1910 3806 2053 3861 Deus
2084 3807 2315 3876 largitus
2344 3817 2448 3861 cst.

217 3915 564 3986 ἀπρόληπτον
583 3911 1037 3986 (95),ἱ’ν’ἕχωμέν
1077 3928 1160 3964 σοι
1199 3909 1329 3980 γοῦν
1380 3905 1856 3967 ἐπαναπαύεσθαι,
1916 3901 1974 3953 ὃν
2029 3902 2086 3953 ὲν
2147 3903 2282 3953 πᾶσι
2339 3899 2644 3972 βακτηρίαν
2692 3903 2822 3972 ἡμῖν
2875 3902 2968 3955 καὶ
3017 3901 3250 3974 ἔρεισμα
3291 3905 3319 3956 ὀ
3355 3902 3488 3967 Θεὸς

217 4006 529 4077 ἐχαρίσατο.

744 4091 1092 4148 ΕΠΙΣΤΟΛΗ
1133 4091 1280 4148 Σ1Ε’.

2368 4093 2707 4148 EPISTOLA
2749 4093 2952 4150 CCXV.

215 4189 419 4243 Nuntiat
449 4187 658 4238 Basilius
678 4201 728 4251 se
751 4184 976 4251 Terentio
1009 4181 1227 4251 protinus
1251 4181 1513 4251 scripsisse
1536 4181 1803 4251 :__delzort_al

1912 4182 2198 4251 Dor-otheuut
2227 4185 2287 4233 ab
2312 4183 2482 4251 itinere
2502 4187 2710 4251 ﬂama";
2734 4183 3039 4251 suscipieudo
3061 4224 3074 4246 ,
3101 4185 3207 4251 nisi
3228 4189 3357 4240 mari
3382 4195 3488 4240 ula-

462 4259 576 4300 tur:
601 4247 784 4298 dubitat
803 4261 866 4297 an
885 4243 1036 4308 frater
1058 4243 1321 4308 Gregorius
1343 4243 1588 4309 ejusmodi
1626 4244 1910 4308 legationem
1933 4245 2068 4297 obire
2093 4245 2224 4308 velit,
2247 4253 2331 4296 aut
2353 4247 2418 4296 ad
2442 4246 2624 4297 utiliter
2656 4243 2924 4297 obeundum
2944 4243 3143 4299 idoneus
3163 4249 3242 4299 sit.

653 4327 922 4396 Δωροθέῳ
946 4325 1348 4394 πρεσϐυτέρῳ.

2381 4327 2646 4384 Dorotheo
2677 4331 2999 4400 presbytero.

285 4441 462 4504 Εὐθὺς
498 4437 770 4509 ἐπιτυχὼν
801 4437 1075 4508 ἀφορμῆς,
1119 4435 1412 4489 ἐπέστειλα
1453 4435 1531 4506 τῷ
1579 4436 1793 4506 θαυμα-

1977 4441 2174 4496 Statim
2202 4443 2549 4498 occasionem
2581 4450 2798 4509 nactus,
2829 4443 3028 4512 scripsi
3055 4445 3172 4498 viro
3205 4445 3258 4498 in
3289 4445 3480 4515 primis

221 4533 467 4603 σιωτάτῳ
511 4531 665 4601 ἀνδρὶ
707 4529 976 4600 Τερεντίῳ
1023 4527 1100 4597 τῷ
1149 4527 1347 4598 κόμητι
1367 4545 1380 4556 ·
1442 4527 1797 4596 λογισάμενος

217 4623 654 4692 ἀνυποπτότερον
681 4617 820 4673 εἶναι
850 4619 910 4672 τὸ
931 4618 1020 4672 διά
1049 4617 1214 4683 ξένων
1236 4617 1385 4688 αὐτῷ
1408 4619 1641 4690 γράφειν
1673 4620 1799 4690 περὶ

215 4717 324 4771 τῶν
376 4714 772 4786 προκειμένων,
831 4711 925 4766 καὶ
985 4709 1102 4780 ἅμα
1158 4709 1480 4778 βουλόμενος
1532 4710 1798 4780 μηδεμίαν

219 4808 535 4878 ἐγγενέσθαι
563 4803 843 4876 διατριϐὴν
875 4801 960 4872 τῷ
978 4802 1265 4874 πράγματι
1295 4801 1386 4856 τὸν
1422 4801 1798 4855 ποθεινότατον

219 4899 446 4968 ἀδελφὸν
509 4897 782 4952 Ἀκάκιον.
850 4889 941 4964 Τῷ
1013 4892 1345 4964 διαψηφιστῇ
1422 4893 1522 4962 τῆς
1593 4893 1799 4958 τάξεως

217 4991 324 5043 τῶν
353 4990 608 5061 ἐπάρχων
654 4987 830 5042 ἔδωκα
871 4981 964 5038 οῦν
995 4985 1106 5058 (94)
1148 4985 1248 5056 τὴν
1295 4985 1586 5056 ἐπιστολὴν
1632 4985 1799 5056 δημο-

289 5097 404 5168 (88)
439 5095 663 5168 τέλεια.
699 5095 858 5149 Deest
907 5096 961 5148 in
1009 5093 1294 5149 codicibus
1347 5093 1520 5158 llarl.,
1569 5098 1706 5152 Med.
1747 5109 1802 5153 et

221 5165 333 5220 uno
362 5184 428 5221 ex
465 5165 668 5236 Regiis.

294 5238 408 5310 (89)
448 5233 686 5310 Τοῦτον.
721 5234 862 5310 Editi
897 5244 950 5287 et
982 5233 1200 5310 codices
1230 5235 1588 5310 vetustissimi
1618 5237 1798 5295 τοῦτο.

223 5304 330 5365 Sed
357 5304 555 5362 melius
581 5308 915 5362 recentiores
945 5319 1079 5358 mss.
1110 5304 1354 5373 quinque
1379 5307 1588 5361 τοῦτον.

291 5379 406 5451 (90)
443 5379 684 5451 Θεότης.
717 5376 830 5451 Pro
855 5376 958 5428 hac
995 5389 1129 5451 voce
1167 5375 1364 5451 legitur
1393 5377 1668 5451 in_codice
1692 5377 1802 5433 Me-

221 5443 397 5504 dicam
432 5443 691 5516 ἀῐδιότης.
719 5447 925 5501 Ibidem
948 5443 1078 5498 editi
1111 5445 1206 5498 καὶ
1228 5443 1292 5497 εἴ
1310 5462 1382 5499 τι.
1420 5445 1552 5501 Mss.
1585 5464 1802 5504 summo

223 5533 502 5575 consensu
536 5525 595 5570 ut
621 5519 676 5572 in
707 5525 879 5571 textu.

297 5588 412 5658 (9t)
445 5589 889 5656 Συγχωροῠσιν.
923 5585 1153 5655 Quidam
1195 5586 1530 5641 recentiores
1584 5589 1802 5643 codices

230 5661 696 5729 συγχωρήσουσιν.

299 5724 668 5800 (92)”Όμωςῖ
699 5727 774 5786 ita
803 5745 994 5786 omnes
1028 5727 1202 5784 nostri
1235 5734 1445 5785 veteres
1477 5728 1622 5785 libri.
1657 5728 1800 5784 Editi

1901 4533 2222 4588 admirando
2291 4535 2479 4590 comiti
2546 4533 2838 4596 Terentio,
2911 4535 3093 4590 minus
3166 4547 3482 4605 suspectum

1901 4639 2025 4679 esse
2052 4625 2376 4680 existimans
2413 4641 2510 4695 per
2551 4625 2768 4695 ignotos
2800 4626 2866 4679 ad
2896 4641 3022 4680 eum
3073 4627 3141 4681 de
3189 4631 3485 4698 prepositis

1901 4717 2066 4772 rebus
2098 4717 2376 4782 scribere,
2413 4718 2684 4785 simulque
2717 4717 2794 4772 rei
2829 4733 3038 4772 moram
3067 4719 3251 4774 all'erri
3285 4722 3478 4774 nolens

1903 4826 1930 4863 a
1957 4810 2286 4866 charissima
2309 4809 3044 4866 fratreAeacio.Numerario
3075 4812 3244 4865 officii
3275 4813 3468 4882 praesi-

1901 4905 1988 4960 dis
2010 4902 2136 4957 dedi
2157 4903 2320 4973 igitur
2338 4903 2626 4974 epistolam
2642 4921 2808 4962 cursu
2833 4906 3053 4975 publieo
3072 4906 3442 4975 proﬁciscenti
3467 4925 3480 4959 :

1904 4996 1994 5052 cui
2022 4994 2184 5048 etiam
2216 4994 2446 5063 praecepi
2483 5001 2540 5048 ut
2572 4997 2726 5050 vobis
2767 4999 2920 5066 prius
2962 4999 3180 5054 litteras
3213 4996 3474 5051 ostendeo

1903 5104 2062 5186 ὁμοῦ.
2093 5105 2261 5186 Paulo
2292 5118 2414 5178 post
2448 5107 2608 5162 iidem
2631 5109 2762 5164 editi
2791 5108 2854 5162 ἂν
2882 5109 3091 5180 μένειν.
3117 5109 3319 5168 Omnes
3346 5129 3477 5165 mss.

1910 5185 1970 5229 ut
2004 5185 2056 5228 in
2090 5185 2262 5232 textu.
2433 5195 2438 5200 ‘

1976 5245 2088 5314 (95)
2123 5245 2387 5304 Σεαυτὸν
2431 5247 2845 5313 ἀπρόληπτον,
2895 5248 3087 5305 Plures
3135 5265 3265 5305 mss.
3319 5253 3482 5304 αὑτὸν

1907 5315 2280 5385 ἀστροληπτον.
2321 5315 2411 5369 Sic
2440 5319 2658 5371 exhibet
2695 5319 2838 5371 hunc
2873 5320 3054 5374 locum
3085 5321 3253 5374 codex
3287 5322 3474 5374 Claro-

1905 5397 2201 5462 montauus
2235 5407 2248 5441 :
2281 5386 3085 5462 quorumdnpoamrté).qrrtov,
3137 5391 3221 5444 ἵνα
3269 5391 3481 5462 ἔχωμέν

1907 5471 1988 5508 σοι
2022 5456 2260 5523 γνησίως
2289 5456 2363 5518 ὡς
2391 5455 2497 5525 υίῴ
2521 5455 2990 5514 ἐπαναπαόεσθαι.

1979 5527 2168 5596 ξίΑιὶιιε
2195 5525 2346 5579 CCL.
2378 5524 2593 5596 scripta
2621 5543 2766 5582 anno
2792 5531 2917 5585 575.

1977 5593 2354 5665 (94))Ἐδωκα
2381 5591 2520 5650 013v.-
2561 5595 2901 5652 Postt'cmam
2933 5615 3120 5653 vocem
3149 5601 3261 5654 erui
3291 5619 3352 5655 ex
3383 5618 3480 5654 co-

1905 5661 2336 5740 diee__Mcdica_L-o.
2382 5665 2540 5722 Deest
2588 5667 2700 5723 haec
2749 5669 2980 5740 epistola
3019 5673 3073 5726 in
3107 5671 3388 5727 llarlwano
3429 5681 3480 5726 et

1909 5735 2153 5800 pluribus
2182 5737 2322 5791 aliis.
