3862 6220
380 276 480 332 791

1687 283 1746 340 S.
1786 283 2032 338 BASILH
2072 285 2284 342 MAGNI

3517 291 3628 346 79$

375 421 477 470 ret.
512 413 619 470 lter
645 424 825 472 autem
856 419 1082 474 Romam
1112 421 1300 478 nescio
1329 422 1604 493 quomodo
1631 440 1792 481 nemo
1819 443 1942 497 pru-

2064 432 2148 502 ςίῳ
2203 433 2386 504 δρόμῳ
2445 432 2702 499 ὁδεύοντι,
2749 430 2794 504 ᾧ
2847 435 2942 490 καὶ
2987 407 3337 506 ἐνέτειλάμην
3388 431 3634 502 πρώτοις

375 505 574 561 dentiae
613 514 719 562 tuae
759 511 1094 567 nuntiaverit
1139 512 1317 570 hieme
1350 516 1576 570 omnino
1604 517 1796 573 conﬁci
1833 534 1944 572 non

376 612 571 667 posse;
600 615 724 654 cum
760 601 1044 672 interjecta
1076 619 1106 659 a
1138 605 1616 678 Constantinopoli
1657 625 1832 680 usque
1875 611 1944 666 ad

376 691 512 746 lines
557 705 779 749 nostros
825 697 974 766 regio
1014 697 1266 755 hostibus
1314 701 1512 755 referta
1560 701 1650 756 sit.
1694 701 1850 768 Quod
1898 703 1946 757 si

376 783 636 837 utendum
667 791 752 839 est
774 786 934 852 mari,
966 788 1072 842 erit
1105 796 1358 860 tempus;
1395 791 1557 845 modo
1591 805 1701 845 non
1734 801 1948 846 recuset

374 876 787 945 navigationem
817 888 871 932 ct
899 878 966 933 de
990 880 1262 948 ejusmodi
1291 881 1455 936 rebus
1486 883 1810 951 legationem
1857 897 1948 938 re-

376 967 760 1035 ligiosissimus
786 969 1076 1040 episcopus
1103 970 1270 1025 frater
1299 971 1615 1042 Gregorius.
1651 972 1764 1043 Ego
1779 973 1948 1034 enim,

376 1075 478 1113 nec
505 1059 599 1130 qui
622 1075 747 1115 cum
779 1061 896 1131 ipso
921 1063 1345 1134 proficiscantur
1369 1065 1550 1129 video,
1579 1073 1632 1120 et
1657 1066 1832 1134 ipsum
1856 1079 1952 1119 ne-

379 1151 653 1218 gotiorum
685 1152 1192 1209 ecclesiasticorum
1223 1171 1452 1225 prorsus
1484 1156 1825 1226 inexpertum
1857 1171 1950 1210 coo

377 1257 624 1311 gnosco;
661 1259 726 1299 ac
781 1245 931 1301 illius
964 1247 1183 1316 quidem
1223 1263 1578 1318 congressum
1625 1249 1861 1318 benigno
1889 1265 1953 1304 ac

377 1336 494 1388 miti
539 1337 656 1389 viro
702 1339 1066 1394 venerabilem
1112 1349 1166 1394 et
1201 1339 1257 1393 in
1304 1340 1538 1409 plurimo
1568 1341 1743 1410 pretio
1796 1340 1950 1406 fore;

377 1425 472 1479 sed
502 1440 630 1479 cum
658 1428 804 1482 elato
847 1437 900 1483 et
929 1429 1151 1484 sublimi
1181 1437 1234 1485 et
1272 1431 1438 1484 altius
1483 1431 1715 1494 sedenti,
1746 1432 1952 1502 quique

379 1521 666 1582 propterea
697 1517 980 1572 veritatem
1031 1519 1182 1572 humi
1222 1519 1582 1588 praedicantes
1614 1521 1806 1576 audire
1843 1539 1951 1577 nou

378 1604 575 1672 possit,
612 1605 744 1674 quid
787 1609 952 1664 rebus
995 1611 1382 1666 communibus
1412 1612 1586 1682 prosit
1617 1613 1720 1666 viri
1753 1613 1948 1683 hujus-

2046 523 2176 592 ὑμῖν
2231 524 2524 594 ἐμφανίσαι
2571 525 2632 578 τὸ
2670 527 2927 598 γράμμα.
2994 526 3105 598 Τὴν
3145 527 3203 580 δὲ
3253 526 3344 579 ἐπὶ
3406 522 3636 594 Ῥώμην

2045 615 2164 667 ὁδὸν
2210 615 2310 669 οὐκ
2355 611 2470 669 οἴδα
2522 617 2668 681 ὅπως
2717 618 2890 681 οὐδεὶς
2949 618 3239 688 ἀνήγγειλε
3288 619 3355 687 τῇ
3416 615 3639 668 συνέσει

2048 707 2223 778 ὑμῶν,
2265 709 2347 762 ὅτι
2387 711 2444 763 ὲν
2489 727 2568 780 τῳ
2613 711 2842 782 χειμῶνι
2894 711 3173 774 παντελῶς
3216 713 3364 762 ἐστιν
3402 707 3634 780 ἄπορος,

2047 799 2148 868 τῆς
2185 799 2386 870 μεταξὺ
2422 799 2606 872 χώρας
2643 802 2751 855 ἀπὸ
2785 800 3408 863 Κωνσταντινουπόλειυς
3469 799 3637 870 μέχρι

2047 888 2156 942 τῶν
2200 890 2322 944 καθ’
2355 893 2505 962 ἡμᾶς
2546 892 2688 963 ὅρων
2737 893 3012 964 πολεμίων
3069 891 3527 962 πεπληρωμένης.
3565 891 3638 942 Εἰ

2049 981 2107 1035 δὲ
2130 981 2211 1034 δεῖ
2232 981 2478 1054 θαλάσσῃ
2500 983 2829 1054 χρήσασθαι,
2866 983 3019 1036 ἔσται
3063 983 3255 1053 καιρός
3277 998 3291 1014 ’
3346 981 3506 1050 μόνον
3537 980 3641 1032 eam

2051 1071 2408 1142 καταδέξηται
2429 1074 2522 1126 καὶ
2558 1073 2650 1126 τὸν
2673 1074 2860 1138 πλοῦν,
2896 1075 2992 1127 καὶ
3012 1072 3113 1145 τὴν
3143 1073 3286 1144 ὑπὲρ
3322 1071 3431 1124 τῶν
3469 1071 3646 1124 τοιού-

2050 1181 2158 1217 των
2191 1165 2532 1235 πραγμάτων
2570 1165 2866 1236 πρεσϐείαν
2909 1167 2937 1218 ὁ
2976 1164 3384 1233 θεοφιλέστατος
3417 1164 3646 1216 ἐπίσκο-

2055 1271 2156 1318 πος
2183 1255 2482 1327 Γρηγόριος
2511 1258 2538 1309 ὁ
2581 1255 2828 1325 ἀδελφός.
2883 1255 3024 1325 Ἐγὼ
3064 1257 3162 1327 μὲν
3201 1257 3309 1326 γάρ
3339 1255 3460 1308 οὔτε
3511 1257 3649 1316 τοὺς

2057 1346 2566 1417 συναπερχομένους
2617 1346 2767 1416 αὐτῷ
2820 1346 2973 1417 ὁρῶ,
3027 1348 3122 1401 καὶ
3171 1347 3334 1400 αὐτὸν
3384 1345 3649 1414 γινώσκω

2058 1437 2337 1502 παντελῶς
2392 1439 2618 1510 ἄπειρον
2685 1439 2814 1492 ὄντα
2874 1438 2981 1492 τῶν
3055 1439 3198 1492 κατά
3250 1437 3349 1500 τάς
3412 1437 3649 1504 Ἐκκλη-

2058 1529 2179 1592 σίας
2211 1529 2344 1600 (95)°
2379 1531 2475 1582 καὶ
2504 1529 2805 1601 εὐγνώμονι
2833 1533 2931 1602 μὲν
2965 1530 3119 1602 ἀνδρὶ
3164 1529 3440 1598 αἰδέσιμον
3474 1525 3648 1580 αὐτοῦ

2056 1621 2152 1673 καὶ
2183 1618 2376 1672 πολλοῦ
2407 1619 2563 1686 ἀξίαν
2595 1621 2692 1690 τὴν
2732 1621 3042 1693 συντυχίαν,
3089 1618 3276 1690 ὑψηλῷ
3306 1617 3479 1670 δὲκαὶ
3506 1633 3644 1686 μετ-

377 1695 526 1749 modi
557 1711 920 1768 congressus,
957 1702 1118 1772 cujus
1153 1719 1336 1759 mores
1363 1704 1430 1758 ab
1456 1703 1710 1758 illiberali
1751 1705 1945 1759 adula-

2064 1711 2236 1782 εὼρῳ,
2297 1711 2410 1765 ἀνω
2440 1728 2544 1763 που
2580 1712 2895 1782 καθημένῳ,
2945 1713 3041 1765 καὶ
3091 1711 3177 1764 διὰ
3231 1707 3387 1761 τοῦτο
3423 1707 3652 1760 ἀκούειν

376 1786 524 1840 tione
556 1787 721 1844 alieni
743 1791 766 1842 ?

2048 1803 2157 1855 τῶν
2188 1801 2424 1873 χαμόθεν
2469 1802 2618 1873 αὐτῷ
2666 1802 2764 1874 τὴν
2807 1802 3067 1873 ἀλήθειαν
3129 1798 3513 1872 φθεγγομένων
3569 1797 3652 1868 μὴ

373 1881 674 1954 δυναμένῳ,
740 1885 795 1938 τί
837 1885 902 1942 ἂν
943 1889 1151 1957 γένοιτο
1194 1891 1384 1960 ὄφελος
1420 1893 1533 1956 τοῖς
1565 1894 1764 1955 κοινοῖς
1806 1893 1958 1964 παρὰ
2009 1897 2109 1970 τῆς
2143 1898 2239 1952 τοῦ
2275 1897 2523 1950 τοιούτου
2571 1896 2765 1967 ἀνδρὸς
2805 1897 3044 1966 ὁμιλίας,
3089 1897 3148 1961 ὃς
3190 1897 3470 1970 ἀλλότριον
3531 1895 3651 1965 ἔχει

377 1972 616 2038 θωπείας
645 1976 996 2049 ἀνελευθέρου
1021 1980 1081 2033 τδ
1111 1977 1272 2052 ἦθοςς

833 2172 1171 2230 EPISTULA
1209 2177 1457 2236 CCXVI'.

2577 2172 2924 2228 ΕΠΙΣΤΟΛΗ
2957 2169 3116 2238 ΣΝΤ.

377 2329 566 2380 Narrat
587 2329 801 2382 Basilius
831 2330 1254 2403 peregrinationes.
1277 2348 1310 2384 a
1346 2349 1398 2386 se
1425 2344 1698 2403 susceptas,
1713 2350 1859 2403 seque
1897 2337 1962 2403 ait
1991 2333 2267 2403 Terentium
2287 2331 2455 2403 statim
2473 2335 2596 2403 post
2616 2325 2830 2403 reditum
2852 2323 3128 2403 scripsisse,
3152 2331 3205 2375 αι
3237 2337 3405 2376 eorum
3435 2319 3645 2386 Ῑτσαάεε

863 2388 1101 2454 εάοῖενει,
1123 2395 1208 2460 qui
1233 2395 1360 2447 hunc
1381 2388 1600 2450 comitem
1621 2412 1653 2447 a
1679 2388 1870 2450 Meletio
1891 2398 2190 2456 abstrahere,
2215 2403 2260 2448 et
2282 2394 2335 2446 in
2368 2388 2534 2458 partes
2557 2404 2669 2443 suas
2690 2388 2889 2440 allicere
2910 2388 3144 2439 valebant.

737 2537 976 2605 Heletio,
1007 2542 1299 2597 Antiochia:
1327 2545 1588 2614 episcopo.

453 2655 635 2710 Multae
665 2670 766 2710 nos
791 2664 847 2709 et
875 2656 995 2709 alia:
1034 2658 1501 2728 peregrinationes
1531 2674 1562 2712 a
1608 2661 1782 2730 patria
1821 2675 1956 2714 avo-

381 2756 598 2804 carunt.
627 2746 762 2801 Nam
784 2756 838 2804 et
863 2748 919 2802 in
942 2747 1202 2804 Pisidiam
1231 2767 1406 2821 usque
1438 2752 1708 2816 venimus,
1742 2759 1800 2806 ut
1829 2768 1954 2807 cum

383 2842 627 2911 ejusdem
662 2841 902 2911 regionis
947 2843 1222 2913 episcopis
1264 2859 1386 2914 qua:
1433 2843 1597 2916 324
1640 2846 1705 2898 ad
1752 2844 1953 2899 fratres

385 2931 607 2985 Isauriae
641 2939 910 2999 spectant,
947 2947 1422 3002 componeremus.
1461 2936 1640 3004 Atque
1691 2935 1817 2990 inde
1851 2952 1952 2991 nos

386 3020 440 3072 in
487 3019 714 3073 Pontum
740 3021 954 3090 excepit
999 3023 1398 3092 peregrinatio,
1429 3041 1553 3078 cum
1600 3026 1949 3081 Dazimonem

386 3109 521 3164 satis
555 3109 930 3179 perturbasset
962 3109 1284 3168 Eustathius
1311 3155 1325 3181 ,
1358 3115 1667 3186 multosque
1697 3117 1810 3170 illic
1855 3116 1952 3171 ad-

384 3199 673 3264 duxisset,
704 3210 763 3256 ut
795 3216 853 3256 se
896 3203 965 3257 ab
1017 3203 1262 3260 Ecclesia
1311 3214 1498 3262 nostra
1549 3208 1953 3263 abscinderent.

387 3291 496 3348 Sed
521 3301 575 3347 et
600 3307 772 3362 usque
806 3293 874 3346 ad
908 3292 1058 3348 Petri
1085 3297 1188 3350 mei
1222 3296 1406 3352 fratris
1432 3297 1575 3353 ardes
1598 3314 1684 3352 me
1706 3299 1910 3353 contuli
1941 3320 1952 3352 :

385 3401 505 3455 qua:
535 3400 659 3440 cum
708 3384 1062 3442 Neocaesarea
1092 3403 1201 3442 non
1256 3389 1416 3460 longe
1451 3391 1678 3453 distent,
1710 3391 1959 3460 plurimae

388 3476 818 3547 perturbationis
837 3476 1370 3536 Neocaesariensibus
1389 3496 1613 3536 causam
1633 3483 1956 3543 attulerunt,

387 3569 518 3623 mihi
546 3584 676 3624 vero
705 3570 953 3640 plurimae
974 3573 1316 3627 contumeliae
1347 3574 1630 3628 materiam
1655 3573 1956 3643 praebuere.

388 3657 451 3710 lli
482 3658 627 3712 enim
662 3658 939 3729 fugerunt,
974 3663 1192 3714 nemine
1215 3673 1610 3731 persequente:
1646 3679 1747 3717 nos
1778 3672 1958 3717 autem

385 3747 704 3800 videbamur
727 3749 1023 3817 cupiditate
1052 3749 1272 3802 laudum
1297 3751 1364 3805 ab
1391 3751 1524 3820 ipsis
1548 3752 1961 3822 consequenda-

388 3852 508 3890 rum
533 3837 698 3891 etiam
727 3838 966 3892 invocati
989 3854 1090 3892 nos
1115 3839 1431 3895 obtrudcre.
1457 3841 1752 3911 Postquam
1777 3849 1959 3896 autem

387 3927 706 3992 redivimus,
738 3943 804 3983 ex
836 3929 1105 3986 imbribus
1143 3946 1208 3986 ac
1241 3933 1510 3987 molestiis
1538 3933 1772 4003 plurima
1807 3934 1962 3988 infir-

389 4017 578 4070 mitate
603 4019 857 4086 collecta,
893 4021 1080 4075 statim
1116 4037 1217 4077 nos
1242 4023 1308 4076 ab
1329 4023 1550 4079 Oriente
1580 4026 1773 4080 litterae
1802 4041 1960 4080 exce-

391 4118 578 4178 perunt
641 4111 838 4180 quibus
855 4114 1286 4184 significabatur,
1309 4113 1540 4171 Paulino
1561 4117 1630 4171 ab
1659 4117 1954 4172 Occidente

389 4201 598 4255 litteras
631 4203 921 4272 quasdam,
951 4206 1118 4259 veluti
1155 4207 1445 4276 cujusdam
1477 4208 1814 4278 principatus
1850 4216 1962 4264 tes-

390 4308 597 4358 seram,
631 4295 829 4350 allatas
863 4295 1057 4361 fuisse,
1090 4299 1356 4369 valdeque
1381 4299 1560 4356 efferri
1592 4301 1756 4370 hujus
1789 4302 1960 4370 partis

2307 2546 2598 2611 Μελετίῳ,
2649 2554 2963 2604 επισκοπῳ
3017 2538 3385 2607 Ἀντιοχείας.

2130 2661 2327 2714 Πολλαὶ
2364 2659 2462 2731 μὲν
2503 2659 2649 2730 ἡμᾶς
2689 2656 2782 2710 καὶ
2823 2653 2980 2708 ἄλλαι
3027 2651 3134 2724 (96)
3183 2651 3481 2721 ἀποδημίαι
3530 2649 3638 2720 τῆς

2061 2753 2320 2825 πατρίδος
2358 2753 2662 2822 ἀπήγαγον.
2718 2748 2828 2800 Καὶ
2872 2746 2981 2816 γὰρ
3036 2745 3198 2814 μέχρι
3242 2743 3342 2812 τῆς
3391 2741 3638 2805 Πισιδίας

2056 2845 2334 2916 διέϐημεν,
2375 2843 2514 2896 ὥστε
2553 2841 2688 2912 μετὰ
2731 2840 2837 2893 τῶν
2875 2840 2993 2892 ἐκεῖ
3029 2835 3341 2888 ἐπισκόπων
3389 2834 3456 2888 τά
3495 2833 3641 2888 κατὰ

2058 2935 2185 2998 τοὺς
2215 2935 2270 2986 ὲν
2298 2935 2362 3003 τῇ
2405 2930 2647 3003 Ίσαυρίςι⁸
2690 2929 2954 3000 ἀδελφοὺς
2981 2926 3249 2982 τυπῶσαι.
3290 2925 3558 2978 Κάκεῖθεν
3601 2927 3639 2995 ἡ

2059 3028 2152 3081 ἐπὶ
2186 3028 2278 3082 τὸν
2329 3026 2529 3080 Πόντον
2573 3026 2722 3095 ἡμᾶς
2768 3022 3040 3086 διεδέξατο
3092 3019 3386 3089 ἀποδημία,
3437 3018 3642 3082 ἱκανῶς

2056 3119 2147 3170 τὸν
2177 3115 2466 3187 Δαςιμῶνα
2520 3111 2855 3185 ταράξαντος
2885 3110 2979 3164 τοῦ
3021 3109 3338 3174 Εὑσταθίου,
3377 3109 3473 3162 καὶ
3507 3107 3640 3160 πολ-

2058 3209 2181 3273 λοὺς
2212 3207 2607 3268 ἀναπείσαντος
2645 3205 2754 3257 τῶν
2789 3206 2907 3257 ὲκεῖ
2941 3200 3340 3272 ἀποσχισθῆναι
3372 3201 3470 3269 τῆς
3517 3201 3644 3253 Ἐκ-

2058 3301 2288 3370 κλησίας
2311 3298 2489 3368 ἡμῶν.
2531 3294 2863 3364 Ἐγενόμεθα
2902 3293 2958 3346 δὲ
2983 3295 3076 3347 καὶ
3105 3293 3266 3364 μέχρι
3297 3291 3390 3344 τοῦ
3414 3292 3645 3346 οίκιδίου

2059 3393 2265 3462 Πέτρου
2297 3389 2388 3443 τοῦ
2408 3388 2635 3458 ἀδελφοῦ
2653 3390 2684 3458 ἡ
2695 3387 2833 3458 μῶν,
2857 3386 2906 3450 δ,
2933 3385 3096 3438 διὰτὸ
3125 3384 3232 3455 (97)
3257 3383 3646 3454 προσεγγίζειν

2058 3488 2169 3546 τοῖς
2210 3482 2355 3536 κατά
2397 3481 2828 3551 Νεοκαισάρειαν
2876 3479 3096 3540 τόποις,
3141 3476 3342 3546 πολλῆς
3388 3475 3486 3545 μὲν
3527 3478 3644 3538 τοῖς

2059 3578 2177 3635 ἐκεῖ
2227 3573 2470 3644 ταραχῆς
2520 3571 2789 3642 παρέσχεν
2843 3567 3044 3630 αἰτίαν,
3090 3567 3294 3636 πολλῆς
3339 3567 3395 3619 δὲ
3432 3565 3648 3637 ὕϐρεως

2057 3667 2192 3736 ἡμῖν
2246 3663 2501 3716 ὑπόθεσιν
2557 3659 2936 3731 προεξένησεν.
2981 3659 3042 3710 Οί
3096 3657 3194 3726 μὲν
3232 3655 3340 3727 γάρ
3389 3655 3646 3723 ἔφευγον,

2057 3756 2269 3818 οὐδενὸς
2298 3753 2613 3815 διώκοντος·
2666 3753 2826 3821 ἡμεῖς
2868 3749 2924 3801 δὲ
2972 3747 3339 3818 ἐνομιζόμεθα
3375 3746 3650 3820 ἐπιθυμίᾳ

2058 3849 2166 3902 τῶν
2197 3849 2323 3918 παρ’
2349 3847 2532 3907 αὐτοῖς
2569 3844 2808 3896 ἐπαίνων
2844 3842 2938 3894 καὶ
2967 3840 3192 3909 ἄκλητοι
3236 3837 3645 3904 είσωθίζεσθαι.

2069 3940 2221 3994 Ἐπεὶ
2248 3939 2305 3992 δὲ
2330 3935 2723 4007 ἐπανήλθομεν,
2760 3935 2824 3986 ὲκ
2851 3932 2960 3986 τῶν
2985 3932 3207 4003 ὄμϐρων
3239 3931 3335 3983 καὶ
3365 3929 3478 3982 τῶν
3511 3927 3650 3980 ἀθυ-

2065 4029 2202 4100 μιῶν
2237 4027 2438 4097 πολλὴν
2477 4023 2789 4096 ἀρρωστίαν
2833 4022 3248 4089 συναγαγόντες,
3304 4019 3464 4082 εὐθὺς
3498 4021 3650 4088 ἡμᾶς

2063 4120 2128 4170 ἐκ
2169 4116 2270 4185 τῆς
2306 4113 2596 4183 Ἀνατολῆς
2624 4109 2889 4165 κατέλαϐε
2916 4109 3224 4180 γράμματα
3246 4148 3260 4172 ,
3307 4109 3650 4177 σημαίνοντα

2059 4209 2173 4270 τοῖς
2203 4207 2330 4276 περὶ
2358 4203 2619 4258 Παυλῖνον
2643 4202 2750 4255 ἀπὸ
2783 4201 2883 4270 τῆς
2911 4200 3133 4263 Δύσεως
3153 4198 3443 4260 ἐπιστολάς
3471 4214 3646 4261 τινας,

2060 4297 2248 4368 ὥσπερ
2270 4296 2412 4358 τινὸς
2433 4295 2608 4365 ἀρχῆς
2642 4292 2981 4362 συνθήματα,
3007 4289 3352 4360 κεκομίσθαι,
3378 4290 3474 4341 καὶ
3500 4287 3650 4359 μέγα

388 4381 556 4436 duces
603 4391 658 4437 et
701 4384 926 4454 gloriari
973 4385 1042 4440 de
1076 4388 1314 4451 litteris;
1351 4388 1549 4444 deinde
1595 4391 1760 4444 etiam
1798 4389 1956 4445 ﬁdem

2067 4391 2282 4460 φρονεῖν
2321 4387 2447 4450 τοὺς
2499 4384 2828 4446 στασιαστὰς
2884 4382 2979 4435 τοῦ
3023 4382 3222 4452 μέρους
3265 4380 3498 4444 ἐκείνου,
3551 4380 3651 4432 καὶ

390 4480 718 4543 propon'cre,
745 4491 809 4530 ac
825 4492 888 4532 ea
910 4479 1224 4533 conditione
1247 4489 1467 4550 paratos
1485 4497 1604 4537 esse
1629 4497 1751 4536 cum
1775 4491 1960 4537 nostra

388 4563 632 4618 Ecclesia
656 4564 936 4636 conjungi.
965 4566 1045 4620 Ad
1087 4567 1204 4622 haec
1241 4568 1373 4622 mihi
1396 4576 1451 4623 et
1489 4568 1623 4622 illud
1655 4569 1962 4622 nuntiatum

460 4703 476 4722 '
508 4700 655 4752 Alias
683 4698 983 4754 CCLXXII.
1010 4699 1227 4769 Scripta
1252 4717 1398 4755 anno
1421 4701 1546 4755 575.

459 4770 570 4840 (95)
597 4769 718 4824 Τῶν
747 4770 896 4823 κατὰ
927 4771 1035 4836 τὰς
1058 4772 1439 4838 Ἐκκλησίας.
1471 4770 1546 4825 Ex
1568 4772 1964 4840 quatuorcodi-

387 4841 565 4904 cibus,
597 4841 652 4893 in
683 4840 884 4910 quibus
916 4841 1028 4894 haec
1069 4841 1299 4909 epistola
1337 4849 1538 4904 exstat,
1571 4857 1766 4910 nempe
1797 4842 1961 4910 Med.,

387 4910 557 4964 Coisl.
594 4911 792 4979 primo,
825 4908 960 4979 Reg.
995 4908 1238 4965 secundo
1269 4919 1323 4966 et
1359 4911 1623 4973 Clarom.,
1664 4908 1817 4966 solus
1858 4908 1963 4968 Re;

386 4982 510 5052 gius
559 4979 766 5052 profuit
813 4982 889 5052 ad
931 4981 1325 5052 emendandam
1368 4981 1655 5036 lectionem
1689 4982 1961 5052 vulgatam

385 5049 496 5102 τῶν
529 5050 670 5102 κατά
697 5049 797 5120 τῆς
835 5049 1183 5120 Ἐκκλησίας.

459 5121 570 5189 (96)
603 5119 711 5174 Καὶ
755 5117 958 5172 ἄλλαι.
999 5117 1156 5185 Quod
1197 5121 1274 5174 ait
1299 5119 1537 5176 Basilius
1580 5137 1640 5176 se
1678 5123 1882 5178 multas
1913 5133 1962 5178 et

388 5190 526 5243 alias
557 5189 1024 5258 peregrinationes
1069 5192 1400 5260 suscepisse,
1445 5191 1498 5245 id
1523 5202 1844 5260 argumento
1879 5203 1964 5249 est

388 5261 629 5332 aliquam
645 5261 709 5332 ei
737 5268 937 5332 prater
959 5275 1074 5323 eas,
1091 5276 1237 5332 quas
1260 5261 1678 5332 jamexegerat,
1712 5266 1964 5332 proposi-

388 5276 625 5328 auquam
655 5276 703 5314 et
737 5276 933 5328 prater
959 5276 1074 5323 eas,
1091 5276 1237 5383 lquas
1260 5276 1372 5329 jam
1403 5276 1678 5332 exegerat,
1712 5278 1960 5332 proposr-

387 5337 498 5402 tam
539 5347 567 5380 a
614 5329 828 5402 Meletio
864 5329 1119 5402 fuisse;
1141 5331 1244 5402 nde
1274 5331 1584 5402 colligimus
1620 5333 1960 5402 episcopum,

387 5401 506 5468 qui,
543 5408 603 5452 ut
630 5407 715 5454 est
745 5400 800 5452 in
830 5399 988 5467 epist.
1015 5398 1144 5465 215,
1187 5399 1390 5454 Basilio
1410 5398 1627 5456 'auctor
1654 5398 1860 5466 fuerat,
1906 5412 1964 5458 ut

385 5469 643 5540 celeriter;
654 5468 1107 5540 Mesopotamiam
1132 5479 1360 5540 peteret,
1383 5471 1566 5540 ibique
1588 5473 1797 5526 coactis
1819 5473 1963 5528 idem

390 5537 768 5609 sentientibus
815 5537 1092 5608 episcopis
1135 5537 1533 5609 imperatorem
1589 5542 1786 5606 adiret,
1849 5559 1958 5597 non

385 5610 550 5660 alium
596 5605 811 5663 Meletio
842 5605 1033 5663 fuisse}
1065 5605 1326 5675 Quamvis
1364 5619 1545 5665 autem
1577 5605 1812 5667 Basilius
1852 5626 1962 5667 non

378 5677 623 5732 declaret
657 5678 709 5731 in
758 5677 860 5734 hac
897 5679 1154 5739 epistola.
1201 5679 1335 5738 quid
1381 5680 1449 5736 de
1490 5679 1686 5738 Meletii
1727 5683 1962 5739 consilio

2069 4475 2467 4545 ὲπαγάλλεσθαι
2504 4478 2616 4538 τοῖς
2643 4473 2986 4544 γράμμασιν,
3014 4468 3132 4525 εἶτα
3173 4470 3267 4524 καὶ⁸
3301 4470 3484 4523 πίστιν
3515 4487 3653 4540 προ-

2065 4567 2357 4632 τείνεσθαι,
2403 4567 2497 4621 καὶ
2531 4569 2623 4620 ἐπὶ
2666 4565 2841 4638 ταύτῃ
2873 4564 2982 4636 (98)
3038 4564 3269 4635 ἑτοίμως
3301 4561 3445 4634 ἔχειν
3531 4580 3653 4615 συν-

2069 4703 2302 4768 sentiat;
2336 4717 2444 4756 non
2479 4701 2684 4755 idcirco
2716 4700 2908 4754 mutila
2944 4699 3116 4753 videri
3146 4699 3328 4753 debet.
3363 4699 3469 4754 Res
3499 4701 3650 4754 enim

2068 4773 2292 4826 maximi
2328 4773 2587 4826 momenti
2617 4779 2759 4833 erat,
2792 4787 2855 4824 ac
2885 4770 3082 4823 litteris
3111 4786 3219 4822 non
3253 4777 3456 4823 temere
3493 4786 3650 4823 com-

2067 4841 2355 4896 mittenda.
2384 4841 2522 4895 llinc
2548 4840 2784 4896 Basilius
2810 4841 2864 4893 in
2889 4840 3050 4908 epist.
3074 4839 3180 4892 9J5
3205 4847 3488 4891 auctorem
3513 4855 3652 4893 con-

2069 4913 2178 4965 silii
2211 4927 2318 4966 non
2348 4912 2612 4966 nominat.
2647 4911 3013 4976 Quamobrem
3046 4908 3343 4963 verisimile
3371 4917 3455 4962 est
3487 4908 3648 4964 Basi-

2069 4982 2201 5034 lium
2238 4981 2378 5036 idem
2421 4982 2478 5034 in
2514 4982 2616 5034 hac
2644 4981 2896 5048 cpistola,
2941 4995 3004 5032 ac
3035 4979 3090 5031 in
3137 4978 3386 5048 pluribus
3436 4980 3562 5032 aliis
3597 4991 3653 5034 et

2069 5053 2371 5128 praesertim
2401 5051 2454 5104 in
2485 5047 2716 5120 epistola
2851 5050 2916 5103 ad
2948 5047 3199 5128 eumdem
3225 5047 3532 5128 ‘Meletium,
3569 5049 3619 5102 fe
3639 5080 3651 5088 -

2068 5119 2234 5184 cisse,
2271 5130 2330 5174 ut
2359 5138 2480 5191 quae
2511 5119 2629 5174 tuto
2657 5119 2822 5191 scribi
2854 5134 2961 5191 non
2993 5123 3264 5188 poterant,
3292 5134 3356 5172 ea
3394 5119 3448 5170 in
3493 5134 3650 5172 arca-

2068 5193 2156 5246 nis
2189 5188 2460 5245 mandatis
2488 5188 3016 5260 daretiperferenda.

2144 5261 2256 5332 (97)
2284 5260 2503 5332 Ὃηδιὰ
2523 5263 2610 5314 τό.
2643 5257 2806 5332 Legit
2847 5257 3298 5332 Combeﬁsius__8_;
3339 5257 3554 5332 garo,
3608 5260 3650 5311 is

2067 5326 2206 5402 quod
2228 5326 2744 5402 ίοεαΝεοεανδατεᾳξ
2763 5331 2933 5402 vicina
2957 5345 3117 5398 prope
3153 5328 3309 5384 adiit.
3345 5326 3452 5382 Sed
3484 5343 3650 5398 repu-

2069 5401 2245 5472 gnant
2262 5417 2397 5458 mss.
2437 5417 2501 5455 ac
2535 5402 2654 5469 ipsa
2685 5401 2934 5454 historia.

2143 5471 2255 5543 (98)
2299 5471 2425 5543 Ἐπὶ
2471 5468 2677 5543 ταύτῃ.
2714 5473 2797 5524 Ea
2830 5470 3154 5543 conditione,
3201 5469 3255 5524 id
3289 5476 3390 5543 est_
3413 5468 3461 5524 si
3510 5469 3646 5523 nihil

2068 5538 2307 5612 amplius
2331 5542 2400 5612 ab
2441 5541 2533 5612 eis
2552 5542 2820 5610 exigatur.
2855 5538 2991 5612 Nam
3040 5539 3145 5596 etsi
3179 5554 3342 5612 unam
3377 5539 3642 5612 hyposta-

2068 5607 2179 5666 sini
2204 5611 2479 5670 dicebant.
2524 5607 2668 5665 hanc
2691 5620 2872 5665 tamen
2898 5611 3096 5680 legem
3141 5624 3248 5662 non
3286 5607 3641 5678 imponebant

2067 5681 2214 5737 aliis.
2251 5681 2366 5736 lino
2397 5682 2649 5738 videntur
2680 5679 3009 5750 persuadere
3029 5680 3275 5736 voluisse
3307 5687 3480 5734 totam
3519 5696 3638 5735 rem
