3862 6220
464 255 570 304 ἱυό

1764 252 1824 306 S.
1866 252 2113 309 BASILH
2152 254 2366 312 hiAGNI

3630 265 3747 322 79.6

463 373 594 431 tur,
641 365 757 421 sive
806 381 957 429 non,
1008 364 1098 422 ille
1143 367 1451 422 ordinetur.
1508 366 1837 425 Informabis
1869 380 2049 428 autem

2179 374 2421 444 ζὴτησαν,
2479 376 2678 428 οἰκεῖον
2711 372 2850 430 εἶναι
2871 377 2962 430 τὸν
2982 375 3409 450 καθηγούμενον.
3432 377 3494 431 Εἰ
3525 379 3590 432 δέ
3616 378 3745 431 ἐστι

466 458 645 527 ipsum
692 458 758 512 ad
803 458 1068 522 ofﬁcium,
1110 458 1373 522 Domino,
1404 459 1497 530 qui
1543 462 1642 515 tibi
1694 462 1749 516 in
1792 463 2050 521 omnibus

464 549 788 619 opitulatur,
816 551 983 605 etiam
1015 551 1083 605 ad
1108 551 1163 605 id
1194 552 1428 621 gratiam
1458 552 1747 622 largiente.

2157 483 2241 528 τις
2295 465 2401 519 τῶν
2454 466 2841 535 νεοφωτίστων.
2882 467 3001 536 (5),
3063 467 3165 522 κᾶν
3219 469 3351 541 δοκῇ
3401 469 3482 539 τῷ
3535 471 3751 523 Mm,

2153 552 2347 624 δονίῳ,
2396 555 2500 607 κᾶν
2560 555 2669 625 μὴ,
2729 557 2936 620 ἐκεῖνος
3002 556 3383 629 προϐληθήτω.
3443 557 3752 621 Tamesae;

463 640 520 694 δὲ
582 641 746 694 αὑτὸν
799 640 936 713 πρὸς
976 641 1036 694 τὸ
1091 641 1230 707 δέον,
1278 639 1374 694 τοῦ
1422 643 1482 696 ὲν
1540 643 1676 696 πᾶσι
1742 642 2131 716 συνεργοῦντος
2197 660 2280 696 σοι
2341 643 2550 715 Κυρίου
2611 646 2706 698 καὶ
2786 644 2884 716 τὴν
2935 649 3015 710 εἰς
3063 647 3221 700 τοῦτο
3265 648 3423 718 χάριν
3489 665 3753 719 παρεχο-

468 738 630 809 μένου
665 736 761 808 (6).

536 831 623 888 Ll.
663 831 818 899 Quod
853 831 923 886 ad
952 816 1182 889 clericos
1226 832 1420 889 attinet
1442 873 1458 899 ,
1495 833 1775 890 indeﬁnite
1802 849 2045 890 canones

466 934 870 996 exposuerunt,
903 941 1063 980 unam
1099 926 1269 995 lapsis
1298 926 1555 995 jubentes
1590 942 1807 997 poenam
1852 925 2045 997 inﬁigi,

466 1018 790 1088 ejectionem
849 1033 880 1071 a
914 1017 1262 1072 ministerio:
1315 1019 1433 1073 sive
1481 1019 1536 1072 in
1589 1019 1763 1090 gradu
1796 1017 2000 1073 fuerint
2028 1056 2044 1083 ,

468 1109 587 1164 sive
611 1109 775 1164 etiam
823 1109 880 1163 in
927 1109 1272 1173 ministerio,
1323 1109 1473 1179 quod
1515 1124 1777 1165 manuum
1815 1110 2045 1181 imposi-

477 1202 625 1256 tione
654 1216 763 1254 non
798 1201 981 1266 datur,
1010 1209 1382 1270 permaneant.

541 1291 648 1347 LEl.
691 1291 825 1358 Quae
870 1290 1041 1347 fetum
1069 1293 1125 1346 in
1168 1291 1254 1345 via
1283 1292 1493 1347 editum
1526 1291 1803 1363 neglexit,
1838 1292 1885 1345 si
1917 1305 2043 1345 cum

468 1397 688 1437 servare
718 1390 939 1453 posset,
964 1386 1312 1453 contempsit,
1345 1390 1440 1437 aut
1470 1392 1758 1453 peccatum
1794 1382 1921 1437 inde
1955 1397 2049 1438 ce-

2216 829 2444 884 ΝΑ’.Τδ
2480 827 2621 881 κατά
2653 828 2778 891 τοὺς
2828 828 3122 900 κληρικοὺς
3168 827 3490 899 ἀδιορίστως
3529 829 3586 880 οἱ
3633 845 3753 881 κα-

2148 923 2300 985 νόνες
2340 919 2607 985 ἐξέθεντο,
2651 918 3013 984 κελεύσαντες
3053 921 3181 992 μίαν
3213 920 3305 972 ἐπὶ
3334 922 3446 982 τοῖς
3472 936 3751 991 παραπε-

2149 1012 2333 1067 σοῦσιν
2363 1010 2645 1082 ὁρίζεσθαι
2679 1011 2975 1081 τιμωρίαν,
3006 1010 3105 1083 τὴν
3153 1010 3426 1064 ἔκπτωσιν
3458 1010 3561 1079 τῆς
3624 1011 3755 1063 ὑπ-

2146 1103 2374 1181 ηρεσίας
2394 1119 2408 1133 ο
2436 1103 2547 1155 εἴτε
2567 1103 2625 1155 ὲν
2649 1100 2840 1172 βαθμῷ
2873 1102 2949 1170 (7)
2975 1102 3312 1172 τυγχάνοιεν,
3331 1103 3447 1158 εἴτε
3466 1102 3565 1156 καὶ
3585 1103 3755 1172 ἀχει-

2145 1195 2355 1266 ροθέτῳ
2383 1194 2457 1265 (8)
2495 1193 2792 1265 ὑπηρεσίᾳ,
2822 1194 3304 1265 προσκαρτεροῖεν.

2219 1287 2346 1339 NB’.
2377 1287 2439 1338 Ἦ
2469 1284 2565 1338 τοῦ
2598 1286 2882 1357 κυήματος
2924 1284 3065 1339 κατά
3099 1284 3197 1355 τὴν
3224 1284 3343 1339 ὁδὸν
3375 1283 3747 1355 ἀμελήσασα,

2147 1380 2197 1433 εί
2239 1379 2337 1449 μὲν
2375 1373 2471 1431 οὖν
2522 1377 2795 1448 δυναμένη
2831 1374 3242 1448 περισώσασθαι
3293 1376 3744 1447 κατεφρόνησεν,

469 1474 700 1527 laturam
748 1489 811 1529 se
840 1473 1167 1529 existimans
1190 1515 1205 1537 ,
1239 1481 1334 1528 aut
1369 1475 1610 1530 belluina
1649 1481 1706 1529 et
1747 1474 2047 1528 inhumana

2179 1513 2181 1536 ι
2220 1466 2587 1538 συγκαλύψειν
2633 1468 2734 1538 τὴν
2785 1467 3063 1540 ἁμαρτίαν
3101 1466 3353 1521 ἐντεῦθεν
3392 1464 3745 1538 νομίζουσα,

469 1564 799 1635 cogitatione
831 1576 1009 1625 utens.
1043 1572 1305 1635 tanquam
1333 1567 1389 1619 in
1421 1564 1716 1620 homicidio
1740 1564 2048 1634 judicetur.

2179 1587 2181 1625 ι
2241 1557 2380 1621 ὅλως
2423 1556 2680 1629 θηριώδει
2733 1556 2832 1611 καὶ
2889 1555 3242 1629 ἀπανθρώπῳ
3286 1555 3531 1626 λογισμῷ
3590 1570 3751 1627 χρη-

472 1654 570 1712 Sin
604 1665 943 1714 autemqu
967 1658 1152 1714 fovere
1183 1672 1294 1713 non
1349 1656 1527 1729 potuit
1550 1700 1565 1723 ,
1603 1665 1661 1713 et
1694 1664 1920 1728 propter
1954 1669 2045 1712 so-

2179 1647 2396 1719 ἀμένη,
2429 1647 2506 1712 ὡς
2538 1648 2633 1701 ἐπὶ
2684 1649 2831 1718 φόνῳ
2885 1647 3174 1719 κρινέσθω.
3220 1649 3284 1702 Ei
3340 1647 3398 1700 δὲ
3447 1648 3549 1700 οὐκ
3601 1647 3749 1717 ἡδυ-

472 1752 759 1808 litudinem
798 1768 1088 1823 rerumque
1146 1754 1584 1808 necessariarum
1631 1752 1871 1822 inepiam
1902 1750 2051 1805 fetus

2180 1740 2286 1812 ήθη
2316 1738 2677 1812 περιστεῖλαι,
2711 1741 2807 1793 καὶ
2852 1740 2919 1794 δι’
2946 1739 3183 1811 ἐρημίαν
3220 1738 3315 1792 καὶ
3356 1738 3595 1810 ἀπορίαν
3624 1738 3747 1791 τῶν

472 1844 714 1912 interiit,
740 1844 898 1898 matri
925 1851 1012 1899 est
1032 1843 1449 1915 ignoscendum.

546 2012 674 2071 Llll.
711 2013 887 2071 Vidua
919 2017 1123 2071 ancilla
1173 2016 1410 2072 fortasse
1458 2031 1569 2070 non
1626 2015 1857 2071 multum
1888 2017 2041 2087 lapsa

471 2112 590 2171 est,
615 2121 737 2174 quae
765 2107 1035 2162 secundas
1078 2108 1302 2176 nuptias
1330 2122 1430 2177 per
1459 2116 1651 2178 raptus
1673 2108 1913 2178 speciem
1942 2108 2051 2163 ele-

474 2196 572 2267 git.
624 2194 987 2261 Quamobrem
1029 2196 1100 2251 ob
1151 2195 1206 2250 id
1262 2196 1567 2251 incusanda
1622 2212 1733 2253 non
1790 2207 1895 2253 est.
1929 2196 2052 2252 Non

473 2287 619 2342 enim
645 2287 1300 2357 praetextusjudicantur,
1333 2287 1430 2343 sed
1465 2288 1741 2343 voluntas.
1773 2285 1924 2341 Illam
1953 2304 2052 2342 au-

473 2389 583 2435 tem
604 2419 618 2444 ,
645 2388 703 2434 ut
735 2381 1084 2450 perspicuum
1113 2388 1198 2435 est
1225 2418 1241 2443 ,
1273 2388 1457 2435 manet
1485 2380 1738 2450 digamia:
1767 2395 1950 2450 paena.

546 2471 681 2527 LlV.
707 2471 1204 2528 lnvoluntariarum
1223 2474 1453 2528 cautium
1479 2472 1801 2528 discrimina
1829 2473 1946 2529 scio
1966 2488 2054 2529 me

476 2571 606 2619 ante
636 2571 851 2633 tempus
901 2564 1089 2634 pietati
1109 2572 1215 2620 tute
1275 2580 1374 2635 pro
1409 2565 1618 2620 viribus
1650 2564 2015 2635 descripsisse
2033 2605 2053 2628 .,

478 2671 658 2725 neque
700 2654 786 2710 bis
816 2655 1050 2724 amplius
1079 2655 1381 2727 quidquam
1413 2656 1598 2711 dicere
1628 2671 1771 2727 queo
1796 2673 1811 2719 ;
1841 2665 1926 2711 est.
1955 2673 2056 2712 au-

480 2753 589 2800 tem
616 2753 723 2800 tute
758 2745 1095 2816 prudentiae,
1132 2763 1231 2818 pro
1267 2762 1431 2804 casus
1464 2747 1735 2817 cujusque
1771 2748 1937 2820 326
1971 2764 2056 2803 ra-

479 2837 629 2892 tione
659 2851 850 2907 pinnas
878 2838 1198 2903 intendere,
1234 2848 1330 2894 aut
1362 2840 1528 2895 etiam
1553 2841 1855 2897 remittere.

552 2931 664 2986 LV.
686 2933 800 2999 Qui
837 2933 894 2987 in
922 2934 1163 2989 latrones
1186 2950 1255 2991 ex
1300 2935 1535 2990 adverso
1570 2934 1845 2998 feruntur,
1867 2935 1916 2989 si
1943 2934 2056 2991 sint

2150 1831 2467 1900 ἀναγκαίων
2509 1829 2780 1903 διεφθάρη
2816 1830 2878 1884 τὸ
2922 1829 3180 1902 γεννηθὲν
3213 1830 3311 1901 (9),
3343 1828 3670 1900 συγγνωπὴ
3699 1832 3740 1900 ἡ

2153 1922 2361 1993 μήτηρο

2220 2013 2348 2068 Nl".
2396 2014 2462 2068 Ἦ
2490 2015 2637 2085 χήρα
2663 2012 2829 2082 δούλη
2861 2011 2971 2084 (10)
3000 2013 3141 2084 τάχα
3161 2013 3220 2066 οὐ
3265 2013 3410 2083 μέγα
3446 2012 3745 2079 ἔπταισεν,

2151 2101 2381 2173 ἑλομένη
2407 2102 2654 2175 δεύτερον
2688 2102 2864 2173 γάμον
2898 2104 2957 2156 ὲν
2991 2103 3229 2174 σχήματι
3257 2103 3535 2174 ἁρπαγῆς.
3561 2104 3748 2156 Ὥστε

2149 2195 2303 2248 οὐδὲν
2345 2195 2535 2248 τούτου
2587 2194 2775 2248 ἕνεκεν
2817 2194 3168 2264 ἐγκαλεῖσθαι
3211 2196 3338 2267 χρή.
3372 2196 3449 2248 Οὐ
3506 2195 3619 2266 γὰρ
3666 2196 3752 2248 τὰ

2152 2289 2409 2358 σχήματα
2438 2288 2706 2357 κρίνεται,
2746 2287 2864 2340 ἀλλ’
2890 2291 2924 2359 ἡ
2950 2287 3288 2358 προαίρεσις.
3335 2287 3504 2358 Δῆλον
3541 2287 3627 2352 δὲ,
3653 2288 3753 2342 ὅτι

2149 2379 2212 2432 τὸ
2235 2379 2335 2449 τῆς
2358 2379 2617 2450 διγαμίας
2650 2381 2804 2451 μένει
2832 2380 3004 2452 αὐτὴν
3035 2380 3330 2450 ἐπιτίμιον.

2222 2474 2346 2526 ΝΔ’.
2392 2474 2501 2536 Τὰς
2525 2473 2634 2526 τῶν
2661 2473 2933 2527 ἀκουσίων
2963 2473 3139 2542 φόνων
3165 2470 3425 2542 διαφορὰς
3458 2471 3579 2543 πρὸ·
3603 2472 3753 2542 χρό-

2152 2582 2242 2619 νου
2288 2559 2404 2617 οἷδα
2448 2563 2762 2628 ἐπιστείλας
2790 2566 2859 2635 τῇ
2899 2561 3184 2634 θεοσεϐείᾳ
3223 2579 3318 2616 σου
3351 2561 3492 2616 κατὰ
3524 2562 3589 2619 τὸ
3614 2564 3754 2634 ἐμοὶ

2152 2656 2408 2709 δυνατόν’
2454 2655 2547 2709 καὶ
2594 2655 2755 2709 πλέον
2796 2656 3022 2709 ἐκείνων
3067 2655 3220 2708 οὐδὲν
3252 2656 3427 2709 εἰπεῖν
3465 2654 3750 2726 δύναμαιο

2153 2751 2251 2820 τῆς
2286 2747 2343 2800 δὲ
2382 2746 2483 2816 σῆς
2516 2746 2783 2811 συνέσεώς
2828 2747 2943 2799 ἐστὶ
2976 2746 3117 2800 κατά
3159 2746 3221 2800 τὸ
3266 2746 3461 2817 ίδίωμα
3492 2746 3597 2817 τῆς
3639 2764 3753 2799 πε-

2159 2840 2456 2912 ριστάσεως
2489 2839 2873 2894 ὲπιτείνειντά
2899 2840 3171 2909 ἐπιτίμια,
3201 2837 3234 2909 ἢ
3265 2837 3361 2895 καὶ
3391 2839 3613 2908 ὑφεῖναι

2224 2933 2353 2985 NE’.
2388 2933 2452 2985 0i.
2505 2934 2620 2995 τοῖς
2681 2930 2907 3002 λῃσταῖς
2961 2928 3409 2994 ἀντεπεξιὸντες,
3475 2928 3587 2993 ἔξω
3645 2930 3751 2999 μὲν

482 3022 702 3095 quidem
734 3022 883 3087 laici,
911 3038 943 3076 a
968 3023 1094 3077 boni
1125 3024 1517 3081 communione
1543 3034 1835 3089 arcentur;
1859 3025 1906 3081 si
1928 3040 2057 3079 vero

2179 3023 2310 3088 ἱντες
2347 3023 2508 3095 (Η),
2551 3024 2650 3094 τῆς
2699 3022 2985 3087 κοινωνίας
3036 3021 3312 3095 εἴργονται
3345 3022 3439 3078 τοῦ
3491 3021 3709 3091 ἀγαθοῦ
3734 3040 3748 3052 ·

480 3189 501 3208 .
554 3154 630 3224 (ὅ)
676 3151 801 3207 Τῶν
855 3154 1293 3223 νεορωτίστων.
1348 3154 1577 3210 Miratur
1632 3154 2053 3223 Tillemontius,

489 3224 639 3296 quod
661 3232 852 3277 auctor
880 3227 951 3278 sit
993 3224 1270 3297 Basilius,
1299 3232 1360 3297 ut
1397 3227 1713 3297 neapbytus
1749 3228 2061 3292 ordinetur,

487 3295 1014 3365 sibiqueobscntam
1055 3295 1223 3364 hujus
1261 3295 1365 3348 loci
1400 3295 1729 3350 sententiam
1774 3298 1945 3353 videri
1979 3301 2059 3354 fa-

488 3363 659 3421 tetur.
694 3363 800 3418 Sed
836 3363 1141 3434 temporum
1176 3365 1466 3421 diﬁicultas
1498 3367 1661 3436 bnjus
1695 3369 1768 3421 rei
1816 3372 2059 3424 necessi-

490 3445 658 3490 tatem
701 3436 975 3500 attulerat,
1002 3445 1089 3508 Aut
1134 3436 1307 3489 laicus
1328 3438 1424 3508 vel,
1450 3438 1613 3491 etiam
1647 3444 1976 3508 neophytns,
2013 3442 2058 3492 si

489 3508 652 3562 modo
677 3515 824 3561 esset
852 3505 1086 3561 exitnius
1122 3507 1371 3561 veritatis
1398 3507 1672 3573 defensor,
1708 3505 2061 3576 pt‘mt’erretur

490 3579 717 3639 clerico,
735 3584 836 3648 aut
866 3578 1056 3648 aliqua
1075 3578 1285 3631 erroris
1325 3577 1446 3632 labe
1489 3592 1739 3647 asperso,
1789 3588 1885 3633 aut
1932 3596 2065 3648 prae-

495 3648 653 3703 sidiis
683 3645 753 3699 ad
798 3646 919 3700 ﬁdei
970 3647 1345 3701 defensionem
1399 3645 1729 3703 necessariis
1773 3645 2058 3705 destituto.

498 3719 679 3790 Quare
702 3717 816 3790 haec
848 3715 1235 3790 verbaaQuod
1286 3718 1332 3769 si
1378 3720 1494 3787 quis
1551 3719 1621 3772 sit
1658 3723 2060 3790 ex_iteopltytis,

502 3789 645 3842 idem
675 3788 858 3841 valent
896 3801 993 3849 ac,
1020 3788 1201 3855 siquis
1237 3791 1308 3839 sit
1334 3790 1655 3855 episcopatui
1691 3787 1952 3846 idoneus;
1980 3789 2066 3845 Vi-

502 3857 1015 3930 tuperat‘ejusmodi
1057 3856 1430 3930 ordinationes
1478 3859 1712 3930 Siricius
1764 3876 1923 3930 papa,
1969 3860 2065 3915 sed

501 3938 684 3983 tamen
716 3927 914 3981 fatetur
939 3927 1210 3982 interdum
1239 3929 1309 3983 ob
1332 3929 1671 3983 imminentia
1692 3927 2065 3986 ab'ltiereticis

502 3998 743 4069 pericula
772 3998 1113 4069 necessarias
1148 3996 1342 4069 luisse.
1390 3996 1542 4069 Certe
1576 4001 1739 4053 etiam
1772 4000 1931 4065 illud,
1981 4002 2065 4055 in-

498 4066 621 4138 quit
650 4068 899 4138 incpist.
941 4066 994 4128 6,
1036 4083 1093 4121 n.
1145 4067 1202 4130 5,
1241 4085 1344 4121 non
1385 4068 1487 4136 fuit
1524 4071 2059 4137 praetermittendum,

498 4137 559 4192 ut
588 4137 724 4208 quod
762 4140 922 4191 semel
966 4148 1059 4190 aut
1101 4137 1331 4192 secundo
1378 4142 1662 4194 necessitas
1698 4140 2066 4195 luereticorum

498 4210 680 4262 intulit
728 4220 914 4281 contra
955 4208 1245 4281 apostolica
1291 4220 1572 4281 prqwepta,
1625 4211 1761 4264 velut
1806 4211 1911 4281 lege
1951 4212 2067 4265 lici-

502 4288 615 4351 tunt
659 4279 870 4351 cmpisse
907 4279 1180 4351 prwsumi,
1238 4278 1548 4351 neophgtum
1598 4281 1676 4334 vel
1716 4278 1930 4346 (dictum,
1976 4284 2067 4351 qui

502 4349 648 4403 nullo
684 4349 1037 4420 ecclesiastico
1084 4348 1297 4417 functus
1343 4348 1503 4418 fuerit
1541 4352 1731 4420 o/jicio,
1768 4348 2068 4407 inconside-

2159 3174 2251 3215 cra
2280 3171 2414 3213 vasa
2441 3157 2784 3223 custodiunt,
2818 3165 2914 3213 aut
2952 3161 3046 3229 qui
3081 3158 3344 3213 candelas
3388 3156 3702 3229 accendunt
3734 3196 3751 3218 ,

2160 3238 2255 3283 aut
2301 3229 2504 3298 quibus
2553 3231 2849 3283 commissa
2903 3228 3220 3284 sanctarum
3284 3228 3476 3281 altaris
3534 3228 3755 3280 torium

2161 3299 2432 3353 custodia.
2469 3299 2712 3353 Aristeni
2747 3301 3074 3353 sententiam
3137 3298 3466 3356 conﬁrmant
3498 3298 3620 3365 ipsa
3651 3312 3755 3350 ca-

2163 3369 2323 3423 nonis
2351 3370 2521 3422 verba
2543 3409 2557 3431 ,
2586 3368 2706 3422 Sive
2738 3371 2792 3421 in
2829 3369 3146 3431 ministerio,
3178 3367 3315 3438 quod
3350 3384 3607 3421 manuum
3642 3369 3756 3421 im-

2160 3439 2420 3507 positione
2458 3455 2561 3492 non
2591 3439 2773 3500 datur,
2806 3437 3341 3505 permaneantylnde
3389 3438 3538 3491 enim
3592 3445 3755 3506 patet

2166 3511 2401 3563 ulterius
2432 3524 2543 3562 non
2586 3510 2895 3578 promoveri
2937 3526 3033 3564 eos
3060 3511 3153 3579 qui
3186 3509 3239 3561 in
3268 3509 3373 3561 hoc
3422 3507 3759 3561 ministerio

2162 3588 2321 3632 erant
2343 3617 2357 3636 .
2391 3579 2489 3634 sed
2518 3581 2573 3634 in
2603 3593 2669 3633 eo
2715 3594 3035 3647 permanere
3056 3580 3249 3634 solitos
3283 3592 3408 3632 esse
3436 3595 3449 3630 :
3474 3579 3627 3647 quod
3675 3580 3755 3629 dc

2165 3650 2464 3703 lectoribus
2497 3658 2551 3703 ct
2598 3645 2922 3703 cantoribus
2968 3649 3075 3703 dici
3110 3664 3219 3703 non
3263 3655 3465 3717 potest.
3497 3645 3760 3700 Videtur

2167 3728 2347 3773 autem
2372 3719 2501 3771 huic
2537 3719 2737 3773 cauoni
2773 3721 2949 3773 locum
2974 3719 3194 3773 dedisse
3218 3726 3407 3773 exorta
3437 3717 3751 3778 dubitatio,

2165 3806 2234 3841 an
2267 3791 2323 3850 ii,
2352 3804 2491 3858 quos
2523 3789 2794 3857 ejusmodi
2819 3789 3186 3843 ministerium
3220 3803 3251 3840 a
3285 3786 3440 3841 laicis
3463 3801 3574 3839 non
3612 3792 3765 3839 mut-

2166 3867 2279 3913 tum
2310 3857 2660 3928 segregabat,
2689 3859 2879 3912 eodem
2919 3858 3044 3926 jure
3077 3874 3203 3913 esse
3229 3858 3523 3928 deberent,
3559 3872 3627 3928 ac
3653 3857 3759 3909 alii

2165 3926 2393 3992 clerici,
2429 3926 2631 3998 quibus
2665 3928 2722 3981 in
2749 3929 2937 3981 vitium
2973 3928 3146 3997 lapsis
3202 3928 3319 3982 sola
3381 3926 3767 3998 depositionis

2170 4014 2327 4068 pcena
2348 4041 2363 4063 ,
2396 3995 2503 4052 non
2536 3999 2754 4067 publica
2788 3995 3113 4066 pmnitentia
3165 3995 3576 4068 imponebatur.
3627 3995 3749 4049 Eo-

2166 4067 2287 4124 dem
2317 4070 2441 4137 jure
2461 4085 2585 4123 esse
2615 4069 2816 4122 debere
2852 4068 3172 4137 pronuntiat
3198 4067 3459 4121 Basilius.

2238 4135 2331 4208 (Si
2368 4137 2753 4207 Ἀχειροθέτῳ.
2786 4135 3152 4195 consentiunt
3186 4138 3243 4191 in
3276 4138 3559 4208 [ηις-νοω
3601 4135 3762 4204 opti-

2167 4205 2256 4261 nti'
2283 4205 2586 4278 quiqu’e’et
2626 4209 3000 4276 antiquissimi
3043 4208 3287 4263 codices.
3333 4205 3481 4259 Editi
3525 4207 3762 4277 ἀχειρο-

2166 4280 2394 4344 τονήτῳ.

2241 4297 2430 4419 (Erro
2465 4346 2776 4419 γεννηθέν.
2810 4361 2902 4419 διο
2929 4362 3084 4419 mss._
3101 4360 3321 4419 cumcos
3342 4355 3397 4419 et
3425 4343 3757 4419 Pandectis.

503 4429 616 4491 rate
649 4419 726 4472 rel
757 4415 1220 4491 presbyter-antqua
1258 4415 1541 4474 diaconum
1573 4415 1825 4475 ordinare
1859 4439 1877 4476 :
1912 4423 2060 4491 quasi

2179 4415 2392 4491 [degitur
2414 4415 2911 4491 in‘unoAcodicejco
2952 4416 3179 4491 κυηθεν.
3213 4415 3358 4469 Editi
3390 4415 3460 4491 τὸ
3489 4415 3757 4491 γεννηθένἐ

502 4488 741 4542 meliores
790 4490 1040 4554 apostolis
1088 4488 1231 4551 sint,
1297 4507 1523 4560 quorum
1582 4493 1813 4546 audeant
1862 4488 2069 4548 mutare

499 4570 835 4629 prleceptum.

576 4629 653 4699 (6)
682 4628 1123 4697 Παρεχομένου.
1145 4627 1241 4682 llic
1262 4629 1318 4682 in
1338 4630 1504 4685 editis
1536 4632 1820 4700 reponitur
1842 4634 2069 4686 totidem

502 4700 685 4756 verbis
712 4714 888 4753 canon
911 4700 1178 4760 decimus,
1213 4715 1337 4753 cum
1380 4701 1482 4755 hoc
1514 4711 1693 4755 tamen
1717 4703 2070 4765 discrimine,

503 4771 651 4841 quod
679 4771 735 4824 in
764 4784 974 4841 canone
997 4768 1212 4841 decimo
1244 4771 1447 4841 habent
1472 4786 1663 4827 omnes
1691 4773 1911 4827 codices
1939 4788 2070 4826 mss.

507 4838 565 4898 ἐι
591 4840 726 4896 editi
756 4839 858 4912 τᾲς
891 4838 1032 4893 κατά
1056 4839 1252 4912 λεπτὸν
1287 4840 1633 4912 προσθήκας.
1673 4842 1762 4895 hic
1786 4850 1968 4895 autem
2000 4845 2065 4897 ιθ.

507 4913 654 4983 gitur
688 4909 996 4983 συνθήκας,
1032 4911 1168 4983 inita
1201 4909 1687 4983 sigillatfnt'pacta.
1725 4912 1860 4983 Cum
1895 4924 2074 4967 autem

510 4981 697 5036 minus
728 4981 1018 5050 commode
1040 4981 1318 5035 videretur
1353 4982 1440 5035 hic
1475 4996 1654 5036 canon
1683 4982 1854 5050 repeti
1882 5025 1892 5045 ,
1917 4997 2075 5035 eum-

512 5068 620 5122 que
647 5066 750 5105 ncc
782 5052 924 5122 apud
949 5049 1324 5106 Balsamonem
1342 5091 1356 5111 ,
1396 5050 1664 5105 Zonaram
1683 5094 1696 5115 ,
1728 5049 2068 5114 Aristenum,

513 5121 617 5177 nec
669 5122 727 5175 in
766 5121 1039 5191 plerisque
1090 5122 1375 5175 codicibus
1425 5137 1560 5177 mss.
1596 5124 1904 5191 reperiatur
1948 5131 2076 5178 autc

512 5190 778 5270 canonesun
808 5190 898 5270 δι,
927 5193 1342 5270 espungendum
1367 5191 1645 5270 duximus.

587 5262 662 5333 (7)
687 5261 824 5315 Εἴτε
846 5261 917 5314 ἐν
939 5261 1171 5330 βαθμῷ.
1198 5262 1255 5316 In
1291 5262 1461 5330 gradu
1488 5263 1760 5317 collocant
1788 5261 2079 5316 Balsamon

515 5345 570 5388 et
599 5332 843 5387 Zonaras
877 5333 1245 5402 presbyteros,
1278 5335 1540 5388 diaconos
1574 5342 1626 5387 et
1661 5333 2033 5402 subdiaconus
2064 5350 2078 5388 :

515 5403 574 5458 in
607 5403 910 5457 ministerio
933 5401 1115 5456 autem
1139 5404 1258 5458 sine
1284 5402 1353 5455 im
1363 5405 1634 5473 positione
1669 5417 1933 5473 manuum
1953 5401 2083 5456 dato

518 5474 774 5533 lectores,
810 5480 1084 5534 cantores,
1120 5471 1403 5528 sacrorum
1438 5489 1694 5530 vasorum
1737 5471 2000 5528 custodes
2029 5483 2084 5527 et

521 5542 662 5616 alios
698 5541 988 5616 ejusmodi.
1020 5542 1557 5616 AlexinsAristenus
1586 5543 1940 5616 presbyteris,
1972 5543 2086 5596 dia-

519 5610 1131 5684 conisgeisubdiaconis
1175 5612 1424 5684 adjungit
1459 5610 1716 5671 cantores
1743 5610 1798 5670 et
1830 5615 2080 5676 lectores,

520 5680 579 5738 in
611 5681 874 5738 inferiore
906 5691 1091 5740 autem
1117 5680 1428 5743 ministerio
1463 5694 1718 5743 numerat
1749 5701 1847 5745 eos
1868 5685 1964 5757 qui
1993 5699 2084 5741 sa-

2173 4483 2274 4544 me
2296 4496 2478 4542 autem
2518 4488 2695 4543 fusius
2722 4488 2963 4556 explicat
2995 4483 3233 4543 Basilius
3260 4483 3408 4556 quod
3433 4483 3655 4543 canone
3684 4486 3765 4540 53

2172 4560 2440 4615 edixerat.

2245 4629 2356 4697 HO)
2409 4630 2479 4684 Ἡ
2520 4628 2679 4697 χήρα
2717 4628 2928 4695 δούλη.
2961 4627 3103 4680 Idem
3148 4625 3260 4694 jam
3292 4631 3568 4697 statuerat
3603 4624 3767 4679 Basi-

2174 4696 2283 4752 lius
2303 4738 2317 4759 ,
2339 4695 2473 4752 'can.
2508 4695 2613 4763 5t),
2643 4699 2711 4753 de
2749 4698 2912 4751 vidua
2939 4737 2953 4761 ,
2985 4712 3107 4767 qua:
3139 4695 3366 4767 secundi
3400 4695 3600 4764 cupida
3638 4713 3726 4747 ma
3746 4726 3762 4736 -

2177 4769 2423 4822 trimonii
2450 4809 2463 4829 ,
2489 4770 2584 4823 sed
2619 4768 2948 4823 verecundia
2975 4766 3239 4837 quadam.
3264 4772 3324 4819 ut
3346 4766 3756 4837 interpretatur

2178 4838 2471 4892 Balsamon
2495 4880 2510 4904 ,
2541 4840 2610 4893 ab
2638 4853 2703 4892 eo
2741 4834 3290 4893 ineundo—deterrita
3337 4834 3425 4904 ad,
3454 4845 3649 4903 raptus
3680 4837 3761 4889 si-

2180 4903 2537 4963 mulationem
2569 4908 2835 4977 coniugit.
2871 4908 3029 4973 Quod
3061 4918 3242 4961 autem
3277 4907 3354 4977 ait
3380 4903 3523 4977 idem
3552 4904 3765 4977 Balsa—

2181 4995 2306 5032 mon
2346 4979 2487 5033 hanc
2515 4973 2763 5032 vitluam'
2782 4978 2915 5047 olim
2964 4978 3208 5047 quidem
3236 4975 3495 5047 ancillam
3546 4973 3723 5029 fuisse
3744 5015 3761 5036 .

2180 5050 2275 5103 sed
2304 5049 2469 5104 tacite
2495 5049 2719 5103 liberam
2742 5087 2757 5113 ,
2787 5044 3011 5103 domino
3056 5046 3262 5116 primis
3282 5044 3489 5113 nuptiis
3519 5059 3729 5099 censen

2182 5118 2350 5172 tiente
2370 5159 2384 5184 ,
2409 5119 2652 5173 evasisse
2677 5157 2692 5181 ,
2734 5117 2789 5171 id
2817 5125 2872 5171 et
2898 5114 3086 5171 Basilii
3118 5114 3300 5171 verbis
3331 5125 3603 5185 repugnat
3623 5154 3639 5177 ,
3666 5116 3761 5184 qui

2181 5204 2300 5242 eam
2330 5189 2657 5242 nominatim
2697 5188 2956 5242 ancillam
3002 5196 3197 5247 vocat,
3228 5193 3284 5238 et
3337 5200 3367 5237 a
3395 5183 3648 5238 ’ZOnara
3687 5183 3761 5237 ac

2182 5258 2373 5312 Alexio
2416 5259 2678 5315 Aristono
2723 5257 3016 5318 refellitur.
3062 5256 3155 5326 qui
3198 5263 3329 5326 tum
3361 5253 3585 5326 demum
3635 5255 3765 5308 huic

2183 5327 2361 5382 vidua).
2389 5329 2602 5383 veniam
2633 5328 2858 5385 concedi
2890 5323 3216 5383 existimant
3240 5365 3256 5391 ,
3286 5323 3334 5379 si
3365 5323 3485 5378 beri
3528 5339 3768 5381 consen-

2186 5413 2283 5454 sus
2304 5398 2551 5453 accedat.
2807 5414 2817 5425 ο

2259 5467 2371 5537 (ll)
2414 5467 2573 5532 ’Έξω
2599 5466 2717 5537 μὲν
2755 5466 2946 5533 ὄντες.
2979 5465 3271 5537 Balsamon
3299 5471 3360 5537 et
3401 5462 3665 5537 Zonaras
3707 5464 3765 5517 in

2187 5533 2479 5594 Pandectis
2512 5533 2752 5593 habent:
2787 5537 2934 5603 Ἔξω
2964 5538 3063 5607 μὲν
3088 5533 3763 5607 δντεςῄτῆςμῈκκλησίας.

2187 5613 2462 5681 εἴργονται
2484 5609 2598 5681 ’τῆς
2626 5602 2908 5672 κοινωνίας
2939 5602 3032 5681 που
3059 5602 3286 5681 ἁγαθοῦο
3331 5604 3531 5681 δίδξηι
3562 5602 3767 5681 quidem

2189 5674 2343 5738 citra
2367 5674 2661 5736 Ecclesium
2681 5719 2696 5748 ,
2722 5691 2969 5735 arcentur
2994 5674 3113 5735 boni
3145 5674 3530 5731 communione.
3564 5674 3764 5746 Legen-
