3862 6220
84 243 210 299 797

987 200 1481 307 EPISTOLARUM
1520 250 1817 310 CLASSIS
1847 255 1908 311 ll.
1953 255 2171 312 EPIST.
2213 257 2462 314 CCXVII.

3280 269 3376 330 793

79 356 370 427 κληρικοὶ
406 355 463 409 δὲ
496 356 673 425 ὄντες,
714 358 810 413 τοῦ
857 359 1068 434 βαθμοῦ
1110 363 1519 439 καθαιροῦνται.
1572 366 1698 434 Πᾶς

1802 370 2026 436 clerici,
2060 386 2089 423 a
2135 373 2307 441 gradu
2342 358 2706 441 'dejieiuntur.
2771 374 3025 446 Quisquis
3071 380 3240 438 enim.
3292 399 3371 435 Ill-

78 451 238 515 τὰρ,
278 448 469 518 φησὶν,
512 451 545 503 ό
586 449 790 505 λαϐὼν
820 451 1124 525 μάχαιραν
1156 457 1227 510 ἐν
1262 459 1524 528 μαχαίρᾳ
1554 459 1702 514 ἀπο-

1802 463 1957 534 quit,
1988 463 2228 534 gladium
2262 466 2496 533 accepit,
2530 466 2709 536 gladio
2737 469 2927 536 peribit
2958 472 3021 525 “.

81 539 399 596 θανεῖται.

171 632 328 700 NG’.
354 634 428 686 .‘U
454 634 720 700 ἑκουσίως
748 637 1039 706 φονεύσας,
1076 640 1216 713 μετὰ
1248 643 1307 696 δὲ
1330 642 1492 698 τοῦτο
1532 662 1700 717 μετα-

90 722 406 794 μεληθεὶς,
465 725 673 782 εἴκοσιν
724 728 904 783 ἔτεσιν
967 733 1333 806 ἀκοινώνητος
1384 735 1537 790 ἔσται
1586 739 1699 800 τοῖς

86 817 438 886 ἁγιάσμασι.
487 817 569 871 Τά
618 818 678 872 δὲ
728 818 936 876 εἴκοσιν
972 821 1066 896 ἔτη
1117 823 1292 890 οὕτως
1337 827 1699 900 οἰκονομηθή-

92 924 263 961 σεται
318 910 411 962 ἐπ’
446 909 621 981 αύτῷ.
676 913 764 966 Ἐν
817 913 1111 987 τέσσαρσιν
1149 916 1299 971 ἔτεσι
1348 919 1698 990 προσκλαίειν

90 1001 336 1070 ὀφείλει,
380 1002 485 1068 ἔξω
521 1003 623 1076 τῆς
654 1003 823 1077 θύρας
855 1007 1029 1073 ἑστὼς
1064 1008 1160 1063 τοῦ
1191 1011 1484 1083 εύκτηρίου
1522 1011 1695 1078 οίκου,

89 1094 200 1147 καὶ
231 1092 349 1148 τῶν
379 1095 660 1151 εἶσιόντων
697 1095 911 1153 πιστῶν
936 1096 1190 1173 δεόμενος
1225 1102 1391 1175 εὐχὴν
1425 1103 1567 1176 ὑπὲρ
1598 1105 1698 1158 αὐ-

87 1185 198 1239 τοῦ
250 1187 562 1255 ποιεῖσθαι,
610 1189 951 1264 ἐξαγορεύων
998 1193 1099 1265 τὴν
1155 1194 1293 1250 ἰδίαν
1328 1197 1694 1268 παρανομίαν.

90 1270 264 1333 Μετὰ
293 1279 353 1333 δὲ
378 1279 452 1334 τὰ
473 1281 719 1353 τέσσαρα
760 1282 855 1355 ἐτη
902 1286 983 1349 είς
1019 1285 1149 1349 τοὺς
1180 1286 1569 1358 ἀκροωμένους
1608 1288 1696 1341 δε-

90 1370 373 1442 χθῆσεται
394 1390 413 1403 σ
443 1374 538 1427 καὶ
581 1376 649 1428 ἐν
683 1372 847 1430 πέντε
896 1375 1040 1431 ἔτεσι
1087 1377 1209 1450 μετ’
1250 1379 1433 1433 αὐτῶν
1481 1380 1697 1445 ἐξελεύ-

93 1479 285 1517 σεται.
315 1465 406 1518 Ἐν
439 1465 582 1519 ἐπτά
607 1466 752 1520 ἔτεσι
792 1467 931 1539 μετὰ
959 1468 1071 1522 τῶν
1100 1468 1159 1524 ὲν
1188 1470 1501 1525 ύποπτώσει
1530 1489 1699 1544 προσ-ι

93 1556 405 1628 ευχόμενος
433 1557 548 1631 (12)
571 1555 932 1627 ἐξελεύσεται.
958 1562 1048 1617 Ἐν
1071 1563 1339 1637 τέσσαρσι
1366 1567 1696 1636 συστήσεται

1876 636 2005 694 LVI.
2035 638 2142 704 Qui
2170 639 2481 694 voluntarie
2530 640 2843 703 interiecit,
2870 653 2926 698 et
2971 656 3155 714 postea
3203 648 3367 718 pruni-

1802 733 1967 786 tentia
2031 734 2233 787 ductus
2274 741 2396 799 e‘st,
2451 734 2610 788 annis
2659 734 2851 807 viginti
2911 751 3375 797 sacramentorum

1800 834 1913 878 non
1963 825 2071 879 erit.
2128 825 2429 896 particeps.
2460 824 2662 897 Viginti
2700 837 2885 884 autem
2932 832 3060 885 anni
3097 834 3179 888 sic
3225 833 3279 887 in
3313 850 3375 888 eo

1799 917 2293 986 dispensabuntur.
2338 918 2515 975 Annis
2551 929 2792 990 quatuor
2823 920 2953 977 ﬂere
2996 924 3184 986 debet,
3224 935 3375 981 stans

1799 1018 1954 1065 extra
1986 1009 2134 1065 fores
2174 1010 2371 1067 domus
2403 1014 2673 1070 orationis
2697 1057 2711 1081 ,
2746 1023 2801 1069 et
2843 1015 3211 1087 ingredientes
3247 1017 3375 1072 ﬁde-

1799 1103 1879 1158 les
1910 1118 2111 1174 rogaus
2134 1144 2150 1169 ,
2182 1110 2243 1157 ut
2275 1118 2374 1174 pro
2397 1107 2517 1175 ipso
2541 1114 2852 1175 precentur,
2882 1124 3149 1178 suamque
3176 1108 3368 1180 iniqui-

1799 1202 1965 1250 tatem
2003 1197 2294 1251 conlitens.
2346 1195 2479 1252 Post
2520 1208 2757 1268 quatuor
2801 1207 2983 1255 autem
3032 1216 3206 1256 annos
3238 1203 3375 1257 inter

1798 1284 2090 1341 audientes
2122 1286 2438 1355 recipietur,
2475 1296 2531 1341 et
2563 1289 2809 1359 quinque
2857 1290 3018 1345 annis
3069 1304 3193 1345 cum
3241 1292 3376 1362 ipsis

1797 1375 1988 1429 exibit.
2021 1376 2216 1431 Annos
2244 1384 2451 1447 septem
2488 1394 2596 1432 una
2626 1395 2751 1434 cum
2794 1380 2886 1443 iis,
2918 1382 3013 1450 qui
3041 1381 3095 1435 iu
3128 1383 3365 1437 substra-

1796 1467 1950 1521 tioue
1978 1474 2129 1533 sunt,
2159 1481 2329 1522 orans
2359 1469 2694 1539 egredietur.
2728 1470 2920 1526 Annos
2948 1480 3187 1542 quatuor
3212 1475 3373 1529 stabit

1798 1556 1980 1611 solum
2021 1570 2153 1611 cum
2188 1556 2476 1623 ﬁdelibus,
2508 1559 2604 1615 sed
2634 1560 2930 1616 oblationis
2966 1577 3074 1616 non
3107 1563 3214 1617 erit
3251 1578 3365 1634 par-

98 1650 273 1720 μόνον
316 1653 439 1716 τοῖς
466 1655 699 1719 πιστοῖς,
736 1656 1056 1727 προσφορᾶς
1090 1656 1147 1710 δὲ
1188 1655 1251 1710 ού
1302 1658 1690 1729 μεταλήψεται.

1803 1650 2001 1721 ticeps.
2038 1649 2139 1707 His
2165 1660 2351 1708 autem
2376 1653 2610 1723 expletis
2637 1654 2915 1726 particeps
2933 1656 3039 1710 erit
3066 1672 3376 1712 sacramen-

92 1743 516 1816 Πληρωθέντων
547 1745 605 1799 δὲ
647 1745 854 1802 τούτων
903 1747 1119 1819 μεθέξει
1160 1749 1270 1803 τῶν
1314 1751 1690 1823 ἀγιασμάτων.
1726 1738 1771 1792 Β
1798 1751 2004 1798 ιοτυῐηο
2973 1760 2975 1763 ’

170 1835 303 1890 NZ'.
346 1836 408 1889 '0
454 1836 731 1900 ἀκουσίως
771 1837 1041 1907 φονεύσας
1078 1843 1135 1895 ὲν
1180 1840 1314 1896 δέκα
1358 1841 1535 1897 ἔτεσιν
1581 1844 1692 1916 (15)

94 1924 476 1995 ἀκοινώνητος
523 1925 680 1981 ἔσται
735 1926 847 1982 τῶν
888 1929 1273 2001 ἁγιασμάτων.
1319 1933 1695 2008 Οἰκονομηθή-

97 2031 259 2071 σεται
288 2016 347 2070 δὲ
381 2018 453 2071 τὰ
499 2018 633 2073 δέκα
675 2019 771 2091 ἔτη
808 2021 895 2074 ἐπ’
932 2021 1081 2093 αὐτῷ
1115 2022 1279 2076 οὕτω.
1312 2023 1417 2078 Δύο
1465 2025 1564 2097 μὲν
1598 2026 1695 2098 ἔτη

99 2110 510 2180 προσκλαύσει·
542 2112 671 2182 τρία
702 2112 761 2166 δὲ
796 2112 894 2184 ἔτη
924 2114 1035 2185 (14)
1075 2116 1133 2169 ὲν
1161 2116 1536 2189 ἀκροωμένοις
1578 2118 1699 2173 δια-

96 2200 354 2270 τελέσει,
393 2202 688 2276 τέσσαρσιν
721 2205 1065 2274 ὑποπίπτων,
1101 2211 1195 2260 καὶ
1221 2208 1463 2281 ἐνιαυτῷ
1494 2228 1695 2265 συστα-

99 2292 334 2364 θήσεται
394 2294 586 2365 μόνον’
631 2297 728 2349 καὶ
765 2295 845 2369 τῷ
896 2297 1023 2368 ἑξῆς
1074 2299 1156 2363 είς
1198 2299 1269 2353 τά
1324 2298 1459 2370 ἆγια
1498 2301 1695 2375 δεχθή-

101 2398 286 2436 σεται.

171 2474 308 2528 ΝΗ’.
351 2473 411 2527 '0
441 2474 738 2545 μοιχεύσας
768 2479 827 2531 ἐν
850 2483 909 2531 ιε’
936 2476 1116 2532 ἔτεσιν
1142 2478 1508 2552 ἀκοινώνητος
1538 2480 1694 2538 ἔσται

101 2565 216 2618 τῶν
250 2565 616 2637 ἀγιασμάτων
647 2566 761 2640 (15)
783 2583 798 2599 ο
840 2569 899 2623 ὲν
927 2569 1192 2643 τέσσαρσι
1225 2570 1324 2643 μὲν
1345 2572 1693 2644 προσκλαίων

100 2656 305 2723 ἔτεσιν,
330 2660 390 2711 ἐν
416 2659 582 2713 πέντε
619 2659 676 2713 δὲ
709 2661 1061 2734 ἀκροώμενος
1082 2679 1097 2694 ”
1134 2665 1193 2717 ὲν
1234 2663 1529 2737 τέσσαρσιν
1563 2666 1695 2720 ὑπο-

104 2751 344 2819 πίπτων,
370 2753 431 2808 ἐν
456 2748 579 2807 δυσὶ
609 2752 887 2817 συνεστὼς
911 2753 1042 2808 ἄνευ
1071 2756 1373 2819 κοινωνίας.

174 2844 304 2897 ΝΘ.
335 2845 396 2898 Ὀ
429 2846 634 2918 πόρνος
683 2847 742 2900 ἐν
785 2845 929 2899 ἑπτὰ
964 2847 1142 2902 ἐτεσιν
1167 2848 1286 2917 (16)
1331 2849 1696 2924 ἀκοινώνητος

103 2934 258 2989 ἔσται
293 2936 400 2991 τῶν
454 2939 816 3010 ἀγιασμάτων
838 2957 853 2971 ·
889 2938 985 2992 δύο
1026 2942 1375 3012 προσκλαίων
1401 2983 1417 3009 ,
1471 2947 1566 2999 καὶ
1601 2944 1694 3001 δύο

104 3029 494 3138 ἀκροώμενος·
538 3032 632 3085 καὶ
665 3030 761 3084 δύο
789 3032 1143 3099 ὑποπίπτων,
1171 3035 1267 3088 καὶ
1297 3036 1378 3089 ἐνὶ
1423 3036 1695 3102 συνεστὼς
1721 3077 1767 3138 C

107 3121 270 3192 μόνον
289 3140 304 3153 -
337 3123 418 3196 τῷ
446 3123 619 3194 ὀγδόῳ
651 3123 977 3196 δεχθήσεται
1005 3127 1085 3187 εἰς
1110 3125 1210 3195 τὴν
1240 3128 1550 3183 κοινωνίαν.

172 3210 251 3268 Ξ¹.
297 3214 362 3267 Ἡ
390 3214 695 3287 παρθενίαν
710 3215 1120 3286 ὁμολογήσασα,
1146 3218 1242 3270 καὶ
1265 3219 1574 3273 ἐκπεσοῦσα
1597 3221 1699 3291 τῆς

106 3305 445 3375 ἐπαγγελίας
468 3347 483 3371 ,
523 3307 618 3361 τὸν
662 3308 853 3380 χρόνον
883 3306 977 3362 τοῦ
1013 3309 1108 3362 ἐπὶ
1148 3308 1250 3379 τῆς
1301 3310 1547 3381 μοιχείας
1583 3310 1695 3381 (17)

178 3445 219 3475 ¹¹
262 3442 456 3498 Matth.
495 3461 657 3509 XXVI,
696 3443 785 3500 52.

108 3578 235 3632 dum
294 3576 613 3648 pronuntiat
648 3576 1014 3633 Combeiisius
1068 3580 1169 3648 τῆς
1228 3578 1600 3648 Ἐκκλησίας,
1641 3588 1696 3635 et

108 3649 400 3703 delendum
438 3647 540 3717 τῆς
561 3648 867 3709 κοινωνίας.
911 3647 1202 3703 Couseutit
1227 3647 1452 3704 Alexius
1483 3652 1697 3712 Aristcs

108 3735 213 3774 nus
242 3734 368 3771 cum
399 3719 663 3773 omnibus
692 3720 900 3773 nostris
924 3720 1213 3774 codicibus
1253 3735 1388 3774 mss.
1424 3728 1481 3773 et
1506 3721 1691 3775 editis.

110 3788 331 3862 Legitur
355 3797 542 3862 tamen
593 3790 811 3862 inuno
849 3790 1164 3862 autgaltero
1206 3789 1403 3862 codice
1437 3789 1548 3862 eam,
1594 3792 1696 3862 μὲν

108 3856 258 3923 ὄντες
276 3903 291 3925 ,
322 3857 599 3931 εἴργονται
631 3860 732 3929 τῆς
757 3860 1044 3924 κοινωνίας
1072 3859 1166 3912 τοῦ
1194 3856 1423 3928 ἀγαθοῦ.
1450 3860 1553 3915 Sed
1582 3856 1694 3915 lich

112 3931 619 4001 scripzura‘eodem
658 3931 804 3984 redit
861 3946 924 3983 ac
959 3932 1204 3999 vulgata.
1236 3931 1504 3985 Czeterum
1552 3934 1695 3986 lianc

110 3994 280 4071 legem
324 3994 617 4071 Balsamon
659 4001 828 4055 variis
862 3994 1418 4071 interpretationibus
1470 4002 1693 4056 demiti-

111 4070 220 4143 gat,
249 4085 409 4140 aequo
441 4070 723 4143 duriorem
754 4072 1034 4126 existimat
1067 4070 1342 4143 Zonaras;
1377 4073 1511 4125 nihil
1549 4072 1602 4126 in
1628 4088 1694 4126 ea

110 4142 861 4211 animadvertit_Aristenus,
918 4143 1065 4211 quod
1096 4149 1191 4194 aut
1240 4142 1543 4197 obscurum
1599 4156 1690 4197 aut

110 4209 625 4283 reprehendendum
654 4211 927 4267 videatur.

176 4281 290 4354 (12)
331 4284 877 4354 έΙροο-ευχόμειτος.
921 4281 1016 4335 Sic
1076 4296 1213 4336 mss.
1279 4298 1495 4337 summo
1550 4298 1695 4354 con-

114 4349 299 4424 sensu.
330 4349 516 4424 Edit’i_,
563 4349 811 4424 exceptis
849 4352 1179 4416 Pandectis,
1214 4353 1688 4424 προσευχομένων.

1868 1832 2031 1890 LVII.
2074 1833 2179 1901 Qui
2225 1850 2335 1891 non
2365 1838 2681 1894 voluntarie
2717 1837 3031 1903 interiecit,
3065 1854 3161 1908 per
3186 1838 3377 1894 decem

1800 1940 1980 1981 annos
2028 1935 2504 1982 sacramentorum
2558 1943 2670 1981 non
2716 1930 2823 1982 erit
2882 1928 3178 1998 particeps.
3233 1927 3376 1980 Auni

1797 2023 1983 2070 autem
2012 2018 2205 2072 decem
2242 2017 2406 2072 sicin
2439 2032 2506 2073 eo
2537 2017 3028 2089 dispensabuutur.
3069 2015 3217 2070 Duos
3257 2016 3379 2086 qui-

1797 2107 1920 2162 dem
1951 2122 2132 2163 annos
2169 2108 2355 2175 ﬂebit,
2387 2116 2501 2164 tres
2527 2117 2711 2164 autem
2746 2123 2923 2163 annos
2970 2108 3114 2162 inter
3152 2106 3376 2163 audien-

1796 2209 1882 2257 tes
1911 2202 2326 2272 perseverabit,
2355 2212 2594 2273 quatuor
2628 2202 2964 2267 substratus,
2992 2210 3047 2257 et
3082 2217 3226 2258 anno
3268 2219 3379 2257 uno

1796 2296 2066 2350 consistet
2114 2302 2367 2363 tantum;
2397 2303 2453 2350 et
2510 2295 2774 2367 deinceps
2808 2296 2874 2349 ad
2931 2303 3123 2350 sancta
3181 2293 3378 2348 admit-

1795 2393 1962 2442 tetur.

1867 2476 2052 2535 LVIII.
2088 2477 2191 2546 Qui
2240 2479 2553 2535 mmcbatus
2575 2489 2691 2544 est,
2726 2495 2824 2550 per
2852 2477 3163 2549 quindecim
3205 2494 3380 2536 annos

1796 2581 2273 2627 sacramentorum
2301 2587 2413 2626 non
2444 2571 2552 2626 erit
2583 2572 2863 2642 particeps
2896 2589 2909 2625 :
2939 2579 3178 2642 quatuor
3219 2572 3380 2627 annis

1797 2660 1967 2728 ﬂens,
2005 2661 2252 2733 quinque
2304 2662 2572 2726 audiens,
2606 2672 2845 2733 quatuor
2890 2663 3209 2718 substratus
3234 2701 3249 2726 ,
3287 2678 3379 2732 per

1795 2750 1938 2804 duos
1971 2752 2287 2807 consistens
2311 2754 2432 2806 sine
2456 2753 2867 2807 communione.

1802 2846 1805 2847 ⁷
1871 2834 2006 2897 LIX.
2073 2842 2399 2900 Fornicator
2448 2853 2655 2916 septem
2704 2847 2865 2901 annis
2912 2854 3379 2901 sacramentorum

1796 2949 1907 2987 non
1959 2934 2067 2989 erit
2102 2936 2378 3005 particeps
2405 2974 2421 3001 ,
2456 2935 2676 2991 duobus
2714 2935 2852 2993 ﬂens
2876 2977 2891 3001 ,
2930 2945 2984 2991 et
3024 2936 3239 2991 duobus
3285 2952 3380 2989 au-

1798 3021 1992 3091 diens,
2027 3034 2086 3082 et
2136 3026 2357 3084 duobus
2413 3028 2753 3095 substratus,
2804 3036 2861 3084 et
2908 3044 3016 3083 uno
3070 3028 3384 3083 consistens

1798 3127 2014 3171 tantum
2037 3136 2049 3172 :
2077 3126 2270 3174 octavo
2305 3120 2373 3174 ad
2396 3120 2847 3175 communionem
2877 3120 3216 3175 admittetur.

1868 3198 1982 3261 LX.
2047 3205 2181 3273 Quae
2235 3209 2610 3279 virginitatem
2664 3207 2957 3279 professa,
3010 3223 3042 3262 a
3107 3224 3208 3264 suo
3255 3225 3384 3278 pro-

1797 3301 1971 3357 misso
2001 3301 2159 3371 lapsa
2190 3310 2275 3357 est
2299 3341 2319 3366 ,
2354 3302 2569 3372 peccati
2615 3298 2879 3356 adulterii
2908 3312 3122 3371 tempus
3159 3302 3213 3355 in
3243 3317 3380 3356 cun-

1798 3578 2042 3634 secundo
2069 3588 2309 3648 quatuor
2333 3578 2460 3631 anni
2484 3617 2500 3639 ,
2526 3587 2731 3647 septem
2766 3578 2820 3631 in
2860 3579 3033 3633 altero
3055 3578 3371 3648 decernan-

1797 3658 1909 3710 tur,
1953 3646 2101 3718 quod
2144 3647 2383 3703 Basilius
2439 3649 2492 3702 in
2544 3646 2806 3705 vicesimo
2855 3646 3098 3703 secundo
3152 3650 3381 3717 antiqua

1797 3718 2019 3773 Patrum
2052 3719 2251 3786 placita
2286 3727 2574 3788 sequatur,
2599 3734 2757 3773 suam
2800 3721 2854 3772 in
2887 3720 3060 3773 altero
3098 3720 3377 3788 propriam

1798 3789 2129 3844 sententiam
2199 3797 2460 3858 exponat.
2545 3788 2809 3843 Eumdem
2894 3789 3041 3843 hunc
3112 3804 3379 3843 canuneni

1795 3860 2024 3914 Alexius
2053 3859 2346 3913 Aristenus
2369 3900 2384 3923 ,
2427 3867 2489 3912 ut
2527 3860 2738 3929 clarum
2770 3869 2823 3912 et
2860 3861 3209 3929 perspicuum
3236 3900 3251 3922 ,
3282 3876 3380 3912 ne—

1798 3941 1889 3999 gat
1913 3929 2281 3999 explicatione
2303 3929 2576 3999 indigere.
2610 3928 2841 3983 Videbat
2862 3928 3129 3983 nimirum
3174 3929 3380 3983 doctis-

1798 3998 2244 4069 siimus’scriptor
2289 3998 2568 4068 duplicem
2603 4016 2633 4053 a
2668 4000 2873 4053 Basilio
2900 3999 3166 4068 distingui
3212 3999 3360 4054 furni

1796 4071 2069 4140 cationem
2098 4111 2112 4132 ,
2159 4069 2418 4123 leviorem
2456 4070 2728 4134 alteram,
2776 4070 3003 4124 alteram
3047 4070 3376 4140 graviorem.

1797 4139 1998 4195 Levior
2031 4141 2255 4203 dicitur,
2289 4140 2578 4209 quaeinter
2607 4154 2871 4209 personas
2905 4139 3260 4195 matrimonio
3283 4157 3379 4195 so-

1798 4212 1945 4282 lutas
1979 4213 2382 4282 committitur:
2415 4211 2652 4282 gravior,
2686 4224 2810 4265 cum
2839 4211 3116 4282 conjugati
3138 4212 3379 4267 hominis

1798 4280 1968 4335 libido
2014 4281 2070 4334 in
2120 4281 2406 4335 mulierem
2455 4280 2694 4335 solutam
2732 4280 3210 4351 erumpitfPriori
3248 4283 3379 4336 anni

1798 4360 2058 4421 quatuor,
2093 4358 2302 4421 septem
2339 4351 2499 4405 alteri
2541 4349 2924 4421 imponuntur.
2954 4349 3245 4407 Manifesta
3287 4368 3378 4407 res

113 4422 308 4479 Lenior
347 4430 434 4477 est
464 4420 717 4477 Basilius
747 4437 911 4493 quam
963 4424 1207 4492 synodus
1246 4420 1534 4494 Aiicyr‘aiia
1568 4441 1691 4493 quae
1727 4422 1769 4479 D
1797 4420 1880 4477 est
1910 4438 1976 4477 ex
2001 4420 2213 4476 canone
2250 4423 2342 4485 2|,
2374 4420 2468 4476 ubi
2498 4420 2777 4494 coniugati
2806 4433 3106 4494 peccatum
3136 4438 3262 4494 cum
3288 4438 3380 4494 so-

112 4494 443 4549 voluntariis
505 4494 750 4548 caedibus
808 4495 1254 4548 communionem
1304 4494 1361 4547 in
1412 4495 1518 4549 line
1568 4496 1693 4549 vitae

114 4566 387 4621 concedit.

179 4636 293 4708 (15)
315 4636 441 4708 ΑἘν
460 4632 609 4708 δέκα
630 4635 815 4689 ἔτεσι.
849 4632 1106 4705 Synodus
1129 4633 1422 4704 Ancyratia
1447 4634 1693 4708 quinque

114 4706 282 4761 annos
314 4706 552 4776 imponit
599 4707 1313 4776 huic_peccat9‘:‘septem
1356 4720 1385 4756 a
1442 4707 1692 4773 patribus

113 4773 411 4847 impositos
441 4784 695 4831 testatur.
737 4773 995 4829 Séverior
1024 4774 1110 4829 his
1150 4773 1394 4847 Basilius
1425 4790 1437 4825 :
1471 4790 1580 4847 non
1610 4785 1692 4829 ta-

112 4844 234 4902 iue'n
267 4846 488 4902 videtur
525 4847 718 4902 eadem
744 4859 909 4914 paena
933 4860 1130 4898 omnes
1158 4844 1565 4900 invnluntarias
1587 4862 1692 4900 cae-

112 4920 203 4973 des
231 4916 697 4987 comprehendere
715 4956 732 4975 .
762 4930 902 4984 quas
931 4929 1145 4987 canone
1182 4915 1215 4968 8
1245 4917 1566 4981 recensuit,
1593 4918 1689 4971 sed

113 5005 201 5045 eas
228 4986 476 5055 tantum,
503 4998 643 5057 qnas
681 4987 883 5041 ibidem
911 4986 981 5040 ad
1015 4987 1391 5040 voluntarium
1426 4987 1691 5043 accedere

112 5061 374 5114 declarat.

176 5129 290 5199 (ιι)
336 5128 475 5197 τρια
504 5126 573 5180 δὲ
608 5127 733 5195 ἐτη.
773 5114 869 5182 Sic
916 5141 1053 5181 mss.
1097 5125 1293 5182 melius
1340 5114 1506 5197 quam
1555 5127 1688 5195 editi

110 5204 230 5272 τρία
243 5200 363 5272 ,μὲνΔ
381 5201 497 5272 ἐτη·

178 5264 290 5339 (15)
326 5264 881 5340 Τῶναγιασμιίτωτς.
911 5264 1057 5340 Ἐξὰίιί
1087 5266 1297 5340 addunt
1328 5266 1689 5340 οἰκονομηθή-

114 5357 258 5395 σεται
272 5334 352 5394 ’τὰ
382 5345 445 5393 ιε’
476 5334 570 5410 ἐτη
597 5334 685 5392 ἐπ’
718 5334 1100 5410 αὐτῷοῦτως,
1121 5337 1419 5410 quindecim
1449 5334 1584 5391 an'ni‘
1609 5334 1688 5393 sic

116 5413 161 5464 in
182 5429 243 5466 eo
276 5405 890 5480 dispensab'untur.Sed
920 5405 1178 5480 liaecnon
1209 5408 1470 5480 leguntur
1498 5410 1604 5464 nisi
1630 5410 1686 5464 in

115 5477 512 5538 recentioribus
552 5478 835 5535 nonnullis
861 5477 1167 5534 codicibus.

180 5552 293 5622 (16)
344 5553 448 5622 Ἐν
488 5551 638 5605 ἑπτὰ
686 5549 909 5603 ἐτεσιν.
953 5548 1232 5622 Ιλιῲοηιηι
1287 5548 1585 5622 Balsanion
1630 5558 1685 5606 et

117 5619 351 5677 Zonaras
379 5621 443 5680 in
485 5622 589 5676 hoc
620 5635 834 5676 canone
863 5620 1212 5676 conciliando
1245 5634 1373 5674 cum
1417 5619 1683 5676 vicesimo

117 5694 368 5761 secundo,
407 5701 570 5763 atque
602 5692 657 5749 id
693 5706 875 5749 causa:
906 5689 1174 5759 alierum,
1207 5706 1308 5747 cur
1337 5689 1392 5745 in
1419 5690 1681 5749 vicesimo

1801 4494 1912 4564 luta
1945 4493 2650 4564 fornicationemrappellat
2692 4491 2965 4556 Basilius,
3002 4507 3067 4547 ac
3116 4493 3379 4564 longiori-

1796 4563 1901 4618 bus
1927 4563 2107 4632 ptenis
2154 4563 2438 4627 coerceri,
2490 4577 2603 4617 non
2649 4570 2833 4632 tamen
2879 4564 3054 4619 instar
3084 4563 3374 4626 adulterii,

1797 4631 2053 4688 testatur.
2092 4632 2148 4687 In
2199 4647 2411 4687 canone
2455 4645 2641 4687 autem
2686 4631 2753 4704 77
2785 4648 2911 4704 eum
2942 4634 3037 4703 qui
3079 4634 3376 4704 legitimam

1797 4720 2025 4758 uxorem
2070 4704 2341 4767 dimittit,
2374 4711 2429 4757 et
2473 4704 2636 4756 aliam
2678 4703 2866 4765 ducit,
2896 4702 3205 4758 adulterum
3254 4702 3375 4773 qui-

1796 4774 1920 4828 dem
1949 4789 2073 4829 esse
2100 4790 2167 4829 ex
2202 4773 2427 4828 Domini
2467 4773 2739 4828 sententia
2769 4781 3028 4838 testatur,
3055 4773 3151 4829 sed
3191 4782 3374 4828 tamen

1794 4860 1858 4897 ex
1875 4845 2194 4920 ⁸(δίψοιιὶιιιιε
2230 4844 2677 4920 P_atrui_n_annos
2705 4854 2910 4920 septeni
2941 4845 3221 4909 decernit,
3264 4859 3374 4898 non

1793 4914 2147 4983 quindecim,
2179 4921 2238 4969 ut
2263 4915 2317 4968 in
2361 4914 2635 4968 adulterio
2665 4928 2789 4967 cum
2822 4914 3001 4968 aliena
3033 4928 3204 4968 uxore
3224 4928 3373 4969 com-

1794 4982 1988 5039 misso.
2027 4982 2226 5038 Secum
2272 4998 2403 5054 ergo
2450 4998 2558 5038 non
2602 4990 2803 5052 pugnat
2838 4998 2964 5038 cum
3019 4984 3373 5040 fornicationi

1792 5070 1943 5108 nunc
1974 5070 2149 5108 annos
2170 5062 2430 5124 quatuor,
2465 5069 2612 5108 nunc
2645 5063 2853 5122 septem
2880 5093 2895 5116 ,
2929 5054 3201 5109 adulterio
3227 5071 3372 5110 nunc

1792 5132 1998 5195 septem
2021 5165 2037 5191 ,
2071 5140 2219 5178 nunc
2266 5124 2582 5194 quindecim
2612 5124 2826 5178 indicit.
2855 5124 3114 5179 Eamdem
3144 5125 3201 5178 in
3248 5141 3372 5181 sen-

1792 5195 2264 5265 tentiamvidetur
2286 5195 2844 5265 a_ccipiendus_canon
2868 5204 3100 5265 quartus
3130 5195 3372 5264 epistola:

1794 5264 1984 5320 Sancti
2012 5263 2257 5335 Gregorii
2281 5262 2517 5336 Nysseni
2548 5264 2617 5318 ad
2643 5262 2914 5336 Letoium'.
2932 5263 3079 5336 7N8!"
3105 5262 3229 5320 cum
3262 5266 3372 5320 for»

1791 5336 2060 5391 nieationi
2111 5334 2562 5398 noveni'annos,
2603 5334 2877 5388 adulterio
2911 5335 3099 5389 decem
3143 5344 3199 5391 et
3246 5347 3369 5390 octo

1790 5407 2059 5478 imponit,
2088 5406 2307 5475 gravior
2346 5406 2443 5478 illa
2470 5405 2823 5478 intelligenda
2867 5405 3183 5478 fornicatio,
3206 5421 3367 5476 quam

1788 5475 2122 5549 conjugatus
2154 5492 2279 5549 eum
2314 5477 2502 5549 soluta
2517 5475 2833 5549 committit.
2866 5475 3008 5549 llinc
3031 5475 3368 5549 illam_adtil-

1789 5544 1989 5604 teriuni
2021 5544 2193 5601 videri
2222 5547 2424 5601 fatetur
2454 5546 2539 5600 his
2563 5545 2655 5615 qui
2688 5548 3007 5601 accuratius
3030 5547 3369 5602 examinant.

1860 5619 1974 5689 (l7)
2021 5617 2134 5685 Τῆς
2168 5618 2462 5686 μοιχείας.
2516 5616 3065 5689 Hmchconsentanea
3114 5627 3245 5673 sunt
3274 5635 3370 5673 ca-

1787 5686 1916 5747 noiii
1955 5686 2057 5755 ⁷18,
2092 5690 2146 5744 in
2195 5704 2305 5760 quo
2352 5688 2598 5746 decernit
2638 5686 2877 5746 Basilius
2911 5688 3218 5747 adulteram
3246 5704 3370 5747 esse
