3862 6220
525 301 632 359 799

1854 307 1913 363 S.
1953 305 2200 363 BASILII
2238 307 2455 365 MAGNI

3697 313 3793 369 8’1!

530 420 775 476 libentiae
795 424 1123 493 praescripto
1164 424 1480 496 complebit.
1510 425 1657 482 Idem
1703 435 1759 481 et
1804 429 1861 482 in
1902 429 1971 484 iis
2010 430 2094 500 qui

2217 432 2608 504 ἁμαρτήματος
2669 435 2731 489 ὲν
2789 438 2857 508 τῇ
2922 433 3207 506 οἰκονομίᾳ
3253 432 3355 504 τῆς
3418 432 3541 486 καθ’
3591 432 3789 503 ἑαυτὴν

531 514 695 566 vitam
741 516 1099 570 monasticam
1133 516 1375 588 professi
1408 527 1570 584 sunt,
1595 529 1649 575 et
1679 521 1957 578 labuntur.

599 709 735 764 LXI.
758 711 920 781 327
946 711 1051 779 Qui
1082 713 1298 770 furatus
1328 722 1412 770 est
1432 756 1448 779 ,
1484 715 1754 787 siquidem
1777 726 1969 789 sponte
1990 736 2106 790 pm-

529 801 758 855 nitentia
798 811 1001 870 motus,
1035 804 1278 876 seipsum
1327 809 1625 873 accusarit,
1674 824 1878 865 annum
1918 826 1949 865 a
1987 813 2103 867 sola

529 902 1000 948 sacramentorum
1033 898 1425 953 communione
1468 901 1746 955 arcebitur
1777 902 1893 956 :sin
1922 911 2102 958 autem

529 982 818 1037 convictus
844 982 1053 1051 fuerit,
1089 1000 1266 1042 annos
1314 987 1478 1043 duos.
1516 987 1798 1045 Dividetur
1831 998 2012 1047 autem
2053 993 2102 1048 ei

529 1083 749 1146 tempus
770 1077 823 1131 in
848 1078 1282 1135 substrationem
1314 1087 1369 1135 et
1392 1081 1843 1151 consistentiam;
1875 1091 1929 1138 et
1970 1092 2102 1140 tunc

531 1170 918 1223 communione
940 1170 1138 1241 dignus
1172 1171 1466 1229 habeatur.

602 1277 760 1333 LXII.
818 1278 924 1345 Qui
979 1282 1373 1352 turpitudinem
1422 1284 1478 1337 in
1532 1285 1780 1340 maribus
1824 1288 2097 1356 patravit,

530 1379 748 1441 tempus
800 1372 946 1431 illius
977 1374 1072 1445 qui
1119 1376 1370 1431 adulterii
1404 1377 1586 1432 scelus
1616 1378 1868 1445 admisit,
1908 1380 1959 1436 ei
1986 1380 2102 1438 dis-

527 1463 866 1533 pensabitur.

599 1574 785 1631 LXIII.
821 1577 923 1643 Qui
956 1595 1110 1635 suam
1158 1579 1214 1634 in
1248 1579 1538 1635 brutorum
1571 1583 1873 1638 concubitu
1902 1585 2100 1654 impie-

528 1673 696 1720 tatem
741 1668 1052 1733 conﬁtetur,
1089 1669 1234 1725 idem
1284 1678 1504 1742 tempus
1553 1673 1608 1727 in
1637 1675 1957 1744 paenitentia
1984 1692 2101 1732 ser-

523 1758 694 1812 vabﬂ.

597 1867 781 1924 LXIV.
814 1868 1077 1939 Perjurus
1108 1871 1269 1926 annis
1300 1871 1493 1927 decem
1535 1888 1644 1927 non
1693 1874 1800 1930 erit
1855 1889 2102 1929 commu-

529 1961 715 2016 nionis
754 1963 1064 2032 particeps:
1110 1963 1273 2019 annis
1312 1962 1529 2018 duobus
1558 1962 1733 2029 ﬂens,
1766 1965 1947 2021 tribus
2003 1981 2103 2019 au-

523 2050 703 2116 diens,
726 2059 965 2122 quatuor
996 2052 1335 2118 substratus,
1365 2067 1476 2106 uno
1505 2054 1819 2110 consistens
1853 2063 2097 2123 tantum;

526 2151 581 2197 et
609 2150 743 2195 tunc
771 2142 1160 2198 communione
1191 2143 1392 2214 dignus
1432 2142 1744 2199 habebitur.

596 2254 759 2311 LXV.
792 2255 895 2323 Qui
953 2257 1257 2327 praestigias
1296 2257 1381 2311 vel
1414 2255 1738 2312 veneﬁcium
1787 2256 2098 2325 conﬁtetur,

529 2352 578 2406 is
624 2351 910 2405 homicida:
948 2360 1162 2420 tempus
1206 2350 1261 2404 in
1306 2351 1629 2419 poenitentia
1657 2351 1857 2413 ducet;
1890 2359 1943 2405 et
1973 2366 2097 2404 cum

528 2437 624 2491 illo
663 2448 873 2508 agetur,
917 2438 1065 2492 velut
1094 2452 1218 2491 cum
1245 2451 1311 2492 eo
1340 2437 1436 2507 qui
1487 2453 1547 2493 se
1580 2438 1697 2508 ipse
1730 2440 1789 2494 in
1838 2439 1943 2494 hoc
1972 2453 2099 2510 pec-

526 2540 651 2583 cato
680 2529 881 2599 prodit.

603 2640 789 2695 LXVI.
837 2642 942 2708 Qui
972 2643 1224 2712 sepulcra
1272 2643 1495 2708 eIIodit,
1543 2647 1704 2700 annis
1734 2645 1917 2701 decem
1942 2663 2097 2705 care-

535 2734 615 2788 bit
663 2736 1047 2792 communione
1082 2756 1097 2792 :
1153 2737 1371 2793 duobus
1420 2737 1589 2802 ﬂens,
1621 2740 1799 2796 tribus
1829 2742 2057 2798 audiens
2080 2785 2097 2811 ,

534 2834 771 2894 quatuor
802 2827 1149 2893 substratus,
1188 2844 1296 2884 uno
1338 2829 1693 2886 consistens:
1735 2838 1790 2887 et
1832 2840 1964 2888 tunc
1997 2834 2098 2889 ad-

529 2918 793 2973 mittetur.

608 3028 815 3087 LXVII.
845 3032 980 3087 Cum
1023 3049 1214 3091 sorore
1257 3036 1458 3096 coitus.
1489 3037 1776 3094 homicidae
1799 3047 2014 3110 tempus
2038 3040 2095 3095 in

533 3122 851 3189 paenitentia
876 3125 1133 3196 explebit.

602 3233 836 3289 LXVIII.
868 3235 1225 3306 Cognationis
1265 3241 1322 3295 in
1371 3240 1629 3298 humanis
1670 3243 1879 3314 nuptiis
1911 3244 2097 3314 prohi-

528 3296 658 3378 hinc
709 3326 1029 3396 conjunctio
1054 3369 1071 3394 ,
1120 3331 1167 3384 si
1221 3330 1277 3384 in
1333 3332 1578 3401 peccatis
1631 3296 2095 3404 deprehendatur,

529 3416 904 3473 adulterorum
936 3435 1131 3490 pomus
1164 3422 1389 3478 subibit.

602 3611 781 3670 LXIX.
814 3614 1030 3684 Lector,
1066 3620 1111 3674 si
1146 3634 1269 3674 cum
1325 3638 1427 3677 sua
1483 3639 1686 3694 sponsa
1736 3634 1862 3680 ante
1913 3627 2097 3681 matri-

523 3710 767 3762 monium
790 3714 1177 3767 commercium
1198 3714 1481 3782 habuerit,
1501 3726 1791 3790 postquam
1816 3735 1960 3774 anno
1977 3736 2097 3776 ces-

522 3802 760 3868 saverit,
794 3801 861 3856 ad
896 3804 1187 3874 legendum
1238 3808 1609 3879 suscipietur;
1648 3827 1755 3865 non
1786 3820 1967 3867 tamen
2011 3815 2093 3867 ul-

517 3974 787 4047 virginem
817 3990 1045 4047 lapsam.
1081 3977 1234 4033 Multi
1267 3981 1361 4034 alii
1393 3979 1583 4036 Patres
1610 3996 1735 4037 cum
1774 3982 1977 4039 Basilio
2007 3985 2091 4039 I‘a-

518 4046 693 4099 ciunt.
725 4046 1062 4124 Augustinus
1083 4088 1098 4112 ,
1128 4051 1223 4118 qui
1253 4066 1378 4124 rem
1422 4053 1679 4124 subtilius
1719 4055 2089 4124 persequitur,

518 4127 681 4185 negat
714 4117 1043 4193 adulterium
1082 4117 1215 4193 esse
1249 4120 1563 4193 bujusmodi
1607 4117 1934 4193 peccatum]
1995 4117 2090 4180 sed

519 4195 698 4237 tamen
752 4187 1021 4261 adulterio
1066 4190 1288 4261 gravius
1327 4187 1571 4245 fatetur.
1607 4187 1961 4261 'Quapropler
1986 4211 2090 4249 non

515 4270 731 4327 possunt
769 4256 960 4317 dicere,
1010 4256 1187 4327 inquit
1238 4261 1332 4315 lib.
1387 4262 1462 4313 De
1506 4256 1937 4318 bono—viduitatis
1973 4304 1989 4327 ,
2030 4281 2085 4318 ιι.

519 4324 606 4403 il,
637 4342 670 4403 ᾳ
702 4329 968 4403 proposito
992 4324 1204 4382 meliore
1227 4330 1424 4403 iapsas,
1451 4332 1497 4385 si
1529 4333 1819 4400 nupserim,
1841 4324 2087 4403 feminas,

517 4395 948 4470 adulteria__es.se,
988 4414 1100 4470 Anon
1155 4395 1400 4467 conjitgia
1437 4419 1455 4454 :
1489 4402 1577 4455 sed
1600 4395 1759 4470 plane
1800 4395 1903 4458 non
1935 4395 2090 4457 dubi;

519 4466 736 4517 taverim
758 4466 950 4540 dicere,
980 4467 1158 4540 lapsus
1189 4466 1451 4540 etiruinas
1490 4489 1522 4525 a
1549 4466 1791 4526 castitate
1808 4476 2087 4540 sanctiore,

514 4551 634 4611 ante
651 4547 871 4611 ponetur
902 4536 1149 4611 Domino.
1180 4538 1455 4611 adulteriis
1487 4558 1600 4595 esse
1633 4546 1855 4611 pejores.

591 4604 700 4685 (its)
742 4604 858 4685 Τῆς
886 4607 1013 4661 καθ’
1054 4607 1294 4685 ’ἑαυτὴν
1336 4609 1504 4685 ζωῆς-τ
1565 4604 1913 4685 continentia
1943 4616 2095 4685 ejus-

517 4675 664 4755 modi
699 4675 1065 4755 verbis_apu_d
1100 4675 1665 4755 antiquos‘designari
1717 4686 1899 4750 solet;
1932 4675 2092 4755 cujus

517 4745 596 4818 rei
640 4744 777 4799 satis
832 4744 965 4818 erit'
995 4748 1128 4818 illud
1166 4744 1474 4818 exemplum
1513 4744 1708 4807 afferre
1772 4770 1834 4808 ex
1881 4744 2092 4810 Hermae

517 4815 609 4877 lib.
650 4830 711 4877 Il,
759 4829 882 4894 cap.
913 4817 994 4870 4:
1054 4817 1156 4881 Qui
1187 4815 1356 4894 nubit,
1399 4837 1501 4873 non
1546 4832 1745 4894 peccat.
1791 4826 1881 4878 sed
1907 4828 1953 4879 si
2000 4842 2093 4894 per

516 4901 572 4965 se
609 4889 864 4965 manserit
887 4927 921 4965 ,-
949 4903 1196 4965 magnum
1239 4888 1340 4965 sibi
1384 4892 1645 4965 conquirit
1670 4893 1917 4949 honorem
1949 4888 2091 4965 apud

515 4955 853 5030 pontinum._
876 4955 1249 5030 tlonlirmatur
1286 4958 1399 5030 haec
1429 4955 1718 5030 explicatio
1752 4979 1817 5017 ex
1858 4955 2090 5019 canoni-

515 5025 721 5098 btts_l8
747 5035 799 5098 et
827 5025 917 5098 44,
943 5043 1177 5096 quorum
1213 5029 1268 5082 in
1301 5029 1481 5098 primo
1499 5025 1743 5088 Basilius
1775 5035 1942 5098 lapsis
1979 5037 2091 5090 vir-

517 5095 758 5161 ginibus,
780 5095 972 5172 itidem
1004 5104 1061 5172 ut
1095 5095 1382 5172 adulter—is,
1418 5116 1528 5155 non
1575 5104 1728 5172 prius
1754 5095 2089 5161 reddendam

516 5166 956 5242 communionem
989 5169 1273 5231 decernit,
1304 5184 1469 5242 quam
1502 5187 1532 5224 a
1575 5166 1801 5242 peccato
1842 5191 2089 5231 recesse-

515 5235 669 5308 rint;
738 5236 792 5289 in
847 5236 1017 5290 altero
1075 5248 1255 5293 autem
1303 5235 1467 5308 lapsa:
1499 5235 1621 5296 cum
1662 5243 1852 5299 Graeco
1903 5246 2089 5302 diaco-

512 5304 1191 5384 tiissa;_coniuiuriioneiii
1273 5304 1398 5380 post
1479 5323 1685 5384 septem
1773 5330 1949 5370 annos
2022 5333 2087 5371 ea

515 5375 833 5493 coinqitione
906 5379 1204 5444 concedit,
1272 5375 1332 5434 ιιι.
1404 5375 1724 5455 perpetuam
1783 5389 2088 5444 castitatem

515 5458 579 5493 C0
604 5460 631 5493 8
666 5482 679 5493 .

514 5452 679 5496 colat.

587 5512 697 5583 (I9)
751 5516 1088 5592 Ἅξιούσθω.
1115 5519 1210 5592 _Ita
1247 5521 1518 5592 plerique
1565 5540 1697 5581 mss.
1752 5526 1893 5581 Editi
1927 5526 2091 5591 ἀξιω-

515 5581 777 5657 ρήσεται,
832 5589 1073 5657 exceptis
1112 5581 1441 5646 Pandectis:
1478 5591 1614 5648 Tres
1662 5598 1791 5650 anni
1838 5581 2089 5652 convicto

518 5653 625 5704 furi
674 5653 1044 5711 decernuntur
1102 5660 1156 5713 in
1220 5662 1601 5717 recentissimo
1653 5668 1842 5721 codice
1890 5668 2090 5722 Coisli-

517 5722 706 5779 niano.
753 5725 811 5782 δ.
844 5726 1140 5795 Gregorius
1185 5729 1465 5798 stsenus
1507 5749 1633 5790 eum
1678 5738 1773 5800 qui
1802 5738 1977 5796 aliena
2006 5736 2089 5792 Ia-

2208 521 2357 592 ζωῆς
2385 524 2499 595 (18)
2536 525 2836 597 πληρώσει.
2873 526 2949 579 Τὸ
2981 525 3113 580 αὐτὸ
3139 525 3233 579 καὶ
3262 525 3355 577 ἐπὶ
3387 523 3499 578 τῶν
3543 523 3669 594 βίον
3703 539 3791 594 μο-

2207 615 2477 681 ναζόντων
2505 619 3018 689 ἐπαγγειλαμένων,
3052 617 3148 671 καὶ
3181 616 3579 670 ἐκπιπτόντων.

2274 728 2399 785 ΞΑν.
2448 731 2507 784 Ὀ
2542 731 2767 802 κλέψας,
2800 734 2851 785 εί
2898 732 2998 803 μὲν
3034 732 3127 800 ἀφ’
3152 729 3347 784 ἑαυτοῦ
3384 727 3792 800 μεταμεληθεξ

2205 822 2637 893 κατηγορήσειεν
2668 822 2887 888 ἐαυτοῦ,
2928 822 3175 877 ἐνιαυτὸν
3211 820 3590 893 κωλυθήσεται
3630 821 3799 891 μόνον

2203 910 2302 981 τῆς
2348 913 2634 977 κοινωνίας
2678 915 2787 967 τῶν
2828 915 3186 986 ἁγιασμάτων
3212 932 3226 944 ⁸
3280 914 3328 966 εί
3366 912 3425 966 δὲ
3475 911 3793 982 ἐλεγχθείη,

2203 1002 2262 1055 ἐν
2289 1003 2442 1059 δυσὶν
2476 1005 2643 1059 ἔτεσι.
2681 1008 3090 1079 Μερισθήσεται
3133 1006 3192 1059 δὲ
3233 1003 3382 1076 αύτῷ
3417 1006 3447 1056 ὁ
3472 1004 3678 1075 χρόνος
3719 1006 3795 1066 εἰς

2204 1092 2520 1147 ύπόπτωσιν
2573 1096 2667 1148 καὶ
2714 1095 3004 1151 σύστασινο
3044 1096 3140 1150 καὶ
3191 1095 3314 1149 τότε
3352 1093 3628 1160 ἀξιούσθω
3684 1094 3791 1163 (19)

2200 1183 2303 1253 τῆς
2339 1187 2643 1251 κοινωνίας.

2271 1290 2390 1349 EB’.
2438 1296 2496 1348 Ὁ
2540 1297 2638 1369 τὴν
2665 1298 3050 1370 ἀσχημοσύνην
3088 1299 3147 1351 ἐν
3178 1298 3291 1360 τοῖς
3316 1297 3539 1368 ᾶρρεσιν
3581 1295 3795 1348 ἐπιδει-

2202 1384 2469 1456 κνύμενος
2495 1388 2588 1441 τὸν
2620 1389 2810 1460 χρόνον
2838 1387 2933 1443 τοῦ
2964 1391 3023 1444 ἐν
3054 1391 3123 1460 τῇ
3161 1386 3376 1459 μοιχεία
3404 1386 3793 1459 παρανομοῦν-

2200 1493 2294 1538 τος
2318 1478 2831 1552 οίκονομηθήσεται.

2269 1590 2386 1645 EI".
2431 1594 2487 1646 Ὀ
2527 1595 2586 1647 ἐν
2634 1592 2852 1664 ἀλόγοις
2904 1593 3005 1665 τὴν
3052 1590 3243 1646 ἑαυτοῦ
3292 1591 3546 1646 ἀσέϐειαν
3591 1590 3788 1658 ἐξαγο-

2205 1682 2379 1754 ρεύων
2428 1684 2521 1737 τὸν
2564 1684 2728 1738 αὐτὸν
2762 1685 2955 1739 νοόνον
2993 1681 3481 1752 ἐξομολογούμενος
3520 1698 3788 1753 παραφυ-

2132 1785 2174 1839 B
2201 1775 2440 1841 λάξεται.

2272 1886 2389 1942 ΞΝ.
2408 1890 2469 1943 '0
2490 1891 2748 1962 ἐπίορκος
2776 1891 2835 1944 ἐν
2857 1890 2989 1944 δέκα
3012 1889 3187 1944 ἐτεσιν
3209 1888 3571 1959 ἀκοινώνητος
3593 1889 3752 1942 ἔσται
3766 1905 3780 1918 ·

2199 1978 2352 2032 δυσὶν
2391 1979 2538 2033 ἔτεσι
2577 1982 2958 2054 προσκλαίων,
3001 1983 3180 2055 τρισὶν
3222 1981 3612 2053 ἀκροώμενος,
3654 1983 3784 2035 τέσο

2201 2088 2395 2151 σαρσιν
2445 2073 2789 2139 ὑποπίπτων,
2838 2076 3085 2129 ἐνιαυτὸν
3133 2072 3406 2138 συνεστὼς
3452 2075 3653 2144 μόνον’
3692 2074 3787 2127 καὶ

2198 2159 2320 2212 τότε
2350 2161 2449 2231 τῆς
2470 2161 2756 2225 κοινωνίας
2783 2161 3122 2232 ἀξιούμενος.

2270 2272 2390 2328 EE’.
2436 2275 2493 2329 '0
2539 2276 2795 2348 γοητείαν
2836 2276 3247 2349 ἢφαρμακείαν
3294 2277 3639 2349 ἐξαγορεύων
3691 2280 3787 2331 τὸν

2197 2363 2288 2417 τοῦ
2324 2367 2528 2435 φονέως
2584 2368 2774 2440 χρόνον
2826 2367 3310 2440 ἐξομολογήσεται,
3356 2370 3534 2433 οὕτως
3568 2374 3784 2424 οἰκονο-

2202 2455 2491 2528 μούμενος,
2522 2459 2597 2522 ώς
2627 2461 2685 2514 ἐν
2713 2459 2907 2534 ἐκείνῳ
2936 2460 3049 2533 (20)
3090 2460 3166 2532 τῷ
3199 2462 3558 2533 ἁμαρτήματι
3586 2462 3785 2515 ἑαυτὸν

2199 2548 2443 2618 ἐλέγξας.

2267 2660 2401 2729 Ξζῗ.
2428 2663 2484 2717 Ὀ
2510 2663 2872 2736 τυμϐωρύχος
2900 2666 2959 2717 ἐν
2987 2665 3117 2720 δέκα
3142 2664 3255 2737 (21)
3277 2664 3453 2719 ἐτεσιν
3481 2664 3782 2736 ἀκοινώνη-

2195 2772 2288 2818 τος
2310 2754 2463 2809 ἔσται
2482 2773 2495 2788 ·
2532 2757 2589 2810 ἐν
2617 2757 2739 2810 δυσὶ
2771 2758 3138 2830 προσκλαίων,
3164 2760 3222 2813 ἐν
3250 2758 3299 2829 γ’
3325 2758 3699 2831 ἀκροώμενος,
3723 2761 3781 2811 ἐν

2195 2844 2239 2898 δ’
2274 2847 2617 2914 ὑποπίπτων,
2646 2850 2889 2906 ἐνιαυτὸν
2918 2850 3218 2916 συνεστώςο
3249 2852 3345 2906 καὶ
3375 2852 3501 2905 τὰτε
3522 2850 3780 2921 δεχθησὸ-

2200 2955 2266 3009 με
2274 2955 2380 3003 νος.

2269 3049 2387 3106 Ξῖ.
2438 3052 2816 3125 Ἀδελφομιξία
2842 3054 2934 3108 τὸν
2956 3053 3052 3108 τοῦ
3079 3054 3283 3125 φονέως
3312 3054 3504 3126 χρόνον
3536 3054 3775 3127 ἐξομολῡ

2122 3136 2167 3195 α
2198 3144 2519 3217 γηθήσεται.

2272 3254 2401 3309 ΞΗ’.
2459 3255 2655 3329 Ἠντῆς
2680 3255 3056 3329 ἀπειρημένης
3103 3258 3426 3326 συγγενείας
3465 3261 3547 3323 είς
3601 3261 3775 3326 γάμον

2198 3345 2500 3417 ἀνθρώπων
2540 3328 2666 3418 ’(22)
2721 3328 3016 3411 σύστασις,
3063 3350 3113 3401 εἰ
3157 3348 3436 3422 φωραθείη
3486 3351 3546 3402 ἐν
3599 3350 3779 3419 ἁμαρ-

2195 3439 2402 3508 τὴμασι
2448 3437 2813 3509 γεγενημένη,
2861 3438 2929 3494 τὰ
2970 3439 3080 3493 τῶν
3130 3439 3331 3510 μοιχῶν
3380 3438 3480 3509 ’25)
3524 3440 3776 3511 ἐπιτίμια

2197 3524 2430 3591 δέξεται.

2267 3637 2387 3691 ΞΘ.
2433 3637 2836 3710 Ἀναγνώστης,
2869 3641 2919 3692 εἰ
2948 3643 3014 3711 τῇ
3046 3638 3239 3693 ἑαυτοῦ
3290 3643 3501 3711 μνηστῇ
3547 3642 3661 3712 πρὸ
3688 3639 3779 3693 τοῦ

2193 3730 2373 3801 γάμου
2406 3730 2805 3797 συναλλάξειεν,
2836 3733 3081 3788 ἐνιαυτὸν
3113 3736 3381 3806 ἀργήσας,
3426 3737 3505 3798 εἰς
3539 3735 3605 3787 τὸ
3648 3737 3776 3789 ἁνα-

2194 3819 2481 3888 γινώσκειν
2519 3821 2864 3895 δεχθήσεται,
2904 3825 3081 3895 μένων
3122 3826 3454 3896 ἀπρόκοπος.
3490 3826 3777 3897 Κλεψιγα-

2195 4008 2374 4074 tenter
2404 4003 2615 4074 rapuit,
2668 4011 2723 4058 et
2757 4010 2953 4074 sponte
2990 4001 3280 4074 confessus
3304 4011 3410 4066 est,
3455 4018 3568 4074 non
3620 4005 3780 4059 addi-

2193 4071 2269 4142 cit
2313 4072 2579 4140 gradibus
2608 4071 2975 4142 pmnitentize,
3018 4073 3149 4136 sed,
3187 4074 3372 4127 itidem
3411 4080 3470 4126 ut
3508 4072 3775 4135 Basilius,

2193 4141 2336 4193 inter
2390 4141 2757 4197 consistentes
2790 4145 3095 4197 curandum
3125 4152 3351 4208 censet,
3383 4159 3510 4198 can.
3554 4144 3618 4200 6.
3658 4145 3779 4199 Mox

2192 4210 2432 4282 editijct?)
2454 4213 2651 4282 χρόνῳ.
2687 4212 2817 4267 Mss.
2853 4221 2914 4267 ut
2947 4215 3001 4267 in
3033 4223 3201 4267 textu.

2264 4278 2375 4351 (20)
2406 4278 2527 4334 ’Ἑν
2545 4278 2773 4347 ἐκείνῳ.
2807 4282 3079 4346 Labbeus,
3114 4282 3436 4351 Beveregius
3460 4289 3514 4336 et
3540 4280 3778 4340 Combe-

2196 4347 2647 4422 Iisinsileguntsv
2680 4352 2897 4422 ἐκᾴστῳ
2919 4394 2933 4414 ,
2970 4354 3023 4406 in
3063 4347 3369 4422 tmoquaqtte
3393 4363 3638 4421 peccato.

2265 4419 2406 4493 (2i)_
2430 4421 2523 4473 Ἐν
2554 4419 3034 4493 δέκᾳηΗεινειιιε,
3066 4419 3313 4493 Labbeus
3334 4419 3773 4493 et'Beveregins,

2119 4479 2166 4533 ι)
2197 4479 2370 4554 quasi
2395 4490 2634 4560 legerent
2667 4490 2876 4553 ἕνδεκα,
2906 4479 3262 4547 reddiderunt
3290 4494 3552 4546 undecim.
3583 4479 3777 4548 Simile

2191 4568 2433 4613 erratum
2456 4559 2801 4633 ’ab_Herreto
2830 4562 3187 4617 commissum
3229 4563 3286 4617 in
3321 4562 3777 4633 interpretatione

2192 4644 2464 4683 canonum
2498 4630 2567 4683 56
2595 4638 2648 4685 et
2679 4628 2769 4684 66.

2263 4698 2374 4771 (22)
2426 4699 2789 4771 ’Ar-Optbstwr.
2840 4698 2994 4754 Ilanc
3042 4716 3233 4755 vocem
3291 4717 3414 4771 qua:
3470 4700 3675 4756 deerat
3724 4704 3776 4757 in

2190 4766 2384 4840 editis.
2432 4766 2739 4840 reperimus
2778 4770 2833 4824 in
2870 4771 3148 4840 plerisque
3193 4766 3451 4827 omnibus
3486 4772 3775 4828 codicibus

2192 4853 2326 4910 mss.
2369 4838 2573 4892 Ibidem
2618 4840 2816 4909 legitur
2848 4838 3121 4903 στάσιςῖιι
3181 4842 3432 4910 pluribus
3469 4857 3608 4896 mss.
3670 4843 3775 4896 Ila-

2191 4907 2390 4993 behant
2434 4911 2579 4993 enim
2611 4907 2745 4989 editi
2776 4910 2859 4993 ὡς¹
2906 4912 2966 4963 ὲν
2992 4907 3383 4993 ἁμαρτῇμμσιν
3415 4910 3727 4993 ἀνθρώπων
3755 4951 3771 4974 ,

2190 4977 2288 5057 sed
2319 4977 2473 5059 deest
2502 4978 2578 5042 ὼς
2610 4979 2666 5033 in
2692 4980 2949 5037 omnibus
2980 4977 3143 5047 nissi,
3185 4977 3489 5053 ἀνθρώπων
3519 4977 3581 5037 in
3629 4993 3774 5039 vetu-

2191 5057 2473 5102 SllSSImIS.

2261 5117 2372 5186 (25)
2416 5118 2493 5189 Τὰ
2530 5115 2649 5189 τῶν
2677 5118 2925 5189 μοιχῶν.
2966 5118 3125 5176 Hunc
3158 5136 3423 5176 canonem
3464 5121 3545 5176 sic
3600 5122 3772 5176 inter-

2210 5196 2435 5262 iretatur
2472 5187 2808 5262 Aristenus':
2854 5188 3260 5262 Matrimonium
3305 5207 3430 5245 cum
3461 5192 3771 5262 propinqua

2209 5258 2401 5326 egibus
2433 5258 2791 5327 prohibitum,
2821 5259 3009 5314 eadem
3038 5276 3102 5315 ac
3134 5258 3661 5328 adulteriunfpoéna
3686 5258 3768 5317 ca-

2189 5335 2424 5401 sttgatur
2457 5347 2470 5382 :
2499 5335 2553 5381 et
2581 5344 2704 5382 cum
2734 5328 2963 5401 diversae
2990 5330 3099 5384 sint
3138 5332 3510 5385 adulterorum
3558 5348 3766 5401 pmnte;

2190 5397 2270 5451 sic
2324 5400 2486 5470 etiam
2516 5412 2617 5470 pro
2647 5399 2859 5470 ratione
2892 5402 3318 5470 propinquitatis
3348 5409 3458 5455 tata
3514 5397 3610 5457 res
3637 5413 3768 5455 tem-

2190 5469 2494 5541 perabitur.
2533 5468 2671 5541 Hinc
2717 5468 2857 5522 duas
2883 5468 3349 5541 Sorores'ducenti
3382 5479 3593 5541 septem
3646 5469 3766 5525 anni

2190 5537 2521 5658 pinnitentiaz
2580 5538 2930 5609 irrogantur,
2983 5546 3043 5594 ut
3093 5540 3149 5594 in
3181 5537 3460 5596 adulterio
3482 5556 3612 5596 cum
3648 5558 3763 5595 mu-

2213 5608 2322 5658 iere
2354 5609 2524 5658 libera
2554 5609 2851 5658 commisso
2881 5651 2894 5658 -
2929 5625 3038 5658 non
3070 5610 3409 5658 auindecim-
3466 5621 3529 5658 ιιι
3554 5613 3608 5658 in
3652 5628 3763 5658 ura-

2213 5608 2322 5684 i_ere
2354 5609 2524 5684 libera
2554 5609 2851 5684 commisso
2881 5651 2896 5677 ,
2928 5625 3039 5667 non
3070 5610 3411 5682 quindecim,
3466 5621 3529 5667 ut
3554 5613 3608 5667 in
3652 5628 3763 5684 gra-

2189 5677 2338 5733 viore
2373 5677 2660 5734 adulterio.
