3862 6220
48 303 172 362 ενι

1001 298 1493 358 EPISTULARUM
1529 292 1818 353 CLASSlS
1856 293 1922 352 II.
1963 296 2183 353 EPIST.
2215 295 2470 352 CCXVII.

3228 294 3334 352 832

54 426 258 497 μήσας
298 420 358 476 δὲ
401 420 530 476 ἄνευ
567 418 883 492 μνηστείας,
928 418 1268 491 παυθήσεται
1305 417 1409 489 τῆς
1445 418 1654 488 ὑπηρε-

1762 423 1839 468 tra
1891 413 2324 484 promovendus.
2360 412 2517 480 Quod
2569 413 2617 469 si
2666 413 2877 484 absque
2904 378 3335 484 desponsatione

52 516 216 580 σίας.
246 514 322 568 Τὸ
353 512 488 568 αὐτὸ
506 513 604 568 καὶ
629 512 916 585 ὑπηρέτης
935 510 1071 583 (24).

145 694 217 747 0'.
256 689 515 754 Διάκονος
556 705 616 743 εν
659 688 865 760 χείλεσι
907 687 1154 761 μιανθεὶς
1197 686 1311 759 (25)
1355 688 1449 740 καὶ
1493 686 1654 758 μέχρι

43 782 258 837 τούτου
310 779 689 855 ἡμαρτηκέναι
728 779 1112 852 ὁμολογήσας,
1165 780 1266 851 τῆς
1315 778 1655 849 λειτουργίας

50 874 492 947 ὲπισχεθήσεται
514 889 530 903 ·
579 870 677 926 τοῦ
727 872 787 926 δὲ
833 872 1082 944 μετέχειν
1134 872 1244 926 τῶν
1298 872 1654 943 ἀγιασμάτων

58 967 211 1037 μετὰ
260 965 373 1019 τῶν
405 964 666 1019 διακόνων
709 963 1097 1037 ἀξιωθήσεται.
1143 963 1216 1018 Τὸ
1266 963 1325 1017 δὲ
1379 963 1514 1018 αὐτὸ
1561 961 1655 1016 καὶ

53 1056 461 1129 πρεσϐύτερος.
493 1055 560 1111 Et
599 1055 657 1109 δέ
705 1072 759 1108 τι
804 1053 998 1110 τούτου
1033 1055 1217 1109 πλεῖον
1251 1054 1532 1128 φωραθείη
1570 1071 1655 1118 τις

52 1149 443 1223 ἡμαρτηκὼς,
499 1153 560 1206 ὲν
621 1150 722 1223 οἴῳ
776 1149 844 1205 ἃν
989 1148 1212 1221 βαθμῷ,
1261 1148 1656 1220 καθαιρεθήσε-

51 1260 156 1298 ται
180 1244 321 1316 (26).

136 1357 265 1410 OA'.
301 1355 365 1409 Ὀ
405 1353 765 1426 συνεγνωκὼς
811 1352 1029 1425 ἑκάστῳ
1084 1353 1193 1407 τῶν
1236 1352 1653 1426 προειρημένων

56 1447 515 1520 ἁμαρτημάτων,
559 1449 656 1501 καὶ
689 1447 766 1520 μὴ
793 1447 1154 1519 ὁμολογήσας,
1189 1446 1305 1500 ἀλλ’
1340 1446 1650 1518 ἐλεγχθεὶς,

53 1539 158 1593 τοῦ
189 1538 451 1594 τοσούτου
479 1538 700 1612 χρόνου,
727 1541 808 1603 είς
831 1539 890 1593 ὃν
912 1540 1151 1612 ἐργάτης
1181 1538 1291 1592 τῶν
1317 1538 1504 1593 κακῶν
1530 1541 1653 1593 ἐπι-

52 1633 380 1703 τετίμηται,
413 1632 507 1685 καὶ
537 1631 700 1695 αὐτὸς
730 1630 885 1684 ἔσται
911 1632 969 1683 ὲν
1002 1630 1285 1702 ἐπιτιμίῳ.

1756 504 1948 559 furtim
1976 505 2195 565 coierit.
2230 505 2476 561 cessabit
2504 519 2534 558 a
2564 504 2894 561 ministerio.
2920 504 3122 560 Eadem
3155 514 3210 561 et
3231 506 3336 561 mi-

1756 597 1919 653 nistri
1948 597 2115 653 ratio.

1829 706 1994 765 LXX.
2027 708 2308 764 Diaconus
2342 708 2436 779 qui
2464 708 2707 778 pollutus
2736 715 2823 761 est
2854 708 2908 762 in
2941 707 3132 775 labris,
3166 724 3333 780 seque

1756 815 1823 856 eo
1845 816 2023 871 usque
2053 815 2314 871 peccasse
2335 800 2625 855 confessus
2641 808 2749 863 est,
2781 814 2813 852 a
2844 799 3147 854 ministerio
3181 817 3334 855 amo-

1754 892 2007 959 vebitur;
2039 892 2133 947 sed
2171 890 2598 953 eiconcedetur,
2631 900 2689 944 ut
2721 904 2847 944 cum
2882 890 3132 944 diaconis
3161 894 3330 960 parti-

1756 999 1885 1055 ceps
1926 985 1998 1039 sit
2031 994 2525 1055 sacramentorum.
2560 982 2803 1051 ldipsum
2836 990 3018 1036 autem
3050 985 3334 1054 presbyter

1754 1092 1996 1146 quoque.
2048 1077 2106 1131 Si
2137 1075 2267 1146 quid
2294 1083 2475 1130 autem
2514 1075 2752 1144 amplius
2782 1074 2908 1143 quis
2945 1088 3207 1143 peccasse
3235 1076 3335 1129 de-

1754 1168 2061 1240 prehensus
2099 1167 2298 1232 fuerit,
2342 1166 2400 1221 in
2444 1181 2777 1238 quocunque
2808 1166 2881 1220 sit
2924 1165 3131 1235 gradu,
3174 1164 3338 1235 depo-

1756 1269 1939 1316 netur.

1824 1353 1993 1424 328
2048 1350 2236 1406 LXXI.
2288 1349 2393 1416 Qui
2450 1349 2891 1422 uniuscujusque
2947 1350 3334 1421 praedictorum

1752 1454 2107 1517 peccatorum
2145 1446 2404 1499 conscius
2435 1455 2552 1509 est,
2591 1460 2693 1498 nec
2721 1444 3041 1509 confessus,
3077 1443 3172 1497 sed
3204 1459 3331 1499 con-

1752 1540 1934 1594 victus
1966 1545 2049 1593 est
2069 1577 2085 1602 ,
2111 1545 2261 1592 tanto
2285 1548 2530 1607 tempore
2549 1576 2564 1600 ,
2600 1544 2808 1607 quanto
2835 1538 3102 1591 malorum
3144 1545 3334 1591 auctor

1752 1630 1978 1702 punitus
2007 1639 2092 1686 est
2120 1670 2136 1695 ,
2162 1630 2278 1699 ipse
2306 1644 2526 1699 quoque
2556 1629 2837 1698 punietur.

136 1740 258 1794 OB’.
300 1739 359 1794 Ὀ
390 1740 648 1811 μάντεσιν
681 1739 875 1795 ἑαυτὸν
899 1738 1010 1813 (27)
1037 1740 1452 1813 ὲπιδοὺς,ήτισι
1474 1739 1651 1793 τοιού-

1820 1744 2031 1800 LXXII.
2062 1742 2166 1810 Qui
2212 1759 2271 1799 se
2301 1743 2520 1797 vatibus
2552 1743 2639 1796 vel
2672 1739 2941 1810 ejusmodi
2973 1741 3096 1796 aliis
3136 1740 3332 1804 tradit,

49 1847 200 1895 τοις,
234 1832 330 1885 τὸν
357 1832 550 1904 χρόνον
600 1832 695 1887 τοῦ
729 1833 937 1902 φονέως
970 1833 1067 1887 καὶ
1099 1833 1262 1896 αὐτὸς
1289 1831 1651 1904 οἰκονομηοή-

56 1940 244 1978 σεται.

134 2038 257 2092 01".
301 2036 365 2093 Ὀ
384 2036 477 2091 τὸν
497 2036 733 2111 Χριστὸν
755 2036 1137 2111 ἀρνησάμενος
1181 2036 1277 2090 καὶ
1310 2034 1563 2108 παραϐὰς
1588 2034 1651 2089 τὸ

52 2129 165 2199 τῆς
194 2128 474 2200 σωτηρίας
523 2129 854 2201 μυστήριον,
905 2129 965 2182 ὲν
998 2127 1163 2182 παντὶ
1212 2126 1292 2198 τῷ
1329 2126 1506 2199 χρόνῳ
1538 2124 1649 2195 (28)

54 2221 165 2290 τῆς
199 2220 348 2287 ζωῆς
380 2219 547 2274 αὐτοῦ
594 2219 948 2292 προσκλαίειν
997 2220 1224 2291 ὀφείλει,
1256 2221 1354 2274 καὶ
1402 2218 1652 2292 ἐξομολο-

138 2419 257 2490 (24)
296 2421 407 2475 Καὶ
428 2420 752 2491 ὑπηρέτης.
790 2420 1080 2478 Balsamon
1128 2428 1182 2476 et
1212 2421 1460 2479 Zonaras
1494 2421 1654 2478 mini-

54 2493 167 2545 stri
220 2493 443 2546 nomine
485 2492 798 2561 intelligunt
852 2492 1247 2547 subdiaconum
1296 2512 1310 2547 :
1361 2494 1651 2549 Aristenus

58 2577 201 2615 vero
225 2562 495 2633 ejusmodi
531 2562 765 2617 clericos
795 2563 1206 2631 interpretatur,
1236 2562 1425 2633 quibus
1460 2580 1650 2619 manus

63 2648 185 2705 non
223 2631 617 2705 imponebatur,
650 2634 1091 2705 ἀχειροτονήτους
1132 2631 1432 2705 ὑπηρέτας.
1473 2635 1652 2689 Minus

62 2702 374 2775 probabilis
408 2702 654 2775 _videtur
690 2702 693 2703 ⁷
735 2702 973 2775 Aristeni
1033 2702 1325 2761 sententia.
1378 2703 1512 2758 Nam
1555 2706 1651 2775 qui

59 2781 230 2827 erant
285 2773 341 2826 in
371 2771 641 2841 ejusmodi
676 2774 985 2829 ministerio
1009 2813 1024 2834 ,
1073 2789 1183 2828 non
1227 2776 1476 2830 solebant
1510 2771 1653 2830 ulte-

65 2845 191 2895 rius
223 2842 569 2912 promoveri,
598 2848 659 2895 ut
696 2843 1111 2899 observavimus
1154 2845 1223 2899 ad
1261 2861 1525 2900 canonem
1559 2846 1648 2900 5i.

64 2914 138 2966 At
171 2911 431 2967 ministro
453 2951 469 2975 ,
504 2911 572 2966 de
603 2927 714 2982 quo
747 2913 929 2983 agitur
966 2915 1018 2967 in
1044 2917 1147 2970 hoc
1173 2931 1402 2974 canone.
1465 2917 1651 2971 itidem

67 2994 132 3036 ut
176 2983 411 3046 lectori,
443 2984 499 3054 in
531 2997 707 3052 pmnae
733 2984 853 3038 loco
888 2985 1222 3054 imponitur,
1255 2993 1318 3039 ut
1347 2986 1512 3040 altius
1543 3002 1652 3040 non

62 3054 428 3121 provehatur.
466 3053 649 3124 Longe
685 3069 816 3123 ergo
867 3053 1080 3121 satius,
1139 3057 1377 3111 ministri
1434 3057 1653 3110 nomine

65 3110 474 3178 subdiaconum
504 3110 829 3195 intElligere,
880 3134 940 3179 ut
969 3110 1031 3180 in
1054 3110 1217 3196 epist.
1250 3126 1319 3180 54
1353 3127 1420 3182 ad
1459 3128 1653 3181 chore-
1680 3110 1723 3168 (ἶ

66 3196 355 3265 piscopos.

138 3335 259 3405 (25)
310 3336 415 3390 Ἔν
451 3335 686 3405 χείλεσι
713 3334 1009 3404 μιανθείς.
1047 3334 1335 3392 Balsamon
1357 3376 1373 3399 ,
1414 3335 1656 3391 Zonaras

66 3414 125 3460 et
141 3407 437 3461 Aristenus
465 3406 614 3459 varia
640 3413 1082 3465 commentantur
1108 3409 1161 3461 in
1189 3407 1335 3461 hunc
1364 3422 1652 3468 canonem,

66 3478 165 3530 sed
207 3486 466 3546 armente
522 3476 706 3530 Basilii
773 3477 1004 3531 multum
1070 3477 1405 3532 abludentia.
1460 3477 1657 3546 Liquet

65 3548 221 3600 enim
262 3545 368 3600 hoc
412 3546 684 3601 labiorum
716 3555 1025 3616 peccatum,
1059 3548 1147 3601 cui
1179 3548 1461 3603 remissior
1492 3545 1654 3617 poma

67 3617 362 3685 inﬂigitur,
399 3617 519 3686 ipsa
568 3617 806 3675 actione.
839 3632 1005 3687 quam
1034 3617 1268 3672 Basilius
1312 3619 1540 3673 minime
1570 3618 1653 3687 ig-

66 3687 409 3741 noscendaut
451 3702 575 3742 esse
598 3687 846 3754 judicat,
880 3687 1054 3743 levius
1081 3688 1388 3743 existimari
1431 3688 1652 3743 debere.

68 3755 251 3828 Simili
282 3758 500 3828 ratione
529 3764 777 3828 sanctus
822 3756 985 3812 Pater
1023 3759 1079 3812 in
1111 3774 1234 3828 cap.
1283 3774 1337 3811 vi
1386 3757 1539 3814 Isaiae
1594 3773 1654 3811 n.

67 3827 197 3889 185,
229 3842 285 3896 p.
331 3826 471 3890 516,
527 3827 799 3882 labiorum
833 3834 1055 3896 peccata
1092 3826 1403 3884 actionibus
1431 3869 1446 3891 ,
1477 3837 1536 3883 ut
1577 3829 1656 3882 le-

65 3899 250 3962 viora,
281 3898 542 3966 opponit,
578 3913 642 3951 2c
676 3898 959 3967 propheta:
978 3899 1176 3953 delicta
1208 3914 1318 3953 non
1370 3900 1437 3953 ad
1480 3901 1654 3953 actio-

65 3983 194 4022 nem
216 3975 274 4023 et
300 3967 673 4036 operationem
696 3970 966 4037 erupisse,
1001 3968 1099 4025 sed
1135 3969 1294 4025 labiis
1324 3978 1484 4026 tenus
1524 3986 1656 4023 cou-

67 4038 285 4092 stitissc
311 4041 588 4092 observat.
633 4037 692 4092 In
719 4039 910 4093 eodem
960 4040 1354 4094 commentario
1400 4056 1457 4095 n.
1507 4040 1651 4106 ΠΟ,

67 4124 124 4190 ι).
156 4108 286 4190 501,
324 4108 655 4190 impiirilatis
695 4117 986 4190 peccatum
1016 4110 1189 4163 variis
1232 4109 1493 4190 gradibus
1516 4126 1654 4163 con»

68 4179 638 4252 stare.denioiistrat,
694 4179 837 4252 inter
888 4194 1050 4252 quos
1084 4179 1372 4234 enumerat
1432 4183 1652 4252 ῥήματα

68 4248 419 4321 summa,
469 4250 626 4302 verba
670 4248 738 4321 ad_
779 4250 1140 4321 corruptelam
1201 4261 1327 4318 apta
1359 4289 1375 4314 ,
1433 4248 1652 4321 ὅμιλίας

70 4318 332 4389 μακράς,
386 4318 571 4392 longas
611 4318 1099 4392 confabulationes,
1131 4322 1358 4392 quibus
1397 4318 1482 4375 ad'
1525 4330 1649 4378 stu-

67 4388 233 4458 prum
259 4389 621 4462 pervenitur.
673 4388 751 4443 Ex
788 4390 874 4444 his
905 4391 1138 4462 perspici
1174 4388 1424 4446 'arbitror
1455 4407 1650 4462 pecca-

1757 1838 1874 1908 ipse
1898 1851 2118 1909 quoque
2144 1834 2431 1889 homicidae
2457 1841 2704 1903 tempore
2731 1833 2991 1903 punietur

1827 2028 2065 2086 LXXIII.
2090 2029 2195 2097 Qui
2227 2029 2447 2100 negavit
2476 2029 2758 2084 Christum
2823 2036 2877 2084 et
2907 2030 3101 2084 salutis
3132 2037 3338 2102 myste-

1756 2123 1902 2179 rium
1936 2124 2203 2187 violavit,
2263 2130 2382 2177 toto
2428 2122 2556 2177 vita:
2611 2136 2724 2175 suae
2777 2128 3021 2191 tempore
3074 2123 3239 2189 ﬂere,
3282 2131 3335 2177 et

1755 2216 2136 2286 pmnitcntiam
2170 2230 2332 2286 agere
2377 2214 2575 2280 debet,
2605 2215 2686 2268 sic
2720 2221 2903 2268 tamen
2932 2253 2945 2277 ,
2981 2221 3040 2267 ut
3085 2221 3337 2286 tempore

1755 2421 1939 2478 verbis
1965 2461 1979 2480 .
2017 2437 2169 2489 seque
2215 2436 2276 2474 eo
2314 2435 2476 2490 usque
2510 2434 2750 2486 peccasse
2792 2418 3063 2487 confessus
3100 2428 3200 2482 est,
3234 2420 3338 2474 ali-

1756 2491 2271 2564 quidindulgentiae
2292 2505 2504 2564 merere
2530 2490 2876 2564 videbantur.

1829 2562 1944 2631 (26)
1984 2559 2505 2629 Καθαιρεθήσεται.
2547 2560 2727 2631 ln_his
2756 2559 3058 2613 canonibus
3097 2574 3235 2628 quos
3269 2561 3337 2615 de

1757 2629 2085 2688 cle‘ric0rum
2118 2631 2360 2701 peccatis
2400 2630 2568 2701 edidit
2612 2629 2847 2701 Basilius
2871 2669 2885 2690 .
2932 2630 3339 2701 duovidentur

1759 2704 1980 2760 silentio
2005 2698 2393 2772 praetermissa.
2422 2700 2600 2765 Quaeri
2631 2700 2774 2772 enim
2797 2700 2969 2772 possit
2995 2698 3185 2753 4°‘Cur
3215 2717 3338 2755 sus-

1758 2771 2066 2846 pensionis_
2095 2786 2309 2843 poenam
2340 2773 2441 2846 soli
2468 2771 2655 2846 lectori
2683 2787 2747 2824 at.
2772 2771 3045 2830 ministro,
3074 2772 3189 2846 sive
3210 2772 3339 2846 sub-

1759 2841 2014 2907 diacono,
2054 2841 2334 2911 imponat,
2383 2841 2632 2895 diaconis
2671 2848 2851 2893 autem
2905 2848 2961 2895 et
3001 2842 3337 2911 presbyteris

1759 2910 2154 2984 depositiouem
2207 2913 2413 2984 absque
2442 2913 2550 2965 ulla
2583 2926 2811 2984 prorsus
2851 2911 3169 2984 exceptione
3192 2910 3337 2984 inlli-

1759 2979 1872 3055 επὶ,
1928 2985 2032 3038 nisi
2088 2983 2233 3053 quod
2272 2979 2830 3055 eistcommunionem
2860 2995 2982 3033 cum
3010 2979 3258 3055 diaconis
3282 2988 3338 3036 et

1762 3050 2402 3126 presbyteris'reliuquit
2429 3091 2445 3113 ,
2502 3051 2546 3105 si
2587 3058 2876 3126 peccatum
2928 3064 3044 3126 non
3069 3050 3140 3103 ita
3172 3065 3338 3121 grave

1760 3119 1946 3180 fuerit:
1980 3124 2111 3178 Erat
2138 3131 2319 3177 tamen
2347 3121 2728 3192 suspensionis
2753 3135 2913 3191 pinna
2944 3122 2997 3192 in
3030 3119 3194 3189 ipsos“
3213 3138 3339 3191 pre-

1759 3196 2009 3262 sbyteros
2030 3211 2138 3248 non
2171 3191 2460 3249 inusitata,
2484 3201 2545 3245 ut
2573 3201 2717 3262 patet
2741 3208 2805 3245 ex
2838 3191 3085 3262 pluribus
3114 3200 3334 3261 aposto-

1758 3256 1881 3320 licis
1911 3265 2236 3323 canonibns.
2273 3264 2326 3317 in
2360 3256 2904 3332 quibus-presbyteri
2939 3275 3003 3314 ac
3041 3256 3337 3329 ipsi'etiam

1757 3336 2000 3405 episcopi
2036 3331 2414 3403 segregantur,
2446 3341 2751 3405 ac_postea,
2786 3331 3120 3405 si_sesenon
3152 3347 3338 3405 einen-

1756 3400 2010 3461 daverint
2034 3445 2048 3470 ,
2085 3400 2454 3474 deponuntur.
2506 3400 2666 3456 Forte
2700 3402 2812 3474 haec
2829 3400 3076 3474 Basilius
3108 3402 3339 3474 reliquit

1755 3479 2014 3547 episcopo
2041 3470 2392 3547 dijudicanda
2414 3512 2429 3536 ,
2481 3471 2939 3547 quemadmodum
2969 3470 3213 3547 ejusdem
3242 3487 3334 3525 ar-

1755 3541 1925 3602 bitrio
1948 3541 2216 3616 permittit
2242 3546 2297 3598 iu
2325 3543 2631 3616 canonibus
2665 3542 2731 3595 74
2758 3550 2812 3595 et
2836 3541 2905 3595 84
2923 3583 2952 3616 ,ν
2970 3549 3030 3616 ιιι
3061 3542 3334 3616 paeniten-

1755 3619 1844 3672 tiae
1872 3610 2087 3686 tempus
2114 3616 2421 3675 imminuat,
2455 3612 2728 3686 si_bouus_
2751 3615 2984 3686 evaserit
3011 3613 3057 3686 is
3086 3610 3178 3681 qui
3210 3626 3339 3679 pec-

1756 3693 1920 3744 cavit.
1957 3682 2014 3740 2"
2042 3686 2166 3740 ch
2194 3686 2359 3739 etiam
2385 3683 2561 3753 possit
2604 3683 2814 3736 institui
2841 3682 3090 3750 quaestio,
3123 3690 3336 3753 utrum-

1755 3775 1824 3814 ne
1853 3760 1907 3812 in
1939 3757 2282 3826 gravissimis
2316 3751 2535 3825 quidem
2569 3753 2908 3826 criminibus
2940 3751 3334 3826 ptenitentiant

1754 3822 2030 3900 publicam
2085 3822 2444 3900 idepositioni
2479 3822 2808 3900 ‘adjeceritt
2858 3822 3131 3900 _Adl_iib_ita
3192 3822 3336 3900 ratio

1756 3891 1810 3954 in
1843 3914 2053 3953 canone
2082 3899 2148 3962 3,
2186 3891 2296 3950 'cur
2325 3895 2530 3964 aliquid
2565 3892 2904 3964 discriminis
2932 3893 3162 3964 clericos
3193 3891 3336 3946 inter

1754 3978 1808 4026 et
1838 3970 2012 4024 laicos
2043 3968 2382 4038 ponendum_
2406 3962 2497 4028 sit,
2536 3979 2647 4038 non
2684 3962 2860 4016 solum
2897 3963 2962 4038 ad
2992 3963 3174 4038 gravia
3209 3976 3336 4038 pec-

1753 4047 1876 4095 cata
1901 4081 1915 4105 ,
1979 4030 2072 4094 sed
2105 4039 2269 4093 etiam
2317 4035 2385 4090 ad
2417 4034 2743 4105 gravissima
2777 4034 3033 4105 pertinet.
3063 4030 3153 4105 Ait
3185 4031 3331 4105 enim

1753 4102 1969 4181 aequum
2031 4125 2155 4165 esse
2192 4117 2289 4174 ut,
2341 4102 2466 4181 cum
2512 4105 2635 4160 laici
2688 4114 2811 4181 post
2839 4104 3243 4181 paenitentum
3280 4102 3335 4156 in

1753 4174 2002 4236 eumdem
2065 4183 2245 4235 locum
2303 4178 2686 4238 restituantur,
2722 4174 2906 4228 clerici
2941 4188 3071 4227 vero
3100 4188 3209 4225 non
3250 4186 3336 4226 re-

1754 4257 2075 4314 stituantur,
2115 4251 2400 4306 liberalius
2423 4255 2480 4303 et
2506 4247 2694 4300 mitius
2727 4259 2850 4298 cum
2877 4243 3093 4297 clericis
3121 4248 3331 4314 agatur.

1751 4323 1980 4378 Nolebat
2017 4313 2149 4392 ergo
2193 4321 2427 4376 clericos
2478 4320 2660 4388 lapsos
2698 4314 3110 4392 quadruplicem
3156 4313 3335 4392 paeni-

1755 4395 1936 4451 lentiae
2002 4383 2231 4465 gradum
2290 4383 2632 4465 percurrere.
2707 4383 2811 4441 Sed
2874 4383 3332 4465 quemadmodum

69 4456 186 4538 1"")
220 4456 446 4543 aliquo}!
484 4459 684 4541 i".h°c
711 4456 923 4543 θὲηοηέ
973 4456 1270 4543 άέεῖεξιεινί,
1302 4456 1475 4543 __quod
1526 4463 1643 4533 ipsa
1675 4464 1722 4519 D
1750 4468 1907 4536 lapso
1969 4456 2032 4519 ἰιῖ
2082 4456 2501 4543 fornicationem
2556 4459 2791 4514 diacono
2820 4470 2928 4539 non
2968 4456 3149 4543 statim
3183 4468 3335 4507 com-

69 4529 490 4603 actiorietlcvius
521 4529 634 4603 sit;
669 4530 867 4603 nedum
897 4545 961 4586 ea
991 4529 1262 4602 suspicari
1302 4529 1484 4595 liceat,
1520 4529 1641 4603 q'ure

70 4599 265 4653 Basilii
288 4600 682 4668 interpretibus
723 4600 780 4655 in
830 4608 1065 4655 mentem
1091 4599 1383 4656 venerunt.
1421 4599 1645 4657 Sed—ta-

70 4684 197 4745 men
219 4685 348 4745 eum
379 4670 504 4723 dico
528 4668 789 4725 Basilium
818 4670 873 4723 in
906 4672 1196 4745 puniendis
1224 4673 1492 4745 labiorum
1524 4690 1649 4745 pec-

73 4740 217 4794 catis
242 4739 504 4795 leniorem
532 4755 681 4813 esse,_
712 4755 821 4795 non
855 4743 1134 4811 quodlibet
1161 4743 1398 4813 turpium
1440 4739 1650 4799 sei-ino-

72 4824 209 4884 nu_m
267 4825 476 4884 genus,
510 4825 617 4884 non
665 4811 950 4884 immunda
1000 4811 1273 4884 colloquia
1353 4815 1650 4884 (quomodo

74 4880 222 4953 enim
280 4882 609 4953 presbyteris
658 4879 770 4953 hoc
820 4883 954 4953 vitio
994 4879 1218 4953 pollutis
1257 4879 1518 4940 honorem
1557 4901 1651 4940 ca-

74 4950 288 5004 thedra:
306 4951 635 5025 _reliquisset
652 4951 718 5017 ἲ),
752 4950 847 5006 sed
866 4950 1173 5025 Aejuswmodi
1194 4954 1542 5025 intelligenda
1568 4965 1652 5011 est

76 5019 344 5086 peccandi
392 5019 666 5094 veluntas,
697 5037 818 5090 quae
859 5019 1016 5094 foras
1050 5024 1268 5093 quidem
1298 5019 1483 5094 aliquo
1534 5042 1653 5081 ser-

78 5104 243 5144 mone
273 5090 473 5163 prodit,
503 5092 815 5163 sedtamen
839 5090 1133 5163 quominus
1165 5096 1221 5148 in
1253 5090 1433 5148 actum
1472 5112 1656 5149 erum-

77 5169 194 5235 pat,
207 5162 477 5235 subeunte
509 5162 717 5235 meliori
745 5162 1091 5232 cogitatione,
1106 5166 1437 5235 reprimitur.
1450 5166 1652 5233 Quem--

81 5230 377 5306 admodum
441 5230 917 5306 enim-peccata,
969 5249 1094 5303 quae
1145 5230 1260 5289 sola
1321 5230 1654 5306 cogitatione

80 5302 541 5376 committuntur,
579 5300 790 5376 idcirco
819 5300 1024 5376 leviora
1051 5320 1172 5359 esse
1194 5300 1518 5376 pronuu'tiat
1552 5307 1654 5361 Ba-

84 5371 266 5446 silius,
298 5378 596 5446 comment,
625 5373 681 5426 in
722 5370 929 5427 Isaiam
954 5390 1012 5428 n.
1049 5376 1170 5436 115.
1195 5370 1324 5446 pag.
1357 5378 1484 5441 459,
1508 5386 1559 5432 et
1596 5394 1650 5433 n.

80 5439 208 5518 an,
247 5456 301 5510 p.
332 5441 464 5518 σοι,
497 5443 626 5512 quia
656 5458 905 5518 repressa
936 5439 1303 5518 estactionis
1330 5439 1652 5518 turpitudo;

83 5510 166 5586 ita
193 5511 452 5586 boc_loco
507 5510 907 5586 nonquielibet
943 5515 1212 5570 labiorum
1248 5510 1470 5586 peccat'a
1496 5557 1512 5581 ,
1545 5510 1656 5573 non

83 5580 413 5642 calumnias,
441 5597 550 5637 nou
594 5580 990 5653 blasphemias,
1024 5587 1119 5640 sed
1148 5600 1214 5641 ea
1247 5580 1455 5641 tantum
1481 5580 1657 5644 lenius

82 5654 331 5724 tractat,
380 5667 503 5722 quae
554 5654 689 5724 adeo
718 5655 903 5724 gravia
934 5669 1043 5709 non
1069 5662 1248 5716 erant,
1283 5658 1370 5712 vel
1393 5657 1556 5712 etiam
1586 5661 1657 5715 ob

82 5718 415 5778 declinatam
468 5723 700 5781 actionis
720 5718 1115 5795 turpitudinem
1140 5765 1156 5795 ,
1210 5735 1270 5781 ut
1298 5735 1446 5797 patet
1470 5744 1536 5784 ex
1569 5729 1655 5787 his

1750 4529 2063 4591 munionem
2087 4534 2300 4596 reddit,
2330 4532 2424 4587 sed
2449 4531 2568 4601 ejus
2592 4529 3005 4583 conversionem
3039 4533 3092 4578 et
3120 4538 3333 4601 morum

1748 4608 2184 4663 emendationem
2227 4592 2564 4677 probandam
2610 4614 2735 4655 esse
2757 4601 3058 4677 _censet,.ut
3082 4592 3147 4677 ad
3178 4609 3334 4677 eum-

1749 4678 1872 4733 dem
1901 4692 2169 4732 canonem
2211 4664 2435 4729 t'ertium
2483 4668 2920 4744 observavimus,
2974 4666 3079 4744 ita.
3105 4664 3330 4744 dubium

1750 4763 1873 4804 esse
1906 4762 2015 4802 non
2057 4752 2259 4817 potest,
2315 4744 2449 4813 quin
2486 4742 2553 4795 ad
2606 4739 2856 4793 criminis
2903 4734 3331 4817 magnitudinem

1750 4819 2019 4889 probandi
2059 4806 2283 4889 inodum
2308 4806 2370 4889 et
2406 4822 2621 4889 tempus
2647 4806 3160 4889 accommodaverlit.

1822 4889 1936 4960 (Ἦ)
1980 4887 2250 4942 Ἐαυτόν.
2307 4886 2416 4939 Eos
2450 4874 2707 4960 intelligit
2736 4879 2827 4949 qui
2861 4891 2937 4960 se
2972 4874 3192 4960 vat-ibus
3217 4880 3332 4960 tra-

1753 4946 1892 5015 dunt
1918 4946 1993 5014 'ad
2024 4971 2214 5011 eorum
2246 4963 2418 5009 artem
2451 4946 2823 5007 ediscendum.
2861 4946 2955 5000 Sic
2983 4946 3128 4999 enim
3156 4946 3331 5015 inter-

1752 5038 2003 5102 pretatur
2026 5028 2333 5102 Aristenus.
2371 5022 2444 5078 lis
2471 5031 2655 5102 autem
2699 5020 2993 5102 qui‘vates
3025 5014 3332 5102 consulunt

1755 5092 1850 5155 aut
1898 5101 1950 5154 in
2012 5112 2165 5153 suam
2212 5097 2434 5150 domum
2469 5092 2848 5155 introducunt,
2891 5102 2986 5141 sex
3018 5092 3147 5138 anni
3190 5092 3333 5136 irro-

1753 5171 2035 5243 ganturin
2063 5167 2407 5243 canone8§.‘
2482 5238 2493 5243 Δ
2610 5232 2652 5243 __

1826 5241 1938 5313 (28)
1975 5237 2265 5313 Ἐνπαντὶ
2288 5237 2368 5302 τῷ
2383 5232 2867 5313 χρᾴνῳπβειείιίιιε.
2886 5235 2945 5313 ut
2975 5231 3330 5313 ipsiii'stnter:

1753 5293 2275 5383 preiestobservant,
2298 5293 2657 5383 etsi'discedit
2674 5318 2702 5355 a
2726 5293 3325 5383 vetustiorumirantur:

1755 5365 2014 5442 decretis,
2050 5395 2158 5433 non
2188 5365 2367 5431 tamen
2403 5378 2472 5431 ab
2496 5390 2685 5429 eorum
2727 5378 2905 5426 mente
2960 5367 3212 5421 discedit.
3246 5365 3323 5444 Illi

1755 5455 1902 5507 enim
1937 5464 2125 5521 pacem
2150 5449 2418 5521 dederunt
2450 5445 2813 5521 posttaliquot
2844 5453 3113 5521 annoru’nli
3146 5451 3327 5521 parur-‘-

1755 5508 1986 5578 tentiain
2034 5521 2121 5574 his
2179 5520 2275 5589 qui
2322 5508 2718 5589 persecutionis
2768 5519 3014 5589 tempore
3045 5508 3327 5561 Christum

1756 5597 2111 5664 negaverant.
2146 5581 2215 5664 At
2242 5581 2597 5664 aeq'uuinufuit
2630 5583 2907 5664 Severiora
2935 5581 3119 5664 in‘eos
3145 5590 3332 5664 errem:

1758 5646 1858 5734 pl;
1881 5662 2069 5734 statui,
2100 5660 2195 5729 qui
2246 5646 2562 5730 tranquillis
2623 5652 2963 5724 temporibus
2995 5648 3101 5704 hoc
3145 5646 3332 5703 scelus

1759 5733 2132 5789 admitterent.
