3862 6220
1879 268 1934 324 S.
1977 262 2222 322 BASlLll
2267 262 2485 319 MAGNI

532 413 643 469 quo
688 412 719 452 e
750 396 862 451 vita
895 399 1147 461 excedit,
1202 404 1556 453 sacramento
1596 396 1799 467 dignus
1842 394 2098 448 habeatut

2221 386 2438 456 γεῖσθαι
2468 389 2753 459 χρεωστεῆ
2782 389 2842 441 ὲν
2866 386 2944 458 τῷ
2984 385 3165 458 καιρῷ
3188 378 3241 454 ᾧ
3275 385 3518 443 ἐκϐαίνει
3540 382 3638 436 τοῦ
3672 383 3809 452 βίον.

531 489 606 543 ob
641 486 798 542 ﬁdem
824 487 879 542 in
913 486 1008 543 Dei
1030 490 1398 544 clementiam.

606 662 842 718 LXXIV.
866 662 1020 730 Quod
1054 664 1099 718 si
1133 663 1517 734 unusquisque
1539 678 1753 726 eorum,
1774 662 1868 732 qui
1902 661 1957 717 i-n
1979 675 2117 730 pra:—

535 757 700 812 mctis
737 758 976 827 peccatis
1032 755 1222 819 fuere,
1262 756 1646 825 paenitentiam
1700 769 1892 825 agens,
1930 754 2111 808 bonus

533 853 809 919 evaserit,
853 851 901 904 is
939 850 1027 906 cui
1076 869 1105 903 a
1153 849 1251 905 Dei
1298 849 1634 919 benignitate
1686 845 1892 918 ligandi
1949 855 2116 915 atque

533 943 781 997 solvendi
842 943 1049 998 credita
1112 950 1359 1011 potestas
1395 982 1410 1005 ,
1474 941 1524 995 si
1589 939 1918 996 clementior
1981 938 2111 1003 ﬁat,

533 1043 827 1105 perspecta
858 1035 1007 1089 illius
1054 1034 1148 1103 qui
1183 1032 1434 1103 peccavit
1477 1032 1819 1103 paenitentia:
1849 1030 2115 1099 magnitu-

534 1129 662 1182 dine
683 1170 697 1193 ,
727 1128 793 1182 ad
820 1127 1231 1183 diminuendum
1265 1141 1553 1196 pinnarum
1590 1131 1807 1194 tempus
1826 1162 1842 1189 ,
1876 1138 1984 1177 non
2009 1122 2114 1176 erit

533 1218 733 1287 dignus
762 1218 1238 1279 condemnatione,
1259 1231 1383 1269 cum
1411 1230 1474 1269 ea
1506 1229 1627 1283 qua:
1651 1221 1736 1268 est
1775 1214 1827 1266 in
1867 1210 2113 1281 Scriptu-

532 1309 630 1370 ris,
661 1306 889 1361 historia
918 1323 1019 1361 nos
1047 1306 1262 1373 doceat,
1288 1322 1385 1361 cos
1418 1305 1511 1375 qui
1542 1319 1668 1359 cum
1691 1302 1901 1372 majore
1924 1302 2111 1357 labere

530 1399 907 1468 pu-nilentiam
943 1410 1143 1469 agunt,
1176 1398 1289 1453 cito
1342 1398 1438 1452 Dei
1463 1395 1925 1452 'miset‘icordiam
1976 1408 2110 1449 con-

530 1492 706 1559 sequi.

600 1579 809 1635 LXXV.
842 1580 944 1647 Qui
975 1597 1099 1637 cum
1141 1598 1240 1638 sua
1286 1598 1353 1638 ex
1396 1590 1551 1654 patre
1582 1581 1667 1638 vel
1704 1596 1775 1639 ex
1805 1589 1982 1637 matre
2024 1594 2109 1636 so-

526 1686 654 1725 rore
675 1673 915 1741 pollutus
945 1683 1062 1737 est,
1094 1673 1150 1727 in
1177 1674 1403 1729 domum
1433 1674 1703 1729 orationis
1732 1688 1804 1728 ne
1828 1671 2109 1742 permitta-

2223 478 2316 531 τοῦ
2356 480 2697 549 ἁγιάσματος
2730 479 3071 551 ἀξιούμενος,
3102 479 3285 537 πίστει
3324 477 3424 551 τῆς
3468 478 3621 547 παρὰ
3675 479 3810 529 630'.-

2225 570 2657 641 φιλανθρωπίας.

2292 665 2410 715 OA'.
2450 662 2583 721 ’Ἐὰν
2614 662 2867 732 μέντοιγε
2919 662 3151 727 ἕκαστος
3199 660 3306 713 τῶν
3338 660 3395 714 ἐν
3432 661 3558 722 »τοῖς
3601 673 3808 729 στρατε-

2222 755 2564 825 γραμμένοις
2592 755 2957 825 ἁμαρτήμασι
2982 753 3292 831 γενομένων
3326 751 3616 814 σπουδαῖος
3652 751 3797 819 γένη-

2219 862 2338 908 ται,
2384 846 2914 919 ἐξομολογούμενος·
2950 848 2980 900 ὁ
3021 846 3333 909 πιστευθεὶς
3379 844 3534 917 παρὰ
3583 844 3690 916 τῆς
3716 844 3815 897 τοῦ

2220 938 2355 995 Θεοῦ
2387 939 2801 1013 φιλανθρωπίας
2832 939 2983 994 λύειν
3016 940 3113 993 καὶ
3148 939 3390 1010 δεσμεῖν,
3406 940 3467 992 εί
3499 936 3805 1009 ςριλανθρω-

2220 1030 2458 1103 πότερος
2484 1032 2716 1100 γένοιτο,
2752 1033 2815 1087 τὸ
2849 1031 3194 1104 ὑπερϐάλλον
3228 1031 3330 1102 τῆς
3358 1030 3815 1109 ὲξομολογῄσεως

2217 1122 2360 1195 ὁρῶν
2389 1124 2484 1178 τοῦ
2515 1125 2923 1203 ἡμαρτηκότος,
2952 1126 3035 1188 εἰς
3066 1123 3128 1183 τὸ
3158 1122 3457 1185 ἐλαττῶσαι
3494 1123 3587 1180 τὸν
3612 1122 3813 1193 χρόνον

2217 1217 2329 1271 τῶν
2361 1217 2677 1288 ἐπιτιμίων,
2707 1218 2807 1270 οὐκ
2855 1216 3007 1270 ἔσται
3045 1214 3447 1285 καταγνώσεως
3482 1214 3672 1281 ἄξιος·
3710 1215 3814 1283 τῆς

2220 1310 2279 1364 ὲν
2302 1311 2425 1372 ταῖς
2453 1309 2698 1379 Γραφαῖς
2723 1306 3106 1380 (ἳδἹὶστορίας
3128 1304 3500 1379 γνωριζούσης
3525 1306 3812 1377 ἡμῖντους

2222 1400 2362 1472 μετὰ
2391 1400 2639 1472 μείζονος
2683 1400 2845 1458 πόνου
2890 1397 3416 1470 ὲξομολογουμένους
3459 1394 3677 1466 ταχέως
3712 1397 3811 1447 τίὲν

2216 1493 2311 1548 τοῦ
2336 1492 2485 1546 Θεοῦ
2517 1491 2712 1562 φιλανθ
2722 1491 2930 1563 ρωπίαν
2964 1488 3427 1560 καταλαμϐάνειν.

2286 1586 2408 1640 ΟΕ’.
2439 1587 2497 1639 '0
2524 1585 2727 1656 ἀδελφῇ
2757 1585 2865 1656 ἰδίᾳ
2890 1585 2955 1638 ἐκ
2990 1581 3196 1655 πατρὸς
3226 1581 3264 1651 ,ἢ
3307 1583 3373 1634 ὲκ
3414 1578 3621 1652 μητρὸς
3669 1594 3815 1648 συμ-

2218 1676 2466 1746 μιανθεὶς
2496 1679 2577 1741 είς
2606 1672 2755 1730 οἶκον
2788 1675 3101 1753 προσευχῇς
3146 1674 3221 1744 μὴ
3259 1670 3642 1743 ὲπιτρεπέσθω
3671 1688 3813 1740 παρη

528 1777 618 1817 tur
664 1766 961 1830 accedere,
992 1767 1168 1821 donec
1200 1768 1269 1821 ab
1315 1767 1505 1837 iniqua
1542 1775 1597 1821 et
1648 1765 1862 1821 nefaria
1894 1766 2098 1818 actioni

2215 1772 2375 1831 εἶναι,
2402 1769 2512 1832 ἕως
2544 1769 2621 1827 ,ἂν
2655 1770 2865 1839 ἀποστῇ
2900 1767 3005 1837 τῆς
3040 1764 3364 1839 παρανόμου
3409 1764 3505 1818 καλ⁸
3535 1762 3807 1834 ἀθεμίτου

525 1856 775 1912 desistat.
817 1855 1114 1927 Postquam
1145 1867 1327 1913 autem
1366 1861 1422 1915 in
1458 1857 1717 1914 horrendi
1752 1858 1964 1928 peccati
1988 1874 2110 1911 sen-

526 1966 645 2005 sum
690 1959 746 2006 et
788 1951 1326 2007 animadversionem
1368 1952 1615 2016 venerit,
1659 1952 1900 2006 triennio
1944 1949 2101 2014 ﬂcat,

525 2051 678 2097 stans
702 2057 925 2113 pmpter
958 2045 1103 2100 fores
1132 2044 1333 2100 domus
1363 2046 1660 2111 orationis,
1691 2055 1745 2100 et
1784 2058 1987 2114 rogans
2010 2058 2110 2113 po-

523 2134 710 2204 pulum
746 2135 1143 2205 ingredientem
1177 2138 1244 2191 ad
1274 2139 1580 2194 orationem
1602 2178 1618 2204 ,
1646 2146 1701 2192 ut
1730 2137 2111 2207 unusquisque

521 2225 956 2281 misericorditer
1030 2244 1131 2298 pro
1187 2229 1307 2299 ipso
1372 2228 1622 2293 intensas
1683 2227 1753 2283 ad
1814 2226 2109 2281 Dominum

521 2332 713 2386 preces
762 2317 973 2375 fundat.
1025 2318 1221 2375 Postea
1267 2328 1452 2375 autem
1484 2321 1596 2374 alio
1629 2318 1871 2374 triennio
1921 2319 1988 2372 ad
2025 2333 2110 2373 se-

520 2410 628 2463 lam
663 2409 999 2467 auditionem
1052 2412 1409 2476 admittatur,
1456 2420 1529 2478 et,
1557 2410 1863 2485 Scripturis
1901 2412 2107 2466 doctri-

521 2516 702 2571 naque
731 2504 960 2568 auditis,
1001 2505 1284 2574 ejiciatur,
1324 2519 1426 2559 nec
1462 2504 1662 2573 dignus
1691 2503 1957 2559 habeatur
1989 2516 2109 2561 ora-

519 2598 691 2653 tione.
729 2596 969 2662 Deinde,
1009 2598 1056 2652 si
1119 2597 1284 2653 modo
1312 2598 1474 2653 illam
1536 2612 1661 2652 cum
1700 2598 1961 2668 lacrymis
2009 2611 2106 2650 ex-

518 2672 809 2757 quisierit,
854 2698 910 2745 et
958 2689 1192 2745 Domino
1242 2704 1368 2743 cum
1418 2688 1605 2743 cordis
1662 2687 2000 2742 contritione
2051 2695 2106 2741 et

520 2781 702 2837 valida
750 2783 1135 2837 humiliatione
1178 2782 1406 2853 supplex
1468 2780 1767 2851 procidcrit
1793 2823 1809 2847 ,
1853 2779 2014 2835 detur
2052 2780 2102 2832 ei

519 2875 820 2929 substratio
850 2891 945 2944 per
977 2875 1115 2930 alios
1147 2883 1261 2930 tres
1308 2889 1505 2928 annos.
1544 2872 1632 2937 Et,
1652 2882 1945 2943 postquam
1988 2887 2102 2942 pa:-

519 2968 760 3021 nitentia:
796 2968 1008 3022 fructus
1038 2967 1233 3039 dignos
1259 2967 1566 3023 osmnderit
1586 3007 1601 3031 ,
1634 2982 1781 3022 anno
1802 2966 2019 3020 decimo
2047 2966 2100 3019 in

520 3061 761 3115 ﬁdelium
815 3061 1095 3116 orationes
1128 3061 1467 3131 suscipiatur
1519 3059 1640 3115 sine
1692 3044 2101 3113 oblationez'et

517 3151 611 3225 ubi
638 3153 798 3207 annis
822 3153 1038 3207 duobus
1064 3168 1169 3206 una
1199 3168 1324 3206 cum
1355 3151 1609 3207 ﬁdelibus
1640 3151 1858 3205 steterit
1881 3150 1949 3205 ad
1975 3165 2101 3205 ora-

515 3240 721 3296 tiuncm
744 3282 759 3308 ,
788 3244 862 3297 ita
889 3243 1109 3298 demttm
1150 3243 1351 3314 dignus
1380 3243 1645 3298 habeatur
1675 3240 1809 3296 boni
1858 3256 2103 3297 commu-

518 3345 702 3388 330218.

589 3508 822 3564 LXXVI.
855 3510 1059 3567 Eadem
1095 3520 1178 3566 est
1212 3512 1354 3567 ratio
1392 3513 1460 3567 de
1488 3510 1557 3568 iis
1595 3527 1817 3584 quoque
1845 3512 1936 3583 qui
1969 3495 2100 3570 suas

514 3617 691 3658 nurus
720 3604 1022 3673 accipiunt.

588 3696 753 3767 329
778 3694 1035 3752 LXXVII.
1061 3695 1165 3762 Qui
1196 3695 1460 3767 relinquit
1481 3697 1725 3767 legitime
1747 3697 1854 3753 sibi
1876 3697 2099 3768 copula-

513 3792 627 3839 tam
664 3786 985 3851 mulierem,
1020 3795 1074 3843 et
1107 3788 1268 3842 aliam
1296 3789 1479 3847 ducit.
1513 3803 1581 3843 ex
1629 3786 1843 3843 Domini
1878 3799 2102 3845 senten-

590 3916 726 3988 (28')
765 3917 881 3989 Τῇς
929 3919 998 3973 ἐν
1032 3918 1162 3986 ταῖς
1206 3919 1497 3989 Γραφαῖς.
1531 3918 1801 3975 Ohservat
1852 3919 2100 3976 Zonaras

514 4000 769 4060 sanctum
802 3988 1021 4043 Patrem
1044 3990 1112 4045 ad
1140 4006 1227 4055 ea,
1252 3988 1374 4060 qua:
1396 3998 1697 4044 narrantur
1719 3989 1786 4044 de
1821 3989 2097 4055 Manasse,

516 4057 748 4115 Ezechia
774 4070 828 4114 et
856 4060 979 4114 aliis
1009 4057 1304 4129 ejusmodi,
1337 4061 1569 4131 digitum
1598 4061 1906 4131 intendere.
1946 4060 2097 4116 Hauc

516 4136 697 4183 autem
719 4131 947 4185 canonis
980 4146 1103 4186 esse
1125 4130 1451 4186 sententiam
1470 4130 1757 4185 contendit
1778 4130 2095 4195 Balsamon,

516 4208 577 4252 ιιι
628 4201 867 4269 episcopi
930 4217 1040 4255 non
1076 4202 1255 4256 solum
1306 4215 1593 4270 pinnarum
1656 4209 1875 4270 tempus
1919 4202 2098 4256 inuni-

514 4277 712 4341 nuant,
748 4272 841 4324 sed
875 4271 1022 4339 ipsas
1055 4275 1219 4326 etiam
1250 4286 1445 4340 poenas
1473 4280 1817 4326 commutent
1846 4291 1858 4326 :
1897 4273 1952 4326 in
1982 4288 2093 4341 quo

514 4339 736 4413 quidem
797 4340 900 4394 sibi
948 4339 1370 4413 nonnullos’aiti
1388 4357 1499 4396 non
1537 4341 1819 4413 assentiri.
1858 4339 2099 4413 Ipse—ta-

517 4424 640 4462 men
669 4408 868 4481 fatetur
899 4426 1152 4481 magnam
1184 4426 1307 4466 esse
1341 4412 1541 4466 debere
1573 4408 1910 4467 cautionem:
1952 4412 2089 4466 Nar-

516 4487 605 4532 rat
657 4480 800 4533 enim
828 4495 951 4533 cum
1004 4480 1164 4535 miles
1216 4482 1510 4535 voluntarii
1556 4482 1840 4536 homicidii
1887 4498 2016 4538 reus
2057 4498 2086 4537 a

515 4549 751 4619 quodam
777 4552 1034 4623 episcopo
1067 4559 1191 4621 post
1224 4552 1396 4607 .breve
1427 4552 1719 4623 admodum
1754 4553 2088 4623 pmnitentia:

516 4627 732 4693 tempus
763 4622 1048 4693 absolutus
1067 4620 1259 4676 luisset
1284 4632 1388 4676 tem
1399 4638 1529 4693 pore
1553 4620 1714 4676 Luc-.e
1738 4620 2084 4693 patriarchae,

516 4689 784 4760 synodum
835 4690 996 4759 jussu
1051 4689 1413 4761 imperatoris
1447 4694 1689 4762 graviter
1738 4689 1806 4746 'id
1860 4692 2087 4748 ferentis

516 4766 909 4825 convocatam,
960 4762 1029 4816 de
1082 4762 1325 4831 episcopi
1386 4762 1532 4815 facto
1584 4763 1942 4819 deliberasse.
2009 4764 2088 4819 Ac

515 4831 834 4900 episcopum
864 4831 1083 4900 quidem
1143 4847 1263 4886 sese
1303 4832 1466 4901 hujus
1500 4834 1730 4887 canonis
1761 4841 1814 4888 et
1844 4835 2080 4887 aliorum

517 4901 783 4973 similium
831 4903 1160 4956 auctoritate
1199 4901 1534 4962 defendisse,
1566 4903 1663 4957 sed
1700 4902 1767 4957 ad
1804 4912 2021 4973 tempus
2056 4922 2085 4957 a

516 4970 824 5043 ministerio
855 4981 1122 5029 remotum
1163 4974 1353 5034 fuisse,
1387 4982 1441 5027 et
1476 4973 1704 5029 militem
1746 4970 1943 5028 rursus
1971 4991 2088 5043 pa:-

516 5041 761 5113 nitentiae
818 5043 1127 5112 subjectum
1167 5043 1606 5113 :prununtiante
1657 5042 1870 5113 synodo
1919 5041 2086 5099 licere

517 5110 735 5179 quidem
787 5110 1064 5182 episcopis
1100 5110 1396 5167 canonicas
1430 5128 1622 5183 poenas
1662 5110 1863 5183 augere
1892 5124 1947 5169 et
1979 5115 2084 5166 iiii-

517 5196 707 5254 nuere,
733 5184 826 5254 sed
851 5198 1186 5254 aranearum
1238 5185 1345 5237 ﬁlis
1386 5185 1580 5254 ligare,
1602 5198 1725 5254 quae
1754 5184 1955 5239 debent
1988 5186 2087 5238 tri—

517 5250 631 5323 bus
650 5251 969 5323 rudentibus
998 5254 1232 5323 alligari,
1260 5269 1368 5308 non
1398 5250 1585 5310 licere.

586 5319 697 5393 (~29)
726 5319 1226 5391 Καταλιμπάιῖωνζ
1256 5323 1525 5393 Loquitur
1555 5323 1614 5378 S.
1659 5322 1824 5393 Pater
1847 5323 1915 5378 de
1964 5324 2085 5378 viro

517 5388 719 5469 injuste
753 5388 1048 5469 legitimam
1074 5410 1296 5449 uxorem
1327 5388 1653 5469 dimittente.
1678 5392 1813 5448 Nam
1841 5394 1891 5447 si
1927 5394 2085 5447 adul-

517 5464 712 5514 terium
763 5464 1156 5535 intercessiset,
1191 5481 1298 5523 non
1327 5464 1439 5534 jam
1493 5465 1732 5535 legitima
1774 5479 1910 5518 uxor
1936 5474 2084 5520 esset

514 5545 582 5582 ex
615 5534 882 5604 sententia
914 5533 1123 5599 Basilii,
1151 5537 1242 5604 qtti
1275 5533 1579 5591 adulteram
1605 5534 1729 5604 ejici
1762 5536 1937 5602 jubet,
1970 5551 2081 5590 non

516 5598 677 5679 modo
707 5604 992 5679 permittit.
1049 5598 1228 5674 Atque
1259 5606 1614 5679 hocquitlem
1635 5598 1943 5679 'peccatum
1979 5607 2081 5679 ho-

515 5672 679 5723 minis
738 5672 1030 5740 legitimam
1068 5672 1291 5729 uxorem
1325 5672 1737 5730 dimittentis'et
1778 5676 1942 5729 aliam
1977 5676 2081 5729 du-

516 5739 728 5804 cen‘tis,
793 5739 1119 5798 adulterium
1165 5744 1365 5802 fatetur
1409 5762 1554 5812 esse,
1585 5746 1632 5801 si
1686 5746 1902 5800 Domini
1946 5762 2075 5803 scn-

2216 1860 2487 1931 πράξεως.
2541 1858 2698 1913 Μετὰ
2726 1858 2783 1911 δὲ
2832 1859 2894 1911 τὸ
2942 1856 3121 1910 ἐλθεῖν
3169 1856 3249 1918 ε’ίς
3300 1853 3656 1924 συναίσθησιν
3702 1853 3807 1921 ti;

2217 1951 2459 2023 φοϐερᾶς
2498 1950 2775 2021 ἁμαρτίας
2819 1947 3058 2018 ἐκείνης,
3100 1946 3344 2020 τριετίαν
3392 1944 3804 2018 προσκλαιέτω,

2210 2045 2276 2116 τῇ
2305 2041 2448 2115 θύρα
2474 2042 2585 2097 τῶν
2600 2040 2922 2113 εὐκτηρίων
2946 2038 3113 2093 οἴκων
3144 2036 3526 2110 παρεστηκὼς,
3554 2036 3654 2090 καὶ
3678 2036 3806 2090 δεό-

2214 2151 2374 2206 μενος
2413 2134 2508 2189 τοῦ
2536 2132 2676 2187 λαοῦ
2718 2132 2987 2196 εἰσιόντος
3023 2132 3117 2184 ἐπὶ
3152 2129 3252 2203 τὴν
3284 2130 3615 2204 προσευχὴν,
3656 2130 3807 2184 ὥστε

2209 2229 2438 2282 ἕκαστον
2460 2227 2599 2299 μετὰ
2619 2225 2962 2297 συμπαθείας
2986 2224 3128 2295 ὕπερ
3154 2222 3331 2277 αὑτοῦ
3354 2225 3593 2287 ἐκτενεῖς
3632 2225 3812 2276 ποιείο

2212 2319 2334 2374 σθαι
2385 2320 2522 2391 πρὸς
2558 2319 2649 2372 τὸν
2683 2318 2888 2389 Κύριον
2920 2315 3019 2380 τὰς
3068 2316 3300 2388 δεήσεις.
3355 2314 3509 2369 Μετά
3550 2315 3608 2367 δὲ
3639 2314 3810 2367 τοῦτο

2209 2409 2378 2481 ἄλλην
2414 2408 2667 2480 τριετίαν
2700 2410 2796 2471 είς
2830 2406 3099 2479 ἀκρόασιν
3148 2406 3316 2477 μόνην
3364 2404 3806 2477 παραδεχθήτω,

2209 2505 2303 2557 καὶ
2340 2502 2556 2556 ἀκούων
2621 2500 2732 2554 τῶν
2764 2499 3010 2571 Τραφῶν
3052 2500 3149 2552 καὶ
3185 2499 3287 2569 τῆς
3316 2497 3671 2561 διδασκαλίας
3710 2500 3811 2550 ὲκ.

2208 2595 2517 2661 ϐαλλέσθω,
2545 2594 2644 2647 καὶ
2673 2593 2748 2665 μὴ
2776 2592 3153 2660 καταξιούσθω
3186 2591 3511 2666 προσευχῆς.
3538 2592 3807 2653 Ἔπειτα,

2207 2689 2365 2759 εἴπερ
2403 2687 2540 2758 μετὰ
2574 2685 2838 2757 δακρύων
2883 2686 3209 2759 ὲξεζήτησεν
3260 2685 3452 2757 αὐτὴν,
3491 2683 3588 2741 καὶ
3626 2701 3809 2757 προσ-

2207 2780 2371 2832 έπεσε
2421 2778 2499 2848 τῷ
2549 2778 2738 2850 Κυρίῳ
2793 2778 2933 2850 μετά
2985 2776 3332 2849 συντριμμοῦ
3389 2775 3622 2847 καρδίας
3700 2777 3807 2830 καὶ

2205 2873 2592 2938 ταπεινώσεως
2640 2875 2905 2945 ίσχυρᾶς,
2939 2872 3167 2927 διδόσθω
3216 2871 3433 2950 αὐτῷἡ
3478 2872 3805 2934 ὑπόπτωσις

2206 2967 2264 3019 ἐν
2314 2966 2493 3031 ἄλλοις
2543 2966 2721 3038 τρισὶν
2770 2965 2935 3019 ἔτεσι.
2984 2966 3094 3020 Καὶ
3134 2964 3342 3030 οὕτως,
3393 2964 3621 3021 ἐπειδὰν
3673 2965 3804 3026 τοὺς

2206 3058 2456 3128 καρποὺς
2494 3055 2597 3126 τῆς
2646 3055 2936 3126 μετανοίας
2975 3054 3161 3122 ἀξίους
3195 3052 3553 3125 ἐπιδείξηται,
3591 3052 3676 3123 τῷ
3710 3053 3801 3105 δε-

2206 3148 2356 3219 κάτῳ
2385 3146 2497 3200 ἔτει
2524 3148 2604 3211 εἰς
2642 3147 2742 3220 τὴν
2772 3145 2889 3199 τῶν
2921 3145 3130 3199 πιστῶν
3158 3144 3322 3216 εὐχὴν
3351 3143 3599 3214 δεχθὴτω
3630 3144 3802 3213 χωρὶς

2206 3239 2557 3310 προσφορᾶς·
2610 3238 2705 3291 καὶ
2736 3238 2832 3291 δύο
2860 3236 2955 3309 ἐτη
2987 3235 3189 3300 συστὰς
3234 3237 3315 3301 είς
3350 3234 3449 3307 τὴν
3479 3234 3652 3305 εὐχὴν
3686 3238 3802 3297 τοῖς

2207 3334 2440 3394 πιστοῖς,
2476 3328 2620 3384 οὕτω
2654 3330 2845 3384 λοιπὸν
2891 3327 3271 3395 καταξιούσθω
3310 3329 3412 3399 τῆς
3443 3327 3540 3381 τοῦ
3588 3327 3801 3390 ἀγαθοῦ

2204 3424 2511 3484 κοινωνίας.

2274 3516 2412 3581 0G,".
2462 3514 2520 3568 Ὀ
2565 3513 2728 3578 αὐτὸς
2769 3515 2939 3580 τύπος
2972 3513 3070 3569 καὶ
3098 3513 3230 3585 περὶ
3266 3512 3377 3567 τῶν
3422 3510 3526 3576 τὰς
3577 3510 3803 3584 νύμςας

2202 3606 2409 3659 ἑαυτῶν
2431 3605 2499 3659 λα
2506 3605 2846 3678 μόανόντων.

2273 3697 2398 3750 OZ'.
2444 3696 2507 3749 ’θ
2541 3696 2726 3768 μέντοι
2757 3695 3194 3768 καταλιμπάνων
3230 3694 3343 3767 (29)
3394 3692 3498 3765 τὴν
3542 3693 3803 3764 νομίμως

2202 3786 2351 3857 αὐτῷ
2379 3786 2740 3857 συναφθεῖσαν
2769 3791 3025 3857 γυναῖκα,
3048 3788 3143 3842 καὶ⁵
3164 3787 3361 3859 ἑτέραν
3393 3784 3799 3856 συναγόμενος,

2201 3924 2371 3978 tentia
2402 3931 2702 3993 spectetur,
2733 3938 2916 3989 secus,
2940 3924 2986 3980 si
3017 3938 3260 3979 canones
3300 3920 3548 3993 Patrum.
3582 3921 3806 3987 Quam-

2199 3996 2402 4065 obrem
2438 3992 2691 4050 eamdem
2725 4009 2942 4065 poenam
2977 3995 3211 4065 imponit
3241 4007 3305 4046 ac
3332 3992 3573 4065 graviori
3604 3994 3801 4065 forni-

2203 4063 2410 4118 cationi
2465 4068 2523 4118 in
2570 4062 2785 4120 canone
2813 4064 2904 4129 59,
2942 4062 3071 4120 cuni
3101 4065 3206 4119 hoc
3237 4072 3419 4118 tamen
3443 4062 3549 4116 levi
3583 4062 3803 4117 discri-

2200 4136 2348 4190 mine
2388 4134 2535 4204 quod
2594 4135 2650 4189 in
2694 4149 2906 4190 canone
2962 4135 3031 4190 59
3075 4136 3187 4190 duo
3233 4135 3363 4188 anni
3405 4133 3552 4186 inter
3596 4131 3800 4188 ﬂentes

2200 4206 2577 4275 assignantur,
2599 4220 2745 4260 unus
2767 4220 2894 4259 vero
2911 4204 2965 4259 in
2988 4206 3091 4260 hoc
3111 4204 3515 4275 septuagesimo
3530 4205 3797 4272 septimo.

2200 4274 2521 4329 Hoc’autem
2550 4276 2985 4346 matrimonium,
3016 4274 3191 4346 quod’
3211 4274 3455 4346 legitima
3490 4288 3670 4346 uxore
3706 4276 3793 4328 di-

2199 4348 2370 4400 missa
2404 4346 2773 4409 contrahitur,
2794 4345 2897 4401 etsi
2922 4342 3355 4402 Basiliusinstar
3379 4342 3644 4400 adulterii
3676 4360 3796 4398 non

2194 4417 2351 4484 jubet
2380 4418 2586 4485 puniri,
2619 4417 2846 4471 minime
2876 4425 3059 4471 tamen
3092 4415 3344 4478 dubium,
3374 4415 3509 4484 quin
3562 4424 3799 4484 penitus

2124 4468 2166 4522 Ι)
2194 4468 2235 4540 Et
2255 4468 2805 4545 auresaures
2824 4468 3065 4543 augeat
3084 4468 3123 4554 ,⁷
3137 4468 3279 4543 sed
3307 4468 3435 4539 ante
3482 4468 3800 4541 restitui-rit

2197 4557 2670 4627 communionem,
2690 4556 2854 4625 quam
2876 4558 3159 4627 illegitima
3195 4570 3335 4611 uxor
3356 4563 3507 4627 esset
3528 4557 3795 4627 dimissa.

2198 4626 2332 4681 Illud
2373 4634 2556 4682 autem
2610 4626 2889 4682 dtllicilius
2934 4625 3018 4682 est
3071 4638 3340 4691 statuere,
3377 4626 3514 4695 quid
3554 4625 3629 4680 de
3668 4642 3792 4679 ma-

2196 4699 2456 4752 trimonio
2502 4709 2628 4767 post
2701 4697 2933 4763 ejcctam
2993 4713 3217 4753 uxorem
3277 4698 3795 4767 adutteram_rou-

2195 4776 2376 4822 tracto
2433 4765 2691 4822 senserit.
2735 4769 2932 4823 italum
2975 4783 3007 4821 a
3064 4768 3265 4823 Basilio
3301 4768 3550 4825 habitum
3609 4765 3798 4824 fuisse

2195 4838 2468 4907 ejusmodi
2494 4839 2906 4895 matrimonium
2929 4838 3247 4907 pronuntiat
3262 4838 3578 4892 Aristenus.
3603 4838 3793 4907 Atque

2195 4910 2248 4965 υΙ
2279 4909 2501 4978 quidem
2546 4908 2785 4963 Basilius
2823 4910 3107 4978 conceptis
3140 4909 3324 4967 verbis
3356 4924 3465 4962 non
3497 4907 3789 4975 declarat;

2195 4977 2291 5033 sed
2345 4987 2528 5033 tamen
2580 4979 2798 5033 videtur
2829 4980 2933 5033 hac
2974 4977 3030 5033 in
3067 4993 3127 5033 re
3166 4994 3198 5033 a
3230 4979 3440 5033 saniori
3471 4992 3539 5034 ac
3568 4981 3791 5034 meliori

2196 5047 2472 5104 sententia
2522 5047 2875 5104 discessisse.
2913 5045 3050 5102 Nam
3088 5049 3145 5101 1ο
3172 5052 3429 5107 maritum
3458 5049 3670 5118 injuste
3692 5050 3786 5103 di-

2194 5119 2425 5172 missum
2456 5119 2526 5173 ab
2556 5119 2664 5171 alio
2702 5120 3058 5173 matrimonio
3109 5133 3217 5173 non
3249 5118 3517 5183 excludit,
3548 5128 3604 5171 ut
3642 5121 3788 5174 vidi—

2194 5203 2318 5259 mus
2351 5188 2406 5241 in
2433 5189 2742 5244 canonibus
2783 5190 2816 5242 9
2855 5199 2910 5244 et
2942 5190 3032 5244 55.
3060 5187 3236 5245 Porro
3260 5206 3369 5245 non
3410 5190 3634 5244 videtur
3659 5192 3791 5259 jure

2192 5258 2491 5330 dimittenti
2530 5258 2854 5330 denegasse,
2884 5261 3031 5330 quod
3075 5261 3277 5330 injuste
3320 5260 3555 5315 dimisso
3585 5258 3791 5315 conce—

2192 5326 2378 5399 debat.
2413 5330 2473 5380 2°
2519 5328 2658 5383 Cum
2677 5326 2887 5398 'jubeat
2905 5326 3145 5385 'uxoreni
3173 5331 3478 5386 adulteram
3504 5331 3661 5399 ejici,
3695 5334 3778 5384 vis

2192 5397 2422 5451 dubium
2472 5407 2557 5454 est
2605 5397 2742 5469 quin
2785 5401 3201 5455 matrimonium
3257 5397 3554 5457 adulterio'
3593 5418 3781 5457 uxoris

2191 5469 2523 5523 dissolutum
2550 5471 2974 5525 existimaverit.
2994 5470 3274 5531 Praeterea
3314 5471 3454 5526 dura
3483 5469 3784 5526 admodum

2192 5537 2387 5612 fuisset
2414 5539 2727 5612 _mariti,_ac
2771 5543 2943 5596 multo
2969 5542 3197 5609 :durior,
3229 5556 3397 5612 quam
3422 5542 3626 5597 uxoris
3656 5557 3786 5597 cou-

2190 5606 2349 5679 ditio,
2382 5610 2427 5664 si
2463 5623 2563 5679 nec
2594 5609 2901 5666 adulteram
2934 5606 3197 5679 retinere,
3245 5606 3350 5668 nec
3376 5613 3550 5666 aliam
3582 5613 3783 5668 ducere

2190 5678 2461 5751 integrqu
2495 5678 2690 5737 fuisset
