3862 6220
75 263 196 320 805
973 261 1462 321 EPISTOLARUM
1503 263 1790 320 CLASSIS
1829 263 1892 318 II.
1927 264 2145 321 EPIST.
2189 266 2441 324 CCXVII.
3248 266 3353 322 806

79 377 232 430 κατά
260 375 368 448 τὴν
404 376 498 431 τοῦ
546 378 755 450 Κυρίου
801 376 1103 447 ἀπόφασιν,
1152 379 1232 451 τῷ
1276 382 1374 451 τῆς
1424 381 1671 452 μοιχείας

1784 390 1849 435 tia
1902 382 2154 437 adulterii
2195 384 2486 453 subjicitur
2517 383 2747 453 judicio.
2797 382 2903 439 Sed
2962 389 3226 440 statutum
3258 372 3347 436 es‘

79 467 380 521 ὑπόκειται
413 466 664 540 κρίματι.
704 469 1096 524 Κεκανόνισται
1140 469 1197 524 δὲ
1228 472 1382 543 παρά
1419 473 1529 525 τῶν
1568 474 1670 526 Πα-

1784 471 1998 526 Patrum
2047 482 2361 529 nostrorum
2394 475 2736 541 cauonibus,
2766 482 2827 529 ut
2882 475 2923 529 ii
2953 489 3100 528 anno
3147 472 3350 536 beant,

84 560 264 630 τέρων
309 558 467 628 ἡμῶν
509 561 634 624 τοὺς
673 560 948 625 τοιούτους
991 562 1240 617 ἐνιαυτὸν
1293 564 1667 635 προσκλαίειν,

78 650 292 703 διετίαν
332 650 753 722 ἐπακροᾶσθαι,
793 653 1036 723 τριετίαν
1089 654 1447 708 ὑποπίπτεινο
1496 654 1575 726 τῷ
1615 655 1672 708 δὲ

80 740 307 812 ἐεδόμῳ
358 742 720 797 συνίστασθαι
771 747 884 808 τοῖς
938 749 1182 809 πιστοῖς
1230 747 1324 799 καὶ
1373 746 1518 800 οὕτω
1572 745 1672 816 τῆς

86 837 412 905 προσφορᾶς
450 835 860 904 καταξιΟὖσθαι,
909 840 1006 894 ἐὰν
1045 839 1184 911 μετά
1225 841 1476 913 δακρύων
1508 859 1664 912 μετα-

88 925 393 994 νοήσωσιν.

165 1021 296 1075 ΟΗ’.
342 1021 401 1074 νο
414 1020 482 1073 δὲ
507 1022 670 1086 αὐτὸς
698 1024 871 1089 τύπος
900 1026 1172 1097 κρατείτω
1189 1026 1284 1079 καὶ
1311 1027 1404 1080 ἐπ).
1435 1026 1543 1081 τῶν
1571 1026 1672 1091 τὰς

84 1111 186 1165 δύο
243 1112 483 1181 ἀδελφὰς
529 1113 914 1185 λαμϐανόντων
962 1118 1045 1180 εἰς
1102 1117 1432 1171 συνοικέσιον
1482 1120 1531 1172 εί
1578 1120 1672 1173 καὶ

86 1203 237 1257 κατὰ
267 1204 561 1276 διαφόρους
590 1207 838 1277 χρόνους.

161 1296 285 1351 ΟΘ’.
328 1300 391 1351 Ol
419 1298 477 1351 δὲ
514 1300 637 1363 ταῖς
668 1301 958 1371 μητρυιαῖς
984 1303 1105 1364 ταῖς
1145 1301 1353 1354 ἑαυτῶν
1393 1303 1673 1372 ὲπιμαινὸ-

89 1405 249 1458 μενοι
276 1388 359 1460 τῷ
374 1388 536 1460 αὐτῷ
563 1391 878 1445 ὑπόκεινται
900 1392 1105 1452 κανόνι,
1135 1386 1180 1461 ᾧ
1208 1393 1304 1448 καὶ¹
1332 1395 1380 1445 oi
1401 1396 1522 1456 ταῖς
1547 1394 1674 1447 ἐαυ-

83 1479 201 1531 τῶν
229 1480 491 1550 ἀδελφαῖς
515 1481 627 1552 (50)
657 1484 1093 1554 ὲπιμαινόμενοι.

144 1574 228 1626 Π’.
238 1573 351 1645 Τὴν
367 1573 429 1626 δὲ
442 1574 649 1643 πολυγα
657 1575 782 1644 μίαν
793 1576 980 1645 (ὅθ’)οἱ
994 1575 1236 1647 Πατέρες
1255 1576 1671 1648 ἀπεσιώπησαν,

84 1664 165 1728 ὡς
214 1665 501 1736 κτηνὼδη,
540 1667 643 1720 καὶ
684 1667 978 1730 παντελῶς
1022 1667 1308 1739 ἀλλοτρίαν
1346 1666 1441 1721 τοῦ
1485 1667 1673 1736 γένους

82 1754 200 1807 τῶν
230 1754 556 1826 ἀνθρώπων.
597 1757 758 1827 Ἡμῖν
790 1756 847 1810 δὲ
885 1756 1220 1827 παρίσταται
1251 1757 1417 1810 πλέον
1443 1775 1499 1810 τι
1541 1775 1674 1827 πορ-

84 1847 244 1910 νείας
267 1842 411 1901 εἶναι
445 1848 506 1901 τὸ
534 1848 857 1920 ἁμάρτημα.
883 1849 975 1901 Διὸ
1002 1847 1225 1917 εὔλογον
1252 1849 1378 1911 τοὺς
1397 1847 1675 1910 τοιούτους

86 1939 494 1995 ὑποϐάλλεσθαι
525 1944 639 2005 τοῖς
668 1941 888 1995 κανόσι·
924 1941 1169 2014 δηλονότι
1204 1942 1463 1996 ἓνιαυτον
1503 1958 1673 2013 προσ-

86 2031 465 2096 κλαύσαντας,
501 2034 596 2086 καὶ
640 2033 701 2085 ὲν
753 2032 930 2104 τρισὶν
977 2032 1373 2097 ὑποπεσόντας,
1399 2032 1541 2086 οὕτω
1584 2032 1674 2086 δε-

88 2125 262 2187 κτοὺς
292 2118 433 2178 εἶναι
455 2123 590 2195 (51).

163 2216 272 2268 HA'
319 2215 533 2285 Ἐπειδὴ
565 2215 623 2268 δὲ
653 2214 839 2269 πολλοὶ
859 2216 924 2269 ἒν
949 2218 1017 2287 τῇ
1032 2215 1151 2269 τῶν
1166 2214 1469 2287 βαρϐάρων
1502 2230 1674 2269 κατα-

84 2309 271 2377 agniti};
300 2307 622 2378 παρέϐησαν
664 2305 764 2377 τὴν
804 2308 885 2370 είς
914 2306 1050 2360 Θεὸν
1089 2307 1293 2367 πίστιν,
1322 2305 1518 2377 ὅρκους
1542 2303 1678 2358 ἐθνι-

84 2399 227 2462 κοὺς
267 2398 712 2461 ἐπιτελέσαντες,
758 2399 852 2451 καὶ
898 2397 1172 2468 ἀθεμίτων
1210 2395 1372 2450 τινῶν
1404 2396 1678 2466 γευσάμε-

85 2505 197 2549 νοι,
236 2485 345 2540 τῶν
390 2487 449 2539 ὲν
480 2488 595 2549 τοῖς
634 2483 873 2547 εἰδώλοις
906 2483 1018 2553 (52)
1063 2486 1173 2547 τοῖς
1212 2484 1468 2554 μαγικοῖς
1498 2497 1678 2552 -προσ-

88 2578 425 2648 ενεχθὲντων
456 2578 663 2641 αὐτοῖς,
693 2570 841 2630 οὗτοι
889 2575 1032 2630 κατὰ
1077 2575 1205 2637 τοὺς
1233 2574 1332 2646 ἤδη
1382 2572 1536 2643 παρὰ
1566 2572 1678 2625 τῶν

88 2670 358 2740 Πατέρων
387 2669 543 2741 ἡμῶν
581 2670 690 2741 (55)
724 2666 1103 2739 ἐξενεχθέντος
1137 2666 1366 2728 κανόνας
1398 2664 1507 2736 (34)
1543 2665 1680 2717 οἰκο-

86 2761 493 2832 νομείσθωσαν.
518 2762 581 2817 0i
618 2761 716 2832 μὲν
737 2760 847 2831 γὰρ
875 2759 1123 2827 ἀνάγκην
1148 2756 1392 2828 χαλεπὴν
1416 2758 1480 2809 ὲκ
1508 2755 1676 2825 βασά-

88 2873 202 2907 νων
239 2854 629 2925 ὑπομείναντες
651 2893 666 2914 ,
718 2853 817 2905 καὶ
863 2850 936 2922 μὴ
973 2849 1230 2921 φέροντες
1277 2850 1404 2912 τοὺς
1437 2848 1675 2911 πόνους,

89 2947 189 3000 καὶ
224 2945 578 3007 ἑλκυσθέντες
611 2943 749 3015 πρὸς
776 2943 875 3015 τὴν
909 2941 1157 3012 ἄρνησιν,
1188 2944 1246 2994 ὲν
1284 2941 1463 3011 τρισὶν
1502 2938 1676 2992 ἔτεσιν

1772 564 1999 619 biennio
2032 566 2299 633 audiant,
2341 568 2579 622 triennio
2622 569 3068 633 substernantu.,
3111 567 3353 637 septimo

1772 657 2079 711 consistant
2102 672 2227 712 cum
2265 658 2537 726 ﬁdelibus,
2569 668 2623 715 et
2654 661 2728 714 ita
2756 660 3034 714 oblatione
3064 659 3216 730 digni
3250 658 3348 712 ha-

1770 746 2027 812 beantur,
2065 749 2112 805 si
2137 764 2262 803 cum
2294 750 2552 821 Iacrymis
2573 751 2952 821 pmnitentiam
2976 750 3207 821 egerint.

1845 1027 2127 1083 LXXVIII.
2162 1028 2362 1086 Eadem
2396 1039 2577 1087 autem
2623 1030 2798 1086 forma
2847 1032 3170 1086 observetur
3210 1031 3353 1086 etin

1771 1133 1868 1174 eos
1892 1119 1986 1189 qui
2020 1134 2238 1174 sorores
2276 1119 2415 1176 duas
2447 1120 2501 1174 in
2525 1122 2936 1175 matrimonium
2964 1120 3209 1184 ducunt,
3244 1121 3352 1177 etsi

1766 1211 2010 1266 diversis
2040 1211 2400 1279 temporibus.

1845 1298 2083 1355 LXXIX.
2128 1297 2239 1365 Qui
2272 1308 2453 1355 autem
2482 1300 2535 1354 in
2572 1316 2703 1357 suas
2729 1316 2997 1358 novercas
3028 1303 3350 1367 insaniunt,

1768 1402 1902 1443 sunt
1949 1390 2125 1444 eidem
2158 1392 2360 1445 canoni
2403 1393 2669 1457 obnoxii,
2698 1393 2790 1448 cui
2832 1403 2887 1450 et
2952 1394 3025 1460 ii,
3057 1395 3151 1466 qui
3201 1396 3352 1452 insa-

1768 1479 1935 1533 niunt
1969 1478 2024 1532 in
2059 1494 2191 1534 suas
2224 1495 2467 1535 sorores.

1849 1568 2060 1623 LXXX.
2115 1569 2486 1642 Polygamiam
2538 1572 2730 1629 Patres
2780 1573 3000 1629 silentio
3053 1573 3354 1644 praetermi-

1768 1677 1899 1718 scre
1920 1703 1935 1729 ,
1967 1672 2026 1717 ut
2068 1663 2365 1718 bclluinam
2388 1705 2404 1731 ,
2436 1680 2777 1736 prorsusque
2828 1666 2897 1721 ab
2949 1666 3230 1720 hominum
3261 1681 3351 1737 ge-

1708 1733 1748 1787 B
1774 1769 1907 1809 nere
1958 1755 2215 1809 alienam.
2264 1754 2341 1809 Ea
2383 1764 2564 1812 autem
2596 1758 2756 1813 nobis
2795 1746 3016 1811 videtur
3065 1764 3350 1826 peccatum

1775 1862 1902 1902 esse
1930 1845 2298 1901 fornicatione
2325 1847 2526 1917 majus.
2552 1847 2896 1920 Quapropter
2923 1855 3353 1903 consentaneum

1772 1945 1860 1993 est
1892 1953 1989 1994 eos
2033 1937 2237 2006 subjici
2298 1939 2641 2002 canonibus,
2688 1945 2748 1994 ut
2801 1939 3013 1995 scilicet
3059 1945 3353 2009 postquam

1770 2044 1922 2085 anno
1953 2029 2223 2096 ﬂeveriut,
2242 2030 2499 2087 curibus
2524 2031 2791 2087 substrati
2812 2030 3053 2096 fuerint,
3077 2032 3158 2087 sic
3184 2032 3356 2087 susci-

1766 2123 2016 2192 piantur.

1846 2207 2084 2264 LXXXI.
2145 2209 2414 2276 Quoniam
2467 2218 2648 2266 autem
2698 2211 2855 2266 multi
2902 2213 2958 2266 in
2998 2212 3351 2267 barbarorum

1766 2298 2096 2356 .incursione
2145 2302 2305 2358 ﬁdem
2344 2302 2398 2357 in
2449 2301 2623 2358 Deum
2655 2303 2931 2358 violarunt
2957 2343 2973 2368 ,
3011 2312 3353 2358 sacramenta

1768 2392 2000 2461 gentilia
2038 2394 2293 2463 jurantes
2316 2434 2331 2458 ,
2362 2403 2420 2449 et
2458 2394 2693 2450 nefanda
2733 2395 2983 2466 quaedam
3033 2402 3351 2465 gustautes,

1772 2498 1899 2554 qua:
1951 2485 2088 2554 ipsis
2135 2486 2190 2539 in
2237 2485 2466 2557 magicis
2515 2486 2788 2541 idolorum
2845 2486 3061 2556 templis
3106 2486 3355 2556 apposita

1770 2576 1965 2645 fuere,
2004 2578 2041 2631 ii
2083 2578 2383 2634 secundum
2406 2594 2648 2634 canones
2667 2580 2777 2647 jam
2804 2593 2835 2632 a
2867 2578 3120 2633 Patr-ibus
3150 2578 3356 2634 nostris

1770 2670 1957 2725 editos
1990 2672 2407 2741 dispensentur.
2441 2669 2578 2725 Nam
2609 2671 2700 2740 qui
2730 2672 2837 2725 vim
2868 2686 3088 2741 gravem
3121 2686 3218 2741 per
3240 2679 3356 2725 tor-
3392 2731 3397 2737 ‘

1776 2769 1960 2815 menta
2000 2762 2318 2816 sustinuere
2340 2801 2356 2825 ,
2385 2776 2489 2817 nec
2538 2760 2780 2816 terentes
2810 2761 3027 2816 labores
3047 2801 3063 2825 ,
3096 2762 3163 2815 ad
3191 2776 3357 2831 nega-

1778 2852 1983 2907 tionem
2017 2854 2178 2907 tracti
2224 2861 2398 2920 sunt,
2432 2853 2611 2908 tribus
2642 2852 2803 2906 annis
2824 2867 2945 2906 .non
2991 2852 3353 2921 recipiantur,

1774 2951 1832 2998 ct
1866 2944 2082 2998 duobus
2136 2944 2398 3010 audiant,
2432 2952 2488 2999 et
2537 2943 2631 2997 ubi
2661 2943 2823 2999 annis
2869 2943 3047 2999 tribus
3092 2943 3355 3000 substrati

86 3040 359 3101 ἀδὲκτους
386 3033 548 3102 εἶναι,
576 3038 673 3093 καὶ
703 3038 762 3091 ὲν
789 3037 941 3090 δυσὶν
966 3033 1317 3106 ἀκροᾶσθαι·
1349 3034 1444 3087 καὶ
1479 3035 1537 3086 ὲν
1564 3050 1673 3105 τρι-

1784 3033 2016 3103 iuerint,
2064 3036 2147 3090 sic
2194 3037 2263 3092 ad
2313 3037 2760 3091 communionem
2815 3036 3191 3094 admittuntur.
3249 3039 3353 3105 Qui

89 3128 181 3179 σἰν
239 3127 636 3191 ὑποπεσόντας,
688 3125 831 3179 οὕτω
884 3125 1106 3189 δεκτοὺς
1147 3122 1403 3193 γενέσθαι
1459 3124 1538 3187 εἰς
1580 3124 1679 3196 τὴν

87 3219 380 3273 κοινωνίαν
401 3237 415 3251 ·
460 3222 509 3273 οἱ
555 3219 611 3272 δὲ
653 3219 783 3273 ἄνευ
819 3218 1066 3289 ἀνάγκης
1113 3216 1353 3288 μεγάλης
1393 3215 1680 3288 προδόντες

82 3311 190 3380 τὴν
216 3312 299 3374 εἰς
327 3310 459 3364 Θεὸν
490 3310 695 3374 πίστιν,
718 3311 812 3363 κοιλ⁴
842 3308 1111 3380 ἁψάμενοι
1149 3309 1249 3378 τῆς
1272 3308 1552 3378 τραπέζης
1570 3307 1679 3361 τῶν

89 3401 411 3472 δαιμονίων,
452 3403 547 3456 καὶ
590 3402 892 3472 ὀμόσαντες
930 3401 1127 3472 ὅρκους
1168 3399 1532 3470 Ἑλληνικοὺς,
1573 3401 1680 3453 ὲκ·-

86 3493 393 3547 6ἀλλεσθαι
433 3493 533 3564 μὲν
572 3494 631 3545 ὲν
674 3500 723 3560 γ’
753 3492 920 3557 ἔτεσι,
957 3492 1055 3544 καὶ
1087 3492 1144 3545 ἐν
1174 3490 1216 3561 β’
1251 3489 1586 3563 ἁκροιῑίσθαι⁵
1617 3491 1677 3542 ἐν

165 3626 286 3698 (50)
320 3627 454 3692 Ταῖς
477 3627 708 3682 ἑαυτῶν
749 3627 1063 3695 ἀδελφαῖς.
1117 3626 1296 3681 Prima
1338 3627 1518 3696 specie
1567 3642 1674 3681 non

94 3698 331 3751 omnino
362 3699 712 3767 perspicuum
746 3706 831 3751 est
860 3707 1040 3752 utrum
1075 3712 1295 3751 sorores
1345 3706 1675 3767 erutroque

97 3776 327 3835 parente
355 3765 642 3839 intelligat,
660 3782 727 3821 an
751 3776 963 3821 tantum
992 3783 1057 3821 ex
1082 3767 1362 3839 alterutro.
1393 3765 1523 3819 Nam
1548 3765 1671 3820 cum

95 3839 150 3890 in
182 3852 401 3892 canone
432 3838 498 3893 79
527 3838 622 3894 eos
657 3840 747 3907 qui
781 3852 910 3892 suas
942 3853 1113 3892 nurus
1145 3838 1420 3905 accipiunt
1449 3853 1552 3889 non
1587 3852 1673 3890 se-

91 3908 287 3962 verius
316 3909 528 3977 puniat.
571 3922 734 3977 quam
761 3909 849 3961 cui
895 3923 1019 3961 cum
1049 3923 1239 3962 sorore
1271 3922 1337 3960 ex
1386 3916 1559 3977 matre
1589 3907 1673 3960 vel

91 3992 159 4029 et
188 3975 351 4046 patre
383 3994 496 4032 rem
526 3975 750 4043 habent,
780 3977 919 4033 forte
949 3978 1121 4031 videri
1161 3975 1522 4046 possetidem
1554 3982 1672 4030 sta-

94 4043 256 4102 tuere
281 4048 350 4101 de
384 4048 451 4102 iis
476 4048 568 4117 qui
604 4049 672 4101 .in
703 4062 966 4104 novercas
1012 4043 1315 4102 insaniunt.
1360 4043 1466 4117 Sed
1493 4056 1673 4100 tamen

95 4115 637 4187 multoprobabilius
666 4125 751 4173 est
788 4118 1034 4173 eamdem
1069 4118 1175 4172 illis
1198 4130 1413 4187 pinnam
1445 4115 1670 4184 imponi,

94 4202 162 4239 ac
196 4188 269 4239 iis
292 4189 536 4257 quicum
570 4203 760 4242 sorore
781 4204 848 4243 ex
880 4195 1110 4256 utroque
1154 4197 1384 4257 parente
1407 4187 1675 4257 contami-

94 4265 326 4310 nantur.
358 4255 477 4311 Non
507 4260 650 4312 enim
678 4255 1035 4312 distinctione
1056 4255 1231 4310 utitur
1265 4255 1586 4310 Basilius-ut
1618 4256 1672 4310 in

94 4342 314 4397 canone
338 4327 572 4392 75;.nec
618 4328 818 4381 mirum
868 4328 915 4383 si
948 4336 1228 4397 peccatum
1273 4341 1397 4379 cum
1439 4341 1670 4380 noverca

94 4396 513 4519 grai-insanam
543 4413 668 4453 cum
691 4413 853 4458 nuru,
880 4396 961 4454 ob
982 4397 1175 4451 factam
1214 4397 1356 4466 patri
1389 4397 1667 4465 injuriani,

100 4482 153 4519 ιιι
202 4477 383 4519 icavtl.

121 4468 383 4520 "dicavit.

92 4483 561 4608 ’j'is‘oa'ili‘arps
615 4536 1017 4607 πολυγαμίαν.
1077 4535 1403 4608 Ροίγειιηιίιο
1456 4535 1676 4591 nomine

97 4604 349 4676 Zonaras
379 4617 434 4660 et
466 4605 756 4662 Balsamon
784 4604 906 4661 non
957 4604 1264 4676 trigamiafn
1311 4608 1675 4675 interpretan-

99 4689 211 4737 tur,
244 4675 344 4731 sed
385 4678 783 4747 tetragamiam.
817 4675 1147 4747 Trigamiam
1175 4677 1480 4732 cauonibus
1512 4687 1577 4747 et
1596 4677 1676 4731 le-

94 4747 262 4815 gibus
297 4745 618 4816 permissam
647 4763 791 4811 esse,
825 4745 1046 4803 vetitam
1092 4754 1270 4802 autem
1299 4745 1673 4816 tetragamiam

99 4825 396 4872 testantur.
425 4816 577 4871 Unde
598 4817 735 4871 nihil
770 4819 824 4872 in
843 4818 945 4872 hoc
967 4832 1177 4871 canone
1196 4817 1388 4872 durius
1411 4829 1504 4869 aut
1522 4817 1674 4884 justo

98 4886 350 4941 severius
374 4887 829 4942 animadvertunt.
858 4886 1084 4942 Videtur
1117 4887 1256 4940 idem
1307 4887 1512 4942 sentire
1550 4887 1673 4939 Ari-

97 4968 317 5020 stenus,
347 4957 442 5026 qui
462 4956 844 5028 polygainiam,
879 4959 946 5013 de
975 4973 1081 5028 qua
1111 4958 1163 5010 in
1188 4958 1290 5028 hoc
1320 4971 1531 5028 canone
1556 4957 1671 5026 agi-

96 5036 211 5089 tur,
248 5025 432 5082 scelus
460 5025 715 5096 appellat.
749 5025 916 5083 Valde
950 5025 1084 5081 mihi
1117 5027 1321 5081 arridet
1352 5027 1463 5080 haec
1498 5025 1669 5079 inter-

97 5097 375 5167 pretatio;
412 5097 695 5167 demitigat
731 5097 873 5152 enim
920 5097 1086 5165 hujus
1136 5099 1363 5151 canonis
1407 5096 1671 5164 asperita-

57 5223 73 5238 η
98 5176 230 5220 tem.
259 5164 366 5220 Sed
397 5177 577 5238 tamen
608 5164 824 5238 magnis
862 5167 970 5222 illis
995 5164 1381 5238 interpretilms
1414 5167 1670 5238 assentiri

98 5251 208 5289 non
248 5251 496 5305 possum.
521 5234 659 5307 Nam
684 5234 858 5306 ipsam
886 5234 1191 5307 trigamiain
1221 5237 1667 5307 polygamiaeno-

98 5308 246 5360 mine
274 5309 451 5360 notari
474 5307 552 5361 ait
570 5305 803 5361 BasiIius
826 5307 882 5361 in
900 5305 1112 5363 canone
1135 5307 1190 5369 4,
1219 5305 1446 5374 eamque
1463 5322 1527 5359 ex
1554 5305 1669 5374 lege

100 5376 357 5430 contrahi
386 5383 550 5445 negat
578 5377 633 5429 in
667 5391 875 5432 canone
906 5376 992 5431 50.
1023 5375 1292 5431 Praeterea
1325 5376 1670 5431 animadver»

103 5448 324 5499 tendum
359 5456 445 5501 est
482 5445 669 5501 Basilii
717 5448 1079 5516 propositum.
1117 5445 1230 5501 Cur
1269 5447 1669 5516 enimpolyga—

104 5530 219 5570 nios
242 5516 299 5570 in
334 5516 438 5572 hoc
466 5530 675 5586 canone
718 5516 1054 5586 octogesimo
1095 5516 1664 5586 subjicitcanonibus,

98 5586 150 5639 id
180 5593 287 5657 est
330 5586 472 5641 inter
505 5584 694 5641 ﬂentes
723 5584 1101 5657 pmnitentiam
1150 5584 1331 5657 agerc,
1349 5586 1523 5657 jubet,
1558 5587 1665 5640 nisi

96 5656 228 5727 quia
263 5657 623 5727 eos;publieis
646 5656 1201 5713 condemnationibus
1218 5656 1414 5723 subjici
1442 5672 1552 5710 non
1578 5670 1667 5713 so-

1773 3139 1910 3180 vero
1958 3124 2078 3179 sine
2129 3140 2325 3196 magna
2358 3125 2410 3180 vi
2458 3124 2618 3179 [idem
2650 3125 2705 3179 in
2751 3124 2920 3180 Deum
2952 3127 3350 3196 prodiderunt,

1777 3231 2134 3287 mensamque
2181 3215 2907 3287 attigerunt-dminoniorum
2929 3257 2946 3283 ,
2979 3224 3033 3273 et
3060 3219 3352 3288 gentilium

1776 3313 2118 3360 sacramenta
2143 3305 2403 3375 jurarunt
2423 3344 2439 3368 ,
2463 3305 2759 3375 ejiciantur
2788 3306 3008 3375 quidem
3044 3307 3224 3363 tribus
3257 3323 3355 3363 an-

1775 3398 1886 3461 nis,
1921 3397 2138 3453 duobus
2169 3397 2399 3452 audiant
2424 3418 2438 3452 :
2473 3397 2565 3451 ubi
2599 3412 2729 3453 vero
2756 3398 2917 3451 annis
2942 3397 3117 3453 tribus
3148 3398 3204 3452 in
3229 3399 3355 3454 sub-

1775 3489 2042 3545 stratione
2096 3490 2413 3554 oraverint,
2449 3496 2502 3545 et
2552 3504 2650 3559 per
2675 3489 3018 3561 330alios
3074 3498 3187 3547 tres
3215 3506 3347 3546 cum

1774 3626 1886 3682 lere
1912 3625 2121 3680 dixerat
2150 3626 2203 3679 in
2242 3641 2452 3680 canone
2476 3626 2592 3681 50?
2626 3626 2696 3679 At
2718 3641 2895 3681 canon
2921 3627 3011 3681 ille
3039 3627 3108 3682 50
3138 3627 3206 3683 de
3250 3629 3351 3682 tri-

1773 3696 2295 3778 gamisnomiuatim
2318 3697 2463 3777 .agit.
2500 3697 2726 3778 videtur
2753 3712 2882 3765 ergo
2910 3697 2976 3751 ad
3009 3698 3349 3778 eos_dem_re-

1774 3766 2035 3822 ferendus
2092 3766 2698 3836 οτιοεοεὶιιιιιεκιιιεῑο
2753 3782 2886 3821 sane
2937 3768 3181 3822 severior
3233 3767 3350 3822 haec

1772 3835 2022 3907 doctrina
2074 3835 2389 3891 videbitur:
2423 3835 2638 3907 scdita
2687 3837 2752 3891 de
2786 3836 3031 3907 trigamis
3088 3837 3350 3894 statuisse

1772 3904 2035 3977 Basiliuui
2077 3907 2302 3960 minime
2358 3904 2941 3977 mirabiturrquisqnis
2985 3906 3185 3961 similia
3220 3909 3346 3977 plu-

1774 3977 1914 4028 rium
1942 3973 2159 4028 Patrum
2193 3976 2335 4029 dicta
2359 3977 2629 4043 pensabit,
2663 3973 2929 4045 imprimis
2964 3973 3349 4045 Gregorii'Na-

1773 4047 2017 4118 zianzeni
2050 4046 2190 4118 apud
2218 4061 2376 4118 quem
2403 4046 2455 4099 in
2479 4046 2703 4118 orat_._5l
2741 4047 2913 4118 tertia:
2946 4047 3146 4118 nuptiae
3171 4064 3351 4118 παρα-

1773 4115 1953 4185 νομία,
1996 4116 2247 4184 iniquitas
2278 4117 2557 4185 dii-untur.
2593 4116 2726 4185 Vide
2754 4116 3034 4171 Addenda.

1847 4182 1958 4256 (51)
1996 4182 2157 4238 Οὕτω
2194 4185 2444 4251 demon
2493 4182 2889 4256 sli-azLBccipi
2932 4201 3027 4240 eos
3062 4185 3114 4240 in
3165 4188 3350 4241 consi-
3434 4224 3444 4236 .

1775 4255 2036 4309 stantium
2085 4258 2266 4309 locum
2313 4256 2633 4310 existimant
2666 4255 2953 4309 Balsamon
2988 4263 3042 4309 et
3081 4256 3346 4318 Zonaras,

1774 4326 1829 4378 in
1857 4325 2029 4394 ipsam
2052 4325 2488 4381 communionem
2511 4328 2819 4388 Aristonus,
2845 4326 2936 4395 qui
2960 4334 3344 4395 quatuortau-

1778 4404 1890 4447 tum
1921 4410 2093 4450 annos
2128 4402 2398 4457 numerat,
2440 4396 2581 4449 hanc
2624 4404 2805 4450 tamen
2849 4396 3211 4452 conditionem
3254 4396 3351 4450 ad-

1777 4463 1947 4535 densL
1977 4475 2035 4519 ut
2076 4466 2482 4518 matrimonium
2513 4467 2863 4521 dissolvatur.
2893 4465 3218 4520 Contirmari
3240 4481 3350 4535 ,ρο-

1776 4540 1881 4588 test
1912 4533 2139 4588 Zonara:
2173 4543 2226 4588 et
2257 4535 2593 4589 Balsamonis
2649 4536 2916 4590 sententia
2947 4550 3012 4590 ex
3057 4533 3268 4589 canone
3288 4535 3347 4599 4,

1775 4604 1867 4657 ubi
1896 4605 2138 4674 quinque
2175 4606 2303 4658 anni
2338 4605 2584 4673 trigamis
2611 4605 2998 4660 decernuntur.
3028 4604 3104 4660 De
3133 4607 3234 4659 hac
3259 4621 3348 4660 se-

1771 4676 2004 4729 veritate
2032 4691 2145 4745 non
2165 4676 2379 4727 videtur
2409 4675 2692 4729 detrahere
2742 4675 2828 4729 hic
2856 4690 3032 4729 canon
3080 4677 3348 4745 octogesi-

1774 4758 1919 4814 mus,
1957 4746 2051 4814 qui
2083 4744 2148 4797 ad
2182 4745 2544 4799 intendendus
2574 4745 2755 4813 po:ius
2791 4760 2954 4814 quam
2992 4744 3348 4800 remittendus

1773 4813 2127 4882 trigamurum
2159 4829 2350 4883 patrias
2376 4814 2662 4869 institutus
2689 4823 2793 4868 est.

1866 4884 1955 4955 52)
1986 4882 2287 4955 Εὶδῴλοις.
2337 4885 2478 4955 Lego
2509 4901 2630 4938 cum
2662 4883 2991 4955 Combejisio
3032 4882 3343 4955 είδωλείοις.

1866 4897 1955 4955 :52)
1986 4897 2287 4950 ιιίσωλοις.
2337 4897 2478 4954 [λεεο
2509 4901 2630 4938 cum
2662 4897 2991 4939 uombetisro
3032 4897 3343 4946 ειοωΑειοις.

1843 4897 1955 5025 ἒὸὂ)
1988 4953 2265 5022 Πατέρωθν
2288 4952 2474 5025 ἡμῶν.
2509 4954 2836 5025 ῨΑηργιιιιιοδ
2863 4953 3055 5025 Patres
3070 4954 3345 5025 designat,

1772 5023 2004 5093 quarum
2044 5038 2235 5094 magna
2256 5024 2471 5078 videtur
2498 5023 2668 5094 fuisse
2694 5024 2747 5077 in
2775 5023 3117 5094 Cappadocia
3140 5031 3193 5076 ct
3226 5024 3315 5077 lini
3334 5053 3348 5063 -

1770 5096 1921 5149 tumis
1948 5093 2246 5163 provinciis
2278 5094 2597 5149 auctoritas.
2631 5093 2954 5163 Quanquam
2985 5094 3041 5146 in
3075 5093 3178 5146 hoc
3219 5101 3347 5147 tan-

1771 5173 1885 5217 tum
1920 5179 2015 5218 eos
2052 5165 2320 5234 sequitur,
2356 5163 2501 5232 quod
2531 5179 2720 5218 eorum
2770 5164 3019 5231 exemplo
3048 5163 3343 5217 discrimen

1771 5241 1939 5303 ponat
1965 5235 2106 5288 inter
2127 5249 2243 5298 eos,
2270 5235 2360 5303 qui
2388 5235 2675 5303 tormentis
2702 5239 3011 5303 cesserunt.
3046 5240 3101 5287 et
3129 5248 3225 5288 eos
3251 5234 3345 5301 qui

1769 5302 1987 5358 facilius
2018 5304 2259 5373 superati
2289 5302 2435 5358 Sunt.
2471 5302 3135 5374 RamAncyraniPatres
3175 5304 3348 5357 multo

1771 5371 2186 5436 suut‘leuiores,
2218 5387 2283 5427 ac
2304 5374 2372 5426 iis
2400 5373 2491 5442 qui
2522 5373 2656 5428 solis
2685 5371 2938 5442 supplicii
2958 5383 3052 5426 aut
3078 5371 3347 5426 bonorum

1769 5444 2107 5515 direptionis
2143 5452 2235 5497 aut
2293 5444 2441 5498 exilii
2473 5443 2639 5515 minis
2668 5449 2974 5509 cesserunt,
3003 5457 3121 5515 non
3148 5442 3351 5513 longio-

1769 5512 2175 5569 rem—sexennio
2204 5513 2584 5582 paenitentiam
2618 5514 2903 5583 imponunt
2932 5528 3054 5568 can.
3080 5512 3146 5583 ti.

1842 5584 1956 5655 (54)
1985 5581 2278 5655 Κανόνας.
2314 5583 2405 5639 Sic
2444 5584 2621 5640 nostri
2649 5581 2866 5640 codices
2900 5598 3033 5639 mss.
3079 5581 3227 5637 Editi
3256 5581 3345 5635 νό-

1772 5653 1905 5727 μους
1933 5655 2027 5708 καὶ
2054 5653 2299 5717 κανόνας.
