3862 6220
506 262 610 319 807

1839 260 1896 314 S.
1939 257 2187 315 BASILII
2225 260 2443 318 MAGNI

3690 258 3793 316 803

505 382 759 438 fidelibus
801 381 868 437 ad
902 382 1209 437 orationem
1260 380 1550 446 steterint,
1582 380 1665 435 sic
1696 380 2069 459 admittantur

2200 382 2487 437 momcbcrst
2519 382 2577 436 δὲ
2611 382 2944 455 εὐξαμένους
2983 382 3043 436 ὲν
3077 389 3126 450 γ’
3158 380 3325 446 ἔτεσι,
3354 380 3451 434 καὶ
3475 381 3539 433 ὲν
3583 379 3781 443 ἄλλοις

506 475 573 529 ad
607 475 735 530 boni
765 474 1232 529 communionem.

580 644 841 701 LXXXII.
888 645 966 701 De
998 646 1067 702 iis
1096 646 1262 702 etiam
1295 645 1389 716 qui
1416 645 1736 717 pejerarunt
1760 687 1775 711 ,
1808 648 1854 704 si
1887 650 1939 703 vi
1968 652 2093 719 qui-

505 739 629 795 dem
660 749 829 808 atque
858 738 1196 793 necessitate
1218 738 1532 810 juramenta
1563 742 1896 809 transgressi
1927 750 2089 809 sunt,

508 832 691 902 pmnis
736 830 1042 885 levioribus
1074 829 1472 899 subjiciuntur,
1509 829 1592 884 sic
1622 840 1681 884 ut
1711 841 1836 901 post
1864 848 1960 887 sex
1991 848 2093 888 an-

508 938 608 976 nos
638 921 852 990 possint
886 920 1115 991 suscipi.
1168 919 1265 974 Sin
1312 929 1495 975 autem
1520 958 1536 984 ,
1569 919 1621 972 vi
1670 936 1781 975 non
1815 921 1998 988 illata,
2029 924 2092 978 li-

508 1014 631 1068 dem
681 1028 837 1068 suam
887 1013 1284 1083 prodiderunt,
1335 1012 1425 1067 ubi
1477 1013 1694 1069 duobus
1726 1016 1889 1070 annis
1930 1015 2094 1071 ﬂeve-

508 1108 622 1161 rint
673 1114 727 1161 et
775 1106 993 1160 duobus
1044 1106 1204 1160 annis
1258 1105 1575 1172 audierint,
1620 1113 1673 1160 et
1718 1123 1817 1177 per
1847 1109 2093 1179 quinque

509 1198 794 1253 oraverint
845 1198 901 1250 in
950 1197 1330 1253 substratione
1352 1238 1367 1264 ,
1399 1205 1453 1252 et
1480 1214 1579 1268 per
1610 1199 1751 1254 alios
1784 1200 1925 1256 duos
1970 1203 2093 1258 sine

509 1289 790 1342 oblatione
849 1287 916 1341 ad
979 1287 1316 1356 precationis
1379 1289 1823 1343 communionem
1885 1290 2093 1345 fuerint

511 1378 775 1444 admissi,
821 1378 1160 1461 ita.demum
1190 1418 1204 1444 ,
1250 1378 1413 1449 digna
1461 1379 1718 1435 videlicet
1763 1382 2093 1451 poenitentia

510 1482 729 1526 ostensa
752 1512 767 1536 ,
803 1472 857 1525 in
893 1472 1144 1543 corporis
1193 1471 1400 1526 Christi
1434 1475 1880 1530 communionem
1924 1478 2092 1532 resti-

511 1573 755 1619 tuentur.

585 1654 866 1709 LXXXIII.
922 1654 1029 1722 Qui
1067 1661 1220 1710 vates
1267 1656 1607 1721 consulunt,
1641 1664 1696 1713 et
1743 1659 2095 1715 consuetudi-

2187 480 2236 542 γ’
2263 474 2565 537 συστάντας
2595 475 2709 537 τοῖς
2743 476 2954 538 πιστοῖς
3001 475 3081 536 είς
3118 473 3219 545 τὴν
3262 472 3476 541 δέησιν,
3511 469 3675 523 οὕτω
3707 471 3795 524 δε-

2189 566 2352 625 κτοὺς
2374 558 2515 617 εἶναι
2540 567 2609 635 τῇ
2639 563 2734 617 τοῦ
2767 563 2975 632 ἀγαθοῦ
3013 563 3287 634 κοινωνίᾳ.

2261 652 2518 709 ΠΒ’.Καὶ
2549 655 2679 726 περὶ
2704 653 2814 708 τῶν
2848 654 3321 725 ὲπιορκησάντων,
3360 653 3410 705 εἰ
3441 651 3545 722 μὲν
3573 651 3651 704 ὲκ
3679 650 3801 721 βίας

2189 748 2286 801 καὶ
2318 748 2565 820 ἀνάγκης
2598 747 2917 821 παρέϐησαν
2956 746 3085 810 τοὺς
3133 746 3362 816 ὅρκους,
3422 744 3804 815 κουφοτέροις

2194 838 2509 893 ὑπόκεινται
2536 837 2855 909 ἐπιτιμίοις,
2878 838 3020 892 ὥστε
3048 834 3186 906 μετά
3209 841 3262 900 ς’
3291 834 3384 906 ἔτη
3416 829 3565 886 εἶναι
3590 833 3805 893 αὐτοὺς

2190 929 2411 994 δεκτούς
2431 945 2446 960 ⁸
2478 930 2527 981 εί
2565 927 2623 980 δὲ
2652 927 2780 981 ἀνευ
2817 926 3063 996 ἀνάγκης
3097 925 3386 996 προδόντες
3423 923 3529 994 τὴν
3571 922 3805 975 ἑαυτῶν

2194 1024 2400 1087 πίστιν,
2424 1024 2482 1077 ὲν
2514 1022 2667 1076 δυσὶν
2697 1020 2843 1075 ἔτεσι
2877 1017 3380 1092 προσκλαύσαντες,
3417 1016 3519 1069 καὶ
3554 1019 3617 1068 ὲν
3641 1015 3802 1068 δυσὶν

2192 1113 2632 1186 ἀκροασάμενοι,
2685 1112 2781 1166 καὶ
2838 1114 2897 1165 ὲν
2946 1109 3111 1164 πέντε
3156 1108 3299 1178 (55)
3346 1109 3405 1160 ὲν
3460 1106 3801 1161 ὑποπτὼσει

2193 1207 2503 1277 εὐξάμενοι,
2538 1206 2634 1261 καὶ
2674 1208 2733 1259 ὲν
2782 1205 2934 1260 δυσὶν
2964 1202 3146 1265 ἀλλοις
3176 1202 3303 1255 ἄνευ
3339 1200 3680 1272 προσφορᾶς
3718 1198 3799 1258 εἰς

2192 1293 2291 1365 τὴν
2320 1294 2604 1347 κοινωνίαν
2647 1294 2747 1365 τῆς
2793 1290 3107 1366 προσευχῆς
3153 1288 3614 1360 παραδεχθέντες,
3651 1287 3799 1340 οὕτω

2194 1386 2501 1439 τελευταῖον
2536 1384 2844 1453 ἀξιόλογον,
2894 1383 3126 1455 δηλαδὴ,
3177 1383 3278 1453 τὴν
3322 1382 3623 1453 μετάνοιαν
3671 1381 3798 1433 ἐπι-

2192 1474 2519 1546 δειξάμενοι,
2552 1476 3099 1548 ἀποκαταστήσονται
3128 1476 3209 1538 είς
3235 1474 3336 1546 τὴν
3367 1473 3671 1527 κοινωνίαν
3700 1472 3796 1526 τοῦ

2195 1565 2443 1638 σώματος
2475 1566 2570 1620 τοῦ
2609 1566 2872 1638 Χριστοῦ.

2264 1659 2388 1714 ΠΡ.
2429 1660 2493 1712 Oi
2522 1659 3101 1730 καταμαντευόμενοι,
3162 1657 3259 1711 καὶ
3305 1659 3425 1720 ταῖς
3468 1657 3797 1728 συνηθείαις

510 1764 612 1804 nes
644 1750 889 1818 gentium
923 1757 1263 1819 sequuntur,
1298 1756 1393 1802 aut
1440 1751 1658 1820 aliquos
1691 1753 1746 1807 in
1796 1768 1928 1809 suas
1952 1753 2089 1809 aedes

2200 1750 2308 1805 τῶν
2349 1751 2518 1805 ἐθνῶν
2564 1752 3011 1816 ἀκολουθοῦντες,
3052 1751 3086 1823 ἢ
3139 1752 3451 1820 είσάγοντές
3495 1768 3663 1814 τινας
3712 1753 3793 1813 εἰς

512 1840 875 1896 introducunt
927 1842 994 1895 ad
1047 1840 1418 1895 remediorum
1472 1842 1883 1912 inventionem,
1915 1856 1971 1901 et
2005 1861 2096 1901 ex-
2133 1904 2139 1911 ,

515 1934 814 2003 piationem
837 1974 852 1998 ,
884 1934 937 1986 hi
981 1933 1034 1986 in
1066 1948 1332 1988 canonem
1363 1934 1566 1991 cadant
1610 1939 1881 1995 sexennii.
1933 1938 2095 1994 Post-

512 2042 677 2097 quam
705 2042 850 2081 anno
879 2024 1163 2090 ﬂeverint,
1202 2032 1256 2080 et
1305 2041 1453 2082 anno
1483 2028 1798 2095 audierint,
1831 2038 1886 2086 et
1928 2031 2095 2085 annis

511 2119 692 2174 tribus
724 2119 925 2173 fuerint
947 2119 1211 2174 substrati
1234 2159 1248 2183 ,
1279 2128 1335 2176 et
1363 2135 1509 2175 anno
1539 2136 1666 2176 cum
1702 2122 1960 2178 fidelibus
1991 2131 2098 2178 ste-

515 2210 709 2272 terint,
744 2211 825 2265 sic
856 2211 1231 2267 admittantur.

584 2301 867 2358 LXXXIV.
913 2302 1040 2358 liam
1072 2312 1252 2358 autem
1287 2304 1473 2360 omnia
1506 2305 1825 2371 scribimus,
1862 2313 1922 2361 ut
1979 2306 2095 2361 fru-

514 2400 638 2448 ctus
689 2394 994 2463 probentur
1047 2397 1411 2467 paenitentiae.
1485 2396 1604 2451 Non
1660 2397 1806 2451 enim
1866 2399 2095 2453 omnino

514 2494 761 2557 tempore
787 2486 1157 2558 dijudicamus
1184 2506 1274 2545 res
1303 2490 1577 2560 ejusmodi
1600 2528 1616 2555 ,
1642 2489 1739 2546 sed
1772 2491 1838 2546 ad
1870 2496 2094 2546 modum

514 2577 852 2647 pmnitentia:
886 2577 1245 2635 attendimus.
1272 2580 1431 2645 Quod
1466 2581 1514 2635 si
1541 2581 1635 2650 qui
1681 2581 1903 2638 diﬂicile
1944 2584 2094 2638 avel-

515 2668 700 2721 lantur
731 2683 761 2721 a
792 2668 1030 2738 propriis
1077 2672 1349 2734 moribus,
1380 2674 1680 2742 carnisque
1712 2674 2094 2743 voluptatibus

516 2758 724 2812 servire
759 2758 955 2812 malint
994 2762 1158 2828 quam
1197 2760 1461 2825 Domino,
1497 2770 1551 2815 et
1591 2762 1757 2816 vitam
1790 2764 2092 2818 secundum

514 2848 871 2919 Evangelium
914 2850 1203 2907 instituere
1239 2854 1453 2918 nolint,
1490 2855 1643 2908 nulla
1665 2864 1750 2910 est
1774 2857 1936 2912 nobis
1964 2871 2090 2911 cum

514 2941 627 2996 illis
672 2942 983 2997 communis
1014 2944 1177 3000 ratio.
1210 2943 1320 3001 Nos
1364 2947 1511 3001 enim
1547 2946 1602 3001 in
1635 2949 1841 3018 popqu
1880 2948 2096 3005 inobse-

515 3034 705 3103 quenti
738 3042 793 3087 et
820 3035 1227 3091 contradicenti
1255 3036 1434 3093 edocti
1476 3054 1670 3095 sumus
1697 3040 1889 3095 audire
1915 3060 1928 3095 :
1967 3040 2093 3097 Ser-

2193 1843 2319 1905 τοὺς
2349 1843 2560 1895 ἑαυτῶν
2588 1843 2771 1908 οἴκους
2810 1844 2904 1897 ἐπὶ
2929 1843 3216 1914 ἀνευρέσει
3240 1842 3613 1915 φαρμακειῶν
3649 1842 3789 1907 (56),

2195 1934 2290 1988 καὶ
2321 1933 2608 2006 καθάρσει,
2635 1935 2740 1988 ὑπὸ
2761 1934 2855 1988 τὸν
2905 1934 3107 1989 κανόνα
3144 1935 3493 1989 πιπτέτωσαν
3524 1934 3632 2002 τῆς
3662 1933 3791 1996 ἑξα-

2194 2024 2365 2088 ετίας.
2383 2024 2660 2078 Ἐνιαυτὸν
2681 2025 3187 2097 προσκλαύσαντες,
3205 2028 3301 2080 καὶ
3318 2026 3568 2080 ἐνιαυτὸν
3579 2028 3794 2099 ἀκροα-

2197 2111 2442 2183 σάμενοι,
2474 2115 2570 2168 καὶ
2602 2116 2660 2167 ὲν
2691 2121 2740 2184 γ’
2766 2114 2944 2169 ἔτεσιν
2968 2117 3392 2180 ὑποπίπτοντες,
3416 2118 3513 2171 καὶ
3536 2115 3796 2170 ἐνιαυτὸν

2198 2203 2493 2269 συστάντες
2526 2207 2641 2269 τοῖς
2676 2209 2909 2271 πιστοῖς,
2942 2206 3087 2261 οὕτω
3118 2206 3489 2279 δεχθήτωσαν.

2267 2295 2389 2349 ΠΔ’.
2426 2296 2611 2350 Πάντα
2650 2296 2709 2350 δὲ
2735 2296 2908 2351 ταῦτα
2936 2298 3243 2373 γράφομεν,
3288 2298 3432 2352 ὥστε
3477 2300 3611 2363 τοὺς
3646 2316 3798 2371 καρ-

2195 2388 2334 2452 ποὺς
2373 2386 2765 2460 δοκιμάζεσθαι
2799 2389 2901 2460 τῆς
2952 2392 3262 2461 μετανοίας.
3295 2393 3370 2444 Οὐ
3412 2390 3522 2463 γάρ
3564 2392 3797 2454 πάντως

2195 2478 2274 2551 τῷ
2307 2479 2483 2551 χρόνῳ
2516 2481 2774 2552 κρίνομεν
2802 2481 2873 2534 τά
2907 2480 3157 2544 τοιαῦτα,
3192 2481 3327 2537 ἀλλά
3355 2482 3435 2553 τῷ
3466 2482 3661 2552 τρόπῳ
3691 2481 3794 2550 τῆς

2198 2572 2489 2643 μετανοίας
2563 2573 2927 2644 προσέχομεν.
2993 2574 3120 2629 Ἐάν
3192 2575 3250 2629 δὲ
3310 2576 3793 2638 δυσαποσπάστως

2195 2662 2361 2734 ἔχωσι
2386 2662 2496 2717 τῶν
2528 2663 2671 2717 ίδίων
2698 2664 2859 2729 ἐθῶν,
2902 2666 2999 2719 καὶ
3026 2669 3149 2730 ταῖς
3176 2667 3399 2736 ἡδοναῖς
3436 2668 3539 2737 τῆς
3581 2666 3793 2737 σαρκὸς

2198 2755 2399 2826 μᾶλλον
2445 2756 2717 2811 δουλεύειν
2761 2757 2988 2812 θέλωσιν
3046 2759 3079 2830 ἢ
3127 2759 3208 2830 τῷ
3249 2760 3479 2830 Κυρίῳ,
3534 2760 3632 2812 καὶ
3690 2758 3789 2829 τὴν

2195 2849 2338 2902 κατὰ
2373 2848 2435 2903 τὺ
2465 2849 2798 2919 Εὐαγγέλιον
2836 2850 2983 2921 ζωὴν
3025 2851 3099 2921 μὴ
3134 2850 3565 2921 καταδέχωνται,
3605 2848 3787 2912 οὐδεὶς

2194 2942 2326 3012 ἡμῖν
2368 2939 2504 3011 πρὸς
2535 2940 2732 3003 αὐτοὺς
2764 2938 2943 3003 κοινὸς
2974 2939 3153 3007 λόγος.
3192 2940 3388 3008 Ἡμεῖς
3428 2938 3539 3010 γὰρ
3578 2940 3638 2991 ὲν
3672 2937 3786 3008 λαῷ

2194 3031 2411 3085 ἀπειθεῖ
2448 3033 2545 3085 καὶ
2595 3030 2932 3101 ἀντιλέγοντι
2985 3031 3345 3101 δεδιδάγμεθα
3395 3030 3658 3093 ἀκούειν,
3701 3030 3784 3082 ὅτι

515 3135 641 3174 vana
665 3137 814 3174 serva
844 3124 1079 3177 animant
1103 3134 1249 3178 tuam
1275 3126 1338 3180 “.
1363 3125 1441 3181 Ne
1467 3127 1634 3198 igitur
1654 3130 2087 3200 committamus,

2200 3120 2401 3184 Σώζων
2427 3120 2578 3183 σῶζε
2600 3123 2716 3191 τὴν
2746 3095 3008 3177 σεαυτοῦ
3291 3122 3384 3194 Μὴ
3405 3122 3588 3175 τοίνυν
3610 3138 3784 3174 κατα-

516 3221 577 3265 υι
610 3226 732 3266 cum
758 3214 956 3268 talibus
987 3231 1279 3286 pereamus
1308 3236 1321 3271 :
1358 3218 1453 3273 sed
1486 3234 1652 3289 grave
1676 3220 1948 3291 judicium
1974 3222 2091 3278 for-

515 3303 788 3359 midantes
808 3344 823 3368 ,
850 3316 905 3359 et
934 3306 1241 3362 terribilem
1269 3308 1650 3366 retributionis
1689 3310 1907 3366 Domini
1943 3314 2090 3369 diem

516 3394 588 3449 ob
619 3395 813 3451 oculos
862 3395 1166 3463 habentes,
1198 3414 1268 3453 ne
1294 3399 1530 3456 velimus
1560 3416 1672 3456 una
1718 3417 1845 3457 cum
1896 3404 2092 3462 alienis

515 3486 762 3555 peccatis
807 3488 1008 3556 perire.
1051 3486 1109 3542 Si
1134 3488 1280 3545 enim
1312 3505 1415 3546 nos
1477 3506 1589 3546 non
1627 3493 1952 3549 erudierunt
1984 3504 2093 3551 ter-

514 3575 698 3630 ribilia
736 3575 952 3632 Domini
987 3618 1003 3644 ,
1060 3595 1163 3636 nec
1212 3581 1352 3637 tales
1395 3583 1567 3654 plagae
1615 3585 1997 3653 adduxerunt,
2032 3596 2091 3642 ut

515 3683 617 3722 nos
643 3683 673 3721 a
704 3666 934 3724 Domino
978 3681 1200 3741 propter
1233 3680 1483 3728 nostram
1531 3676 1885 3747 iniquitatem
1933 3679 2092 3735 dere-

514 3759 709 3822 lictos,
743 3759 1217 3832 barbarorumque
1244 3762 1300 3817 in
1344 3779 1541 3821 manus
1582 3767 1822 3823 traditos
1853 3767 2091 3824 sentire-

515 3866 673 3916 mus,
708 3858 763 3905 et
806 3853 1067 3922 populum
1096 3854 1242 3922 apud
1269 3854 1461 3911 hostes
1492 3858 1768 3928 captivum
1793 3859 2089 3915 abductum

511 3957 637 3997 esse
656 3980 670 4005 ,
713 3956 777 3995 ac
819 3942 1149 4012 dispersioni
1180 3944 1441 4001 traditum
1467 3987 1482 4013 ,
1518 3949 1648 4019 quia
1675 3934 1791 4004 haec
1817 3950 2091 4007 audebant

514 4038 607 4104 qui
630 4036 838 4093 Christi
872 4055 1072 4096 nomen
1103 4041 1507 4098 circumferunt
1538 4063 1551 4099 :
1586 4046 1633 4099 si
1660 4061 1770 4100 non
1799 4057 2089 4111 noverunt,

514 4143 693 4197 neque
752 4129 1195 4197 intellexerunt,
1252 4141 1544 4203 propterea
1608 4137 1830 4192 venisse
1883 4138 1940 4192 in
1989 4155 2092 4195 nos

516 4214 657 4270 iram
698 4216 788 4273 Dei
815 4237 830 4286 ;
855 4236 977 4290 qua:
1003 4238 1093 4278 res
1133 4224 1293 4280 nobis
1334 4240 1458 4279 cum
1489 4225 1576 4281 his
1608 4228 1917 4284 communis
1963 4230 2093 4285 est?

516 4305 624 4361 Sed
655 4315 835 4364 tamen
860 4311 1126 4368 obtestari
1158 4329 1255 4370 eos
1279 4323 1334 4369 et
1360 4327 1529 4370 noctu
1554 4323 1609 4370 et
1637 4317 1901 4384 interdiu,
1925 4324 1980 4373 et
2000 4334 2092 4388 pu-

512 4399 657 4454 blice
707 4409 762 4455 et
814 4403 1071 4473 privatim
1128 4406 1444 4470 debemus;
1504 4424 1607 4464 nos
1677 4417 1859 4465 autem
1924 4412 2088 4467 simul

587 4493 632 4523 “
670 4491 806 4547 Gen.
832 4509 953 4555 xix,
997 4494 1084 4548 17.

586 4582 700 4649 ('55)
744 4584 845 4637 Ἐν
866 4584 1065 4638 πέντε.
1102 4583 1193 4639 Sic
1221 4586 1438 4642 codices
1468 4589 1710 4645 melioris
1744 4598 1905 4645 noue.
1939 4590 2089 4646 Non-

513 4654 648 4734 nulli
692 4653 898 4739 habent
928 4655 985 4707 ὲν
1014 4655 1270 4739 πέμπτῳ,
1305 4659 1358 4709 in
1389 4659 1594 4739 quinto.
1634 4658 1969 4739 Sicyidelur
1992 4663 2088 4739 _le-

513 4725 659 4800 gisse
691 4723 981 4800 interpres.
1014 4723 1119 4779 Sed
1156 4723 1270 4800 haec
1300 4723 1573 4800 scriptura
1612 4730 1847 4800 minime
1888 4732 2087 4800 proha-

511 4792 659 4867 bilis.
696 4792 796 4846 Vix
841 4795 983 4847 enim
1006 4797 1240 4867 gravius
1270 4792 1558 4867 puniretur
1602 4792 1990 4867 jusjurandum
2020 4803 2085 4855 li-

511 4862 640 4939 bere
682 4873 736 4917 et
778 4872 971 4932 sponte
1004 4862 1321 4939 infractum,
1355 4883 1519 4936 quam
1550 4862 2085 4939 vi'et'impressione

510 4933 936 5008 violatum;_ne_c
991 4935 1137 5008 aliud
1184 4945 1330 5008 esset
1375 4933 1521 4991 inter
1573 4933 1885 5008 utrumque,
1920 4957 2083 5008 quam

510 5002 674 5079 unius
699 5002 1181 5079 annidiscrimen.
1214 5003 1435 5079 Legitur
1468 5009 1526 5060 ὲν
1557 5002 1793 5079 πέμπτῴ
1840 5002 1893 5064 in
1937 5002 2082 5064 Pan-

508 5071 703 5127 dectis.
738 5071 847 5128 Sed
907 5072 1198 5129 Balsamon
1244 5071 1316 5131 ρι’
1341 5076 1583 5133 Zonaras
1609 5071 1662 5132 et
1691 5071 1978 5135 Ar’istenus
2024 5081 2079 5136 in

511 5144 629 5216 guis
662 5144 1206 5216 interpretationibus
1234 5156 1541 5216 agnoscunt
1583 5148 1833 5203 undecim
1883 5167 2078 5207 annos.

507 5210 775 5286 Praeterea
806 5210 1002 5286 decem
1044 5215 1173 5267 anni
1215 5210 1572 5286 imponuntur
1623 5220 1859 5286 perjuris
1898 5223 1953 5275 in
1984 5237 2081 5275 ea-

506 5298 652 5356 pone
666 5281 754 5347 64,
774 5283 861 5336 cui
875 5282 1094 5356 quidem
1112 5281 1308 5339 canoni
1330 5288 1509 5356 aliqua
1530 5281 1746 5341 videtur
1762 5291 1939 5346 inesse
1955 5305 2078 5345 cum

507 5351 613 5431 hoc
649 5351 982 5431 octogesijno
1035 5351 1691 5431 secunalo__diserepantia
1720 5376 1734 5425 ;
1764 5359 1911 5431 forte
1951 5362 2080 5431 quia

505 5421 563 5475 in
594 5421 956 5491 priore’nulla
993 5427 1251 5487 statuitur
1278 5421 1562 5482 distinctio
1599 5421 1777 5482 coacti
1806 5437 1861 5485 et
1887 5421 2080 5486 vol'un-

504 5495 631 5545 tarii
664 5491 776 5560 perj
788 5493 911 5546 urii.
1472 5554 1477 5559 ,

576 5560 689 5632 (36)
718 5561 1114 5640 Φαρμακειῷν.
1138 5564 1322 5637 Longe
1340 5568 1448 5640 alio
1469 5584 1632 5623 sensu
1650 5578 1948 5640 usurpatur
1973 5569 2078 5626 hoc

503 5629 628 5684 loco
649 5629 720 5709 eo
770 5629 873 5709 vos
916 5646 980 5686 ac
1008 5634 1064 5689 in
1095 5629 1309 5709 canon'e
1355 5638 1442 5699 63.
1486 5640 1539 5693 in
1570 5654 1679 5709 quo
1733 5629 1969 5695 venefica
2010 5642 2078 5696 ad

507 5700 804 5771 perniciem
838 5702 1058 5758 inventa
1080 5706 1364 5778 designat:
1407 5709 1493 5763 hic
1532 5700 1713 5765 antem
1747 5712 1981 5767 remedia
2009 5712 2077 5767 ad

2118 4452 2166 4509 Ι)

2177 5715 2233 5766 et
2265 5708 2595 5771 'Pandec'tai.

2196 3211 2473 3284 δεξώμεθα
2506 3214 2941 3268 συναπόλλυσθαι
2968 3216 3082 3278 τοῖς
3119 3214 3408 3277 τοιούτοις·
3434 3211 3572 3268 ἀλλά
3607 3212 3781 3282 φοϐη-

2198 3305 2383 3370 θέντες
2414 3306 2477 3359 τὸ
2503 3306 2641 3377 βαρὺ
2677 3309 2874 3378 κρῖμα,
2908 3305 3002 3360 καὶ
3039 3304 3138 3376 τὴν
3167 3305 3401 3377 φοϐερὰν
3433 3305 3653 3377 ἡμέραν
3684 3305 3781 3373 τῆς

2198 3397 2616 3461 ἀνταποδόσεως
2633 3397 2727 3451 τοῦ
2756 3397 2963 3470 Κυρίου
3000 3397 3107 3469 πρὸ
3140 3396 3250 3450 τῶν
3271 3396 3567 3468 ὀφθαλμῶν
3591 3395 3781 3448 λαϐόνο

2195 3506 2308 3553 τες,
2347 3490 2422 3561 μὴ
2457 3488 2774 3561 θελήσωμεν
2811 3491 3112 3562 ἁμαρτίαις
3158 3488 3470 3560 ἀλλοτρίαις
3514 3488 3780 3541 συναπόλ-

2196 3581 2408 3635 λυσθαι.
2434 3582 2496 3634 EI
2533 3580 2644 3652 γὰρ
2679 3581 2755 3653 μὴ
2789 3583 3107 3635 ἐπαίδευσεν
3144 3583 3292 3652 ἡμᾶς
3339 3581 3409 3634 τά
3441 3580 3653 3652 φοϐερὰ.
3685 3579 3778 3633 τοῦ

2197 3656 2427 3743 Κυρίου,
2457 3672 2590 3743 μηδὲ
2642 3675 2698 3726 αἱ
2752 3673 3082 3742 τηλικαῦται
3138 3674 3344 3745 πληγαὶ
3394 3674 3473 3736 είς
3526 3671 3780 3743 αἴσθησιν

2197 3764 2345 3835 ἡμᾶς
2382 3765 2587 3836 ἡγαγον
2615 3763 2747 3835 (³57),
2773 3765 2855 3818 ὃτι
2880 3764 2966 3818 διὰ
2986 3766 3085 3836 τὴν
3109 3766 3338 3836 ἀνομίαν
3367 3765 3527 3835 ἡμῶν
3549 3765 3780 3834 ἐγκατέ-

2196 3852 2352 3906 λιπεν
2413 3855 2565 3925 ἡμᾶς
2621 3856 2651 3907 ό
2692 3854 2928 3927 Κύριος,
2963 3856 3059 3910 καὶ
3112 3856 3428 3929 παρέδωκεν
3480 3857 3563 3919 είς
3591 3860 3780 3928 χεῖρας

2200 3942 2515 4015 βαρϐάρων,
2549 3944 2644 3998 καὶ
2687 3945 2910 4017 ἀπήχθη
2949 3946 3293 4018 αἰχμάλωτος
3335 3948 3415 4011 είς
3454 3947 3583 4012 τοὺς
3629 3948 3782 4000 πολε-

2200 4035 2357 4105 μίους
2380 4035 2409 4085 ὁ
2427 4034 2577 4099 λαὸς,
2601 4035 2697 4089 καὶ
2725 4036 2999 4108 παρεδόθη
3025 4039 3091 4108 τῇ
3121 4037 3413 4108 διασπορᾷ,
3439 4037 3575 4091 διότι
3606 4037 3779 4093 ταῦτα

2198 4126 2440 4196 ἐτόλμων
2471 4129 2519 4180 οί
2553 4127 2615 4180 τὸ
2647 4128 2819 4199 ὄνομα
2846 4128 2943 4182 τοῦ
2986 4129 3224 4203 Χριστοῦ
3261 4131 3683 4203 περιφέροντες·
3728 4135 3779 4185 εἰ

2200 4217 2275 4290 μὴ
2305 4218 2549 4288 ἔγνωσαν
2577 4220 2708 4291 (38),
2739 4221 2875 4293 μηδὲ
2907 4222 3169 4293 συνῆκαν,
3200 4222 3393 4277 ὅτιδιά
3421 4222 3595 4278 ταῦτα
3612 4220 3776 4297 ἦλθεν

2198 4313 2283 4381 ἐφ’
2317 4313 2465 4383 ἡμᾶς
2510 4314 2543 4383 ἡ
2599 4314 2737 4385 ὀργὴ
2785 4314 2881 4367 τοῦ
2920 4314 3087 4368 Θεοῦο
3113 4316 3199 4378 τίς
3239 4317 3370 4387 ἡμῖν
3405 4316 3584 4380 κοινὸς
3640 4319 3776 4388 πρὸς

2196 4401 2420 4467 τούτους
2462 4401 2653 4473 λόγος;
2711 4403 2874 4459 Ἀλλά
2923 4406 3395 4480 διαμαρτύρεσθαι
3450 4408 3634 4473 αὐτοῖς
3682 4413 3775 4463 καὶ

2190 4586 2413 4643 morbos
2439 4590 2741 4657 pellendos,
2773 4600 2834 4647 ut
2866 4594 3161 4650 observant
3186 4596 3477 4652 Balsamon
3510 4606 3563 4652 et
3588 4598 3771 4652 Zona-

2166 4672 2301 4727 _ras.
2341 4658 2478 4736 llinc
2522 4662 2695 4716 multo
2734 4664 2909 4736 lenior
2939 4666 2991 4718 in
3038 4665 3141 4720 hoc
3170 4683 3382 4722 canone
3428 4669 3768 4736 pmnitentia,

2189 4742 2351 4805 quam
2405 4728 2859 4805 in_se}_agesimo
2917 4737 3131 4805 quinto.
3187 4728 3547 4793 Distinctione
3598 4728 3771 4794 utitur

2189 4796 2558 4881 SLGre‘gor’i‘us
2574 4796 2854 4881 Nyssenus
2873 4796 3234 4881 in'statu_enda
3257 4808 3421 4881 hujus
3438 4812 3648 4879 peccati
3664 4827 3771 4881 pm-

2186 4868 2647 4949 ni‘tentia._Sancit
2673 4874 2818 4927 enim
2843 4892 3054 4931 canone
3074 4878 3109 4931 5
3136 4886 3194 4930 ut
3224 4868 3409 4949 qui'se
3438 4868 3769 4935 convertunt

2187 4937 2253 4990 ad
2286 4941 2737 5020 praastigiatorcs,
2770 4953 2865 5020 aut
2893 4955 3065 5011 vates,
3095 4955 3189 5020 aut
3213 4937 3310 5004 eos
3337 4949 3429 5020 qui
3459 4950 3763 5005 daemonum

2184 5021 2349 5074 Opera
2398 5010 2613 5083 piacula
2656 5015 2904 5083 quaedam
2951 5024 3006 5072 et
3038 5010 3307 5072 malorum
3345 5010 3765 5075 avertendorum

2185 5087 2357 5159 artem
2409 5081 2735 5159 profitentur
2766 5123 2781 5146 ,
2838 5086 2887 5138 hi
2920 5088 2965 5141 si
2993 5085 3115 5141 ﬁdei
3168 5089 3433 5159 neganda:
3457 5093 3691 5145 consilio
3713 5094 3763 5145 id

2184 5148 2443 5228 fecerint,
2493 5152 2697 5228 iisdem
2747 5159 2924 5228 pontis
2959 5174 3023 5211 ac
3055 5148 3323 5227 apostavtm.
3356 5160 3758 5228 subjiciuntur;

2183 5218 2269 5270 sin
2323 5227 2503 5296 autem
2550 5218 2877 5296 gravissimo
2929 5218 3168 5296 quodam
3219 5230 3411 5284 dolore
3453 5218 3509 5283 et
3566 5218 3763 5287 damno

2181 5289 2452 5355 perculsi.
2484 5289 2675 5371 eodem
2700 5296 2863 5371 modo
2904 5289 3228 5366 puniantur,
3271 5316 3336 5355 ac
3359 5301 3453 5371 qui
3480 5305 3760 5358 tormentis

2183 5368 2421 5426 tempore
2442 5362 2807 5419 confessionis
2832 5362 3137 5423 cesserunt.

2253 5429 2386 5501 (37)“
2404 5432 2686 5501 Ἥγαγον.
2741 5434 2834 5489 Sic
2878 5452 3012 5491 mss.
3038 5438 3260 5497 codices
3307 5442 3555 5497 melioris
3600 5452 3753 5499 noue.

2346 5494 2513 5573 ’ἦγονζ
2544 5494 2831 5561 Pandecta:
2869 5521 2995 5561 cum
3035 5494 3325 5566 codicibus
3367 5494 3753 5571 ίηείεζὶοὶὶὲέιζ

2228 5585 2257 5622 u
2329 5610 2341 5622 .

2228 5585 2341 5623 unt.

2253 5638 2365 5710 (58)
2398 5645 2470 5696 Et
2498 5643 2585 5713 μὴ
2970 5646 3064 5703 Sic
3128 5651 3502 5723 antiquissimi
3544 5658 3751 5718 codices

2274 5708 2595 5771 .Pandecue.
2673 5716 2912 5771 ditiones
2955 5716 3143 5771 Basilii
3184 5724 3235 5771 ει
3288 5722 3362 5771 wh
3392 5725 3742 5771 emugme

2673 5716 2912 5777 ditiones
2955 5716 3144 5778 Basilii
3170 5724 3235 5797 ﬁl
3262 5716 3363 5795 ’μὴ
3392 5716 3745 5796 συνέγνωσανξ
