3862 6220
376 279 477 337 791

1683 288 1743 344 S.
1782 287 2030 344 BASILI!
2068 289 2282 347 MAGNI

3513 294 3619 351 τελε

372 425 475 476 ret.
508 417 617 475 lter
642 428 823 477 autem
852 423 1080 479 Romam
1108 425 1297 483 nescio
1326 426 1602 498 quomodo
1627 444 1789 486 nemo
1816 447 1940 503 pru-

2061 436 2145 507 πίῳ
2199 437 2382 510 δρόμῳ
2441 436 2699 504 ὁδεύοντι,
2745 434 2791 509 ᾧ
2844 440 2939 495 καὶ
2984 407 3335 510 ἐνετειλάμην
3386 435 3624 507 πρώτοις

372 509 571 566 dentiae
610 518 717 567 tuae
755 515 1091 572 nuntiaverit
1134 516 1314 574 hieme
1346 520 1573 575 omnino
1600 521 1792 579 confici
1830 538 1941 578 non

373 616 569 672 posse;
597 619 722 659 cum
757 605 1042 677 interjecta
1072 624 1104 664 a
1135 609 1614 684 Constantinopoli
1654 630 1830 685 usque
1872 615 1942 671 ad

372 696 511 752 lines
553 709 777 754 nostros
822 701 971 771 regio
1011 701 1264 760 hostibus
1310 704 1509 761 referta
1557 705 1648 761 sit.
1691 705 1848 773 Quod
1895 707 1943 763 si

373 787 634 843 utendum
664 795 750 844 est
771 790 932 857 mari,
963 792 1070 847 erit
1102 800 1355 864 tempus;
1391 795 1555 851 modo
1588 809 1698 850 non
1731 805 1946 852 recuset

372 880 785 951 navigationem
814 882 964 938 etde
987 884 1259 953 ejusmodi
1288 886 1452 941 rebus
1483 887 1808 957 legationem
1854 901 1945 943 re-

372 971 758 1041 ligiosissimus
782 974 1074 1045 episcopus
1100 974 1268 1031 frater
1295 975 1613 1047 Gregorius.
1648 977 1761 1048 Ego
1776 977 1944 1039 enim,

373 1079 475 1118 nec
502 1064 598 1135 qui
620 1080 745 1120 cum
775 1066 893 1137 ipso
918 1067 1342 1138 proficiscantur
1366 1069 1547 1134 video,
1576 1077 1629 1125 et
1653 1070 1829 1140 ipsum
1852 1083 1949 1124 ne-

376 1155 651 1224 gotiorum
682 1157 1189 1214 ecclesiasticorum
1219 1175 1449 1231 prorsus
1481 1160 1822 1231 inexpertum
1854 1175 1949 1215 coo

375 1262 622 1317 gnosco;
658 1264 725 1305 ac
778 1250 928 1306 illius
961 1252 1181 1322 quidem
1220 1267 1576 1323 congressum
1621 1253 1858 1324 benigno
1886 1269 1951 1309 ac

373 1340 492 1393 miti
536 1340 653 1395 viro
698 1343 1064 1400 venerabilem
1109 1353 1165 1399 et
1197 1344 1254 1398 in
1301 1344 1536 1414 plurimo
1564 1345 1741 1415 pretio
1793 1344 1947 1411 fore;

375 1429 469 1484 sed
500 1444 628 1484 cum
655 1432 801 1487 elato
845 1441 898 1488 et
925 1434 1149 1489 sublimi
1177 1442 1232 1490 et
1269 1435 1435 1490 altius
1480 1436 1713 1499 sedenti,
1743 1436 1950 1507 quique

376 1525 664 1587 propterea
694 1521 978 1577 veritatem
1028 1523 1180 1578 humi
1218 1524 1579 1594 praedicantes
1611 1525 1804 1581 audire
1840 1543 1949 1582 non

375 1608 574 1678 possit,
609 1610 742 1680 quid
784 1613 950 1669 rebus
992 1616 1379 1672 communibus
1408 1617 1583 1687 prosit
1614 1618 1718 1671 viri
1749 1616 1946 1688 hujus-

2043 527 2174 598 ὑμῖν
2227 528 2521 600 ἐμφανίσαι
2567 529 2629 584 τὸ
2666 531 2925 603 γράμμα.
2990 530 3103 603 Τὴν
3142 531 3201 585 δὲ
3251 530 3343 583 ἐπὶ
3405 526 3627 599 Ῥώμην

2041 619 2162 673 ὁδὸν
2206 619 2307 674 οὐκ
2351 616 2467 674 οἶδα
2518 621 2665 686 ὅπως
2713 622 2887 686 οὐδεὶς
2946 622 3237 693 ἀνήγγειλε
3286 623 3354 693 τῇ
3413 619 3629 673 συνέσει

2044 712 2220 783 ὑμῶν,
2261 714 2343 767 ὅτι
2383 716 2442 768 ὲν
2486 731 2565 786 τῳ
2609 715 2839 788 χειμῶνι
2890 716 3172 780 παντελῶς
3214 717 3362 767 ὲστιν
3399 712 3625 785 ἄπορος,

2043 803 2145 874 τῆς
2181 803 2383 875 μεταξὺ
2418 803 2603 876 χώρας
2640 806 2748 860 ἀπὸ
2782 804 3407 868 Κωνσταντινουπόλεως
3465 802 3627 875 μέχρι

2044 892 2154 948 τῶν
2196 895 2319 949 καθ’
2351 897 2503 967 ἡμᾶς
2542 897 2685 968 ὅρων
2734 897 3010 969 πολεμίων
3066 896 3526 967 πεπληρωμένης.
3562 895 3629 947 Et

2045 986 2104 1040 δὲ
2126 985 2208 1039 δεῖ
2228 986 2475 1059 θαλάσσῃ
2497 987 2826 1059 χρήσασθαι,
2863 987 3017 1041 ἔσται
3059 986 3254 1058 καιρός
3274 1002 3290 1018 ο
3343 985 3504 1055 μόνον
3534 984 3632 1037 ὲὰν

2048 1076 2405 1148 καταδέξηται
2425 1078 2519 1131 καὶ
2555 1078 2647 1131 τὸν
2671 1078 2859 1143 πλοῦν,
2893 1079 2990 1132 καὶ
3008 1077 3111 1150 τὴν
3140 1076 3285 1148 ὑπὲρ
3319 1074 3429 1130 τῶν
3464 1074 3636 1129 τοιού-

2047 1185 2155 1222 των
2187 1170 2529 1240 πραγμάτων
2566 1170 2863 1240 πρεσϐείαν
2906 1171 2934 1223 ὁ
2973 1168 3383 1239 θεοφιλέστατος
3414 1167 3638 1221 ἐπίσκο-

2052 1276 2155 1323 πος
2180 1260 2479 1332 Γρηγόριος
2507 1262 2536 1314 ὁ
2577 1259 2826 1329 ἀδελφός.
2879 1259 3022 1330 Ἐγὼ
3061 1261 3160 1331 μὲν
3198 1261 3307 1332 γὰρ
3336 1259 3459 1313 οὔτε
3510 1260 3640 1322 τοὺς

2054 1350 2563 1422 συναπερχομένους
2614 1350 2765 1422 αὐτῷ
2817 1350 2971 1422 ὁρῶ,
3023 1352 3120 1405 καὶ
3169 1351 3332 1405 αὐτὸν
3381 1349 3642 1420 γινώσκω

2054 1442 2335 1506 παντελῶς
2388 1442 2616 1514 ἄπειρον
2682 1443 2812 1497 δντα
2870 1442 2979 1497 τῶν
3051 1443 3196 1498 κατὰ
3247 1443 3347 1505 τὰς
3410 1441 3642 1508 Ἐκκλη-

2054 1534 2177 1598 σίας
2208 1533 2341 1604 (95)'
2376 1534 2472 1587 καὶ
2501 1534 2803 1606 εὐγνώμονι
2830 1536 2928 1607 μὲν
2961 1534 3117 1607 ἀνδρὶ
3160 1533 3438 1602 αἰδέσιμον
3472 1528 3642 1585 αὐτοῦ

2052 1625 2148 1678 καὶ
2179 1622 2374 1677 πολλοῦ
2404 1623 2560 1691 ἀξίαν
2593 1625 2690 1695 τὴν
2729 1625 3040 1698 συντυχίαν,
3087 1622 3275 1694 ὑψηλῷ
3304 1622 3360 1674 δὲ
3384 1621 3478 1674 καὶ
3505 1636 3638 1691 μετ-

375 1699 524 1755 modi
554 1715 918 1773 congressus,
954 1706 1115 1778 cujus
1150 1722 1334 1764 mores
1360 1708 1427 1763 ab
1452 1708 1707 1763 illiberali
1747 1710 1942 1765 adula-

2061 1714 2233 1787 εὼρῳ,
2293 1715 2407 1770 ἄνω
2437 1732 2541 1768 που
2577 1716 2893 1787 καθημένῳ,
2942 1717 3039 1770 καὶ
3087 1714 3175 1769 διὰ
3228 1711 3387 1766 τοῦτο
3420 1711 3645 1765 ἀκούειν

317 1791 321 1795 ’
372 1790 522 1845 tione
553 1792 718 1849 alieni
740 1795 764 1847 ?

2044 1807 2154 1860 τῶν
2184 1805 2421 1878 χαμόθεν
2465 1806 2616 1878 αὐτῷ
2662 1806 2762 1879 τὴν
2804 1806 3065 1879 ἀλήθειαν
3127 1802 3512 1876 φθεγγομένων
3569 1801 3646 1873 μὴ

370 1886 670 1960 δυναμένῳ,
737 1890 792 1944 τί
833 1889 900 1947 ἂν
939 1893 1149 1962 γένοιτο
1191 1894 1381 1965 ὄφελος
1417 1898 1530 1961 τοῖς
1562 1898 1761 1960 κοινοῖς
1802 1898 1955 1969 παρὰ
2006 1901 2106 1975 τῆς
2139 1902 2237 1957 τοιῖι⁹
2271 1901 2521 1956 τοιούτου
2568 1900 2763 1972 ἀνδρὸς
2802 1901 3042 1972 ὁμιλίας,
3086 1901 3147 1965 ὃς
3186 1901 3469 1975 ἀλλότριον
3529 1899 3645 1970 ἔχει

374 1976 612 2043 θωπείας
641 1980 993 2054 ἀνελευθέρου
1017 1985 1079 2038 τὸ
1108 1981 1270 2057 ἦθοςς

829 2176 1169 2235 EPISTULA
1205 2181 1455 2241 CCXVI'.

2574 2176 2921 2233 ΕΠΙΣΤΟΛΗ
2954 2173 3114 2244 Σισο.

374 2334 564 2386 Narrat
584 2334 799 2387 Basilius
827 2334 1251 2409 peregrinationes.
1275 2352 1308 2389 a
1342 2353 1396 2392 se
1422 2348 1857 2409 susceptas,__se_qu_e
1894 2341 1954 2409 ad

2061 2337 2265 2409 remittat
3149 2335 3203 2380 ut
3235 2341 3404 2380 comm
3433 2322 3642 2392 frauda

860 2393 1098 2461 ediceret,
1120 2399 1206 2465 qui
1230 2399 1358 2453 hunc
1377 2393 1597 2455 comitem
1617 2416 1651 2452 a
1676 2393 1868 2455 Πειὲιίο
1888 2402 2187 2462 abstrahere,
2211 2407 2259 2453 et
2278 2398 2332 2451 in
2363 2393 2532 2462 partes
2554 2408 2667 2448 sua:
2686 2393 2886 2446 allicere
2906 2393 3142 2444 valebam.

734 2541 974 2611 Heletio,
1003 2547 1296 2602 Antiochiet
1324 2549 1585 2619 episcopo.

449 2659 633 2715 Multae
662 2674 764 2715 nos
788 2668 845 2714 et
871 2660 993 2715 alia:
1031 2662 1498 2733 peregrinationes
1528 2678 1559 2717 a
1604 2664 1779 2735 patria
1818 2679 1953 2719 avo-

2303 2550 2595 2616 Μελετίῳ,
2645 2559 2960 2609 επισκοπῳ
3014 2542 3383 2612 Ἀντιοχείας.

2127 2664 2325 2719 Πολλαὶ
2361 2664 2460 2736 μὲν
2499 2664 2647 2735 ἡμᾶς
2685 2661 2780 2715 καὶ
2819 2657 2977 2713 ἄλλαι
3023 2655 3132 2728 (96)
3180 2655 3480 2726 ἀποδημίαι
3528 2653 3635 2725 τῆς

379 2760 595 2809 carunt.
624 2750 759 2806 Nam
782 2760 837 2808 et
860 2752 918 2807 in
938 2751 1200 2809 Pisidiam
1227 2770 1404 2826 usque
1435 2756 1707 2822 venimus,
1737 2763 1797 2811 ut
1826 2772 1951 2812 cum

2061 2758 2317 2829 πατρίδος
2354 2758 2659 2827 ἀπήγαγον.
2715 2752 2825 2805 Καὶ
2869 2751 2979 2822 γὰρ
3033 2749 3196 2819 μέχρι
3240 2747 3341 2817 τῆς
3389 2745 3634 2810 Πισιδίας

380 2846 625 2916 ejusdem
659 2845 900 2915 regionis
944 2846 1219 2918 episcopis
1261 2864 1384 2919 qua:
1429 2848 1594 2921 325
1636 2850 1703 2903 ad
1748 2848 1950 2904 fratres

2061 2850 2331 2921 διέϐημεν,
2372 2847 2511 2901 ὥστε
2549 2845 2686 2917 μετὰ
2728 2844 2835 2898 τῶν
2872 2844 2991 2897 ἐκεῖ
3025 2839 3339 2893 ἐπισκόπων
3386 2838 3455 2893 τὰ
3493 2837 3639 2893 κατὰ

381 2934 605 2989 Isauriae
638 2942 908 3004 spectant,
944 2951 1420 3007 componeremus.
1457 2940 1637 3009 Atque
1687 2940 1815 2996 inde
1847 2956 1950 2996 nos

2061 2939 2182 3003 τοὺς
2211 2940 2267 2992 ὲν
2294 2940 2360 3008 τῇ
2401 2934 2645 3008 Ἰσαυρία
2687 2934 2951 3005 ἀδελφοὺς
2979 2930 3248 2986 τυπῶσαι.
3288 2930 3557 2983 Κάκεῖθεν
3598 2930 3635 3001 ἡ

382 3024 438 3077 in
484 3023 711 3078 Pontum
738 3025 952 3095 excepit
996 3027 1396 3098 peregrinatio,
1426 3044 1551 3084 cum
1596 3030 1946 3086 Dazimoneni

383 3114 519 3168 satis
551 3114 928 3183 perturbasset
959 3113 1282 3173 Eustathius
1307 3159 1323 3186 ,
1354 3120 1665 3190 multosque
1693 3121 1808 3176 illic
1851 3120 1949 3176 ad-

381 3204 671 3269 duxisset,
701 3214 761 3260 ut
792 3220 851 3261 se
893 3207 963 3262 ab
1013 3207 1260 3265 Ecclesia
1308 3218 1496 3267 nostra
1546 3212 1949 3268 abscinderent.

384 3296 493 3352 Sed
518 3306 574 3353 et
596 3312 770 3367 usque
803 3297 872 3351 ad
906 3296 1056 3353 Petri
1081 3301 1185 3355 mei
1218 3299 1404 3356 fratris
1428 3301 1572 3358 aedes
1595 3318 1682 3358 me
1702 3302 1908 3358 contuli
1937 3323 1950 3357 :

382 3404 503 3460 qua!
532 3404 657 3445 cum
705 3388 1060 3446 Neocaesarea
1088 3407 1199 3447 non
1253 3393 1414 3464 longe
1448 3395 1676 3458 distent,
1707 3395 1957 3465 plurimae

385 3481 815 3552 perturbationis
834 3480 1368 3540 Neocaesariensibus
1387 3499 1611 3541 causam
1629 3486 1954 3548 attulerunt,

384 3574 516 3627 mihi
542 3588 674 3629 vero
703 3573 951 3644 plurimm
970 3576 1314 3631 contumeliae
1344 3577 1628 3631 materiam
1652 3577 1953 3648 praebuere.

384 3661 449 3715 lli
479 3662 625 3716 enim
658 3661 937 3733 fugerunt,
970 3666 1189 3718 nemine
1212 3677 1607 3736 persequente:
1644 3682 1745 3722 nos
1775 3675 1956 3722 autem

383 3751 702 3805 videbamur
724 3753 1021 3822 cupiditate
1048 3753 1270 3807 laudum
1293 3755 1362 3809 ab
1388 3754 1523 3824 ipsis
1546 3755 1959 3825 consequenda-

384 3856 507 3894 rum
531 3841 697 3895 etiam
723 3841 964 3897 invocati
985 3858 1088 3896 nos
1113 3842 1429 3899 obtrudere.
1454 3844 1750 3915 Postquam
1774 3852 1957 3900 autem

384 3930 704 3997 redivimus,
736 3947 802 3987 ex
833 3933 1103 3991 imbribus
1140 3950 1205 3990 ac
1238 3937 1508 3992 molestiis
1535 3937 1771 4007 plurima
1804 3937 1960 3992 infir-

386 4021 576 4076 mitate
600 4023 855 4091 collecta,
890 4025 1078 4080 statim
1113 4041 1215 4081 nos
1239 4027 1306 4081 ab
1326 4026 1548 4083 Oriente
1577 4029 1771 4084 littera:
1799 4044 1958 4084 exce-

387 4122 577 4184 perunt
638 4115 835 4186 quibus
852 4118 1284 4189 significabatur,
1306 4118 1537 4175 Paulino
1558 4120 1628 4175 ab
1657 4120 1952 4176 Occidente

385 4205 596 4260 litteras
628 4207 919 4277 quasdam,
948 4209 1117 4263 veluti
1153 4210 1443 4279 cujusdam
1474 4211 1812 4282 principatus
1847 4220 1960 4268 tes-

387 4312 595 4363 seram,
627 4299 826 4354 allatas
860 4298 1055 4366 fuisse,
1087 4302 1354 4373 valdeque
1378 4302 1559 4360 eﬂ‘erri
1589 4304 1754 4374 hujus
1786 4306 1957 4374 partis

2055 3032 2150 3086 ἐπὶ
2182 3032 2276 3086 τὸν
2325 3030 2526 3085 Πόντον
2570 3030 2720 3100 ἡμᾶς
2765 3026 3037 3090 διεδέξατο
3088 3024 3384 3094 ἀποδημία,
3435 3022 3640 3087 ἱκανῶς

2054 3123 2144 3176 τὸν
2174 3119 2464 3192 Δαζιμῶνα
2516 3116 2853 3190 ταράξαντος
2882 3114 2977 3169 τοῦ
3018 3113 3336 3178 Εὑσταθίου,
3375 3112 3472 3167 καὶ
3506 3111 3638 3165 πολ-

2054 3213 2178 3277 λοὺς
2208 3210 2605 3273 ἀναπείσαντος
2642 3209 2752 3261 τῶν
2787 3209 2904 3261 ἐκεῖ
2939 3204 3338 3276 ἀποσχισθῆναι
3370 3205 3469 3275 τῆς
3515 3204 3642 3258 Ἐκ-

2054 3304 2285 3374 κλησίας
2308 3302 2487 3373 ἡμῶν.
2527 3298 2860 3370 Ἐγενόμεθα
2899 3297 2956 3351 δὲ
2980 3298 3073 3352 καὶ
3102 3297 3264 3368 μέχρι
3294 3295 3389 3349 τοῦ
3412 3296 3643 3350 οίκιδίου

2056 3397 2263 3467 Πέτρου
2292 3392 2385 3448 τοῦ
2404 3392 2633 3463 ἀδελφοῦ
2649 3394 2682 3463 ἡ
2692 3390 2831 3463 μῶν,
2854 3390 2904 3455 ὃ,
2930 3389 3018 3443 διὰ
3032 3388 3094 3442 τὸ
3122 3388 3230 3459 (97)
3254 3387 3643 3459 προσεγγίζειν

2055 3491 2166 3551 τοῖς
2206 3486 2367 3541 κατά¹
2394 3485 2826 3556 Νεοκαισάρειαν
2872 3482 3095 3544 τόποις,
3138 3480 3340 3551 πολλῆς
3385 3480 3485 3550 μὲν
3523 3482 3642 3543 τοῖς

2056 3581 2174 3639 ἐκεῖ
2224 3577 2467 3649 ταραχῆς
2517 3575 2786 3647 παρέσχεν
2840 3572 3042 3635 αἰτίαν,
3087 3570 3292 3641 πολλῆς
3336 3571 3393 3624 δὲ
3429 3570 3646 3642 ὕϐρεως

2054 3672 2189 3741 ἡμῖν
2242 3667 2499 3721 ὑπόθεσιν
2553 3663 2933 3736 προεξένησεν.
2977 3664 3040 3715 Οἱ
3093 3661 3191 3732 μὲν
3230 3660 3338 3732 γὰρ
3386 3659 3644 3728 ἔφευγον,

2054 3760 2266 3824 οὐδενὸς
2295 3757 2610 3820 διώκοντος·
2662 3757 2824 3827 ἡμεῖς
2865 3753 2923 3806 δὲ
2969 3751 3337 3823 ὲνομιζόμεθα
3372 3750 3649 3824 ἐπιθυμίᾳ

2054 3853 2163 3907 τῶν
2193 3853 2321 3923 παρ’
2346 3852 2529 3912 αὐτοῖς
2565 3848 2806 3901 ἐπαίνων
2841 3846 2935 3900 καὶ
2964 3844 3190 3914 ἄκλητοι
3234 3841 3642 3909 είσωθίζεσθαι.

2066 3945 2219 3998 Ἐπεὶ
2245 3943 2304 3996 δὲ
2327 3940 2721 4013 ἐπανήλθομεν,
2756 3940 2822 3991 ὲκ
2848 3936 2957 3991 τῶν
2982 3936 3205 4008 ὄμϐρων
3236 3936 3332 3989 καὶ
3361 3934 3475 3987 τῶν
3508 3931 3648 3986 ἀθυ-

2062 4033 2199 4105 μιῶν
2234 4031 2435 4102 πολλὴν
2474 4027 2786 4101 ἀρρωστίαν
2830 4027 3245 4095 συναγαγόντες,
3300 4023 3462 4088 εὐθὺς
3494 4024 3647 4094 ἡμᾶς

2060 4123 2126 4174 ἐκ
2165 4120 2268 4190 τῆς
2303 4118 2593 4188 Ἀνατολῆς
2621 4113 2887 4170 κατέλαϐε
2913 4114 3222 4186 γράμματα
3242 4152 3257 4177 ,
3304 4113 3644 4183 σημαίνοντα

2057 4213 2171 4275 τοῖς
2201 4210 2328 4281 περὶ
2355 4207 2617 4263 Παυλῖνον
2640 4206 2748 4260 ἀπὸ
2780 4206 2881 4276 τῆς
2908 4204 3131 4268 Δύσεως
3150 4202 3440 4265 ἐπιστολάς
3468 4219 3641 4266 τινας,

2058 4300 2245 4373 ὥσπερ
2267 4300 2409 4363 τινὸς
2430 4298 2606 4370 ἀρχῆς
2638 4296 2979 4367 συνθήματα,
3003 4293 3349 4366 κεκομίσθαι,
3375 4295 3471 4346 καὶ
3497 4292 3645 4364 μέγα

385 4386 555 4441 duces
600 4395 656 4442 et
698 4387 923 4459 gloriari
971 4388 1040 4445 de
1074 4391 1312 4457 litteris;
1348 4391 1547 4448 deinde
1593 4394 1758 4448 etiam
1794 4393 1954 4449 ﬁdem

2063 4395 2280 4465 φρονεῖν
2318 4392 2444 4455 τοὺς
2496 4388 2825 4451 στασιαστὰς
2881 4386 2977 4440 τοῦ
3019 4386 3220 4457 μέρους
3262 4383 3496 4450 ἐκείνου,
3550 4385 3649 4437 καὶ

388 4483 716 4548 propon‘ere,
743 4494 807 4535 ac
822 4495 886 4536 ea
908 4482 1222 4538 conditione
1244 4492 1465 4554 paratos
1483 4500 1603 4541 esse
1626 4500 1750 4540 cum
1773 4494 1959 4542 nostra

385 4568 630 4623 Ecclesia
654 4566 935 4641 conjungi.
962 4570 1044 4625 Ad
1084 4571 1202 4626 haec
1237 4572 1371 4626 mihi
1393 4579 1449 4628 et
1486 4572 1621 4627 illud
1653 4572 1960 4627 nuntiatum

456 4706 474 4727 '
505 4703 653 4757 Alias
680 4702 981 4758 CCLXXII.
1007 4702 1225 4773 Scripta
1249 4719 1396 4760 anno
1419 4705 1544 4760 575.

456 4774 568 4845 (95)
593 4773 716 4828 Τῶν
744 4773 893 4845 κατὰ
914 4774 1033 4845 ,τὰς
1055 4776 1437 4845 Ἐκκλησιας.
1468 4774 1545 4829 Ex
1566 4776 1962 4845 quatuorcodi-

384 4844 563 4915 cibus,
594 4844 650 4898 in
680 4844 881 4915 quibus
913 4844 1026 4898 haec
1066 4844 1297 4915 epistola
1335 4853 1537 4909 exstat,
1569 4844 1764 4915 nempe
1794 4846 1959 4915 Med.,

384 4914 555 4969 Coisl.
591 4911 790 4984 primo,
822 4911 957 4983 Reg.
992 4911 1235 4969 secundo
1267 4923 1321 4970 et
1357 4915 1621 4978 Clarom.,
1662 4911 1815 4971 solus
1855 4911 1962 4972 Re;

383 4985 508 5056 gius
556 4983 764 5056 profuit
810 4985 887 5056 ad
927 4984 1323 5056 emendandam
1365 4984 1654 5040 lectionem
1686 4986 1960 5056 vulgatam

382 5051 493 5107 τῶν
525 5051 668 5107 κατὰ
694 5051 794 5122 τῆς
832 5052 1181 5122 Ἐκκλησίας.

456 5072 493 5107 ›ν
525 5072 668 5107 κατα
694 5072 794 5122 της
836 5072 997 5107 nam
1040 5072 1181 5117 σιας.

456 5124 568 5194 (96)
600 5123 709 5179 Καὶ
752 5121 956 5194 ἄλλαι.
996 5072 1154 5189 ὃυοᾶ
1194 5124 1272 5179 ait
1297 5122 1535 5181 Basilius
1578 5140 1638 5180 se
1676 5126 1880 5182 multas
1910 5137 1961 5181 et

385 5193 523 5247 alias
550 5192 1022 5263 peregrinationes
1066 5195 1398 5264 suscepisse,
1442 5195 1497 5249 id
1520 5205 1843 5264 argumento
1876 5207 1962 5253 est

385 5263 628 5337 aliquam
641 5265 708 5337 _ei_
734 5271 935 5337 praeter
956 5278 1072 5328 eas,
1088 5263 1245 5337 quas
1258 5263 1676 5337 jameregerat,
1692 5270 1962 5337 proposi-

385 5280 623 5333 auquam
653 5280 700 5318 el
734 5280 936 5343 praeter
956 5280 1072 5328 eas,
1088 5280 1236 5387 lquas
1258 5280 1959 5347 jamegtegeratnproposv

384 5341 496 5406 tam
536 5350 565 5386 a
611 5332 826 5406 Meletio
861 5332 1242 5406 fuisseaknde
1271 5335 1582 5406 colligimus
1617 5351 1959 5406 episcopum,

384 5404 504 5473 qui,
534 5412 600 5473 ut
627 5411 713 5473 e_st
741 5403 798 5457 in
827 5402 986 5472 epist.
1012 5401 1141 5469 215,
1184 5403 1388 5459 Basilio
1406 5401 1625 5459 'auctor
1651 5401 1859 5472 'l‘uera't,
1902 5415 1962 5461 ut

382 5471 641 5544 celeriter
650 5471 1105 5544 Mesopotamiam
1129 5483 1358 5544 peteret,
1380 5474 1564 5544 ibique
1585 5476 1795 5531 coactis
1815 5476 1961 5532 idem

387 5541 767 5614 sentientibus
812 5541 1090 5614 episcopis
1132 5541 1531 5614 imperatorem
1575 5546 1784 5614 _adiret,
1846 5562 1957 5601 non

382 5612 549 5664 alium
593 5608 809 5667 Meletio
840 5608 1031 5667 fuisse}
1062 5608 1324 5679 Quam'vis
1362 5622 1543 5670 autem
1575 5608 1810 5671 Basilius
1849 5630 1960 5671 non

383 5681 621 5736 declaret
654 5681 707 5735 iu
755 5681 858 5738 bac
894 5682 1153 5744 epistola.
1198 5682 1334 5743 auid
1378 5684 1447 5741 de
1487 5683 1684 5743 Meletii
1724 5686 1961 5744 consilio

2066 4479 2465 4550 ὲπαγάλλεσθαι
2500 4482 2614 4542 τοῖς
2639 4478 2985 4549 γράμμασιν,
3011 4472 3130 4530 εἶτα
3170 4474 3264 4529 καὶ
3298 4474 3482 4528 πίστιν
3513 4491 3651 4546 προ-

2063 4572 2355 4638 τείνεσθαι,
2400 4570 2495 4626 καὶ⁵
2528 4573 2621 4625 ἐπὶ
2663 4569 2839 4643 ταύτῃ
2870 4568 2979 4641 (98)
3035 4568 3267 4640 ἑτοίμως
3298 4565 3443 4639 ἔχειν
3530 4584 3651 4620 συν-

2066 4706 2300 4773 sentiat;
2333 4721 2441 4760 non
2476 4705 2681 4760 idcirco
2713 4704 2906 4759 mutila
2941 4703 3114 4758 videri
3143 4703 3326 4759 debet.
3360 4703 3468 4759 Res
3497 4705 3648 4759 enim

2066 4776 2290 4831 maximi
2325 4776 2585 4831 momenti
2615 4782 2757 4837 erat,
2789 4790 2854 4830 ac
2882 4774 3079 4828 litteris
3108 4790 3217 4827 non
3249 4781 3455 4828 temere
3491 4789 3649 4829 com-

2064 4845 2352 4901 mittenda.
2381 4844 2521 4900 llinc
2544 4844 2782 4901 Basilius
2808 4845 2863 4898 in
2886 4844 3046 4913 epist.
3070 4843 3177 4897 215
3202 4851 3491 4913 θυρίσι-ειη,
3511 4859 3650 4899 con-

2066 4917 2176 4970 silii
2208 4931 2316 4970 non
2344 4915 2610 4971 nominat.
2644 4912 3010 4980 Quamobrem
3041 4913 3341 4968 verisimile
3367 4921 3453 4968 est
3485 4912 3647 4969 Basi-

2065 4985 2199 5039 lium
2234 4985 2376 5040 idem
2417 4986 2475 5039 in
2511 4986 2613 5039 hac
2641 4985 2893 5053 epistola,
2938 4998 3001 5037 ac
3031 4982 3089 5036 in
3134 4983 3401 5053 pluribus
3433 4985 3562 5038 aliis
3596 4995 3650 5039 et

2066 5057 2369 5125 praesertim
2398 5055 2452 5109 in
2482 5051 2714 5124 epistola
2749 5053 2819 5125 5‘1
2849 5054 2915 5108 ad
2945 5051 3197 5109 eumdem
3228 5051 3532 5125 Meletium,
3567 5053 3650 5107 [θη

2065 5122 2231 5189 cisse,
2267 5134 2328 5179 ut
2355 5141 2477 5195 quae
2507 5122 2627 5179 tuto
2654 5123 2821 5195 scribi
2851 5138 2959 5195 non
2989 5128 3262 5193 poterant,
3289 5138 3353 5178 ea
3392 5122 3447 5176 in
3491 5138 3648 5178 arca-

2065 5197 2153 5250 nis
2185 5192 2457 5250 mandatis
2486 5195 2660 5264 daret;
2672 5192 3013 5264 perferenda.

2141 5264 2254 5337 (9A7)
2281 5264 2502 5337 "0,_§t&
2520 5266 2607 5318 τό.
2640 5260 2805 5337 Legit
2844 5260 3296 5337 Conibefisiusudg
3335 5261 3447 5337 6_t&_
3469 5264 3555 5327 τό,
3605 5264 3649 5317 is

2065 5331 2204 5405 quod
2225 5333 2341 5390 loca
2366 5331 2740 5405 Neocwsareazf
2759 5335 2932 5388 vicina
2954 5349 3115 5404 prope
3150 5332 3307 5389 adiit.
3342 5331 3452 5387 Sed
3483 5348 3649 5403 repu-

2067 5404 2499 5491 gna'rt‘t‘m's‘s.‘ac
2532 5406 2651 5491 ipsa
2682 5404 2932 5491 historia.

2141 5474 2253 5558 (θῇ)
2296 5475 2423 5558 Ἐςτὶ
2468 5473 2675 5558 ταύτῃ.
2711 5477 2795 5558 _Ea
2828 5474 3152 5558 conditione,
3198 5473 3253 5530 id
3286 5480 3388 5558 est.
3411 5473 3461 5531 si
3510 5474 3646 5558 nihil

2066 5543 2305 5617 amplius
2328 5545 2398 5617 ab
2437 5545 2532 5617 eis
2549 5543 2819 5615 exigatur.
2853 5543 2989 5617 Nam
3037 5544 3142 5601 etsi
3177 5558 3341 5617 unam
3375 5543 3642 5617 liyposta-

2066 5612 2178 5671 sint
2201 5615 2476 5675 dicebant.
2520 5612 2665 5670 banc
2689 5624 2870 5670 tamen
2896 5616 3109 5685 legem
3138 5629 3246 5668 non
3283 5612 3640 5684 imponebaut

2064 5686 2213 5743 aliis.
2248 5686 2363 5742 Ιιιιο
2394 5686 2647 5742 videntur
2676 5684 3007 5755 persuadere
3027 5684 3273 5742 voluisse
3305 5691 3480 5740 totam
3518 5702 3636 5767 rem
