3862 6220
464 242 568 290 illi)

1762 237 1822 292 S.
1864 238 2111 295 liASlLll
2151 240 2364 298 MAGNI

3632 250 3744 317 795

461 359 592 417 tur,
639 351 755 408 sive
804 367 955 415 non,
1006 350 1096 408 ille
1142 353 1449 408 ordinetur.
1506 353 1834 411 lnl‘ormabis
1867 366 2047 414 autem

2172 360 2419 429 ζήτησαν,
2477 363 2676 414 οἰκεῖον
2709 358 2848 416 εἶναι
2869 364 2960 416 τὸν
2980 361 3407 436 καθηγούμενον.
3431 363 3493 418 El
3526 365 3585 418 δέ
3614 363 3742 417 ἐστί

464 444 643 513 ipsum
690 444 756 498 ad
802 444 1067 508 ofﬁcium,
1109 444 1371 508 Domino,
1402 444 1495 515 qui
1541 448 1640 502 tibi
1692 448 1748 502 in
1790 449 2048 507 omnibus

463 535 786 606 opitulatur,
814 536 982 590 etiam
1014 536 1082 591 ad
1107 536 1161 591 id
1193 538 1426 606 gratiam
1457 538 1745 608 largiente.

2155 469 2239 514 τις
2292 451 2399 505 τῶν
2453 453 2837 521 νεοφωτίστων.
2880 454 2999 521 (5),
3062 453 3163 508 κᾶν
3219 455 3350 527 δοκῇ
3400 455 3480 526 τῷ
3536 456 3744 509 Μακει

2151 538 2344 611 δονίῳ,
2394 540 2498 593 κᾶν
2558 541 2667 612 μὴ,
2727 543 2934 606 ἐκεῖνος
3000 542 3382 614 προϐληθήτω.
3443 543 3745 606 Τυπώσεις

461 626 518 680 δὲ
580 627 743 680 αὐτὸν
797 626 935 699 πρὸς
975 627 1035 679 τὸ
1090 627 1228 693 δέον,
1277 625 1372 680 τοῦ
1421 629 1481 681 ἐν
1539 629 1675 682 πᾶσι
1740 628 2129 702 συνεργοῦντος
2196 646 2277 682 σοι
2340 630 2547 701 Κυρίου
2609 632 2704 684 καὶ
2784 630 2882 703 τὴν
2932 635 3013 696 εἰς
3061 633 3220 687 τοῦτο
3263 634 3422 704 χάριν
3488 651 3745 705 παρεχο-

467 723 629 795 μένου
663 722 758 794 (6).

534 817 621 874 Ll.
661 816 816 885 Quod
851 817 921 872 ad
950 801 1181 874 clericos
1225 818 1456 885 attinet,
1493 819 1774 876 indeﬁnite
1800 835 2043 876 canones

464 920 868 982 exposuerunt,
901 926 1062 965 unam
1098 912 1268 980 lapsis
1297 911 1554 981 jubentes
1588 928 1806 982 poenam
1850 911 2043 982 inﬂigi,

464 1004 789 1073 ejectionem
848 1018 879 1057 a
913 1002 1261 1058 ministerio:
1314 1004 1432 1058 sive
1479 1005 1534 1057 in
1587 1005 1761 1074 gradu
1795 1003 2042 1068 fuerint,

467 1095 586 1150 sive
610 1095 774 1149 etiam
821 1095 878 1149 in
924 1095 1270 1159 ministerio,
1321 1095 1473 1164 quod
1515 1110 1775 1150 manuum
1814 1096 2044 1166 imposi-

475 1188 623 1242 tione
651 1202 761 1240 non
797 1186 979 1252 datur,
1009 1195 1380 1256 permaneant.

539 1277 647 1332 LEI.
690 1277 823 1344 Quae
869 1276 1039 1332 fetum
1068 1279 1124 1332 in
1167 1277 1252 1331 via
1282 1279 1492 1333 editum
1525 1276 1802 1348 neglexit,
1836 1277 1883 1331 si
1915 1291 2042 1331 cum

467 1383 687 1423 servare
717 1376 938 1438 posset,
962 1372 1312 1440 contempsit,
1344 1377 1438 1423 aut
1468 1378 1757 1439 peccatum
1793 1368 1920 1423 inde
1954 1383 2047 1423 ce-

468 1460 698 1513 laturam
747 1474 811 1515 se
839 1460 1165 1516 existimans
1188 1500 1203 1524 ,
1238 1466 1333 1514 aut
1367 1460 1610 1516 belluina
1648 1467 1704 1515 et
1747 1460 2045 1514 inhumana

467 1550 797 1621 cogitatione
829 1562 1008 1611 utens,
1041 1558 1304 1621 tanquam
1332 1553 1387 1606 in
1420 1551 1714 1606 homicidio
1739 1550 2047 1620 judicetur.

2214 815 2441 870 mare
2478 813 2619 867 κατά
2651 814 2776 877 τοὺς
2825 814 3120 886 κληρικοὺς
3167 813 3488 884 ἀδιορίστως
3529 815 3581 866 οἱ
3629 830 3744 866 κα·-

2146 909 2298 971 νόνες
2338 904 2605 971 ἐξέθεντο,
2649 904 3010 970 κελεύσαντες
3051 906 3179 978 μίαν
3211 906 3303 959 ἐπὶ
3333 908 3445 969 τοῖς
3471 922 3742 976 παραπε-

2147 998 2331 1052 σοῦσιν
2361 996 2643 1068 ὁρίζεσθαι
2677 997 2983 1068 τιμωρίαν,
3004 996 3103 1069 τὴν
3151 996 3425 1051 ἔκπτωσιν
3457 997 3559 1065 τῆς
3618 997 3743 1049 ὑπ-

2145 1088 2372 1168 ηρεσίας
2392 1105 2406 1118 ο
2434 1089 2544 1140 εἴτε
2566 1089 2623 1140 ὲν
2646 1086 2838 1158 βαθμῷ
2870 1088 2947 1155 (7)
2973 1089 3310 1159 τυγχάνοιεν,
3330 1088 3448 1141 εἴτε,
3465 1087 3743 1158 καὶηάχει-

2144 1180 2353 1251 ροθέτῳ
2382 1180 2455 1252 (8)
2492 1178 2791 1251 ὑπηρεσίᾳ,
2820 1180 3303 1250 προσκαρτεροῖεν.

2218 1273 2344 1325 NB’.
2375 1273 2437 1324 'H
2468 1270 2563 1324 τοῦ
2596 1272 2880 1343 κυήματος
2922 1270 3064 1325 κατὰ
3098 1270 3195 1341 τὴν
3223 1270 3342 1325 ὁδὸν
3374 1269 3736 1341 ἀμελήσασα,

2146 1365 2196 1418 εί
2238 1364 2336 1434 μὲν
2374 1359 2468 1417 οὖν
2520 1362 2794 1433 δυναμένη
2829 1360 3240 1434 περισώσασθαι
3292 1362 3733 1433 κατεφρόνησεν,

2145 1455 2179 1526 ἢ
2218 1453 2585 1523 συγκαλύψειν
2631 1454 2732 1525 τὴν
2783 1453 3060 1525 ἁμαρτίαν
3100 1452 3357 1507 ἐντεῦθεν
3391 1451 3734 1523 νομίζουσα,

2146 1543 2179 1614 ἥ
2240 1543 2379 1607 ὅλως
2421 1542 2677 1615 θηριώδει
2732 1542 2829 1597 καὶ
2888 1541 3240 1615 ἀπανθρώπῳ
3285 1540 3531 1613 λογισμῷ
3586 1555 3741 1613 χρη-

470 1640 569 1698 Sin
602 1651 943 1699 autemennr
965 1643 1150 1700 fovere
1182 1659 1293 1699 non
1347 1640 1563 1715 potuit,
1603 1650 1660 1699 et
1692 1649 1919 1714 propter
1952 1656 2043 1698 so-

2172 1633 2394 1706 raptév'q,
2428 1633 2504 1698 ὼς
2536 1633 2631 1687 ἐπὶ
2682 1635 2829 1705 φόνῳ
2883 1632 3172 1705 κρινέσθω.
3218 1634 3283 1687 El
3339 1632 3395 1686 δὲ
3447 1633 3550 1685 οὐκ
3597 1633 3739 1703 ἡδυ-

470 1739 757 1794 litudinem
796 1754 1087 1808 rerumque
1145 1740 1582 1794 necessariarum
1630 1738 1870 1808 inopiam
1901 1736 2049 1792 fetus

470 1830 711 1897 interiit,
738 1831 897 1884 matri
923 1837 1011 1885 est
1031 1829 1448 1901 ignoscendum.

545 1999 673 2057 LIII.
708 2000 885 2057 Vidua
918 2003 1122 2057 ancilla
1172 2002 1409 2058 fortasse
1457 2017 1567 2057 non
1626 2001 1856 2057 multum
1886 2003 2038 2073 lapsa

470 2098 554 2146 est
576 2131 589 2157 ,
614 2107 735 2160 quae
763 2094 1034 2148 secundas
1077 2094 1301 2162 nuptias
1329 2108 1429 2163 per
1458 2102 1650 2164 raptus
1672 2094 1909 2164 speciem
1940 2095 2050 2149 ele-

473 2182 570 2254 git.
623 2180 985 2248 Quamobrem
1027 2183 1099 2237 ob
1150 2181 1205 2236 id
1262 2182 1566 2237 incusanda
1622 2198 1732 2238 non
1789 2193 1893 2239 est.
1927 2182 2050 2238 Non

472 2274 617 2329 enim
644 2273 1298 2343 pratextusjudicantur,
1332 2274 1428 2329 sed
1464 2274 1739 2329 voluntas.
1771 2271 1922 2328 lllam
1951 2290 2050 2328 au-

472 2376 617 2432 tem,
644 2374 703 2420 ut
734 2368 1082 2436 perspicuum
1112 2374 1197 2421 est
1223 2404 1239 2430 ,
1272 2375 1456 2420 manet
1484 2367 1736 2436 digamia:
1766 2381 1949 2436 poena.

545 2456 680 2514 LIV.
706 2457 1204 2514 lnvoluntariarum
1222 2460 1450 2514 caedium
1479 2459 1801 2515 discrimina
1828 2459 1945 2515 scio
1965 2474 2052 2514 me

474 2558 604 2605 ante
635 2558 850 2619 tempus
899 2551 1088 2621 pietati
1107 2559 1215 2606 tuae
1274 2566 1374 2621 pro
1408 2551 1617 2606 viribus
1648 2550 2051 2621 descripsisse,

476 2657 657 2712 neque
699 2640 785 2696 bis
815 2641 1049 2711 amplius
1077 2641 1381 2714 quidwam
1412 2642 1596 2698 dicere
1627 2658 1769 2712 queo
1794 2659 1810 2706 ;
1840 2651 1924 2697 est
1953 2660 2054 2697 au-

477 2739 587 2786 tem
615 2739 721 2785 tua:
757 2731 1094 2802 prudentiae,
1131 2749 1230 2803 pro
1266 2749 1430 2790 casus
1463 2734 1734 2804 cujusque
1769 2734 1936 2806 326
1968 2750 2055 2789 ra-

477 2824 628 2878 tione
658 2837 848 2893 pmnas
876 2824 1198 2889 intendere,
1234 2834 1329 2880 aut
1361 2827 1527 2881 etiam
1551 2828 1854 2883 remittere.

550 2918 662 2973 LV.
684 2919 800 2985 Qui
835 2919 892 2974 in
922 2920 1162 2975 latrones
1186 2936 1253 2976 ex
1299 2921 1534 2976 adverso
1569 2920 1843 2985 feruntur,
1866 2920 1915 2975 si
1942 2920 2054 2976 sint

480 3008 700 3081 quidem
733 3008 881 3073 laici,
910 3023 941 3063 a
967 3009 1093 3063 boni
1125 3010 1516 3067 communione
1542 3020 1833 3075 arcentur;
1857 3011 1904 3066 si
1926 3026 2055 3064 vero

478 3174 499 3195 .
552 3140 628 3211 (ὅ)
674 3138 800 3194 Τῶν
854 3139 1292 3211 νεορῳτίστων.
1347 3139 1576 3196 Miratur
1631 3139 2052 3209 Tillemontius,

487 3210 635 3282 quOd
659 3218 851 3263 auctor
878 3213 950 3264 sit
992 3210 1270 3283 Basilius,
1297 3219 1359 3283 ut
1396 3212 1711 3283 necphytus
1748 3213 2060 3278 ordinetur,

485 3281 1013 3351 siibiqueobscuram
1055 3281 1222 3350 hujus
1260 3281 1365 3335 loci
1398 3281 1728 3336 sententiam
1773 3284 1943 3338 videri
1976 3287 2057 3340 fa-

487 3349 657 3407 tetur.
692 3349 799 3404 Sed
835 3349 1140 3422 temporum
1175 3351 1466 3407 difﬁcultas
1497 3353 1660 3422 hujus
1694 3353 1767 3406 rei
1814 3357 2057 3410 necessi-

488 3432 657 3476 tatem
699 3422 974 3487 attulerat,
1001 3430 1089 3494 _ut
1133 3421 1305 3475 laicus
1327 3424 1424 3494 vel
1449 3421 1613 3477 etiam
1647 3430 1974 3494 Itcopltyl.tts,
2010 3427 2056 3478 si

487 3494 650 3547 modo
676 3502 824 3547 esset
851 3492 1084 3546 eximius
1120 3493 1370 3547 veritatis
1397 3493 1671 3558 defensor,
1706 3492 2060 3562 praeferretur

489 3564 716 3634 clerico,
734 3570 836 3634 aut
865 3563 1049 3634 aliqua
1074 3564 1283 3617 erroris
1324 3563 1445 3617 labe
1489 3578 1738 3632 asperso,
1787 3574 1884 3619 aut
1930 3581 2063 3634 prae-

493 3633 652 3689 sidiis
682 3630 753 3685 ad
797 3632 919 3686 lidei
962 3630 1344 3688 ’oefensionem
1399 3630 1728 3690 necessariis
1772 3630 2056 3691 destituto.

497 3705 678 3769 Quare
701 3703 816 3776 haec
848 3701 1234 3776 verba,_Quod
1285 3703 1331 3754 si
1377 3706 1493 3773 quis
1550 3705 2058 3776 sitrexateophytis,

500 3775 645 3828 idem
674 3774 857 3827 valent
896 3786 960 3825 ac
978 3810 992 3836 ,
1019 3773 1200 3842 siquis
1235 3776 1307 3825 sit
1333 3775 1653 3840 episcopatui
1690 3773 1950 3832 ίιῖιοηειὶές.⁷
1979 3776 2064 3831 Vi-

501 3843 1014 3915 tuperatejusmodi
1056 3842 1429 3915 ordinationes
1477 3844 1711 3900 Siricius
1762 3862 1921 3915 papa,
1967 3846 2063 3901 sed

500 3924 682 3968 tamen
716 3913 914 3967 fatetur
939 3913 1209 3968 interdum
1237 3915 1307 3969 ob
1330 3915 1670 3969 imminentia
1691 3913 2063 3973 ab‘hiereticis

500 3984 742 4054 pericula
771 3983 1111 4054 necessarias
1148 3982 1340 4054 luisse.
1388 3982 1540 4039 Certe
1575 3987 1738 4039 etiam
1771 3986 1930 4051 illud,
1980 3988 2063 4041 in-

497 4052 621 4124 quit
650 4054 898 4124 in_epist.
940 4052 994 4114 6,
1036 4069 1093 4107 n.
1144 4053 1201 4115 5,
1239 4070 1342 4124 non
1383 4054 1485 4122 fuit
1522 4057 2058 4124 praetermittendum,

496 4122 559 4178 ut
587 4122 724 4194 quod
762 4126 921 4177 semel
966 4134 1059 4176 aut
1100 4123 1330 4177 secundo
1376 4122 1660 4180 necessitas
1696 4126 2065 4181 Itazreticorum

498 4195 680 4248 intulit
728 4206 914 4266 contra
955 4194 1244 4266 apostolica
1290 4205 1570 4266 praecepta,
1624 4196 1761 4250 velut
1805 4197 1910 4266 lege
1950 4199 2065 4250 lici-

501 4274 613 4336 tunt
659 4264 869 4336 erupisse
906 4265 1180 4336 praesumi,
1237 4264 1547 4336 ncopltytum
1596 4267 1675 4320 vel
1715 4264 1928 4331 (uicum,
1976 4269 2066 4336 qui

501 4334 647 4389 nullo
684 4335 1036 4388 ecclesiastico
1084 4334 1296 4402 functus
1342 4335 1501 4403 fuerit
1540 4337 1730 4405 ofﬁcio,
1767 4334 2067 4392 inconside-

2145 1726 2284 1798 νήθη
2315 1723 2676 1798 περιστεῖλαι,
2708 1727 2804 1779 καὶ
2851 1725 2918 1779 δι’
2945 1724 3181 1797 ἐρημίαν
3219 1723 3314 1778 καὶ
3356 1723 3590 1796 ἀπορίαν
3617 1724 3736 1776 τῶν

2148 1817 2464 1887 ἀναγκαίων
2508 1814 2777 1889 διεφθάρη
2814 1815 2876 1869 τὸ
2920 1815 3178 1888 γεννηθὲν
3212 1816 3310 1887 (9),
3342 1814 3664 1886 συγγνωστὴ
3693 1816 3729 1885 ή

2151 1908 2359 1979 μήτηρ.

2218 1999 2347 2054 Nl".
2395 2000 2460 2054 'H
2488 2001 2635 2072 χήρα
2661 1998 2827 2068 δούλη
2859 1997 2969 2070 (10)
2998 1999 3140 2070 τάχα
3159 1999 3219 2052 οὺ
3265 1999 3408 2068 μέγα
3445 1998 3734 2064 ἔπταισεν,

2149 2087 2379 2159 ἑλομένη
2405 2087 2652 2160 δεύτερον
2686 2088 2863 2159 γάμον
2896 2090 2955 2141 ἐν
2988 2089 3228 2159 σχήματι
3256 2088 3535 2160 ἁρπαγῆς.
3562 2089 3735 2141 Ὥστε

2148 2181 2301 2235 οὐδὲν
2343 2180 2533 2234 τούτου
2585 2180 2773 2235 ἕνεκεν
2815 2179 3166 2250 ἐγκαλεῖσθαι
3209 2182 3338 2253 χρή.
3372 2182 3448 2234 Οὐ
3504 2180 3615 2252 γὰρ
3660 2181 3740 2233 τὰ.

2152 2274 2407 2344 σχήματα
2436 2274 2704 2343 κρίνεται,
2744 2273 2861 2327 ἀλλ’
2887 2276 2921 2344 ἡ
2949 2272 3287 2344 προαίρεσις.
3334 2273 3502 2344 Δῆλον
3542 2272 3622 2337 δὲ,
3648 2274 3739 2326 ὃτι

2148 2364 2210 2418 τὸ
2234 2365 2333 2434 τῆς
2356 2365 2615 2436 διγαμίας
2647 2366 2801 2437 μένει
2830 2365 3002 2438 αὐτὴν
3032 2365 3328 2436 ἐπιτίμιον.

2221 2460 2344 2513 NA’.
2390 2459 2500 2522 Τὰς
2523 2459 2632 2512 τῶν
2659 2459 2931 2513 ἀκουσίων
2962 2459 3137 2527 φόνων
3163 2456 3425 2528 διαφορὰς
3457 2457 3577 2529 πρὸ·
3600 2457 3738 2528 χρώ-

2150 2568 2240 2605 νου
2287 2545 2402 2603 οἴδα
2447 2549 2759 2613 ἐπιστείλας
2788 2552 2857 2621 τῇ
2896 2547 3182 2620 θεοσεϐείᾳ
3222 2565 3327 2601 σου,
3350 2547 3492 2602 κατά
3522 2548 3586 2605 τὸ
3611 2549 3739 2619 ἐμοὶ

2150 2642 2406 2696 δυνατόν’
2452 2641 2545 2695 καὶ
2592 2641 2753 2695 πλέον
2794 2642 3021 2695 ἐκείνων
3064 2641 3218 2694 οὐδὲν
3251 2643 3427 2695 εἰπεῖν
3464 2640 3736 2712 δύναμαι·

2152 2737 2250 2806 τῆς
2284 2732 2341 2786 δὲ
2381 2732 2482 2802 σῆς
2514 2731 2780 2796 συνέσεώς
2826 2733 2941 2785 ἐστὶ
2973 2731 3115 2786 κατά
3157 2732 3219 2786 τὸ
3263 2732 3460 2803 ίδίωμα
3492 2732 3594 2803 τῆς
3635 2749 3739 2784 πε-

2157 2826 2454 2898 ριστάσεως
2486 2824 2871 2879 ἐπιτείνεινιτὰ
2897 2826 3170 2895 ἐπιτίμια,
3199 2823 3233 2894 ἢ
3264 2823 3359 2881 καὶ
3391 2825 3610 2894 ὑφεῖναι

2222 2918 2350 2971 NE'.
2386 2919 2450 2971 0i.
2503 2920 2618 2980 τοῖς
2679 2916 2904 2988 λῃσταῖς
2959 2914 3407 2980 ἀντεπεξιόντες,
3474 2914 3584 2979 ἔξω
3640 2915 3737 2985 μὲν

2156 3009 2309 3074 ὄντες
2345 3009 2507 3081 (ll),
2549 3010 2648 3079 τῆς
2696 3007 2983 3073 κοινωνίας
3034 3006 3311 3081 εἴργονται
3344 3008 3437 3065 τοῦ
3491 3006 3735 3077 ἀγαθοῖν

2156 3159 2249 3201 cra
2278 3157 2412 3199 vasa
2438 3143 2781 3208 custodiunt,
2816 3151 2912 3199 aut
2950 3146 3044 3214 qui
3079 3144 3343 3199 candelas
3388 3142 3697 3197 accendunt
3723 3181 3737 3203 ,

2159 3223 2252 3269 aut
2299 3215 2502 3283 quibus
2551 3216 2848 3269 commissa
2900 3223 3219 3271 sanctarum
3284 3214 3475 3267 altaris
3533 3214 3739 3266 l'orium

2159 3284 2431 3339 custodia.
2467 3285 2709 3339 Aristeni
2744 3287 3073 3338 sententiam
3135 3284 3465 3341 conﬁrmant
3496 3284 3618 3351 ipsa
3648 3298 3740 3336 ca-

2161 3355 2321 3409 nonis
2348 3355 2519 3408 verha
2541 3394 2554 3417 ,
2584 3354 2704 3408 Sive
2736 3357 2790 3407 in
2826 3355 3145 3417 ministerio,
3176 3353 3314 3423 quod
3348 3370 3604 3407 manuum
3639 3354 3741 3406 im-

2158 3426 2419 3493 positione
2456 3441 2560 3478 non
2589 3426 2771 3485 datur,
2804 3435 3170 3491 permaneant.
3210 3423 3339 3478 lnde
3388 3424 3537 3478 enim
3590 3430 3740 3492 patet

2164 3497 2399 3549 ulterius
2430 3510 2542 3548 non
2584 3495 2892 3564 promoveri
2935 3512 3031 3550 eos
3058 3498 3151 3565 qui
3183 3495 3238 3547 in
3267 3495 3371 3547 hoc
3421 3494 3744 3565 ministerio

2160 3573 2319 3617 erant
2341 3603 2356 3622 .
2390 3565 2487 3619 sed
2516 3566 2571 3619 in
2601 3579 2666 3619 eo
2712 3580 3033 3632 permanere
3054 3564 3248 3619 solitos
3282 3579 3406 3618 esse
3435 3581 3447 3615 :
3473 3564 3625 3632 quod
3673 3568 3740 3614 de

2164 3635 2462 3688 lectoribus
2495 3644 2549 3688 et
2596 3635 2920 3688 cantoribus
2966 3635 3073 3689 dici
3108 3650 3218 3688 non
3263 3640 3463 3703 potest.
3516 3632 3745 3686 Videtur

2165 3714 2345 3759 autem
2370 3704 2500 3757 huic
2534 3704 2734 3758 canoni
2771 3706 2947 3759 locum
2972 3705 3192 3759 dedisse
3216 3712 3405 3758 exorta
3435 3703 3738 3763 dubitatio,

2163 3792 2231 3827 an
2265 3776 2321 3837 ii,
2350 3790 2489 3844 quos
2521 3774 2791 3843 ejusmodi
2816 3775 3184 3829 ministerium
3219 3788 3251 3826 a
3284 3772 3439 3844 laicis
3462 3787 3573 3826 non
3609 3776 3749 3844 ntul-

2165 3853 2277 3899 tum
2308 3841 2625 3914 segregabat
2644 3886 2658 3908 ,
2687 3844 2876 3898 eodem
2916 3844 3042 3911 jure
3075 3860 3200 3899 esse
3227 3843 3521 3914 deberent,
3557 3858 3625 3914 ac
3650 3841 3743 3895 alii

2164 3911 2392 3977 clerici,
2427 3911 2629 3983 quibus
2664 3914 2720 3967 in
2747 3915 2936 3967 vitium
2972 3915 3144 3983 lapsis
3200 3914 3318 3968 sola
3379 3911 3750 3983 depositionis

2167 4000 2326 4054 [.(ena
2347 4027 2360 4049 ,
2394 3981 2501 4037 non
2535 3985 2751 4053 publica
2787 3981 3110 4052 poenitentia
3164 3981 3575 4054 imponebatur.
3625 3981 3737 4035 Eo—

2164 4053 2285 4110 dem
2315 4055 2440 4124 jure
2459 4071 2583 4109 esse
2613 4054 2814 4124 debere
2850 4054 3170 4122 pronuntiat
3189 4053 3458 4124 Basilius.

2236 4121 2328 4195 (8)
2365 4122 2751 4193 Ἀχειροθέτῳ.
2785 4121 3159 4195 consentiunt
3184 4123 3240 4177 in
3273 4124 3557 4195 ha_cA_voce
3599 4121 3746 4190 opti-

2166 4191 2485 4282 “'i‘,‘rl“i‘llle
2511 4191 2585 4248 θοι
2625 4195 2999 4261 antiquissimi
3040 4194 3285 4249 codices.
3331 4191 3479 4245 Editi
3523 4193 3746 4263 ἀχειρο-

2296 4282 2392 4319 τω.

2463 4332 2774 4413 γεννηθέῇ.
2808 4348 2900 4413 ore
2927 4340 3396 4413 mssacoutrceset
3423 4329 3745 4413 Ραιιίιεςιξυ.

502 4414 619 4477 rate
648 4405 725 4458 rel
757 4400 1218 4477 presbyterumvel
1258 4400 1540 4458 diaconum
1571 4400 1824 4460 ordinare
1858 4424 1876 4461 :
1911 4408 2058 4477 quasi

2172 4400 2390 4477 begi'tur
2413 4400 2909 4477 in'u_no»codice_'_:b
2950 4401 3176 4477 κυηθέν.
3210 4400 3355 4455 Editi
3387 4401 3458 4477 τὸ
3487 4400 3744 4477 γενηθέίιὶ

502 4474 740 4529 meliores
789 4476 1039 4540 apostolis
1087 4474 1229 4537 sint,
1297 4492 1521 4545 quarunt
1581 4477 1812 4530 audeant
1861 4474 2068 4532 mutare

499 4556 834 4616 praeceptum.

576 4616 653 4686 (6)
683 4613 1121 4686 Παρεχομένου.
1144 4612 1239 4668 llic
1261 4614 1317 4668 in
1337 4614 1502 4686 editis
1535 4617 1819 4685 reponitur
1842 4618 2068 4670 totidem

502 4685 685 4742 verbis
711 4700 887 4739 canon
910 4685 1176 4746 decimus,
1212 4700 1335 4738 cum
1378 4685 1480 4740 hoc
1512 4696 1692 4740 tamen
1716 4687 2033 4741 discrimine
2053 4726 2069 4750 ,

503 4757 651 4827 quod
678 4757 734 4810 in
763 4770 973 4827 canone
997 4754 1210 4827 decimo
1243 4757 1446 4827 habent
1470 4771 1662 4812 omnes
1689 4757 1910 4811 codices
1939 4772 2068 4811 mss.

507 4823 566 4884 et
591 4826 726 4882 editi
756 4824 857 4897 τᾲς
890 4823 1031 4879 κατά
1055 4825 1251 4879 λεπτὸν
1286 4825 1631 4897 προσθήκας.
1671 4826 1761 4897 hic
1784 4835 1967 4881 autem
1999 4830 2065 4882 leo

507 4899 654 4969 gitur
688 4895 995 4969 συνθήκας,
1031 4897 1167 4969 inita
1200 4895 1494 4969 sigillatfm'
1508 4908 1685 4963 pacta.
1724 4896 1860 4969 Cum
1895 4908 2073 4952 autem

509 4966 697 5022 minus
728 4967 1017 5036 commode
1038 4966 1317 5020 videretur
1352 4968 1438 5036 hic
1474 4982 1653 5021 canon
1681 4967 1853 5036 repeti
1881 5011 1892 5030 ,
1917 4983 2075 5021 cum-

512 5054 619 5108 que
647 5052 749 5091 nec
781 5037 923 5108 apud
947 5034 1322 5108 Balsamonem
1340 5076 1355 5097 ,
1394 5035 1662 5091 Zonaram
1681 5079 1695 5100 ,
1726 5034 2067 5099 Aristeuum,

514 5106 616 5162 nec
668 5108 726 5161 in
764 5106 1038 5177 plerisque
1089 5107 1393 5177 codicibus,
1423 5123 1558 5163 mss.
1593 5109 1904 5177 reperiatur
1947 5117 2075 5164 ante

512 5193 776 5255 canonezn
926 5179 1340 5255 espungendum
1365 5176 1643 5255 duximus.

586 5248 661 5317 (Ἰ)
686 5247 822 5299 Εἵτε
845 5246 915 5299 ἐν
938 5246 1168 5316 βαθμῷ.
1197 5247 1254 5301 In
1289 5247 1460 5315 gradu
1487 5249 1758 5302 collocant
1787 5246 2078 5301 Balsamon

514 5330 569 5373 et
598 5317 842 5371 tonaras
876 5318 1245 5388 presbyteros,
1277 5320 1539 5388 diaconos
1573 5327 1625 5372 et
1660 5318 2032 5388 subdiaconus
2063 5335 2077 5373 :

515 5388 573 5443 in
606 5388 909 5442 ministerio
932 5386 1113 5442 autem
1138 5389 1257 5444 sine
1282 5386 1633 5458 impositione
1668 5403 1931 5458 manuum
1953 5387 2082 5442 dato

518 5459 773 5518 lectores,
809 5466 1083 5521 cantores,
1119 5456 1403 5514 sacrorum
1437 5474 1694 5515 vasorum
1736 5456 2000 5513 custodes
2027 5468 2083 5513 et

521 5528 660 5602 alios
696 5526 987 5602 ejusmodi.
1019 5528 1556 5602 Alexius‘Aristenus
1585 5529 1940 5602 presbyteris,
1971 5529 2084 5581 dia-

518 5595 1129 5669 conisetsubdiaconis
1174 5598 1423 5669 adjungit
1458 5595 1715 5656 cantores
1742 5595 1797 5655 et
1829 5600 2080 5661 lectores,

519 5665 579 5722 in
611 5666 872 5723 inferiore
905 5676 1089 5724 autem
1116 5665 1426 5728 ministerio
1462 5679 1716 5729 numerat
1748 5686 1846 5730 eos
1867 5670 1963 5742 qui
1992 5684 2083 5726 sa-

2173 4469 2272 4528 llic
2295 4482 2476 4529 autem
2517 4475 2692 4530 fusius
2720 4474 2962 4542 explicat
2993 4469 3230 4529 Basilius
3258 4469 3405 4541 quod
3430 4469 3653 4529 canone
3683 4472 3749 4526 55

2171 4545 2438 4599 edixerat.

2245 4614 2355 4683 (l0)
2408 4615 2477 4669 ’II
2518 4613 2677 4682 χήρα
2714 4614 2926 4681 δούλη.
2959 4613 3101 4666 Idem
3146 4610 3258 4680 jam
3290 4617 3566 4683 statuerat
3602 4609 3752 4666 Basi-

2174 4683 2281 4737 lius
2302 4722 2316 4745 ,
2337 4680 2472 4737 can.
2507 4680 2611 4748 50,
2641 4684 2709 4739 de
2748 4680 2911 4737 vidua
2937 4723 2951 4747 ,
2984 4698 3104 4753 quae
3136 4681 3365 4753 secundi
3397 4680 3602 4750 cupida
3637 4699 3748 4733 nta-

2177 4754 2421 4807 tritnonii
2448 4794 2461 4815 ,
2487 4755 2583 4808 sed
2617 4753 2946 4809 verecundia
2973 4751 3237 4823 quadam,
3262 4758 3322 4805 ut
3344 4751 3743 4823 interpretatur

2176 4824 2470 4877 Balsamon
2493 4865 2509 4889 ,
2540 4825 2609 4878 ab
2636 4839 2702 4878 eo
2739 4820 3288 4879 ineundo—deterrita
3335 4820 3400 4874 ad
3451 4830 3649 4889 raptus
3680 4823 3746 4877 si-

2179 4895 2536 4948 mulationem
2568 4893 2832 4963 confugit.
2869 4893 3241 4963 Quodautem
3275 4892 3353 4963 ait
3366 4889 3520 4963 idem
3550 4889 3750 4963 _Balsav

2179 4980 2306 5017 mon
2345 4965 2485 5018 hanc
2513 4960 2761 5018 viduam'
2780 4964 2913 5017 olim
2961 4962 3182 5032 quidem
3234 4960 3492 5032 ancillam
3545 4960 3748 5019 fuisse.

2179 5035 2274 5088 sed
2303 5035 2468 5089 tacite
2493 5035 2718 5088 liberam
2740 5073 2756 5099 ,
2785 5030 3009 5087 domino
3054 5032 3259 5101 primis,
3280 5030 3486 5098 nuptiis
3516 5045 3725 5085 censen

2181 5103 2349 5157 tiente
2369 5145 2382 5169 ,
2408 5104 2650 5160 evasisse
2675 5143 2690 5167 ,
2732 5103 2787 5157 id
2815 5111 2871 5157 et
2896 5102 3084 5157 Basilii
3116 5100 3298 5156 verbis
3329 5111 3639 5170 repugnat,
3666 5100 3748 5169 qui

2180 5189 2300 5227 eam
2330 5168 2656 5228 noluinatim
2696 5174 2954 5228 ancillam
3000 5182 3194 5233 vocat,
3227 5179 3282 5224 et
3334 5185 3364 5222 a
3391 5168 3405 5170 ⁷
3426 5168 3647 5224 ZOnara
3684 5168 3748 5221 ac

2180 5243 2372 5297 Alexio
2415 5244 2677 5300 Aristono
2722 5243 3013 5304 refellitur,
3059 5242 3153 5312 qui
3197 5248 3326 5312 tum
3358 5239 3583 5312 demum
3634 5241 3751 5294 huic

2182 5312 2361 5368 viduae
2387 5314 2600 5368 veniam
2632 5314 2857 5370 concedi
2888 5309 3215 5368 existimant
3238 5352 3254 5377 ,
3284 5309 3332 5365 si
3363 5309 3482 5365 heri
3527 5325 3754 5366 conserte

2185 5399 2282 5440 sus
2304 5384 2550 5438 accedat.
2805 5400 2815 5410 ·

2258 5453 2370 5523 (11)
2414 5453 2572 5517 "Esto
2597 5452 2715 5522 μὲν
2754 5453 2944 5519 ὄντες.
2977 5450 3268 5523 Balsamon
3297 5457 3359 5523 et
3398 5447 3661 5523 Zonaras
3705 5449 3751 5502 in

2186 5519 2478 5579 Pandectis
2511 5519 2713 5578 habent
2738 5542 2750 5578 :
2785 5523 2932 5590 Ἔξω
2962 5524 3061 5593 μὲν
3085 5519 3750 5593 ὅντεςῌτῆς-Ἑκκλησίαςν

2187 5598 2461 5667 εἴργονται
2483 5594 2597 5667 ,τῆς
2624 5588 2907 5658 κοινωνίας
2937 5588 3030 5667 -.‘op
3056 5588 3284 5667 ἀγαθοῖν
3329 5589 3529 5667 Sisini
3560 5588 3753 5667 quidem

2188 5660 2342 5723 citra
2366 5660 2661 5722 Ecclesium
2680 5704 2695 5734 ,
2720 5677 2967 5721 arcentur
2991 5660 3111 5720 boni
3143 5660 3529 5717 communione.
3561 5660 3751 5731 Legeno
