3862 6220
102 241 229 296 797

995 198 1490 304 EPISTOLABUM
1529 249 1825 308 CLASSIS
1856 252 1916 309 Il.
1962 253 2180 310 EPIST.
2222 255 2471 312 CCXVII.

3289 267 3386 328 793

98 352 380 424 κληρικοὶ
415 353 473 406 δὲ
505 354 681 423 ὄντες,
723 356 819 411 τοῦ
866 357 1077 431 βαθμοῦ
1119 362 1528 436 καθαιροῦνται.
1580 364 1707 432 Πᾶς

1812 367 2035 433 clerici,
2069 384 2098 421 a
2143 371 2316 439 gradu
2350 370 2715 439 'dejiciuntur.
2780 372 3034 444 Quisquis
3080 379 3249 436 enim.
3301 397 3380 434 ιιι..

99 448 253 512 γὰρ,
290 446 478 516 φησὶν,
522 448 555 500 ό
596 447 799 503 λαϐὼν
829 449 1133 522 μάχαιραν
1165 455 1236 508 ἐν
1271 457 1533 526 μαχαίρᾳ
1563 458 1710 512 ἀπο-

101 537 407 594 θανεῖται.

190 630 337 697 NG".
364 632 436 684 ,Ὀ
463 632 729 697 ἑκουσίως
757 635 1047 704 φονεύσας,
1085 638 1225 711 μετὰ
1257 640 1315 694 δὲ.
1338 640 1500 696 τοῦτο
1541 660 1709 715 μετα-

107 721 415 792 μεληθεὶς,
474 723 682 779 εἴκοσιν
732 726 913 781 ἔτεσιν
976 730 1341 804 ἀκοινώνητος
1392 733 1545 788 ἔσται
1595 737 1708 798 τοῖς

104 814 448 885 ἁγιάσμασι.
496 814 578 868 Τὰ
627 816 687 870 δὲ
738 816 945 874 εἴκοσιν
981 819 1074 893 ἔτη
1126 820 1301 887 οὕτως
1346 825 1708 898 οίκονομηθή-

107 922 275 959 σεται
329 907 421 960 ἐπ’
456 907 631 979 αὐτῷ.
685 910 773 963 Ἐν
825 911 1120 984 τέσσαρσιν
1157 912 1309 969 ἔτεσι
1356 917 1706 988 προσκλαίειν

104 999 347 1068 ὀφείλει,
389 1000 494 1066 ἔξω
529 1002 632 1073 τῆς
662 1001 833 1075 θ’ύρας
864 1004 1037 1070 ἑστὼς
1072 1006 1169 1061 τοῦ
1200 1009 1493 1081 εὐκτηρίου
1531 1009 1703 1076 οἴκου,

104 1092 215 1143 καὶ
244 1089 359 1145 τῶν
388 1092 668 1149 είσιόντων
705 1094 920 1150 πιστῶν
945 1096 1198 1171 δεόμενος
1233 1101 1400 1172 εὐχὴν
1434 1101 1575 1174 ὑπὲρ
1606 1103 1707 1155 αὑ-

100 1183 213 1236 τοῦ
262 1184 571 1252 ποιεῖσθαι,
618 1187 959 1261 ἐξαγορεύων
1007 1191 1108 1263 τὴν
1164 1192 1302 1247 ίδίαν
1337 1195 1702 1265 παρανομίαν.

102 1276 275 1330 Μετά
304 1276 363 1331 δὲ
388 1276 461 1332 τὰ
482 1279 729 1351 τέσσαρα
768 1279 864 1352 ἐτη
910 1283 992 1346 είς
1027 1283 1157 1347 τοὺς
1189 1284 1579 1356 ἀκροωμένους
1616 1286 1704 1339 δε-

103 1368 423 1440 χϐήσεταιθ
453 1372 548 1425 καὶ
590 1374 659 1425 ὲν
691 1371 855 1428 πέντε
904 1371 1048 1429 ἔτεσι
1096 1375 1217 1448 μετ’
1260 1377 1441 1430 αὐτῶν
1490 1378 1705 1443 ἐξελεύ-

104 1478 295 1515 σεται.
325 1463 415 1515 Ἐν
449 1463 590 1517 ἐπτά
616 1463 761 1518 ἔτεσι
800 1465 940 1537 μετὰ
968 1466 1078 1520 τῶν
1109 1468 1168 1521 ὲν
1197 1468 1508 1523 ὑποπτώσει
1538 1487 1708 1542 προσδ

104 1555 413 1625 ευχόμενος
442 1555 556 1628 (12)
579 1553 941 1625 ἐξελεύσεται.
966 1560 1057 1614 Ἐν
1080 1560 1347 1634 τέσσαρσι
1374 1564 1704 1634 συστήσεται

1809 461 1966 531 quit,
1997 461 2237 531 gladium
2271 464 2468 532 accepit
2490 504 2504 528 ,
2538 464 2718 534 gladio
2746 467 2935 534 peribit
2967 470 3029 523 “.

1885 634 2013 692 LVI.
2045 635 2151 702 Qui
2180 637 2489 692 voluntarie
2540 638 2852 699 interfecit.
2879 651 2935 696 et
2980 653 3164 712 postea
3212 647 3376 716 poeni-

1810 730 1976 784 tentia
2039 731 2242 785 ductus
2283 738 2405 797 est,
2459 732 2619 786 annis
2668 732 2860 804 viginti
2919 749 3383 794 sacramentorum

1809 832 1922 876 non
1971 823 2079 877 erit
2137 823 2438 895 particeps.
2469 822 2671 895 Viginti
2709 836 2893 881 autem
2941 829 3068 883 anni
3105 832 3187 885 sic
3233 831 3288 885 in
3321 848 3383 886 eo

1808 915 2303 984 dispensabuntur.
2347 916 2524 972 Annis
2559 927 2800 988 quatuor
2832 918 2961 975 flere
3004 921 3193 984 debet,
3233 932 3384 979 stans

1807 1016 1962 1063 extra
1994 1008 2142 1063 fores
2183 1008 2379 1065 domus
2412 1012 2682 1068 orationis
2705 1055 2720 1080 ,
2754 1022 2809 1068 et
2851 1013 3219 1085 ingredientes
3256 1014 3384 1071 fide-

1807 1100 1888 1156 les
1918 1114 2120 1171 rogans
2144 1142 2159 1168 ,
2190 1108 2251 1155 ut
2283 1114 2382 1172 pro
2406 1105 2526 1173 ipso
2550 1112 2861 1173 precentur,
2891 1122 3157 1176 suamque
3184 1106 3376 1178 iniqui-

1808 1200 1974 1248 tatem
2011 1194 2303 1250 confitens.
2354 1193 2488 1250 Post
2528 1206 2766 1266 quatuor
2809 1205 2991 1253 autem
3041 1214 3215 1254 annos
3246 1202 3383 1255 inter

1806 1283 2098 1339 audientes
2130 1285 2446 1353 recipietur,
2484 1295 2539 1339 et
2572 1287 2817 1358 quinque
2865 1289 3027 1343 annis
3077 1302 3201 1343 eum
3250 1290 3384 1360 ipsis

1806 1373 1997 1427 exibit.
2030 1374 2225 1429 Annos
2253 1382 2460 1444 septem
2496 1391 2604 1430 una
2635 1393 2760 1432 cum
2802 1378 2895 1441 iis,
2927 1380 3021 1448 qui
3050 1379 3104 1433 in
3136 1381 3373 1435 substra-

1804 1465 1959 1519 tione
1987 1472 2138 1530 sunt,
2168 1479 2338 1520 orans
2368 1467 2702 1537 egredietur.
2736 1469 2928 1524 Annos
2957 1477 3196 1540 quatuor
3221 1473 3383 1527 stabit

1807 1554 1988 1609 solum
2029 1569 2162 1609 cum
2196 1554 2484 1621 ﬁdelibus,
2516 1557 2612 1613 sed
2643 1558 2937 1615 oblationis
2975 1575 3083 1614 non
3115 1561 3222 1615 erit
3260 1577 3374 1632 par-

108 1647 283 1717 μόνον
327 1650 443 1713 τοῖς
475 1652 709 1717 πιστοῖς,
745 1655 1065 1724 προσφορᾶς
1098 1654 1156 1708 δὲ
1196 1653 1260 1707 οὐ
1310 1655 1699 1727 μεταλήψεται.

1812 1647 2010 1718 ticeps.
2047 1647 2147 1705 His
2173 1657 2359 1706 autem
2385 1651 2618 1721 expletis
2646 1653 2923 1724 particeps
2941 1654 3047 1708 erit
3075 1670 3385 1710 sacramen—

104 1739 524 1813 Πληρωθέντων
556 1743 614 1796 δὲ
656 1744 862 1799 τούτων
911 1745 1128 1816 μεθέξει
1168 1746 1279 1801 τῶν
1323 1749 1699 1820 ἀγιασμάτων.
1735 1736 1781 1791 Β
1806 1749 2012 1795 ιοΐυῐηο
2980 1759 2983 1761 ’

182 1832 313 1887 NZ'.
357 1833 417 1886 Ὁ
463 1833 739 1898 ἀκουσίως
780 1835 1049 1904 φονεύσας
1086 1840 1144 1892 ὲν
1189 1838 1324 1893 δέκα
1367 1840 1543 1895 ἔτεσιν
1590 1842 1701 1913 (l5)

104 1920 485 1992 ἀκοινώνητος
533 1922 689 1979 ἔσται
744 1924 853 1979 τῶν
897 1927 1283 1999 ἀγιασμάτων.
1328 1932 1703 2006 Οίκονομηθή-

106 2029 268 2067 σεται
296 2013 357 2067 δὲ
390 2015 462 2069 τὰ
508 2015 643 2072 δέκα
682 2016 780 2089 ἐτη
817 2019 903 2072 ἐπ’
940 2019 1090 2091 αὐτῷ
1124 2019 1287 2074 οὕτω.
1320 2021 1425 2076 Δύο
1474 2023 1573 2097 μὲν
1607 2023 1703 2097 ἐτη

105 2107 519 2177 προσκλαύσει·
551 2109 680 2179 τρία
711 2109 769 2163 δὲ
804 2110 903 2182 ἔτη
932 2112 1043 2183 (14)
1084 2114 1142 2167 ὲν
1170 2114 1544 2187 ἀκροωμένοις
1587 2117 1707 2171 δια-

105 2198 327 2253 τελέσει
349 2236 369 2266 ,Α
403 2199 696 2274 τέσσαρσιν
730 2202 1075 2271 ὑποπίπτων,
1109 2209 1204 2258 καὶ
1230 2207 1472 2279 ἐνιαυτῷ
1503 2225 1703 2262 συστα-

106 2290 344 2361 Θήσεται
403 2291 596 2362 μόνον’
640 2293 737 2347 καὶ
775 2292 855 2366 τῷ
905 2295 1032 2367 ἑξῆς
1082 2297 1165 2360 είς
1207 2297 1278 2351 τὰ
1333 2296 1467 2368 am
1507 2299 1703 2373 δεχθή-

108 2396 295 2433 σεται.

181 2471 318 2526 NH'.
361 2470 421 2525 Ὀ
451 2472 747 2543 μοιχεύσας
777 2477 836 2528 ὲν
859 2481 918 2528 ιε’
945 2474 1124 2530 ἔτεσιν
1151 2475 1517 2549 ἀκοινώνητος
1546 2479 1702 2536 ἔσται

106 2562 226 2617 τῶν
260 2562 625 2634 ἀγιασμάτων
656 2564 771 2636 (15)
792 2581 808 2596 ο
848 2567 908 2620 ὲν
935 2566 1200 2640 τέσσαρσι
1234 2568 1332 2640 μὲν
1354 2570 1701 2641 προσκλαίων

106 2653 313 2720 ἔτεσιν,
341 2657 400 2709 ἐν
427 2655 590 2710 πέντε
628 2657 685 2711 δὲ
717 2657 1071 2731 ἀκροώμενος
1091 2677 1106 2691 ο
1143 2663 1202 2714 ὲν
1243 2660 1536 2734 τέσσαρσιν
1571 2664 1703 2718 ὐπο-

109 2748 355 2817 πίπτων,
380 2751 440 2805 ἐν
465 2744 588 2804 δυσὶ
618 2749 895 2815 συνεστὼς
920 2750 1050 2805 ἀνευ
1080 2753 1381 2817 κοινωνίας.

181 2841 313 2894 ΝΘ.
345 2841 406 2896 '0
439 2843 642 2915 πόρνος
691 2845 751 2898 ὲν
794 2842 939 2896 ἑπτὰ
972 2844 1151 2899 ἐτεσιν
1176 2846 1295 2915 (16)
1339 2847 1704 2921 ἀκοινώνητος

107 2931 266 2987 ἔσται
302 2934 411 2989 τῶν
463 2937 826 3007 ἀγιασμάτων
847 2954 862 2969 ο
898 2936 994 2990 δύο
1034 2939 1384 3009 προσκλαίων
1410 2980 1424 3006 ,
1479 2945 1575 2997 καὶ
1609 2942 1702 2998 δύο

108 3027 503 3099 ἀκροώμενος·
546 3029 641 3082 καὶ
674 3027 770 3081 δύο
798 3029 1151 3097 ὑποπίπτων,
1180 3032 1276 3085 καὶ
1305 3032 1387 3086 évi.
1432 3033 1703 3100 συνεστὼς
1729 3074 1774 3135 Γ

112 3119 278 3189 μόνον
297 3137 313 3151 ο
347 3120 427 3193 τῷ
454 3120 627 3192 ὀγδόῳ
660 3121 985 3193 δεχθήσεται
1014 3125 1095 3184 είς
1119 3122 1219 3192 τὴν
1247 3126 1559 3181 κοινωνίαν.

179 3209 260 3265 Ξ¹.
305 3212 372 3265 Ἡ
399 3211 703 3285 παρθενίαν
718 3213 1129 3284 ὁμολογήσασα,
1156 3215 1251 3268 καὶ
1273 3217 1582 3271 ἐκπεσοῦσα
1605 3218 1707 3289 τῆς

110 3302 454 3372 ἐπαγγελίας
477 3344 493 3368 ,
532 3304 628 3358 τὸν
670 3306 862 3377 χρόνον
892 3304 986 3359 τοῦ
1022 3306 1117 3359 ἐπὶ
1156 3305 1258 3376 τῆς
1309 3308 1554 3378 μοιχείας
1592 3309 1703 3378 (17)

183 3443 227 3473 ¹¹
269 3440 466 3496 Matth.
505 3459 666 3507 xxvi,
705 3440 794 3497 52.

111 3575 241 3629 dum
301 3574 622 3646 pronuntiat
657 3574 1023 3630 Combefisius
1076 3577 1178 3646 τῆς
1236 3575 1567 3645 Ἐκκλησίας
1594 3618 1608 3641 ,
1648 3586 1705 3632 et

112 3647 409 3700 delendum
447 3644 549 3715 τῆς
570 3645 876 3707 κοινωνίας.
920 3644 1211 3700 Consentit
1236 3644 1460 3702 Alexius
1492 3649 1705 3709 Ariste-

113 3732 219 3772 nus
247 3732 376 3769 cum
409 3716 671 3770 omnibus
701 3717 909 3770 nostris
934 3717 1223 3771 codicibus
1261 3733 1397 3772 mss.
1433 3726 1490 3771 et
1515 3719 1700 3773 editis.

115 3786 340 3860 μείων
363 3796 551 3860 tamen
602 3787 820 3860 in‘runo
858 3787 1173 3860 autpaltero
1214 3787 1412 3860 codice
1446 3787 1552 3860 saw
1603 3790 1704 3860 μὲν

111 3855 263 3921 ὄντες
281 3900 297 3922 ,
331 3855 609 3928 εἴργονται
640 3858 741 3927 τῆς
765 3857 1052 3921 κοινωνίας
1080 3856 1174 3910 τοῦ
1202 3856 1431 3926 ἀγαθοῦ.
1458 3858 1561 3913 Sed
1590 3855 1702 3913 inre

114 3929 628 3999 scriptura‘eodem
668 3929 813 3981 redit
870 3943 933 3999 ac
968 3930 1212 3997 vulgata.
1244 3929 1513 3983 Cmterum
1563 3936 1704 3984 tmnc

112 3992 287 4069 legem
334 3992 626 4069 Balsamon
667 3998 836 4053 variis
869 3992 1426 4069 interpretationibus
1479 4001 1701 4054 demiti-

113 4068 225 4140 gat,
254 4083 419 4140 aequo
449 4068 731 4140 duriorem
763 4069 1043 4124 existimat
1075 4068 1351 4134 Zonaras;
1385 4070 1520 4123 nihil
1558 4071 1611 4124 in
1637 4087 1702 4124 ea

114 4139 870 4208 animadvertitAristenus,
927 4140 1074 4208 quod
1105 4146 1200 4192 aut
1249 4140 1552 4195 obscurum
1608 4155 1698 4194 aut

113 4207 633 4280 reprehendendum
662 4209 937 4264 videatur.

179 4278 299 4353 (12)
340 4282 887 4353 έιροσευχόμεκος;
930 4278 1025 4353 Sic
1086 4295 1222 4353 mss.
1287 4295 1504 4335 summo
1557 4295 1703 4353 Acon-

117 4347 309 4422 sensu».
340 4347 524 4422 Edit’L,
572 4347 819 4422 exceptis
856 4349 1187 4415 Pandectis,
1223 4350 1696 4422 προσευχομένων.

1877 1830 2038 1887 LVII.
2082 1831 2188 1899 Qui
2233 1848 2344 1888 non
2374 1835 2689 1891 voluntarie
2725 1835 3039 1901 interfecit,
3072 1852 3169 1905 per
3194 1835 3385 1891 decent

1809 1937 1989 1979 annos
2036 1932 2513 1979 sacramentorum
2566 1941 2678 1979 non
2724 1928 2831 1979 erit
2890 1926 3187 1995 particeps.
3240 1923 3384 1977 Anni

1805 2021 1990 2068 autem
2020 2015 2213 2069 decem
2250 2014 2332 2070 sic
2357 2015 2414 2068 in
2448 2029 2515 2070 eo
2546 2014 3037 2085 dispensabuntur.
3078 2012 3225 2068 Duos
3266 2015 3387 2084 qui-

1805 2104 1929 2160 dem
1959 2119 2140 2161 annos
2178 2105 2363 2172 flebit,
2396 2114 2509 2161 tres
2536 2114 2719 2161 autem
2754 2120 2931 2161 annos
2979 2106 3122 2160 inter
3160 2104 3384 2160 audien-

1805 2206 1890 2255 tes
1919 2199 2334 2270 perseverabit,
2363 2208 2603 2270 quatuor
2636 2200 2973 2265 substratus,
3000 2208 3055 2255 et
3090 2215 3235 2255 anno
3277 2216 3387 2254 uno

1804 2293 2073 2348 consistet
2124 2300 2376 2360 tantum;
2406 2300 2462 2347 et
2519 2293 2782 2364 deinceps
2816 2294 2882 2347 ad
2939 2301 3131 2347 sancta
3189 2291 3387 2346 admit-

1803 2391 1970 2440 tetut‘.

1875 2474 2060 2532 LVIII.
2095 2475 2199 2544 Qui
2248 2476 2562 2532 moechatus
2583 2487 2699 2542 est,
2735 2493 2832 2549 per
2860 2475 3172 2547 quindecim
3213 2491 3388 2533 annos

1805 2579 2281 2625 sacramentorum
2309 2584 2421 2624 non
2452 2569 2560 2624 erit
2592 2571 2870 2640 particeps
2904 2587 2917 2623 ;
2946 2577 3186 2640 quatuor
3227 2569 3388 2625 annis

1804 2657 1975 2725 flens,
2013 2659 2260 2731 quinque
2311 2660 2580 2725 audiens,
2615 2670 2853 2731 quatuor
2898 2660 3218 2716 substratus
3242 2699 3257 2724 ,
3295 2676 3387 2729 per

1804 2747 1947 2802 duos
1980 2750 2296 2805 consistens
2319 2751 2439 2804 sine
2464 2751 2875 2805 communione.

1877 2834 2015 2895 LIX.
2081 2839 2407 2898 Fornicator
2456 2850 2664 2913 septem
2713 2845 2873 2899 annis
2920 2852 3388 2899 sacramentorum

1804 2946 1915 2985 non
1967 2931 2075 2986 erit
2110 2934 2387 3002 particeps
2413 2971 2429 2998 ,
2464 2933 2684 2989 duobus
2722 2933 2860 2990 ﬂens
2883 2975 2898 2999 ,
2938 2943 2992 2990 et
3032 2934 3247 2989 duobus
3293 2950 3388 2987 au-

1805 3019 2000 3089 diens,
2035 3032 2095 3079 et
2144 3022 2365 3081 duobus
2421 3025 2761 3093 substratus,
2812 3035 2869 3082 et
2916 3042 3024 3081 uno
3078 3026 3391 3082 consistens

1807 3125 2022 3168 tantum
2045 3135 2057 3170 :
2085 3123 2278 3171 octavo
2314 3117 2380 3171 ad
2404 3118 2855 3173 communionem
2884 3117 3224 3172 admittetur.

1877 3195 1990 3259 LX.
2055 3203 2189 3271 Quae
2242 3207 2618 3276 virginitatem
2672 3205 2965 3277 professa,
3000 3221 3050 3260 ‘a
3114 3222 3216 3262 suo
3264 3222 3392 3276 pro-

1807 3299 1979 3355 misso
2009 3298 2167 3369 lapsa
2199 3308 2283 3355 est
2307 3338 2327 3363 ,
2363 3300 2578 3369 peccati
2624 3295 2888 3354 adulterii
2915 3309 3130 3369 tempus
3167 3300 3221 3353 in
3252 3315 3387 3354 con-

1807 3576 2050 3632 secundo
2077 3585 2318 3646 quatuor
2341 3575 2468 3629 anni
2492 3614 2508 3637 .
2534 3585 2739 3644 septem
2775 3575 2829 3629 in
2868 3576 3042 3631 altero
3069 3576 3379 3631 decernan-

1807 3655 1917 3708 tur.
1961 3645 2107 3716 quod
2152 3646 2391 3701 Basilius
2447 3647 2501 3700 in
2552 3646 2814 3702 vicesimo
2863 3645 3106 3702 secundo
3161 3647 3389 3715 antiqua

1805 3716 2028 3772 Patrum
2060 3717 2258 3784 placita
2294 3725 2582 3786 sequatur,
2607 3731 2764 3771 suam
2808 3719 2863 3770 in
2894 3719 3069 3771 altero
3107 3718 3385 3786 pr0priam

1806 3787 2136 3842 sententiam
2208 3795 2469 3856 exponat.
2553 3786 2816 3849 Euindem
2901 3787 3049 3841 hunc
3120 3802 3387 3841 cationem

1804 3859 2032 3912 Alexius
2061 3857 2355 3910 Aristenus
2378 3898 2392 3921 ,
2436 3865 2497 3910 ut
2536 3858 2831 3927 clarumet
2868 3859 3217 3927 perspicuum
3245 3896 3259 3919 ,
3291 3873 3389 3909 ne—

1806 3939 1897 3998 gat
1921 3928 2288 3998 explicatione
2312 3927 2584 3998 indigere.
2618 3926 2849 3998 Videbat
2872 3926 3137 3998 nimirum
3182 3927 3388 3998 doctis-

1806 3996 2253 4067 simus'scriptor
2298 3996 2576 4066 duplicem
2611 4014 2642 4052 a
2677 3997 2880 4050 Basilio
2908 3996 3174 4064 distingui
3220 3996 3368 4051 [οι-ιιί

1804 4070 2078 4122 cationem
2106 4109 2120 4130 ,
2167 4068 2426 4121 leviorem
2464 4068 2692 4122 alteram
2722 4109 2737 4131 ,
2783 4067 3011 4121 alteram
3055 4067 3385 4137 graviorem.

1805 4137 2006 4193 Levior
2040 4139 2263 4200 dicitur,
2296 4152 2420 4207 qum
2443 4137 2586 4191 inter
2615 4152 2879 4207 personas
2912 4137 3267 4192 matrimonio
3291 4154 3387 4192 so-

1808 4211 1954 4280 lutas
1988 4210 2391 4262 committitur:
2423 4208 2661 4280 gravior,
2694 4220 2818 4262 cum
2847 4208 3124 4280 conjugati
3146 4209 3387 4280 hominis

1807 4278 1977 4333 libido
2022 4279 2078 4332 in
2128 4279 2414 4333 mulierem
2463 4279 2702 4332 solutam
2740 4278 3218 4349 erumpiti‘Priori
3256 4280 3387 4333 anni

1807 4358 2066 4419 quatuor,
2101 4357 2318 4430 septeni
2347 4349 2506 4430 alteri
2549 4347 2931 4430 imponuntur.
2962 4347 3253 4405 Manifesta
3296 4365 3387 4404 res

116 4418 317 4477 Lenior
355 4428 441 4475 est
473 4417 725 4475 Basilius
755 4434 919 4490 quam
972 4422 1215 4490 synodus
1256 4417 1543 4491 Ancyrana
1577 4438 1700 4491 quae
1736 4420 1778 4476 D
1805 4417 1888 4474 est
1918 4436 1984 4475 ex
2010 4417 2222 4474 canone
2258 4420 2350 4482 2|,
2381 4419 2477 4473 ubi
2505 4417 2785 4491 coniugati
2814 4431 3113 4491 peccatum
3143 4435 3270 4475 cum
3296 4435 3388 4475 so-

114 4492 451 4547 voluntariis
514 4492 759 4546 caedibus
816 4493 1263 4546 communionem
1314 4492 1370 4544 in
1421 4492 1527 4546 line
1576 4494 1702 4547 vitae

118 4564 396 4619 concedit.

182 4634 300 4705 (15)
326 4634 449 4705 ,Ἐν
470 4630 617 4687 δέκα
639 4633 823 4687 ἔτεσι.
857 4630 1115 4703 Synodus
1138 4631 1430 4702 Ancyrana
1456 4631 1702 4701 quinque

117 4704 289 4759 annos
323 4704 560 4773 imponit
608 4705 740 4758 huic
789 4711 1060 4773 peccati):
1108 4709 1314 4824 septem
1365 4718 1393 4754 a
1451 4704 1701 4770 patribus

117 4772 407 4824 imnositos
449 4781 703 4824 testatur.
744 4770 1003 4824 Severior
1033 4772 1118 4824 his
1205 4772 1403 4824 asilius
1433 4788 1446 4822 :
1480 4788 1588 4824 non
1618 4781 1701 4824 ta—

115 4770 421 4845 itnpositos
449 4781 703 4829 testatur.
744 4770 1003 4827 severior
1033 4772 1118 4826 bis
1158 4770 1403 4845 Basilius
1433 4788 1446 4822 :
1480 4788 1588 4845 non
1618 4781 1701 4826 ta—

116 4841 236 4901 men
272 4844 497 4899 videtur
534 4845 727 4899 eadem
753 4856 918 4912 pmna
941 4858 1138 4896 omnes
1168 4841 1574 4898 involuntarias
1595 4858 1701 4897 cae-

114 4917 205 4971 des
234 4914 740 4984 comprehendere.
770 4928 911 4982 quas
940 4927 1153 4967 canone
1190 4913 1223 4965 8
1253 4915 1576 4978 recensuit,
1601 4915 1697 4968 sed

116 5001 202 5042 eas
230 4983 486 5053 tantum,
512 4996 652 5055 quas
689 4985 891 5039 ibidem
920 4984 989 5038 ad
1023 4984 1398 5038 voluntarium
1434 4983 1699 5040 accedere

116 5060 383 5112 declarat.
1380 5112 1386 5118 .

178 5125 485 5250 ςιωὲηέία
512 5123 582 5178 δὲ
617 5124 742 5192 ἔτη.
781 5118 877 5179 Sic
925 5138 1061 5178 mss.
1105 5123 1302 5179 melius
1348 5136 1515 5195 quam
1562 5125 1697 5192 editi

178 5217 230 5250 ια
260 5216 298 5250 υ-
330 5217 359 5250 ν
419 5213 505 5250 τη.

114 5202 230 5250 τοία
260 5202 359 5250 μὲν
391 5202 505 5250 ἐτη.

145 5213 230 5269 pta
258 5213 359 5266 μεν
391 5213 505 5266 ετη.

178 5268 293 5339 (15)
486 5264 890 5347 ᾐτιασέιάζωζ.
920 5262 1066 5347 Ιξάἱιὶ
1095 5263 1304 5347 addunt
1337 5264 1698 5347 οίκονομῃθή-

116 5353 258 5393 σεται
273 5332 360 5391 ’τά
392 5342 453 5390 ιε’
486 5332 578 5407 ἔτη
606 5332 693 5389 ἐπ’
727 5334 877 5407 αὐτῷ
909 5332 1109 5407 οὕτως,
1129 5334 1427 5407 quindecim
1457 5332 1592 5388 an'ni'
1617 5332 1696 5389 sic

118 5409 163 5461 in
183 5427 244 5464 eo
279 5404 756 5476 dispenaaliuntur.
780 5404 898 5477 Sed
929 5405 1187 5477 liaecpnon
1218 5405 1478 5477 leguntur
1505 5406 1613 5461 nisi
1638 5407 1695 5460 in

118 5475 521 5536 recentioribus
561 5476 843 5532 nonnullis
869 5475 1175 5531 codicibus.

181 5548 297 5620 (Hi)
351 5551 457 5620 Ἐν
496 5548 648 5620 ἑπτὰ
695 5546 917 5601 ἐτεσιν.
961 5545 1241 5620 Laborant
1295 5545 1594 5620 Balsamon
1639 5555 1694 5603 et

120 5615 359 5674 Zonaras
388 5618 451 5677 in
494 5619 598 5673 hoc
630 5632 842 5673 canone
871 5618 1221 5673 conciliando
1254 5631 1380 5671 cum
1425 5616 1692 5673 vicesimo

120 5691 376 5757 secundo,
416 5698 580 5760 atque
610 5690 667 5746 id
701 5703 885 5746 causae
915 5686 1182 5756 alierum,
1215 5703 1317 5744 cur
1345 5686 1400 5742 in
1426 5687 1691 5746 vicesimo

1810 4492 1920 4544 luta
1954 4491 2377 4545 fornicationem
2420 4490 2657 4560 appellat
2699 4489 2973 4553 Basilius,
3010 4505 3074 4545 ac
3124 4491 3387 4561 longiori-

1805 4561 1910 4615 bus
1936 4561 2115 4630 pcenis
2162 4560 2446 4624 coerceri,
2498 4574 2610 4614 non
2657 4568 2841 4630 tamen
2886 4561 3062 4617 instar
3092 4560 3382 4624 adulterii,

1805 4629 2061 4685 testatur.
2100 4629 2156 4684 In
2207 4645 2419 4684 canone
2462 4642 2649 4684 autem
2694 4629 2761 4701 77
2794 4645 2919 4685 eum
2949 4632 3045 4700 qui
3086 4632 3383 4701 legitimam

1805 4717 2033 4755 uxorem
2079 4701 2348 4764 dimittit,
2382 4708 2437 4754 et
2481 4701 2644 4754 aliam
2686 4700 2875 4763 ducit,
2905 4700 3213 4755 adulterum
3262 4700 3383 4770 qui-

1804 4772 1928 4825 dem
1957 4786 2081 4826 esse
2109 4787 2175 4825 ex
2210 4770 2434 4825 Domini
2474 4771 2747 4825 sententia
2777 4779 3036 4835 testatur,
3062 4771 3158 4826 sed
3198 4780 3382 4825 tamen

1802 4842 2202 4918 “rationibus
2238 4841 2463 4918 Patrum
2483 4854 2685 4918 appos
2713 4851 2918 4918 septem
2949 4842 3229 4906 decernit,
3271 4856 3382 4896 non

1802 4912 2155 4981 quindecim,
2187 4919 2247 4966 ut
2271 4913 2326 4965 in
2369 4911 2643 4966 adulterio
2673 4926 2797 4965 cum
2831 4911 3009 4966 aliena
3042 4926 3212 4966 uxore
3232 4926 3381 4967 com-

1803 4983 1995 5037 misso.
2035 4981 2234 5036 Secum
2281 4997 2410 5052 ergo
2457 4997 2566 5036 non
2610 4988 2812 5051 pugnat
2846 4994 2972 5035 cum
3027 4981 3381 5038 fornicationi

1800 5068 1951 5106 nunc
1983 5067 2157 5107 annos
2178 5060 2438 5122 quatuor,
2472 5067 2619 5106 nunc
2652 5061 2861 5120 septem
2889 5091 2903 5122 ,
2937 5052 3208 5107 adulterio
3235 5069 3380 5107 nunc

1800 5131 2007 5193 septem
2028 5163 2045 5188 ,
2079 5121 2226 5176 nunc
2274 5122 2590 5193 quindecim
2620 5122 2834 5176 indicit.
2864 5121 3122 5177 Eamdetn
3152 5123 3209 5176 in
3256 5138 3380 5178 sen-

1800 5192 2272 5263 tentiamvidetnr
2294 5192 2853 5263 accipienduscanon
2876 5202 3108 5263 quartus
3138 5193 3380 5262 epistola:

1802 5262 1993 5318 Sancti
2020 5261 2265 5335 Gregorii
2289 5260 2524 5335 Ny'sseni
2556 5262 2626 5317 ad
2651 5260 3088 5335 Letoiunt'._Nain
3113 5260 3237 5319 cum
3271 5264 3380 5318 for:

1799 5334 2067 5389 nicationi
2119 5332 2570 5397 novent'annos,
2611 5332 2885 5387 adulterio
2919 5332 3107 5387 decem
3152 5342 3207 5389 et
3254 5344 3377 5388 octo

1798 5404 2067 5475 imponit,
2096 5404 2315 5473 gravior
2355 5405 2447 5457 illa
2479 5402 2831 5475 intelligenda
2876 5403 3191 5475 fornicatio,
3214 5420 3375 5473 quam

1797 5472 2131 5546 conjngatus
2162 5490 2288 5546 cum
2323 5472 2840 5546 solutaicominittit.
2874 5472 3016 5527 Hinc
3040 5472 3377 5546 illamadnl-

1798 5542 1997 5601 teriiini
2030 5542 2201 5598 videri
2231 5545 2432 5599 fatetur
2462 5545 2547 5598 his
2571 5543 2663 5613 qui
2696 5545 3014 5599 accuratius
3038 5544 3376 5599 examinant.

1869 5616 1982 5687 (l7)
2029 5615 2143 5683 Τῆς
2177 5616 2469 5687 μοιχείας.
2525 5614 2682 5687 Haec”
2702 5626 3073 5687 consentanea
3122 5625 3252 5671 sunt
3281 5633 3377 5670 ca-

1795 5683 1925 5744 noni
1963 5683 2065 5753 '18,
2100 5688 2155 5742 in
2182 5683 2313 5756 quo
2360 5686 2605 5743 decernit
2647 5683 2885 5744 Basilius
2919 5685 3225 5745 adulteram
3254 5703 3378 5746 esse
