3862 6220
75 305 176 363 θυι

1011 301 1504 361 EPISTOLARUM
1540 297 1829 357 CLASSIS
1866 298 1932 355 II.
1974 300 2193 357 EPIST.
2226 300 2480 357 CCXVII.

3239 300 3344 359 802

78 426 267 498 μήσας
298 418 369 477 δὲ
412 422 540 478 ἄνευ
578 420 894 494 μνηστείας,
939 421 1278 494 παυθήσεται
1316 420 1419 493 τῆς
1456 422 1665 492 ὑπηρε-

1767 427 1850 472 tra
1902 417 2334 488 promovendus.
2370 417 2528 485 Quod
2579 418 2627 474 si
2677 384 3345 491 absqnedesponsatione

76 517 224 581 σίας.
255 514 333 569 Τὸ
364 515 498 569 αὐτὸ
517 515 614 569 καὶ
640 514 925 587 ὑπηρέτης
945 512 1081 586 (24).

153 694 228 748 0'.
266 690 526 756 Διάκονος
567 707 626 746 εν
670 690 875 762 χείλεσι
918 690 1164 764 μιανθεὶς
1207 689 1322 762 (25)
1366 691 1459 744 καὶ
1503 690 1664 762 μέχρι

68 783 269 838 τούτου
320 781 699 856 ἡμαρτηκέναι
739 782 1087 855 ὁμολογήσας
1106 822 1122 848 ,
1175 783 1276 855 τῆς
1325 782 1665 852 λειτουργίας

73 874 503 948 ὲπισχεθήσεται
525 891 541 905 ·
590 873 687 929 τοῦ
738 874 796 929 δὲ
842 875 1093 947 μετέχειν
1144 875 1254 929 τῶν
1308 876 1664 946 ἁγιασμάτων

80 968 223 1039 μετὰ
270 966 382 1021 τῶν
414 965 677 1020 διακόνων
718 965 1106 1039 ἀξιωθήσεται.
1152 966 1226 1021 Τὸ
1275 966 1335 1021 δὲ
1388 967 1524 1021 αὐτὸ
1570 965 1664 1020 καὶ¹

74 1058 471 1130 πρεσϐύτερος.
503 1057 570 1112 El
610 1056 668 1111 δέ
714 1074 769 1111 τι
814 1056 1007 1112 τούτου
1043 1058 1227 1112 πλεῖον
1261 1057 1541 1131 φωραθείη
1580 1075 1665 1121 τις

73 1151 453 1224 ἡμαρτηκὼς,
509 1154 569 1207 ὲν
631 1152 731 1225 οἴῳ
784 1152 853 1207 ἂν
999 1152 1221 1224 βαθμῷ,
1270 1151 1664 1224 καθαιρεθήσε-

69 1261 169 1299 ται
192 1245 331 1317 (26).

147 1358 276 1411 OA'.
311 1356 373 1410 '0
414 1355 774 1427 συνεγνωκὼς
820 1354 1038 1427 ἑκάστῳ
1093 1355 1202 1410 τῶν
1245 1357 1662 1429 προειρημένων

74 1448 525 1521 ἁμαρτημάτων,
568 1451 665 1503 καὶ
698 1449 775 1522 μὴ
802 1450 1163 1522 ὁμολογήσας,
1198 1449 1313 1503 ἀλλ’
1348 1449 1659 1521 ἐλεγχθεὶς,

71 1540 171 1593 τοῦ
201 1539 460 1595 τοσούτου
488 1541 709 1613 χρόνου,
736 1544 817 1605 είς
840 1541 899 1596 ὃν
920 1542 1160 1615 ἐργάτης
1190 1540 1299 1596 τῶν
1326 1543 1513 1597 κακῶν
1538 1545 1661 1597 ἐπι-

71 1633 390 1704 τετίμηται,
422 1633 516 1687 καὶ
547 1633 709 1697 αὐτὸς
739 1632 893 1687 ἔσται
919 1634 978 1686 ὲν
1011 1633 1293 1704 ἐπιτιμίῳ.

1767 508 1958 563 furtim
1986 510 2205 570 coierit.
2240 510 2485 567 cessabit
2514 525 2544 564 a
2574 510 2904 567 ministerio.
2930 510 3132 567 Eadem
3166 521 3221 568 et
3240 512 3345 567 mi-

1766 602 1929 657 nistri
1958 602 2124 657 ratio.

1838 711 2004 769 LXX.
2037 713 2317 769 Diaconus
2351 713 2445 785 qui
2474 714 2716 784 pollutus
2746 721 2833 768 est
2864 714 2918 769 in
2952 714 3142 782 labris,
3176 731 3343 787 seque

1766 819 1832 860 eo
1854 820 2032 875 usque
2063 820 2324 876 peccasse
2345 806 2635 861 confessus
2650 814 2758 869 est,
2791 820 2822 859 a
2854 806 3157 861 ministerio
3190 824 3344 861 amo-

1764 896 2016 964 vebitur;
2048 896 2142 951 sed
2180 896 2607 959 ei-concedetur,
2641 906 2699 950 ut
2731 911 2857 950 cum
2892 897 3141 952 diaconis
3170 901 3342 967 parti-

1765 1003 1894 1059 ceps
1934 990 2007 1044 sit
2041 999 2535 1060 sacramentorum.
2570 988 2813 1058 ldipsum
2846 997 3027 1043 autem
3060 992 3344 1061 presbyter

1764 1096 2005 1151 quoque.
2057 1081 2114 1135 Si
2146 1081 2277 1151 quid
2303 1089 2485 1136 autem
2524 1082 2761 1150 amplius
2792 1080 2917 1151 quis
2955 1095 3215 1149 peccasse
3244 1083 3345 1136 de-

1763 1173 2070 1245 prehensus
2108 1172 2309 1237 fuerit,
2351 1172 2409 1227 in
2453 1186 2786 1243 quocunque
2818 1171 2890 1226 sit
2933 1172 3140 1242 gradu,
3183 1172 3348 1243 depo-

1765 1273 1948 1321 netur.

1833 1357 2001 1428 328
2057 1355 2244 1411 LXXI.
2297 1354 2401 1422 Qui
2459 1355 2900 1428 uniuscujusque
2956 1358 3344 1428 praedictorum

1761 1459 2116 1521 peccatorum
2153 1450 2414 1504 conscius
2444 1460 2560 1515 est,
2600 1465 2701 1504 nec
2730 1450 3050 1516 confessus,
3085 1450 3180 1505 sed
3212 1467 3340 1507 con-

1761 1544 1942 1598 victus
1974 1550 2093 1607 est,
2119 1550 2270 1597 tanto
2294 1554 2572 1612 tempore,
2609 1551 2816 1613 quanto
2844 1545 3110 1597 malorum
3152 1552 3343 1597 auctor

1761 1634 1986 1706 punitus
2015 1644 2100 1690 est
2128 1674 2145 1700 ,
2170 1635 2287 1704 ipse
2315 1650 2534 1704 quoque
2564 1635 2845 1704 punietur.

148 1741 268 1795 OB'.
311 1740 369 1795 '0
399 1742 657 1813 μάντεσιν
689 1741 883 1797 ἑαυτὸν
907 1741 1017 1815 (27)
1045 1743 1461 1815 ὲπιδοὺς,ήτισι
1482 1742 1659 1797 τοιού-

1828 1748 2038 1804 LXXII.
2070 1746 2173 1815 Qui
2220 1764 2279 1803 se
2309 1748 2529 1803 vatibus
2561 1749 2646 1803 vel
2680 1745 2949 1816 ejusmodi
2981 1748 3104 1803 aliis
3144 1746 3340 1811 tradit,

68 1848 211 1896 τοις,
244 1833 339 1886 τὸν
366 1834 559 1905 χρόνον
610 1834 704 1889 τοῦ
738 1835 945 1905 φονέως
978 1836 1075 1890 καὶ
1107 1836 1270 1900 αὐτὸς
1297 1834 1659 1908 οἰκονομηοή-

72 1942 233 1978 σεται
240 1965 254 1977 .

145 2040 266 2093 Ol".
311 2038 374 2094 '0
393 2038 486 2093 τὸν
504 2039 742 2113 Χριστὸν
763 2039 1145 2113 ἀρνησάμενος
1189 2039 1284 2093 καὶ
1317 2038 1571 2112 παραϐὰς
1596 2038 1659 2093 τὸ

69 2130 175 2201 τῆς
205 2130 483 2202 σωτηρίας
531 2130 861 2203 μυστήριον,
912 2132 972 2184 ὲν
1005 2131 1170 2184 παντὶ
1220 2129 1299 2202 τῷ
1337 2130 1513 2202 χρόνῳ
1545 2128 1657 2199 (28)

69 2222 175 2292 τῆς
209 2222 357 2289 Cum;
388 2221 555 2276 αὑτοῦ
601 2222 955 2294 προσκλαίειν
1004 2223 1232 2294 ὀφείλει,
1264 2225 1361 2277 καὶ
1409 2222 1659 2296 ἐξομολο-

147 2420 265 2491 (24)
305 2421 415 2477 Καὶ
436 2422 759 2493 ὑπηρέτης.
798 2423 1087 2480 Balsamon
1135 2432 1189 2479 et
1220 2425 1467 2483 Zonaras
1500 2426 1660 2481 mini-

70 2494 175 2546 stri
228 2494 451 2548 nomine
493 2494 805 2563 intelligunt
858 2495 1254 2551 subdiaconum
1303 2515 1316 2550 :
1367 2498 1658 2553 Aristenus

72 2578 209 2616 vero
233 2563 502 2636 ejusmodi
538 2564 772 2636 clericos
802 2565 1212 2633 interpretatur,
1243 2565 1431 2636 quibus
1466 2584 1656 2622 manus

76 2650 194 2708 non_
231 2632 623 2708 imponebatur,
656 2632 1097 2708 ἀχειροτονήτους
1139 2632 1438 2708 ὑπηρέτας.
1479 2638 1658 2692 Minus

76 2703 380 2778 probabilis
415 2704 661 2778 _videtu_r
695 2703 978 2778 "A’risteni
1040 2703 1331 2764 sententia.
1384 2707 1518 2761 Nam
1562 2710 1656 2778 qui

70 2782 236 2828 erant
292 2775 348 2827 in
378 2772 647 2842 ejusmodi
682 2775 991 2831 ministerio
1016 2816 1030 2837 ,
1080 2792 1189 2831 non
1233 2779 1482 2833 solebant
1516 2772 1659 2834 ulte-

76 2845 200 2896 rius
233 2844 575 2913 promoveri,
604 2851 664 2897 ut
702 2845 1117 2901 observavimus
1160 2848 1229 2901 ad
1267 2864 1532 2904 canonem
1565 2850 1654 2904 5|.

75 2914 145 2967 At
179 2915 438 2969 ministro
460 2951 476 2975 ,
510 2913 578 2968 de
610 2929 720 2984 quo
753 2916 935 2985 agitur
971 2918 1024 2970 in
1050 2919 1152 2973 hoc
1179 2934 1407 2977 canone.
1470 2921 1657 2974 itidem

78 2995 139 3038 ut
184 2985 417 3056 lectori,
449 2985 505 3056 in
536 2999 713 3053 pinnae
739 2986 859 3040 loco
894 2988 1226 3056 imponitur,
1261 2997 1323 3042 ut
1353 2990 1518 3043 altius
1549 3007 1657 3044 non

71 3055 435 3122 provehatur.
472 3054 655 3125 Longe
691 3072 822 3125 ergo
873 3054 1087 3123 sati—us,
1144 3060 1382 3114 ministri
1438 3061 1659 3115 nomine

74 3115 480 3199 subdiaconum
511 3115 834 3197 intétligere,
886 3136 945 3181 ut
973 3128 1029 3182 in
1060 3115 1222 3199 epist.
1255 3130 1325 3184 54
1359 3131 1425 3185 ad
1464 3132 1659 3186 cliore-
1686 3115 1729 3173 (ἶ

74 3196 361 3265 piscopos.

145 3336 264 3405 (25)
317 3337 421 3391 Ἐν
458 3337 693 3406 χείλεσι
719 3337 1014 3407 μιανθείς.
1052 3337 1340 3395 Balsamon
1363 3380 1378 3403 ,
1419 3339 1661 3396 Zonaras

76 3415 132 3461 et
145 3408 442 3462 Aristenus
471 3408 620 3460 varia
645 3416 1088 3466 commentantur
1113 3412 1166 3463 in
1195 3410 1341 3465 hunc
1368 3427 1656 3472 canonem,

76 3479 171 3550 sed
213 3478 712 3550 a_mente_Basilii
778 3478 1010 3533 multum
1076 3480 1410 3535 abludentia.
1466 3481 1662 3550 Liquet

75 3549 245 3621 enim
265 3546 374 3601 hoc
406 3548 689 3621 labiorum
722 3552 1466 3621 peccatumtcuiremissior
1497 3546 1658 3621 poena

77 3618 368 3691 inﬂigitur,
405 3618 524 3688 ipsa
574 3619 812 3691 actione.
845 3634 1010 3691 quam
1038 3619 1273 3675 Basilius
1317 3618 1544 3676 minime
1574 3622 1658 3691 ig-

75 3688 414 3756 noscendant
456 3703 579 3743 esse
602 3688 815 3756 judicat
837 3688 1058 3752 {levius
1086 3691 1392 3745 existimari
1435 3688 1656 3746 debere.

77 3755 253 3831 Simili
287 3759 505 3831 ratione
532 3755 781 3831 sanctus
827 3758 989 3814 Pater
1028 3761 1084 3814 in
1116 3776 1239 3831 cap.
1288 3777 1341 3815 vr
1390 3761 1543 3816 Isaiae
1599 3777 1658 3814 n.

76 3828 203 3889 185,
231 3843 290 3898 p.
336 3828 476 3890 516,
532 3828 802 3883 labiorum
838 3836 1060 3898 peccata
1097 3828 1408 3887 actionibus
1435 3872 1450 3894 ,
1481 3840 1540 3886 ut
1581 3833 1661 3885 le-

74 3899 252 3962 viora,
286 3899 546 3967 opponit,
583 3914 647 3952 2c
681 3900 963 3968 propheta:
983 3901 1181 3955 delicta
1213 3917 1323 3956 non
1374 3903 1441 3956 ad
1485 3904 1658 3956 actio-

73 3983 198 4022 nem
220 3976 278 4024 et
305 3969 677 4039 operationem
701 3971 970 4039 erupisse,
1005 3971 1103 4027 sed
1140 3972 1297 4027 labiis
1329 3981 1488 4028 tenus
1528 3989 1660 4026 con-

75 4039 289 4110 stitisse
317 4038 696 4110 observataln
723 4038 914 4095 eodem
964 4043 1358 4096 commentario
1403 4060 1461 4098 n.
1511 4043 1655 4110 170,

76 4123 130 4177 p.
161 4108 291 4182 SOI,
328 4108 658 4177 impuritatis
700 4120 990 4182 peccatum
1021 4113 1193 4166 variis
1236 4112 1497 4182 gradibus
1520 4108 1657 4167 con;

76 4180 641 4255 stare_demonstrat,
698 4180 841 4255 inter
892 4196 1054 4255 quos
1089 4180 1376 4237 enumerat
1436 4185 1655 4255 ῥήματα

76 4248 423 4324 φθορόςποιά,
472 4251 630 4303 verba
674 4249 743 4324 ad
783 4248 1144 4324 corruptelam
1205 4263 1331 4319 apta
1363 4292 1378 4317 ,
1436 4248 1655 4324 ὅμιλίας

77 4319 336 4390 μακρὰς,
391 4319 574 4394 longas
615 4319 1103 4394 confabulatiOnes,
1159 4325 1361 4394 quibus
1400 4319 1486 4378 ad'
1530 4333 1652 4381 stu-

74 4389 235 4457 prum
261 4391 625 4464 _pervenitur.
677 4389 755 4445 Ex
791 4393 877 4446 his
908 4394 1142 4464 perspici
1177 4389 1428 4448 ‘arbitror
1458 4410 1653 4464 pecca-

1764 1841 1882 1912 ipse
1905 1855 2126 1913 quoque
2151 1839 2439 1894 homicidae
2465 1846 2712 1909 tempore
2739 1840 2998 1909 punietur

1835 2033 2073 2090 LXXIII.
2098 2033 2202 2102 Qui
2235 2034 2453 2105 negavit
2483 2034 2765 2090 Christum
2830 2042 2885 2089 et
2915 2037 3108 2091 salutis
3139 2044 3345 2108 myste-

1763 2128 1909 2183 rium
1943 2128 2210 2192 violavit,
2270 2135 2389 2182 toto
2436 2127 2563 2182 vitae
2617 2142 2731 2181 suae
2783 2134 3028 2197 tempore
3080 2129 3246 2196 ﬂere,
3288 2137 3343 2184 et

1763 2220 2143 2290 patnitcntiam
2178 2234 2339 2290 agere
2384 2219 2582 2285 debet,
2612 2220 2693 2274 sic
2727 2227 2911 2274 tamen
2939 2259 2952 2283 ,
2989 2228 3047 2274 ut
3093 2228 3345 2293 tempore

1762 2426 1946 2482 verbis
1971 2466 1986 2485 ,
2023 2441 2176 2494 seque
2222 2441 2282 2480 eo
2320 2440 2483 2495 usque
2517 2439 2757 2491 peccasse
2798 2424 3070 2493 confessus
3107 2434 3206 2488 est,
3241 2427 3344 2481 ali-

1763 2497 1892 2568 quid
1908 2495 2277 2568 indulgentiae
2300 2510 2511 2568 merere
2537 2496 2882 2568 videbantur.

1835 2566 1950 2635 (26)
1991 2564 2511 2634 Καθαιρεθήσεται.
2554 2568 2625 2635 1η
2650 2566 2733 2620 his
2762 2565 3065 2619 canonibus
3103 2581 3242 2635 quos
3276 2568 3344 2622 de

1764 2634 2092 2692 clericorum
2124 2636 2366 2706 peccatis
2407 2636 2575 2689 edidit
2619 2634 2853 2691 Basilius
2878 2675 2891 2697 ,
2948 2634 3345 2706 duovidentur

1765 2708 1986 2764 silentio
2011 2704 2400 2776 praetermissa.
2428 2705 2606 2771 Quaeri
2638 2706 2780 2760 enim
2803 2706 2975 2775 possit
3001 2704 3191 2760 l°'Cnr
3221 2724 3345 2762 sus-

1763 2779 2071 2850 pensionis_
2102 2791 2316 2848 paanam
2346 2778 2446 2850 soli
2473 2777 2661 2850 lectori
2689 2793 2753 2829 ac
2777 2777 3051 2837 ministro,
3081 2778 3195 2850 sive
3215 2779 3345 2850 sub-

1765 2847 2019 2913 diacono,
2060 2847 2340 2916 imponat,
2389 2847 2638 2902 diaconis
2677 2854 2857 2900 autem
2911 2854 2967 2901 et
3008 2849 3343 2918 presbyteris

1765 2920 2159 2988 depositionem
2213 2918 2419 2986 absque
2447 2919 2556 2971 ulla
2589 2932 2816 2982 prorsus
2857 2917 3342 2988 exceptione'inﬂi-

1765 2985 1878 3060 gat.
1932 2990 2037 3043 nisi
2093 2989 2239 3058 quod
2278 2985 2835 3060 eiscommunionein
2865 3002 2988 3039 cum
3016 2985 3263 3060 diaconis
3288 2996 3344 3043 et

1767 3057 2122 3131 presbyteris
2150 3059 2450 3125 relinquit,
2507 3057 2551 3111 si
2592 3064 2881 3131 peccatum
2933 3071 3049 3131 non
3075 3058 3146 3110 ita
3178 3073 3343 3128 grave

1765 3125 1951 3185 I'uerit'.
1987 3129 2115 3183 Erat
2145 3136 2324 3183 tamen
2352 3128 2732 3197 suspensionis
2759 3142 2917 3196 pmna
2949 3128 3002 3198 in
3036 3125 3344 3198 ipsos'pre-

1765 3201 2014 3272 sbyteros
2036 3216 2142 3272 non
2176 3200 2475 3272 inusitata,_
2490 3207 2550 3251 ut
2578 3207 2722 3268 patet
2737 3214 2811 3272 ex
2844 3197 3089 3272 pluribus
3119 3197 3339 3272 aposto-

1764 3268 1886 3325 licis
1916 3271 2241 3329 canonibus,
2277 3271 2331 3322 in
2365 3269 2564 3338 quibus
2609 3268 2909 3337 presbyteri
2944 3282 3008 3321 ac
3046 3269 3147 3335 ipsi
3176 3269 3341 3324 etiam

1762 3341 2005 3410 episcopi
2041 3347 2418 3408 segregantur,
2451 3347 2756 3410 ac_postea,
2791 3338 2992 3410 si_sese
3016 3353 3125 3391 non
3157 3353 3343 3410 einen-

1761 3406 2015 3466 daveriht
2038 3450 2053 3474 ,
2089 3406 2458 3479 deponuntur.
2510 3407 2670 3462 Forte
2704 3408 2817 3479 haec
2836 3406 3081 3479 Basilius
3113 3409 3344 3479 reliquit

1761 3484 2019 3551 episcopo
2046 3476 2396 3549 dijuilicanda
2419 3518 2434 3541 ,
2485 3477 2943 3551 quemadmodum
2974 3476 3218 3551 ejusdem
3245 3476 3340 3532 ar-

1759 3548 1929 3605 bitrio
1952 3548 2220 3620 permittit
2247 3551 2302 3603 in
2330 3549 2635 3620 canonibus
2670 3549 2735 3602 74
2762 3556 2817 3602 et
2840 3548 2909 3601 84
2927 3590 2941 3611 ,
2975 3555 3035 3601 ut
3067 3549 3339 3620 paeniten-

1760 3623 1849 3676 tiae
1877 3618 2092 3690 tempus
2119 3621 2425 3681 imminuat,
2459 3619 2507 3674 si
2529 3618 2731 3690 bonus
2755 3622 2988 3690 evaserit
3015 3621 3061 3690 is
3091 3618 3182 3688 qui
3214 3633 3344 3687 pcc-

1760 3698 1924 3748 cavit.
1962 3688 2018 3745 2'“
2047 3691 2170 3745 Haec
2199 3691 2363 3744 etiam
2390 3689 2566 3758 possit
2608 3688 2818 3742 institui
2845 3689 3094 3756 quaestio,
3128 3697 3340 3742 utrum-

1759 3779 1828 3818 ne
1858 3764 1911 3816 in
1944 3761 2286 3831 gravissimis
2320 3760 2539 3830 quidem
2573 3758 2913 3831 criminibus
2945 3758 3337 3831 pmnitentiani

1758 3828 2034 3904 publicam
2118 3828 2448 3904 depositioni
2483 3828 2813 3904 ⁸ιιόεῖοςοιοίιε
2863 3828 3135 3904 ΔΑόιιὶιξίιιι
3196 3828 3340 3904 ratio

1760 3898 1814 3958 in
1847 3918 2058 3957 canone
2087 3904 2120 3957 5
2139 3943 2153 3967 ,
2190 3898 2301 3955 ’(ευιο
2329 3900 2534 3969 aliquid
2569 3898 2907 3953 discriminis
2936 3899 3167 3952 clericos
3196 3898 3339 3952 inter

1758 3982 1812 4029 et
1842 3974 2016 4028 laicos
2048 3973 2385 4043 ponendum_
2410 3971 2501 4032 sit,
2540 3985 2651 4043 non_
2689 3969 2864 4022 solum
2901 3969 2966 4043 ad
2996 3969 3178 4043 gravia
3212 3982 3340 4043 pec-

1757 4051 1880 4098 cata
1905 4085 1919 4108 ,
1982 4037 2076 4098 sed
2110 4043 2272 4098 etiam
2321 4040 2389 4095 ad
2421 4041 2747 4110 gravissima
2780 4037 3037 4108 pertinet.
3068 4037 3157 4090 Ait
3188 4038 3334 4110 enim

1756 4131 1973 4185 aequum
2035 4130 2159 4170 esse
2195 4121 2293 4178 ut,
2345 4108 2469 4185 cum
2516 4111 2639 4165 laici
2692 4120 2815 4185 post
2843 4110 3247 4185 paenitentiam
3284 4108 3338 4163 in

1756 4179 2007 4240 eumdem
2069 4187 2248 4239 locum
2307 4183 2689 4244 restituantur,
2725 4179 2910 4233 clerici
2944 4195 3074 4233 vero
3104 4194 3213 4232 non
3252 4192 3340 4232 re-

1757 4261 2078 4318 stituantur,
2119 4257 2403 4311 liberalius
2427 4261 2483 4308 et
2510 4253 2697 4305 mitius
2730 4265 2853 4304 cum
2881 4249 3096 4303 clericis
3124 4255 3334 4316 agatur.

1755 4327 1983 4381 Nolebat
2021 4342 2152 4397 ergo
2197 4326 2430 4381 clericos
2482 4325 2663 4393 lapsos
2702 4320 3113 4397 quadruplicem
3158 4319 3339 4397 ι)ῳηὶ-

1759 4399 1939 4455 lentiae
2006 4388 2233 4469 grfdum
2293 4388 2635 4469 percurrere.
2710 4388 2815 4446 Sed
2877 4388 3335 4469 quemadmodum

75 4468 189 4540 tum
222 4458 450 4545 aliquod
488 4460 688 4545 inhhoc
715 4458 926 4545 canone
976 4458 1273 4545 designari,
1304 4458 1478 4545 "quod
1529 4466 1647 4536 ipsa
1678 4467 1725 4523 Ι)
1754 4471 1910 4540 lapso
1972 4458 2037 4524 ἰιῖ
2086 4458 2503 4545 fornicationem
2560 4464 2794 4519 diacono
2823 4458 2931 4545 non
2971 4462 3152 4545 statim
3185 4474 3338 4513 com-

76 4530 494 4606 a‘ctionelevius
524 4530 637 4606 sit;
672 4531 871 4606 nedum
900 4547 964 4587 ea
994 4530 1266 4604 suspicari
1304 4530 1487 4606 liceat,
1523 4530 1644 4606 q'ute

75 4597 266 4654 Basilii
292 4601 685 4669 interpretibus
727 4602 784 4656 in
833 4610 1068 4657 mentem
1095 4597 1387 4659 venerunt.
1425 4597 1649 4661 Sed-ta-

76 4684 199 4748 men
219 4685 351 4748 cum
383 4670 507 4724 dico
531 4670 792 4726 Basiliam
822 4672 877 4725 in
910 4674 1199 4748 puniendis
1228 4676 1495 4748 labiorum
1527 4694 1652 4748 pec—

78 4741 217 4795 catis
243 4740 507 4796 leniorem
535 4756 684 4815 essc,
715 4757 825 4796 non
858 4740 1137 4813 quodlibet
1164 4746 1401 4815 turpium
1442 4740 1653 4802 ser'mo-

76 4822 209 4887 nu_m
266 4826 479 4887 genus,
513 4826 621 4887 non
668 4812 952 4887 immunda
1004 4812 1276 4887 colloquia
1356 4818 1653 4887 (quomodo

78 4881 221 4955 enim
281 4883 612 4955 presbyteris
659 4881 772 4955 hoc
824 4884 957 4955 vitio
997 4881 1220 4955 pollutis
1260 4881 1521 4942 honorem
1560 4904 1654 4943 ca-

78 4951 289 5005 thedra:
309 4951 721 5028 -reliquisset?),
755 4952 849 5008 sed
868 4951 1177 5028 Aejus'modi
1198 4957 1545 5028 intelligenda
1571 4968 1655 5014 cst

79 5019 346 5086 peccandi
394 5019 669 5097 voluntas,
700 5038 821 5091 qua:
861 5019 1020 5097 foras,
1053 5026 1271 5095 quidem
1301 5019 1486 5097 aliquo
1536 5045 1655 5084 ser-

81 5104 240 5146 mone
272 5091 474 5164 prodit,
506 5093 817 5164 sedatamen
842 5091 1135 5164 quominus
1168 5098 1224 5150 in
1256 5091 1436 5151 actum
1475 5114 1658 5152 erum-

79 5163 480 5237 pat,subeunte
510 5162 720 5237 meliori
748 5162 1093 5233 cogitatione,
1109 5168 1655 5237 reprimitur.Quem--

82 5231 379 5308 admodum
443 5233 594 5308 enim
621 5231 920 5308 peccata,
972 5251 1096 5305 quae
1147 5231 1263 5291 sola
1323 5231 1656 5308 cogitatione

82 5304 543 5378 committuntur,
581 5301 793 5378 idcirco
821 5301 1026 5378 leviora
1053 5322 1174 5362 esse
1196 5301 1520 5378 pronun'tiat
1555 5311 1655 5364 Ba-

85 5370 262 5448 silius,
299 5379 597 5448 comment.
626 5374 683 5427 in
725 5371 931 5429 Isaiam
957 5392 1014 5430 n.
1051 5378 1172 5439 115,
1197 5370 1326 5448 ρος.
1360 5380 1487 5443 459,
1511 5389 1561 5435 et
1598 5397 1652 5436 n.

81 5438 203 5521 an,
244 5458 301 5512 p.
331 5442 464 5521 564,
498 5445 627 5513 quia
656 5459 906 5521 repressa
938 5438 1307 5521 est‘actio'nis
1331 5438 1654 5521 turpitudo;

82 5512 161 5593 ita.
188 5512 452 5593 hoc.lnco
507 5512 909 5593 non_qua_:libe.t
944 5516 1213 5593 labiorum
1249 5512 1472 5588 peccata
1498 5559 1514 5583 ,
1548 5512 1658 5593 non

83 5582 414 5654 calumnias.
442 5599 551 5638 non
594 5582 992 5654 bla'spliemias,
1025 5589 1121 5642 sed
1150 5602 1215 5643 ea
1249 5582 1457 5643 tantum
1482 5582 1659 5648 lenius

83 5653 285 5725 tractat
312 5690 330 5715 ,
380 5668 504 5723 qua:
554 5656 690 5725 adeo
715 5653 905 5725 gravia
935 5671 1045 5711 non
1071 5664 1249 5719 erant,
1284 5660 1371 5714 vel
1394 5660 1557 5715 etiam
1587 5664 1658 5718 ob

82 5718 416 5778 declinatam
469 5724 701 5782 actionis
720 5718 1116 5797 turpitudinem
1141 5768 1157 5797 ,
1211 5738 1272 5784 ut
1300 5737 1448 5800 patet
1472 5746 1536 5787 ex
1570 5732 1656 5790 his

1753 4534 2066 4595 munionem
2090 4539 2303 4601 reddit,
2333 4536 2427 4592 sed
2452 4536 2571 4605 ejus
2595 4534 3008 4588 conversionem
3041 4539 3094 4585 et
3123 4544 3336 4605 morum

1752 4611 2187 4666 emendationem
2230 4598 2567 4680 probandam
2614 4620 2737 4660 esse
2760 4607 3060 4680 _censet,_ut
3085 4598 3149 4680 ad
3180 4615 3337 4680 enni-

1752 4682 1875 4737 dem
1905 4696 2172 4736 canonem
2214 4669 2437 4750 tertium
2485 4674 2922 4750 observavimus,
2976 4672 3080 4750 ita_
3107 4669 3333 4750 dubium

1753 4767 1876 4807 esse
1910 4767 2018 4805 non
2059 4757 2262 4821 potest,
2318 4749 2452 4819 quin
2489 4747 2555 4800 ad
2608 4744 2859 4799 criminis
2906 4740 3333 4821 magnitudinem

1752 4823 2022 4892 probandi
2061 4813 2286 4892 inodum
2312 4813 2372 4892 et
2409 4827 2623 4892 tempus
2650 4813 3162 4892 accommodaverit.

1825 4893 1938 4964 (‘27)
1982 4891 2253 4964 Ἑαυτόν.
2309 4891 2418 4944 Eos
2452 4881 2710 4964 intelligit
2739 4885 2829 4955 qui
2864 4898 2939 4964 [se
2976 4881 3194 4960 vatibus
3219 4886 3335 4964 tra-

1755 4952 1894 5018 dunt
1921 4952 1995 5017 'ad
2026 4976 2216 5015 eorum
2248 4968 2420 5014 artem
2453 4952 2825 5013 ediscendum.
2863 4952 2956 5006 Sic
2985 4953 3131 5005 enim
3158 4952 3333 5002 inter-

1755 5032 2335 5106 pretaturAristenus.
2373 5028 2445 5083 lis
2473 5037 2656 5106 autem
2701 5025 2996 5106 qui_vates
3033 5020 3334 5106 consulunt

1757 5098 1852 5159 aut
1900 5105 1953 5157 in
2014 5116 2169 5156 suam
2214 5101 2435 5154 domum
2472 5098 2851 5161 introducunt,
2893 5108 2989 5147 sex
3020 5098 3149 5144 anni
3192 5098 3335 5142 irro-

1755 5175 2037 5247 gantnrin
2065 5171 2409 5247 (ῖιιιιοῐιςεειὶξ.ι
2484 5244 2494 5247 _
2612 5238 2653 5247 _
2927 5232 2989 5247 Α,

1828 5245 1940 5317 (28)
1977 5241 2267 5317 Ἐνπαντὶ
2290 5241 2370 5306 τῷ
2384 5237 2869 5317 γρᾴνῳεβιιδίιίιιε.
2888 5241 2947 5317 ut
2976 5236 3331 5317 ipsiti'sinterf

1755 5300 2277 5387 pretes'observant,
2300 5300 2659 5387 etsiwdiscedit
2675 5323 2704 5359 a
2728 5300 3085 5387 vetustiorum
3106 5300 3327 5387 [fati-um

1757 5371 2015 5445 decretis,
2052 5398 2160 5437 non
2190 5371 2369 5436 tamen
2405 5383 2473 5435 ab
2498 5395 2687 5451 eorum
2728 5383 2906 5431 mente
2961 5373 3214 5427 discedit.
3247 5371 3324 5451 ll_li

1756 5459 1904 5511 enim
1939 5468 2125 5524 pacem
2152 5453 2420 5507 dederunt
2452 5450 2814 5524 postaliqnot
2844 5459 3115 5524 annorum
3148 5450 3328 5524 potni-

1757 5514 1989 5582 tentiam
2036 5524 2122 5578 his
2181 5524 2276 5593 qui
2324 5514 2719 5593 persecutionis
2770 5525 3016 5593 tempore
3047 5514 3328 5568 Christum

1758 5601 2111 5668 negaverant.
2148 5587 2216 5668 Αἱ
2244 5587 2599 5668 ωιῂιιιιηηςιιὶι
2631 5589 2908 5668 Severiora
2935 5587 3120 5668 in.eos
3147 5596 3333 5668 eernI-f

1759 5652 1859 5737 pla”
1882 5666 2071 5737 statui,
2102 5665 2196 5733 qui
2247 5652 2563 5735 tranquillis
2624 5658 2964 5730 temporibus
2996 5654 3102 5710 hoc
3147 5652 3332 5708 scelus

1760 5736 2132 5793 admitterent.
