3862 6220
1875 275 1931 332 S.
1972 269 2217 329 BASILII
2262 269 2480 325 MAGNI

527 422 638 477 quo
683 421 715 461 e
746 404 857 460 vita
892 407 1143 469 excedit,
1197 411 1552 461 sacramento
1591 403 1794 474 dignus
1838 401 2098 455 habeatur

2216 392 2433 462 γεῖσθαι
2463 395 2748 467 χρεωστεῖ,
2777 394 2836 447 ἐν
2861 391 2939 463 τῷ
2978 390 3160 463 καιρῷ
3190 383 3237 458 ᾧ
3270 390 3514 447 ἐκϐαίνει
3536 387 3632 441 τοῦ
3670 388 3808 457 βίον,

527 498 601 552 ob
637 495 794 551 [idem
820 496 875 549 in
910 494 1005 551 Dei
1026 498 1394 552 clementiam.

602 670 838 727 LXXIV.
862 670 1016 738 Quod
1050 672 1095 726 si
1129 671 1513 741 unusquisque
1535 684 1749 733 eorum,
1770 669 1864 739 qui
1898 667 1953 723 in
1975 682 2113 737 pra:-

530 766 696 821 mctis
733 766 972 835 peccatis
1029 763 1218 827 fuere,
1259 763 1642 832 paenitentiam
1696 776 1889 833 agens,
1926 760 2107 815 bonus

529 862 805 927 evaserit,
850 860 897 913 is
936 859 1024 914 cui
1073 876 1101 912 a
1150 857 1247 912 Dei
1295 856 1630 926 benignitate
1682 852 1889 925 ligandi
1946 862 2112 922 alque

530 952 778 1006 solvendi
838 952 1045 1005 credita
1108 958 1355 1020 potestas
1391 989 1407 1012 ,
1470 948 1519 1002 si
1586 946 1915 1002 clementior
1977 945 2108 1009 ﬁat,

530 1052 823 1113 perspecta
855 1044 1003 1097 illius
1050 1042 1145 1111 qui
1180 1041 1430 1111 peccavit
1474 1039 1815 1110 poenitentia;
1846 1037 2112 1106 magnitu-

531 1137 659 1191 dine
680 1178 695 1202 ,
724 1137 789 1190 ad
817 1135 1228 1191 diminuendmn
1263 1148 1549 1204 poenarum
1586 1138 1840 1201 tempus,
1873 1145 1981 1184 non
2005 1128 2111 1183 erit

530 1226 730 1296 dignus
759 1225 1235 1288 condemnatione,
1256 1238 1381 1276 cum
1408 1238 1471 1277 ea
1503 1236 1623 1291 qua:
1648 1229 1733 1275 est
1771 1221 1824 1273 in
1865 1217 2111 1287 Scriptu-

530 1317 628 1379 ris,
658 1315 886 1369 historia
915 1330 1016 1369 nos
1045 1314 1259 1381 doceat,
1285 1330 1382 1368 eos
1415 1312 1508 1383 qui
1539 1326 1664 1366 cum
1688 1309 1898 1379 majore
1921 1309 2108 1363 labore

527 1407 905 1476 pu-nitentiam
940 1417 1141 1477 agunt,
1174 1406 1287 1461 cito
1339 1405 1435 1460 Dei
1460 1403 1922 1459 'misericordiam
1973 1415 2107 1455 con-

527 1500 704 1567 sequi.

597 1587 806 1643 LXXV.
840 1588 941 1655 Qui
973 1606 1097 1645 cum
1138 1606 1238 1646 sua
1284 1606 1351 1645 ex
1394 1597 1549 1661 patre
1579 1588 1665 1644 vel
1702 1603 1773 1647 ex
1802 1595 1980 1643 matre
2022 1600 2107 1642 so-

524 1694 651 1734 rore
674 1682 913 1750 pollutus
943 1690 1026 1737 est
1046 1721 1060 1745 ,
1093 1682 1148 1735 in
1175 1682 1401 1745 domum
1431 1681 1701 1736 orationis
1730 1694 1801 1734 ne
1825 1677 2106 1748 permitta-

2219 484 2311 537 τοῦ
2352 487 2693 555 ἀγιάσματος
2725 484 3067 556 ἀξιούμενος,
3097 484 3281 543 πίστει
3320 482 3420 552 τῆς
3464 482 3615 553 παρὰ
3672 482 3808 534 Usa:

2221 576 2653 647 φιλανθρωπίας.

2287 671 2405 722 ΟΔ’.
2444 668 2579 727 ’Ἐὰν
2612 668 2862 738 μέντοιγε
2915 668 3146 732 ἕκαστος
3194 664 3303 718 τῶν
3333 664 3393 718 ἐν
3438 665 3555 727 τοῖς
3597 678 3807 733 προγεο

2218 761 2560 831 γραμμένοις
2588 760 2953 831 ἁμαρτήμασι
2977 758 3289 835 γενομένων
3323 755 3610 818 σπουδαῖος
3646 755 3795 823 γένη

2215 868 2334 915 ται,
2380 852 2909 925 ἐίξομολογςιύιιιενος⁸
2945 853 2976 905 ὁ
3016 850 3330 913 πιστευθεὶς
3376 849 3531 921 παρὰ
3580 848 3686 920 τῆς
3714 847 3810 901 τοῦ

2216 945 2352 1001 Θεοῦ
2383 945 2796 1018 φιλανθρωπίας
2827 944 2978 999 λύειν
3012 944 3110 999 καὶ
3144 944 3388 1014 δεσμεῖν,
3404 944 3463 996 εἰ
3497 940 3799 1013 φιλανθρω

2216 1036 2455 1108 πότερος
2480 1038 2712 1106 γένοιτο,
2748 1038 2811 1092 τὸ
2845 1036 3190 1109 ’ὑπερϐάλλον
3225 1036 3328 1106 τῆς
3356 1034 3809 1113 ὲξομολογῄσεως

2214 1128 2356 1202 ὁρῶν
2386 1129 2481 1184 τοῦ
2511 1130 2919 1205 ἡμαρτηκότος,
2948 1131 3031 1192 εἰς
3062 1128 3123 1189 τὸ
3154 1126 3454 1189 ἐλαττῶσαι
3492 1128 3585 1183 τὸν
3608 1125 3807 1197 χρόνον

2214 1222 2326 1277 τῶν
2358 1223 2673 1293 ἐπιτιμίων,
2704 1223 2805 1275 οὐκ
2851 1221 3003 1274 ἔσται
3042 1218 3444 1289 καταγνώσεως
3480 1218 3669 1286 ἄξιος⁴
3708 1218 3807 1287 τῆς

2217 1317 2275 1370 ἐν
2299 1317 2422 1378 ταῖς
2449 1315 2694 1385 Γραφαῖς
2720 1311 3102 1385 (ἓδθλὶστορίας
3124 1308 3499 1383 γνωριζούσης
3523 1312 3663 1380 ἡμῖν
3679 1310 3806 1371 τοὺς

2219 1406 2359 1479 μετὰ
2388 1406 2636 1478 μείζονος
2672 1405 2842 1463 ,πόνου
2887 1401 3414 1474 ἐξομολογουμένους
3457 1398 3673 1471 ταχέως
3710 1400 3805 1451 τὶν

2214 1499 2308 1554 τοῦ
2334 1498 2481 1552 -Θεοῦ
2514 1496 2928 1568 φιλανθρωπίαν
2960 1492 3426 1565 καταλαμϐάνειν.

2283 1592 2405 1646 OE'.
2436 1592 2493 1645 '0
2521 1590 2724 1661 ἀδελφῇ
2754 1589 2862 1661 ἰδίᾳ
2886 1591 2952 1642 ἐκ
2986 1586 3193 1663 πατρὸς
3223 1586 3261 1657 ,ἢ
3304 1587 3369 1638 ἐκ
3412 1582 3619 1656 μητρὸς
3667 1599 3808 1652 συμ-

2216 1682 2464 1753 μιανθεὶς
2492 1685 2573 1746 εἰς
2602 1677 2752 1735 οἷκον
2785 1680 3098 1759 προσευχῇς
3143 1678 3218 1750 μὴ
3256 1674 3640 1748 ἐπιτρεπέσθω
3669 1692 3806 1745 παρ-

526 1785 616 1826 ιιιι·
662 1774 959 1837 accedere,
990 1775 1166 1829 donec
1198 1775 1267 1829 ab
1313 1775 1503 1844 iniqua
1540 1782 1595 1827 et
1646 1772 1860 1827 nefaria
1892 1772 2098 1824 actione

2212 1778 2373 1837 εἶναι,
2400 1774 2509 1837 ἕως
2542 1774 2617 1831 ,ἂν
2652 1775 2863 1845 ἀποστῇ
2898 1772 3003 1842 τῆς
3038 1769 3362 1844 παρανόμου
3408 1769 3504 1822 καὶ
3534 1767 3801 1838 ἀθεμίτου

523 1865 774 1921 desistat.
816 1863 1112 1936 Postquam
1144 1874 1326 1920 autem
1364 1868 1420 1922 in
1456 1864 1715 1921 horrendi
1750 1864 1962 1934 peccati
1986 1880 2107 1917 sen-

524 1975 643 2014 szim
688 1967 745 2015 et
786 1959 1324 2015 animadversionem
1366 1959 1614 2023 venerit,
1656 1958 1898 2013 triennio
1943 1955 2099 2020 ﬂeat,

523 2060 676 2106 stans
701 2065 924 2122 propter
957 2052 1102 2108 fores
1131 2052 1331 2107 domus
1362 2052 1658 2117 orationis,
1689 2061 1743 2106 et
1782 2064 1985 2121 rogans
2007 2064 2108 2119 po-

521 2143 709 2213 pulum
746 2144 1142 2214 ingredientem
1175 2146 1243 2199 ad
1272 2146 1617 2211 orationem,
1645 2153 1700 2199 ul
1728 2143 2109 2214 unusquisque

520 2234 955 2290 misericorditer
1030 2251 1130 2306 pro
1186 2237 1306 2307 ipso
1370 2236 1621 2300 intensas
1682 2234 1751 2288 ad
1812 2232 2108 2287 Dominum

520 2340 711 2395 preces
760 2326 971 2382 fundat.
1024 2326 1220 2382 Postea
1266 2336 1451 2382 autem
1484 2328 1594 2380 alio
1628 2324 1870 2380 triennio
1920 2324 1986 2378 ad
2023 2338 2108 2379 so-

520 2418 627 2471 lam
662 2418 999 2475 auditionem
1050 2420 1409 2483 admittatur,
1454 2426 1527 2485 et,
1555 2417 1862 2493 Scripturis
1900 2417 2106 2471 doctri-

520 2525 702 2580 naque
730 2511 959 2575 auditis,
1000 2512 1283 2582 ejiciatur,
1323 2526 1425 2566 nec
1460 2511 1661 2581 dignus
1690 2508 1956 2565 habeatur
1988 2522 2108 2565 ora-

518 2606 690 2661 tione.
728 2604 969 2671 Deinde,
1008 2606 1055 2661 si
1119 2604 1283 2660 modo
1312 2605 1473 2659 illam
1535 2619 1660 2659 cum
1698 2603 1960 2675 lacrymis
2009 2617 2105 2656 ex-

518 2680 809 2765 quisierit,
854 2706 910 2752 et
957 2697 1192 2752 Domino
1242 2711 1367 2750 cum
1418 2695 1604 2749 cordis
1661 2694 1998 2749 contritione
2050 2702 2105 2747 et

520 2790 702 2846 valida
749 2791 1135 2845 humiliatione
1178 2789 1405 2861 supplex
1468 2786 1767 2858 prociderit
1793 2829 1808 2854 ,
1852 2785 2013 2841 detur
2052 2786 2101 2838 ei

519 2883 819 2938 substratio
850 2899 945 2953 per
977 2883 1115 2938 alios
1146 2890 1261 2938 tres
1308 2896 1505 2935 annos.
1544 2879 1631 2943 Et,
1652 2888 1944 2950 postquam
1986 2892 2102 2948 p02-

519 2976 760 3030 nitentiae
796 2976 1008 3030 fructus
1038 2974 1233 3047 dignos
1259 2973 1600 3038 ostenderit,
1633 2988 1781 3028 anno
1801 2972 2018 3027 decimo
2046 2972 2099 3025 in

521 3069 761 3123 ﬁdelium
815 3069 1095 3123 orationes
1128 3068 1467 3138 suscipiatur
1519 3066 1639 3121 sine
1692 3049 2101 3119 oblationefet

518 3160 611 3216 ubi
639 3161 798 3216 annis
823 3161 1039 3215 duobus
1066 3175 1171 3213 una
1200 3175 1324 3214 cum
1355 3158 1609 3214 ﬁdelibus
1640 3157 1858 3212 steterit
1881 3156 1948 3211 ad
1975 3170 2101 3210 ora-

516 3249 722 3304 tionem
744 3290 760 3316 ,
788 3252 863 3305 ita
889 3251 1110 3306 demum
1151 3250 1351 3321 dignus
1380 3249 1645 3305 habeatur
1675 3246 1809 3302 boni
1858 3262 2103 3303 commu-

518 3354 703 3396 310118.

589 3516 823 3572 LXXVI.
856 3517 1060 3573 Eadem
1096 3526 1179 3574 est
1213 3518 1355 3573 ratio
1392 3519 1461 3574 de
1489 3517 1558 3573 iis
1596 3533 1818 3589 quoque
1846 3517 1937 3589 qui
1970 3500 2101 3575 suos

515 3625 693 3666 nurus
721 3612 1023 3680 accipiunt.

589 3704 755 3774 329
782 3701 1036 3759 LXXVII.
1062 3701 1165 3769 Qui
1197 3701 1461 3773 relinquit
1481 3702 1725 3773 legitime
1748 3702 1855 3759 sibi
1877 3702 2100 3774 c0pula-

514 3799 628 3847 tam
666 3793 986 3858 mulierem,
1021 3802 1075 3849 et
1108 3794 1269 3849 aliam
1297 3795 1481 3853 ducit,
1513 3809 1582 3849 ex
1629 3791 1844 3848 Domini
1879 3804 2103 3850 senten-

592 3924 728 3995 {28‘)
767 3923 882 3993 Τῆς
930 3926 1000 3980 ὲν
1033 3925 1164 3993 ταῖς
1207 3924 1498 3995 Γραφαῒς.
1532 3924 1802 3980 Observat
1853 3924 2101 3980 Zonaras

517 4007 771 4066 sanctum
805 3995 1022 4050 Patrem
1046 3997 1114 4051 ad
1142 4012 1229 4060 ea,
1253 4013 1375 4066 qua:
1397 4004 1699 4051 narrantur
1720 3995 1788 4050 de
1822 3995 2098 4066 Manasse,

517 4065 749 4121 Ezechia
776 4077 830 4121 et
858 4066 982 4121 aliis
1011 4065 1305 4136 ejusmodi,
1339 4067 1571 4137 digitum
1600 4067 1908 4137 intendere.
1947 4065 2099 4121 Hanc

518 4143 699 4189 autem
722 4138 949 4191 canonis
982 4135 1105 4192 esse
1127 4135 1453 4192 sententiain
1472 4136 1759 4191 contendit
1780 4135 2096 4199 Balsamon,

518 4215 580 4259 ut
631 4208 869 4276 episcopi
932 4224 1042 4262 non
1079 4209 1258 4263 solum
1308 4221 1595 4277 pinnarum
1659 4215 1877 4276 tempus
1920 4208 2100 4260 immi-

516 4284 715 4341 nuant,
750 4279 843 4331 sed
877 4278 1024 4346 ipsas
1057 4281 1221 4333 etiam
1253 4292 1447 4347 pmnas
1472 4285 1819 4335 commutent
1847 4296 1875 4347 :7
1898 4277 1954 4331 in
1984 4293 2095 4346 quo

516 4347 738 4418 quidem
799 4348 902 4401 sibi
952 4346 1356 4402 nonnullos’ait
1390 4363 1501 4403 non
1539 4347 1821 4401 assentiri.
1859 4346 2100 4418 lpseta-

519 4433 643 4470 men
672 4416 871 4471 fatetur
903 4433 1154 4487 magnam
1186 4433 1310 4473 esse
1343 4418 1543 4472 debere
1575 4416 1913 4473 cautionem.
1954 4417 2091 4471 Nar-

519 4495 607 4540 rat
659 4488 803 4541 enim
831 4502 954 4540 cum
1009 4489 1166 4542 miles
1219 4488 1513 4542 voluntarii
1558 4487 1842 4542 homicidii
1889 4503 2019 4543 reus
2059 4503 2088 4541 a

517 4557 754 4627 quodam
780 4559 1037 4627 episcopo
1070 4565 1193 4628 post
1235 4559 1399 4613 breve
1430 4557 1722 4628 admodum
1757 4558 2090 4628 poenitentia:

519 4626 735 4698 tempus
766 4626 1051 4683 absolutus
1070 4626 1261 4683 luisset
1287 4639 1391 4683 tem
1401 4644 1532 4698 pore
1556 4626 1716 4682 Lucae
1741 4626 2086 4697 patriarchae,

519 4697 788 4769 synodum
838 4698 998 4766 jussu
1054 4697 1415 4769 imperatoris
1450 4700 1709 4769 graviter,
1754 4699 1809 4751 id
1862 4698 2089 4753 ferentis

518 4768 911 4833 cenvocatam,
963 4769 1032 4823 de
1085 4768 1328 4838 episcopi
1389 4768 1535 4822 facto
1587 4768 1944 4823 deliberasse.
2011 4770 2091 4824 Ac

518 4839 837 4920 episcopum
868 4839 1087 4920 quidem
1146 4838 1469 4920 sese‘huj-us
1503 4840 1733 4920 canonis
1754 4846 1818 4920 .et
1847 4840 2083 4892 aliorum

520 4907 779 4963 similium
834 4907 1163 4963 auctoritate
1202 4907 1537 4969 defendisse,
1569 4908 1666 4963 sed
1703 4907 1771 4961 ad
1807 4917 2024 4978 tempus
2058 4927 2089 4962 a

518 4978 829 5034 ministerio
858 4988 1126 5035 remotum
1166 4980 1356 5041 fuisse,
1390 4989 1443 5034 et
1478 4979 1707 5035 militem
1750 4994 1946 5033 rursus
1974 4995 2091 5048 pa:-

520 5049 764 5120 nitentia:
822 5051 1131 5119 subjectum
1171 5050 1610 5120 :pronuntiante
1660 5048 1873 5119 synodo
1923 5049 2089 5104 licere

521 5118 738 5187 quidem
791 5118 1068 5189 episcopis
1103 5118 1399 5175 canonicas
1433 5135 1625 5189 ptenas
1665 5118 1866 5189 augere
1895 5129 1950 5174 et
1983 5120 2088 5172 mi-

520 5204 709 5260 nuere,
736 5191 830 5260 sed
866 5205 1191 5245 aranearum
1242 5192 1349 5244 lilis
1389 5192 1583 5260 ligare,
1605 5204 1728 5260 qua:
1756 5190 1958 5244 debent
1992 5191 2091 5243 tri—

520 5258 632 5330 bus
653 5258 973 5330 rudentibus
1002 5261 1236 5330 alligari,
1263 5276 1372 5330 non
1401 5258 1589 5330 licere.

589 5327 700 5396 (529)
731 5327 1228 5399 Καταλιμπάιῖων.
1256 5329 1529 5399 Loquitur
1559 5329 1617 5383 S.
1663 5328 1827 5399 Pater
1850 5329 1918 5384 de
1967 5329 2088 5383 viro

519 5397 723 5469 injuste
758 5397 1052 5469 legitimam
1078 5416 1301 5455 uxorem
1332 5397 1656 5456 dimittente.
1681 5398 1816 5454 Nam
1845 5400 1894 5453 si
1930 5400 2088 5453 adul-

519 5468 715 5521 terium
768 5468 1160 5535 in’tercessiset,
1194 5486 1303 5529 non
1332 5470 1444 5540 jam
1496 5471 1736 5540 legitima
1777 5484 1914 5524 uxor
1940 5479 2087 5526 esset

517 5553 586 5591 ex
620 5540 886 5610 sententia
919 5540 1127 5604 Basilii,
1155 5542 1247 5610 qui
1279 5543 1584 5597 adulteram
1609 5540 1733 5610 ejici
1765 5541 1941 5607 jubet,
1972 5556 2085 5595 non

520 5605 682 5687 modo
712 5610 996 5687 permittit.
1052 5605 1232 5680 Atque
1264 5612 1381 5687 hoc
1397 5612 1619 5687 quidem
1639 5605 1947 5687 'peccatum
1983 5612 2085 5687 h0-

519 5679 683 5730 minis
742 5679 1035 5746 legitimam
1073 5679 1296 5735 uxorem
1330 5679 1654 5735 diniittentis
1687 5689 1741 5734 et
1782 5682 1944 5734 aliam
1981 5682 2085 5735 du-

520 5746 733 5810 cen‘lis,
797 5748 1124 5805 adulterium
1169 5750 1371 5808 fatetur
1414 5768 1558 5819 esse,
1590 5752 1636 5807 si
1691 5751 1906 5806 Domini
1950 5768 2079 5808 scn-

2213 1865 2484 1937 πράξεως.
2538 1864 2695 1918 Μετὰ
2723 1863 2780 1916 δέ
2829 1863 2891 1915 τὸ
2940 1860 3119 1915 ἐλθεῖν
3166 1861 3247 1923 εἰς
3298 1857 3654 1928 συναίσθησιν
3701 1857 3802 1925 τῆς

2216 1956 2455 2027 φοϐερᾶς
2495 1954 2773 2027 ἁμαρτίας
2816 1952 3054 2023 ἐκείνης,
3098 1950 3342 2024 τριετίαν
3391 1948 3799 2023 προσκλαιέτω,

2208 2050 2274 2121 τῇ
2303 2046 2445 2119 θύρᾳ
2468 2047 2583 2101 τῶν
2598 2030 2919 2117 εὐκτηρίων
2943 2042 3111 2097 οἴκων
3141 2041 3526 2114 παρεστηκὼς,
3552 2040 3654 2093 καὶ
3679 2040 3800 2093 δεό-

2212 2156 2372 2212 μενος
2411 2140 2506 2193 τοῦ
2534 2137 2673 2192 λαοῦ
2714 2137 2984 2200 εἰσιόντος
3020 2136 3114 2189 ἐπὶ
3149 2134 3249 2207 τὴν
3282 2134 3614 2208 προσευχὴν,
3656 2134 3801 2188 ὥστε

2206 2235 2436 2288 ’ἑκαστον
2458 2231 2597 2304 μετὰ
2617 2230 2959 2303 συμπαθείας
2983 2229 3125 2299 ὑπὲρ
3152 2226 3329 2281 αὐτοῦ
3352 2229 3592 2290 ἐκτενεῖς
3632 2229 3804 2280 ποιεῖς

2210 2324 2332 2379 σθαι
2383 2325 2520 2397 πρὸς
2556 2325 2647 2377 τὸν
2681 2322 2886 2394 Κύριον
2918 2320 3017 2384 τὰς
3066 2321 3298 2392 δεήσεις.
3354 2319 3510 2373 Μετὰ
3550 2319 3609 2372 δὲ
3640 2318 3804 2372 τοῦτο

2207 2415 2377 2486 ἄλλην
2414 2413 2665 2485 τριετίαν
2713 2415 2794 2476 εἰς
2828 2410 3096 2484 ἀκρόασιν
3142 2410 3313 2481 μόνην
3363 2408 3799 2481 παραδεχθήτω,

2207 2510 2303 2562 καὶ
2340 2507 2555 2561 ἀκούων
2619 2505 2731 2559 τῶν
2764 2503 3009 2575 Τραφῶν
3050 2504 3147 2556 καὶ
3183 2504 3285 2573 τῆς
3314 2502 3672 2565 διδασκαλίας
3712 2504 3803 2555 ἐκ·

2207 2600 2516 2666 ϐαλλέσθω,
2544 2599 2643 2652 καὶ
2671 2598 2746 2670 μὴ
2774 2596 3152 2664 καταξιούσθω
3184 2596 3512 2670 προσευχῆς.
3540 2596 3800 2656 Ἔπειτα,

2207 2694 2365 2764 εἷπερ
2402 2692 2540 2763 μετὰ
2572 2690 2836 2762 δακρύων
2882 2691 3208 2763 ἐξεζήτησεν
3258 2689 3452 2761 αὐτὴν,
3492 2688 3591 2745 καὶ
3629 2705 3802 2762 προσ-

2206 2785 2370 2838 έπεσε
2420 2783 2499 2854 τῷ
2547 2782 2737 2855 Κυρίῳ
2791 2782 2932 2854 μετὰ
2984 2780 3331 2854 συντριμμοῦ
3389 2780 3625 2852 καρδίας
3704 2780 3800 2834 καὶ

2205 2878 2591 2943 ταπεινώσεως
2639 2880 2904 2949 ἰσχυρᾶς,
2937 2876 3166 2932 διδόσθω
3214 2875 3364 2947 αὐτῷ
3479 2876 3799 2937 ύπόπτωςις

2206 2973 2263 3024 ἐν
2313 2971 2492 3036 ἄλλοις
2542 2971 2720 3043 τρισὶν
2769 2969 2934 3023 ἔτεσι.
2982 2970 3092 3024 Καὶ
3132 2968 3341 3034 οὕτως,
3394 2967 3624 3025 ἐπειδὰν
3676 2969 3798 3029 τοὺς

2206 3062 2455 3133 καρποὺς
2494 3060 2597 3130 τῆς
2645 3058 2935 3130 μετανοίας
2974 3058 3161 3126 ἀξίους
3194 3057 3554 3129 ἐπιδείξηται,
3595 3056 3678 3128 τῷ
3713 3057 3797 3108 δε-

2206 3153 2356 3223 κάτῳ
2385 3152 2497 3206 ἔτει
2523 3152 2604 3215 εἰς
2641 3152 2741 3224 τὴν
2774 3149 2888 3203 τῶν
2920 3149 3128 3203 πιστῶν
3157 3148 3322 3220 εὐχὴν
3351 3148 3601 3219 δεχθήτω
3632 3147 3796 3218 χωρὶς

2206 3244 2556 3315 προσφορᾶς·
2610 3242 2705 3295 καὶ
2736 3242 2831 3295 δύο
2859 3240 2955 3313 ἐτη
2986 3240 3189 3303 συστὰς
3234 3241 3316 3304 εἰς
3350 3239 3451 3310 τὴν
3480 3238 3654 3310 εὐχὴν
3688 3241 3796 3299 τοῖς

2207 3338 2440 3398 πιστοῖς,
2476 3333 2620 3388 οὕτω
2653 3334 2844 3388 λοιπὸν
2889 3332 3272 3399 καταξιούσθω
3311 3332 3414 3403 τῆς
3444 3331 3542 3384 τοῦ
3589 3330 3795 3394 ἁγαθοῦ

2204 3428 2511 3488 κοινωνίας.

2274 3521 2412 3586 οςν.
2462 3519 2520 3573 '0
2566 3518 2728 3582 αὐτὸς
2768 3519 2939 3583 τύπος
2970 3516 3231 3589 καὶπερὶ
3266 3516 3378 3571 τῶν
3424 3515 3527 3580 τὰς
3578 3515 3797 3588 νύμφας

2203 3610 2410 3664 ἑαυτῶν
2431 3609 2845 3682 λαμϐανόντων.

2274 3702 2398 3755 OZ'.
2445 3701 2507 3753 '0
2542 3700 2726 3772 μέντοι
2757 3698 3195 3771 καταλιμπάνων
3230 3697 3345 3770 (29)
3396 3696 3501 3769 τὴν
3544 3697 3798 3768 νομίμως

2202 3790 2351 3863 αὑτῷ
2380 3790 2741 3861 συναφθεῖσαν
2769 3794 3025 3861 γυναῖκα,
3048 3791 3143 3845 καὶ
3164 3791 3362 3863 ἐτέραν
3394 3788 3795 3860 συναγόμενος.

2202 3929 2372 3983 tentia
2403 3935 2703 3997 spectetur,
2733 3942 2917 3994 secus,
2940 3927 2986 3984 si
3017 3941 3260 3983 canones
3300 3924 3569 3997 Patrum.
3588 3926 3799 3991 Quam-

2200 4000 2403 4069 obrem
2436 3995 2691 4054 eamdem
2726 4012 2942 4068 poenam
2977 3999 3211 4069 imponit
3241 4010 3306 4050 ac
3334 3995 3577 4069 graviori
3611 3996 3796 4069 forni-

2204 4068 2413 4123 cationi
2466 4072 2525 4123 in
2570 4066 2785 4125 canone
2814 4069 2905 4133 59,
2944 4066 3071 4124 cuni
3101 4069 3207 4123 hoc
3238 4076 3422 4121 tamen
3446 4066 3552 4120 levi
3589 4066 3798 4121 discri-

2202 4141 2349 4195 mine
2390 4139 2536 4209 quod
2594 4140 2651 4194 in
2694 4153 2907 4195 canone
2962 4139 3031 4195 59
3076 4140 3188 4195 duo
3234 4138 3365 4192 anni
3408 4136 3556 4209 inter
3603 4135 3796 4192 ﬂentes

2201 4208 2578 4280 assignantur,
2600 4224 2746 4265 unus
2767 4224 2895 4264 vero
2911 4209 2966 4263 in
2989 4211 3092 4264 hoc
3111 4208 3519 4280 septuagesimo
3535 4210 3793 4277 septimo.

2202 4279 2523 4334 Hoe’autem
2551 4281 2986 4350 matrimonium,
3017 4279 3180 4350 quod
3212 4279 3459 4350 legitima
3494 4292 3679 4350 uxore
3715 4280 3790 4332 dl-

2202 4353 2373 4406 niissa
2406 4350 2775 4413 contrahitur,
2795 4350 2897 4405 etsi
2923 4346 3357 4406 Basiliusinsiar
3381 4346 3653 4404 adulterii
3686 4364 3793 4403 non

2196 4422 2353 4489 jubet
2382 4422 2589 4490 puniri,
2619 4421 2847 4476 minime
2877 4429 3061 4475 tamen
3093 4420 3346 4482 dubium,
3377 4419 3512 4489 quin
3567 4430 3795 4489 penitus

2127 4472 2169 4527 ι)
2196 4472 2807 4547 a”;s'aa;.;aaa”e‘s*se
2826 4472 3066 4547 duxerit
3085 4472 3124 4558 ,⁷
3139 4472 3285 4548 “aa;
3309 4472 3439 4543 ante
3486 4472 3796 4545 testam-ru

2200 4561 2671 4631 communionem,
2692 4560 2856 4629 quam
2877 4562 3162 4631 illegitima
3196 4574 3338 4615 uxor
3359 4568 3509 4631 esset
3532 4561 3791 4615 dimissa.

2200 4630 2334 4685 Illud
2375 4638 2558 4687 autem
2612 4630 2890 4686 dillicilius
2935 4630 3021 4686 est
3073 4642 3343 4696 statuere,
3380 4630 3519 4699 quid
3559 4631 3637 4685 de
3678 4645 3788 4685 ma-

2199 4703 2458 4756 trimonio
2504 4713 2630 4771 post
2703 4701 2935 4768 ejectum
2995 4717 3219 4757 uxorem
3279 4702 3595 4755 adulteram
3663 4719 3791 4755 ron-

2198 4781 2378 4826 tracto
2435 4772 2693 4827 senserit.
2738 4773 2934 4826 Italum
2977 4787 3008 4825 a
3067 4771 3267 4827 Basilio
3303 4772 3555 4824 habitum
3618 4771 3793 4826 fuisse

2198 4843 2469 4909 ejusmodi
2497 4842 2908 4899 matrimonium
2931 4842 3249 4910 pronuntiat
3264 4843 3584 4896 Aristenus.
3611 4843 3790 4912 Atque

2198 4915 2251 4969 nl
2282 4912 2503 4980 quidem
2547 4912 2787 4967 Basilius
2826 4913 3110 4982 conceptis
3141 4913 3326 4971 verbis
3359 4927 3469 4966 non
3502 4912 3786 4977 declarat;

2198 4982 2294 5037 sed
2347 4991 2531 5037 tamen
2581 4984 2800 5037 videtur
2832 4983 2935 5036 hac
2977 4984 3032 5037 in
3070 4998 3130 5037 re
3169 4998 3201 5037 a
3233 4983 3444 5036 saniori
3475 4997 3543 5038 ac
3573 4986 3788 5038 meliori

2199 5051 2475 5108 sententia
2524 5052 2878 5108 discessisse.
2916 5049 3053 5106 Nam
3091 5053 3147 5105 1ο
3175 5056 3432 5111 maritum
3460 5053 3679 5121 injuste
3702 5054 3785 5106 di-

2197 5124 2428 5176 missum
2459 5123 2529 5177 ab
2559 5124 2667 5175 alio
2705 5123 3061 5178 matrimonio
3112 5138 3220 5177 non
3252 5123 3521 5186 excludit,
3551 5133 3612 5176 ut
3650 5125 3785 5179 vidi-

2196 5208 2321 5246 mus
2354 5192 2409 5245 in
2435 5193 2745 5263 canonibus
2786 5194 2819 5246 9
2857 5203 2913 5248 et
2945 5194 3035 5248 55.
3063 5191 3240 5248 Porro
3263 5209 3373 5249 non
3413 5194 3642 5248 videtur
3667 5196 3788 5263 jure

2196 5262 2494 5334 dimittenti
2533 5262 2857 5334 denegasse,
2888 5265 3033 5334 quod
3077 5264 3281 5334 injuste
3324 5264 3559 5318 dimisso
3590 5262 3787 5319 conce-

2195 5331 2380 5403 debat.
2416 5334 2476 5384 ‘2°
2522 5333 2662 5387 Cum
2681 5331 2890 5403 jubeat
2907 5331 3147 5388 'uxoreni
3176 5335 3484 5390 adulteram
3509 5334 3667 5403 ejici,
3702 5336 3775 5385 vii

2195 5402 2425 5457 dubium
2474 5412 2560 5459 est
2608 5402 2745 5473 quin
2788 5405 3204 5459 matrimonium
3261 5402 3555 5473 adulterio
3599 5421 3779 5459 uxoris

2194 5473 2526 5528 dissolutum
2553 5472 2976 5529 existimaverit.
3008 5473 3278 5530 Praeterea
3317 5474 3457 5529 dura
3488 5472 3781 5529 admodum

2195 5543 2390 5615 luisset
2429 5543 2636 5605 mariti,
2666 5558 2731 5615 ac
2774 5547 2947 5600 multo
2972 5545 3200 5611 :durior,
3232 5560 3401 5615 quam
3427 5545 3630 5600 uxoris
3660 5560 3782 5599 con-

2194 5612 2352 5678 ditio,
2385 5615 2432 5668 si
2467 5627 2566 5668 nec
2598 5614 2904 5671 adulteram
2937 5616 3200 5682 retinere,
3249 5612 3354 5673 nec
3381 5616 3551 5670 aliam
3585 5616 3779 5671 ducere

2194 5683 2464 5756 integrum
2498 5683 2694 5741 luisset
