3862 6220
90 258 207 314 805

990 257 1479 317 EPISTOLARUM
1520 259 1806 316 CLASSIS
1846 260 1908 315 II.
1942 261 2161 318 EPIST.
2205 263 2458 321 CCXVII.

3265 263 3370 319 806

93 372 245 424 κατὰ
276 370 379 443 τὴν
420 371 515 427 τοῦ
564 373 772 446 Κυρίου
819 371 1120 443 ἀπόφασιν,
1169 375 1248 447 τῷ
1292 377 1390 447 τῆς
1441 377 1687 449 μοιχείας

1802 388 1865 431 ua
1918 378 2170 434 adulterii
2211 381 2503 450 subjicitur
2534 380 2763 450 judicio.
2813 379 2919 436 Sed
2979 386 3243 437 statutum
3275 370 3364 434 es‘

93 462 397 516 ὑπόκειται
429 462 682 535 κρίματι.
721 465 1112 520 Κεκανόνισται
1157 466 1215 520 δὲ
1245 468 1397 538 παρὰ
1436 469 1545 521 τῶν
1584 470 1687 522 Πα-

98 555 279 625 τέρων
325 553 484 624 ἡμῶν
526 557 652 619 τοὺς
690 556 964 621 τοιούτους
1008 558 1257 613 ἐνιαυτὸν
1310 560 1683 631 προσκλαίειν,

92 645 310 698 διετίαν
348 645 729 716 ἐπακροᾶσθαι
753 687 769 713 ,
810 649 1053 719 τριετίαν
1106 650 1464 704 ὑποπίπτειν·
1513 650 1591 722 τῷ
1631 651 1688 704 δὲ

96 735 324 806 ἑϐδόμῳ
379 738 737 792 συνίστασθαι
787 743 901 803 τοῖς
955 745 1199 805 πιστοῖς·
1247 742 1341 795 καὶ
1389 742 1534 796 οὑτω
1588 741 1687 812 τῆς

99 832 428 900 προσφορᾶς
467 830 876 899 καταξιοῦσθαι,
925 835 1022 890 ἐὰν
1062 835 1201 906 μετὰ
1242 837 1493 909 δακρύων
1524 855 1680 907 μετα·

101 936 202 988 νοη
211 936 410 973 σωσιν.

177 1016 313 1070 OH'.
358 1015 499 1069 Ὀδὲ
524 1017 687 1081 αὐτὸς
714 1020 888 1084 τύπος
917 1021 1300 1093 κρατείτωκα).
1327 1023 1420 1076 ἐπὶ
1452 1022 1559 1076 τῶν
1587 1022 1687 1087 τὰς

100 1106 200 1160 δύο
258 1107 500 1176 ἀδελφὰς
546 1108 930 1180 λαμϐανόντων
979 1113 1060 1176 είς
1118 1113 1448 1167 συνοικὲσιον
1498 1116 1547 1167 εὶ
1594 1116 1688 1168 καὶ

102 1198 253 1252 κατὰ
282 1199 577 1271 διαφόρους
606 1202 855 1272 χρόνους.

176 1290 302 1346 ΟΘ’.
344 1294 408 1345 Ol
434 1292 493 1346 δὲ
531 1296 654 1357 ταῖς
684 1297 975 1366 μητρυιαῖς
1000 1299 1121 1359 ταῖς
1161 1297 1369 1350 ἑαυτῶν
1408 1299 1689 1368 ὲπιμαινό-

105 1400 265 1454 μενοι
292 1383 374 1454 τῷ
390 1383 552 1455 αὑτῷ
580 1385 894 1440 ὑπόκεινται
917 1387 1121 1448 κανόνι,
1150 1382 1196 1456 ᾧ
1225 1388 1320 1443 καὶ
1348 1391 1395 1441 οἱ
1417 1392 1537 1453 ταῖς
1563 1390 1690 1443 ἐαυ-

101 1473 219 1526 τῶν
245 1475 507 1545 ἀδελφαῖς
531 1475 643 1548 (50)
673 1479 1108 1550 ἐπιμαινόμενοι.

160 1568 367 1640 Π¹.Τὴν
384 1568 445 1621 δὲ
459 1569 665 1639 πολυγα
673 1570 798 1640 μίαν
810 1571 996 1641 (59⁸)οί
1010 1572 1251 1643 Πατέρες
1272 1572 1686 1643 ἀπεσιώπησαν,

102 1659 181 1723 ὡς
231 1660 481 1731 κτηνώδη
502 1700 516 1725 ,
556 1661 659 1715 καὶ
700 1662 994 1726 ’παντελῶς
1038 1662 1323 1735 ἀλλοτρίαν
1361 1662 1457 1717 τοῦ
1500 1664 1689 1733 γένους

101 1750 218 1802 τῶν
245 1750 572 1822 ἀνθρώπων.
613 1752 774 1823 Ἡμῖν
806 1752 863 1805 δὲ
901 1752 1236 1823 παρίσταται
1267 1753 1433 1806 πλέον
1460 1771 1515 1806 τι
1557 1771 1689 1824 πορο

102 1842 259 1905 νείας
283 1837 426 1896 εἶναι
461 1843 523 1896 τὸ
549 1843 767 1915 ἁμάρτη
778 1861 873 1914 μα,
900 1844 990 1897 Διὸ
1020 1843 1241 1914 εὔλογον
1268 1845 1395 1908 τοὺς
1414 1844 1690 1907 τοιούτους

104 1934 509 1990 ὑποϐάλλεσθαι
542 1939 656 2000 τοῖς
683 1937 871 1991 κανόσι
889 1954 903 1967 ·
940 1936 1185 2009 δηλονότι
1220 1938 1478 1992 ἓνιαυτὸν
1518 1954 1688 2010 προσ-

105 2026 482 2091 κλαύσαντας,
515 2029 613 2082 καὶ
656 2029 718 2080 ὲν
770 2028 946 2099 τρισὶν
993 2029 1388 2093 ὑποπεσόντας,
1414 2028 1556 2083 οὑτω
1601 2029 1689 2082 δε·-

106 2120 277 2182 κτοὺς
308 2113 450 2172 εἶναι
471 2118 605 2188 (51).

176 2211 286 2263 IIA'
335 2209 549 2280 Ἐπειδὴ
581 2211 638 2263 δὲ
668 2209 856 2264 πολλοὶ
876 2212 940 2264 ἓν
965 2214 1032 2282 τῇ
1050 2211 1166 2265 τῶν
1184 2210 1484 2283 βαρϐάρων
1517 2227 1689 2265 κατα-

102 2302 285 2373 δρομῇ
316 2302 637 2373 παρέϐησαν
679 2300 780 2373 τὴν
819 2304 901 2365 εἰς
931 2301 1066 2355 Θεὸν
1104 2302 1308 2363 πίστιν,
1337 2302 1534 2373 ὅρκους
1557 2300 1693 2354 ἐθνι-

1791 466 2015 523 Patrum
2064 479 2378 525 nostrorum
2411 473 2753 539 canonibus,
2783 480 2844 527 ut
2899 472 2939 526 ii
2971 487 3118 526 anno
3164 470 3367 533 deant,

1789 560 2015 615 biennio
2049 563 2316 629 audiant,
2357 565 2596 619 triennio
2639 566 3085 631 substernamu.,
3128 564 3370 635 septimo

1788 653 2096 708 consistant
2118 669 2244 708 cum
2282 655 2554 722 fidelibus,
2586 665 2640 713 et
2671 658 2745 711 ita
2773 658 3050 711 oblatione
3080 656 3233 727 digni
3266 656 3365 709 ha-

1786 742 2044 808 beantur,
2081 746 2129 801 si
2153 760 2279 800 cum
2311 747 2569 818 lacrymis
2589 748 2970 818 paenitentiam
2993 749 3224 818 egerint.

1861 1022 2144 1079 LXXVIII.
2180 1024 2379 1083 Eadem
2412 1036 2593 1084 autem
2640 1027 2814 1083 forma
2864 1029 3187 1084 observetur
3227 1035 3283 1083 et
3312 1029 3369 1083 in

1788 1129 1885 1170 eos
1908 1115 2002 1184 qui
2036 1130 2255 1171 sorores
2293 1116 2432 1173 duas
2464 1117 2517 1171 in
2542 1119 2953 1173 matrimonium
2980 1117 3225 1183 ducunt,
3260 1118 3368 1174 etsi

1782 1207 2026 1263 diversis
2057 1207 2416 1276 temporibus.

1862 1294 2100 1351 LXXIX.
2152 1295 2256 1361 Qui
2289 1305 2469 1352 autem
2499 1297 2551 1351 in
2589 1314 2719 1353 suas
2746 1313 3013 1355 novercas
3045 1300 3366 1365 insaniunt,

1784 1398 1918 1439 sunt
1965 1386 2141 1440 eidem
2175 1388 2376 1442 canoni
2420 1389 2685 1454 obnoxii,
2718 1391 2806 1445 cui
2849 1400 2903 1447 et
2968 1391 3041 1457 ii,
3074 1393 3167 1463 qui
3217 1393 3368 1449 insa-

1788 1476 1951 1529 niunt
1986 1475 2040 1528 in
2075 1491 2207 1531 suas
2239 1491 2483 1533 sorores.

1865 1564 2076 1620 LXXX.
2131 1566 2502 1639 Polygamiam
2554 1568 2746 1627 Patres
2796 1570 3016 1626 silentio
3070 1571 3371 1641 praetermi-

1782 1673 1915 1715 sere
1936 1700 1951 1726 ,
1983 1669 2042 1714 ut
2083 1661 2382 1715 belluinam
2404 1703 2420 1729 ,
2452 1677 2793 1733 prorsusque
2845 1664 2914 1719 ab
2966 1663 3246 1718 hominum
3277 1679 3367 1735 ge-

1724 1730 1763 1784 Β
1790 1766 1923 1806 nere
1974 1752 2231 1806 alienam.
2280 1751 2356 1805 Ea
2399 1761 2580 1809 autem
2612 1755 2772 1810 nobis
2812 1754 3032 1808 videtur
3081 1762 3367 1824 peccatum

1790 1858 1917 1898 esse
1946 1842 2314 1898 fornicatione
2342 1844 2542 1914 majus.
2567 1844 2913 1917 Quapropter
2941 1853 3368 1901 consentaneum

1789 1941 1876 1990 est
1906 1950 2005 1990 eos
2049 1934 2253 2003 subjici
2315 1936 2657 1999 canonibus,
2704 1943 2764 1991 ut
2817 1936 3029 1993 scilicet
3075 1944 3368 2007 postquam

1786 2041 1938 2080 anno
1970 2027 2239 2092 ﬂaverint,
2258 2027 2515 2085 ensibus
2540 2029 2807 2085 substrati
2829 2028 3069 2094 fuerint,
3093 2030 3175 2085 sic
3201 2030 3371 2085 susci-

1788 2119 2032 2188 piantur.

1861 2203 2100 2260 LXXXI.
2160 2206 2430 2273 Quoniam
2483 2216 2664 2264 autem
2715 2209 2870 2263 multi
2919 2210 2973 2263 in
3015 2210 3368 2265 barbarorum

1780 2294 2112 2353 incursione
2162 2299 2321 2354 ﬁdem
2360 2300 2413 2354 in
2465 2298 2638 2355 Deum
2670 2300 2988 2365 violarunt,
3026 2309 3369 2356 sacramenta

102 2394 240 2457 κοὺς
280 2392 728 2457 ἐπιτελέσαντες,
774 2394 867 2446 καὶ
913 2392 1186 2464 ἀθεμίτων
1225 2391 1388 2445 τινῶν
1419 2393 1693 2463 γευσάμε-

1802 2390 2015 2457 gentilia
2053 2390 2309 2459 jurantes
2331 2431 2347 2455 ,
2379 2400 2435 2446 et
2470 2392 2708 2447 nefanda
2749 2392 2998 2463 quatdam
3048 2399 3367 2462 gustantes,

102 2500 209 2543 νοι,
248 2480 360 2535 τῶν
406 2482 466 2535 ὲν
497 2482 610 2544 τοῖς
649 2479 889 2542 εἰδώλοις
922 2479 1035 2548 (52)
1077 2482 1188 2542 τοῖς
1227 2480 1483 2549 μαγικοῐς
1514 2493 1693 2548 ⁵προσ-

1802 2496 1913 2550 quae
1966 2481 2103 2551 ipsis
2150 2483 2205 2536 in
2252 2483 2482 2553 magicis
2530 2483 2803 2538 idolorum
2860 2483 3078 2554 templis
3121 2484 3371 2553 apposita

104 2573 440 2643 ενεχθέντων
472 2573 679 2635 αὑτοῖς,
709 2564 856 2624 οὗτοι
905 2570 1047 2625 κατὰ
1093 2570 1220 2633 τοὺς
1248 2570 1347 2642 ἤδη
1397 2569 1551 2639 παρὰ
1581 2568 1692 2622 τῶν

1802 2572 1980 2641 fuere,
2020 2575 2056 2628 ii
2098 2575 2398 2630 secundum
2421 2591 2663 2631 canones
2682 2576 2793 2645 jam
2820 2590 2851 2629 a
2882 2576 3135 2631 Pati-ibus
3165 2576 3370 2631 nostris

105 2666 373 2735 Πατέρων
402 2665 559 2736 ἡμῶν
597 2666 705 2734 (55)
739 2661 1118 2733 ἐξενεχθέντας
1152 2662 1381 2723 κανόνας
1412 2660 1522 2731 (51)
1558 2661 1695 2713 οἱκο-

1802 2667 1971 2722 editos
2005 2669 2422 2738 dispensentur.
2457 2667 2593 2722 Nam
2624 2668 2715 2738 qui
2745 2669 2853 2721 vim
2883 2684 3103 2738 gravem
3136 2684 3232 2739 per
3256 2676 3371 2722 tor—

103 2756 508 2828 νομείσθωσαν.
534 2757 597 2811 Οἱ
634 2756 730 2827 μὲν
752 2755 862 2826 γὰρ
891 2754 1138 2823 ἀνάγκην
1164 2752 1407 2823 ,χαλεπὴν
1431 2754 1495 2804 ἐκ
1523 2751 1690 2821 βασά-

1802 2765 1974 2812 menta
2014 2759 2332 2813 sustinuere
2355 2798 2371 2823 ,
2400 2774 2504 2813 nec
2553 2758 2795 2813 ferentes
2824 2758 3042 2813 labores
3062 2799 3077 2823 ,
3111 2759 3178 2812 ad
3205 2773 3372 2828 nega-

103 2867 214 2902 νων
250 2849 645 2920 ὑπομείναντες
667 2888 681 2909 ,
732 2848 832 2900 καὶ
878 2845 951 2918 μὴ
988 2845 1245 2916 φέροντες
1292 2846 1418 2908 τοὺς
1452 2844 1689 2907 πόνουςθ

1802 2849 1998 2904 tionem
2033 2851 2193 2904 tracti
2240 2858 2374 2905 sunt
2397 2850 2626 2917 ,tribus
2657 2850 2818 2904 annis
2850 2864 2960 2904 non
3006 2849 3369 2919 recipiantur,

104 2943 201 2995 καὶ
234 2939 593 3002 ὲλκυσΘέντες
626 2938 765 3010 πρὸς
791 2938 890 3011 τὴν
925 2937 1172 3008 ἄρνησιν,
1203 2939 1261 2990 ὲν
1299 2938 1477 3006 τρισὶν
1518 2934 1691 2988 ἔτεσιν

1802 2948 1847 2995 et
1880 2941 2097 2995 duobus
2151 2941 2413 3007 audiant,
2447 2949 2503 2997 et
2552 2940 2645 2995 ubi
2677 2940 2838 2996 annis
2883 2941 3061 2996 tribus
3106 2941 3370 2997 substrati

102 3036 372 3096 ἀδὲκτους
401 3029 564 3097 εἶναι,
591 3034 688 3087 καὶ
718 3033 777 3086 ὲν
805 3032 957 3085 δυσὶν
982 3028 1298 3102 ’ἀκροᾶσθαι
1319 3045 1331 3057 ·
1364 3030 1458 3083 καὶ
1494 3031 1552 3081 ὲν
1579 3047 1689 3101 τρι-

1802 3030 2031 3099 fuerint,
2078 3032 2161 3087 sic
2209 3034 2277 3088 ad
2328 3035 2775 3089 communionem
2829 3033 3206 3092 admittuntur.
3263 3036 3368 3102 Qui

104 3123 192 3176 σἰν
250 3122 651 3185 ὑποπεσόντας,
702 3120 847 3174 οὑτω
899 3120 1121 3184 δεκτοὺς
1162 3118 1417 3188 γενέσθαι
1473 3120 1553 3183 εἰς
1594 3121 1693 3192 τὴν

1802 3136 1924 3176 vero
1972 3121 2092 3177 sine
2143 3137 2339 3193 magna
2373 3122 2425 3176 vi
2473 3121 2632 3177 fidem
2665 3123 2720 3176 in
2766 3121 2935 3177 Deum
2967 3125 3364 3194 prodiderunt,

101 3214 395 3269 κοινωνίαν
415 3232 430 3245 ·
475 3217 524 3268 οἱ
570 3214 626 3267 δὲ
668 3214 798 3268 ἄνευ
834 3213 1081 3284 ἀνάγκης
1128 3210 1367 3283 μεγάλης
1407 3212 1694 3284 προδόντες

1802 3229 2148 3284 mensamque
2196 3215 2496 3285 attigerunt
2528 3213 2922 3269 daemoniorum
2943 3254 2961 3281 ,
2993 3223 3047 3271 et
3075 3217 3367 3286 gentilium

96 3306 203 3376 τὴν
228 3308 313 3369 εἰς
340 3305 474 3359 Θεὸν
505 3306 709 3369 πίστιν,
733 3306 827 3359 καὶ
857 3304 1125 3375 ἁψάμενοι
1164 3304 1263 3373 τῆς
1287 3304 1566 3374 τραπέζης
1585 3304 1692 3358 τῶν

1802 3310 2132 3357 sacramenta
2158 3302 2417 3371 jurarunt
2437 3342 2452 3365 ,
2476 3303 2773 3372 ejiciantur
2803 3304 3022 3372 quidem
3057 3294 3245 3361 tribus
3271 3321 3369 3361 an-

104 3396 426 3468 δαιμονίων,
467 3399 562 3451 καὶ
605 3399 906 3467 ὀμόσαντες
944 3396 1142 3467 ὅρκους
1182 3394 1546 3465 Ἑλληνικοὺς,
1587 3397 1694 3449 ὲκ-

104 3488 406 3542 eamea.
447 3488 548 3559 μὲν
588 3489 645 3540 ἐν
688 3495 737 3556 γ’
768 3487 935 3552 ἔτεσι,
971 3487 1069 3540 καὶ
1102 3488 1159 3540 ὲν
1188 3486 1232 3557 β’
1265 3485 1599 3559 ἁκροᾶσθαι’
1631 3487 1690 3538 ἐν

180 3622 298 3693 (50)
334 3622 468 3687 Ταῖς
493 3622 723 3677 amna».
763 3622 1077 3691 ἀδελφαῖς.
1132 3621 1311 3677 Prima
1353 3623 1532 3691 specie
1581 3637 1687 3677 non

109 3694 344 3746 omnino
374 3695 726 3761 perspicuum
761 3702 845 3747 est
874 3702 1054 3746 utrum
1089 3708 1308 3747 sorores
1359 3703 1689 3762 exiutroque

111 3771 341 3830 parente
367 3764 741 3833 intelligat,an
766 3771 978 3816 tantum
1007 3778 1071 3817 ex
1096 3763 1376 3816 alterutro.
1406 3761 1537 3815 Nam
1562 3779 1685 3816 cum

110 3833 165 3885 in
196 3848 415 3887 canone
445 3833 512 3887 79
541 3849 637 3888 eos
671 3835 761 3902 qui
796 3848 925 3887 suas
956 3849 1127 3887 nurus
1159 3833 1433 3900 accipiunt
1462 3848 1566 3885 non
1601 3848 1688 3886 se-

106 3903 300 3958 verius
330 3904 543 3972 puniat,
585 3918 748 3972 quam
776 3903 863 3956 cui
909 3918 1033 3957 cum
1063 3918 1253 3957 sorore
1286 3917 1351 3955 ex
1401 3912 1573 3972 matre
1602 3903 1686 3956 vel

107 3988 174 4025 ex
201 3971 363 4041 patre
396 3989 509 4027 rem
542 3971 764 4039 habent,
794 3972 933 4028 forte
963 3973 1135 4027 videri
1175 3980 1361 4042 posset
1374 3971 1536 4042 idem
1568 3979 1686 4026 sta-

110 4040 268 4097 tuere
294 4042 363 4095 de
397 4043 464 4097 iis
490 4043 582 4112 qui
633 4044 686 4096 in
717 4057 981 4099 novercas
1025 4040 1329 4097 insaniunt.
1372 4040 1481 4112 Sed
1506 4052 1686 4096 tamen

110 4113 650 4183 multoprobabilius
679 4121 764 4168 est
802 4113 1047 4167 eamdem
1084 4113 1189 4168 illis
1212 4125 1427 4183 poenam
1458 4111 1683 4183 imponi,

109 4197 176 4232 ac
212 4182 282 4234 iis
306 4184 551 4252 quicum
584 4198 774 4237 sorore
795 4198 862 4238 ex
893 4190 1123 4252 utroque
1168 4182 1397 4252 parente
1421 4182 1688 4252 contami-

109 4260 339 4305 nantur.
370 4250 490 4306 Non
521 4255 663 4307 enim
692 4250 1049 4307 distinctione
1072 4250 1245 4306 utitur
1279 4250 1600 4305 Basilius'ut
1632 4252 1686 4306 in

109 4336 329 4392 ("unone
352 4322 455 4386 75;
485 4338 585 4377 nec
632 4323 832 4377 mirum
882 4324 929 4377 si
963 4332 1242 4392 peccatum
1287 4337 1410 4375 cum
1452 4337 1684 4392 noverca

108 4391 527 4515 grsviusuuam
557 4408 681 4448 cum
704 4408 867 4452 nuru.
894 4391 974 4448 ob
995 4392 1188 4447 factam
1228 4392 1370 4462 patri
1402 4391 1681 4461 injuriam,

114 4478 165 4515 Ill
214 4471 398 4515 zcavrt.

135 4463 398 4515 udicavit.

106 4478 574 4603 fiiéileilhrﬁé
629 4532 1030 4602 πολυγαμίαν.
1091 4530 1417 4603 Polygamize
1470 4531 1689 4586 nomine

111 4599 363 4671 Zonaras
392 4612 447 4654 et
479 4600 770 4657 Balsamon
799 4599 920 4656 non
970 4599 1277 4671 trigarniain
1325 4603 1547 4671 interpr:
1568 4609 1689 4654 tan-

111 4684 221 4732 tur,
255 4670 357 4726 sed
399 4673 797 4741 tetragamiam.
830 4670 1160 4742 Trigamiam
1189 4670 1494 4727 canonibus
1524 4682 1589 4742 et
1610 4673 1690 4726 le-

106 4742 273 4810 gibus
308 4742 632 4810 permissam
661 4758 804 4806 esse,
838 4741 1060 4797 vetitam
1105 4749 1283 4797 autem
1312 4741 1686 4811 tetragamiam

110 4820 411 4867 testantur.
439 4811 592 4866 Unde
613 4812 748 4866 nihil
783 4814 837 4866 in
856 4813 958 4867 hoc
980 4827 1190 4865 canone
1209 4812 1401 4867 durius
1424 4824 1517 4864 aut
1535 4813 1688 4879 justo

108 4882 364 4936 severius
386 4882 842 4937 animadvertunt.
872 4881 1097 4938 Videtur
1130 4882 1269 4935 idem
1320 4883 1525 4938 sentire
1563 4882 1687 4935 Ari-

108 4964 331 5013 stenus,
361 4952 857 5023 quipolygamiam,
891 4953 960 5007 de
989 4967 1093 5023 qua
1124 4953 1176 5005 in
1201 4953 1304 5023 hoc
1333 4967 1543 5023 canone
1570 4953 1685 5022 agi-

106 5031 219 5085 tur,
257 5025 446 5076 scelus
473 5021 728 5090 appellat.
762 5021 929 5077 Valde
964 5022 1097 5076 mihi
1130 5022 1335 5077 arridet
1365 5023 1477 5076 haec
1512 5021 1682 5076 inter-

107 5091 388 5162 pretatio;
426 5092 708 5162 demitigat
743 5093 886 5147 enim
933 5092 1098 5160 hujus
1149 5094 1375 5146 canonis
1419 5091 1684 5159 asperita-

70 5217 84 5233 ,
108 5172 239 5217 tem.
268 5160 379 5215 Sed
412 5172 590 5233 tamen
622 5160 836 5232 inagnis
875 5162 983 5217 illis
1011 5164 1394 5233 interpretibus
1426 5162 1683 5216 assentiri

107 5248 215 5285 non
255 5230 671 5303 possunnNam
692 5230 870 5303 ipsam
898 5230 1204 5303 trigamiain
1235 5234 1680 5303 polygamimino-

108 5300 267 5357 mine
284 5303 463 5355 notari
486 5302 565 5355 ait
581 5300 816 5357 Basilius
838 5302 894 5357 in
914 5300 1126 5358 canone
1148 5301 1203 5365 4,
1232 5300 1459 5370 eamque
1475 5318 1540 5355 ex
1566 5302 1682 5370 lege

109 5370 369 5425 rontrabi
400 5378 562 5439 negat
590 5372 645 5425 in
679 5386 888 5427 canone
917 5372 1005 5426 50.
1036 5371 1305 5427 Praeterea
1338 5372 1683 5426 animadver-

112 5445 457 5512 tendumest
494 5440 682 5496 Basilii
730 5444 1092 5511 propositum.
1130 5440 1243 5512 Cur
1282 5442 1426 5495 enim
1464 5442 1682 5512 polyga—

112 5527 225 5567 mos
248 5513 310 5566 iu
347 5511 450 5566 hoc
477 5525 687 5581 canone
730 5512 1066 5581 octogesimo
1108 5511 1331 5581 subjicit
1354 5514 1677 5575 canonibus,

106 5582 157 5635 id
204 5590 297 5638 est
343 5580 483 5636 inter
516 5580 706 5636 ﬂentes
735 5580 1114 5652 pcenitentiam
1162 5580 1322 5652 agere
1362 5581 1535 5649 jubet,
1570 5582 1679 5636 nisi

104 5653 233 5723 quia
270 5652 635 5722 eosppu‘blieis
658 5651 1215 5708 condemnationibus
1231 5651 1427 5718 subjici
1456 5667 1564 5706 non
1590 5666 1680 5709 so-

1790 3394 1900 3458 nis,
1935 3393 2152 3450 duobus
2184 3395 2452 3449 audiant:
2488 3395 2579 3449 ubi
2612 3410 2744 3450 vero
2770 3396 2931 3449 annis
2957 3395 3131 3451 tribus
3163 3397 3218 3450 in
3244 3397 3369 3452 sub-

1789 3486 2056 3541 stratione
2111 3487 2392 3542 oraverint
2413 3527 2427 3552 ,
2462 3494 2517 3542 et
2566 3501 2664 3557 per
2689 3486 2853 3558 33o
2878 3488 3033 3543 .alios
3088 3496 3201 3544 tres
3230 3504 3361 3544 cum

1788 3622 1900 3678 lere
1926 3622 2135 3676 dixerat
2165 3623 2216 3676 in
2255 3638 2465 3677 canone
2490 3623 2606 3678 50?
2640 3623 2710 3676 At
2732 3639 2910 3679 canon
2936 3625 3026 3679 ille
3053 3624 3122 3680 50
3152 3624 3221 3681 de
3264 3627 3365 3680 tri-

1823 3693 2308 3763 amisnominatim
2346 3694 2476 3763 agit.
2514 3694 2740 3763 Videtur
2767 3709 2897 3763 ergo
2924 3694 2989 3749 ad
3023 3696 3242 3750 eosdem
3271 3713 3364 3751 rc—

1810 3762 2049 3818 ’ereudus
2106 3762 2712 3832 octogesimusdusto
2767 3762 2900 3819 sane
2951 3766 3195 3820 severior
3247 3765 3364 3820 haec

1786 3831 2037 3904 doctrina
2089 3831 2402 3904 videbitur:
2437 3831 2531 3886 sed
2556 3835 2652 3904 ita
2699 3834 2766 3888 de
2800 3834 3045 3904 trigamis
3102 3835 3364 3892 statuisse

1787 3900 2048 3974 Basilium
2091 3903 2316 3974 minime
2371 3900 2955 3974 mirabiturquisquis
2999 3905 3199 3959 similia
3234 3906 3360 3974 plu-

1788 3974 1928 4053 rium
1956 3970 2348 4056 Pa_trum_dicta
2373 3970 2943 4056 pensablt,_itnpriinis
2979 3970 3363 4056 Gregorii—Na-

1787 4043 2030 4116 zianzeni
2064 4043 2204 4116 apud
2232 4058 2390 4116 quem
2417 4042 2468 4095 in
2493 4044 2716 4116 θείη-.-51
2755 4045 2926 4116 tertia:
2959 4042 3160 4116 nuptiae
3185 4062 3365 4116 παρα-

1787 4111 1967 4181 νομία,
2010 4112 2260 4181 iniquitas
2292 4114 2571 4181 diruntur.
2607 4112 2739 4166 Vide
2767 4111 3047 4168 Addenda.

1860 4178 1972 4252 (51)
2009 4178 2170 4235 Οὕτω
2207 4182 2457 4248 δεκτοὺς
2507 4178 2679 4237 εἶναι.
2717 4181 2903 4252 Rccipi
2946 4198 3041 4238 eos
3076 4182 3129 4237 in
3179 4186 3363 4239 consi-
3448 4223 3457 4234 .

1788 4253 2049 4305 stentium
2099 4254 2279 4305 locum
2327 4253 2646 4307 existimant
2679 4252 2967 4307 Balsamon
3001 4261 3055 4307 et
3095 4253 3359 4316 Zonaras,

1788 4321 1843 4374 in
1870 4322 2042 4390 ipsam
2065 4322 2501 4377 communionem
2525 4325 2833 4386 Aristonus,
2859 4324 2950 4392 qui
2974 4331 3358 4392 quatuor-tan-

1791 4400 1903 4444 tum
1935 4406 2107 4446 annos
2142 4398 2411 4453 numerat,
2455 4393 2595 4446 banc
2638 4401 2818 4448 tamen
2863 4393 3225 4449 conditionem
3268 4394 3365 4447 ad-

1790 4459 1961 4533 dens._
1991 4471 2048 4515 ut
2090 4462 2495 4533 matrimonium
2526 4463 2876 4518 dissolvatur.
2907 4462 3232 4518 Conﬁrmari
3252 4479 3363 4533 ,ρο-

1788 4536 1895 4584 test
1926 4529 2153 4584 Zonara:
2186 4539 2239 4585 et
2271 4531 2606 4587 Balsamonis
2662 4533 2929 4588 sententia
2961 4548 3025 4587 ex
3070 4529 3282 4587 canone
3301 4533 3359 4598 4,

1788 4600 1881 4654 ubi
1909 4602 2151 4671 quinque
2188 4602 2316 4655 anni
2351 4602 2598 4670 trigamis
2624 4602 3012 4657 decernuntur.
3042 4601 3118 4658 De
3147 4604 3247 4657 hac
3272 4619 3361 4658 se-

1785 4672 2017 4726 veritate
2046 4688 2160 4743 non
2178 4673 2392 4743 videtur
2422 4672 2705 4743 detrahere
2756 4673 2842 4726 hic
2870 4688 3045 4726 canon
3093 4674 3362 4743 octogesi-

1787 4755 1933 4812 mus,
1970 4742 2064 4810 qui
2096 4740 2161 4794 ad
2195 4741 2557 4796 intendendus
2588 4743 2768 4810 pozius
2804 4757 2967 4812 quam
3005 4740 3361 4798 remittendus

1786 4809 2140 4878 trignmortuu
2173 4826 2363 4880 patrias
2390 4809 2676 4866 institutus
2703 4820 2806 4866 est.

1857 4880 1969 4951 (5:2)
2000 4880 2301 4951 Εἱδώλοις.
2350 4881 2492 4951 Lego
2522 4898 2644 4934 cum
2675 4881 3004 4951 Combeﬁsio
3045 4880 3357 4943 εἰδωλείοις.

1857 4949 1969 5021 (55)
2001 4950 2277 5018 Πατέρων
2302 4949 2487 5022 amtor.
2522 4952 2849 5022 _Ancyrrauos
2877 4950 3067 5022 Patres
3083 4951 3358 5022 designat,

1786 5020 2017 5089 quorum
2058 5034 2248 5090 magna
2270 5020 2485 5074 videtur
2512 5020 2681 5075 fuisse
2707 5021 2761 5074 in
2788 5020 3130 5090 Cappadocia
3153 5020 3328 5074 et’fini
3347 5051 3361 5061 -

1784 5092 1934 5145 tumis
1961 5091 2259 5159 provinciis
2291 5091 2611 5145 auctoritas.
2644 5090 2967 5159 Quanquam
2998 5091 3054 5143 in
3089 5091 3191 5144 hoc
3232 5098 3360 5144 tan-

1785 5169 1898 5214 tum
1933 5175 2029 5214 eos
2066 5162 2333 5230 sequitur,
2369 5160 2514 5229 quod
2544 5175 2732 5214 eorum
2783 5160 3032 5228 exemplo
3061 5160 3356 5215 discrimen

1784 5237 1951 5299 ponat
1978 5232 2119 5284 inter
2140 5245 2256 5294 eos,
2283 5231 2373 5299 qui
2401 5230 2687 5299 tormentis
2717 5237 3024 5289 cesserunt.
3059 5238 3113 5284 et
3142 5246 3238 5285 eos
3263 5232 3358 5298 qui

1783 5298 2000 5354 facilius
2031 5301 2272 5369 superati
2300 5298 2449 5371 sunt.
2484 5298 3148 5371 lNamAncyranigPatres
3188 5301 3361 5354 multo

1783 5371 2199 5432 sunt'leniores,
2231 5384 2295 5423 ac
2317 5370 2385 5422 iis
2412 5369 2503 5439 qui
2536 5369 2669 5425 solis
2698 5369 2951 5439 supplicii
2972 5380 3064 5423 aut
3090 5369 3359 5423 bonorum

1782 5441 2102 5510 direptionis
2156 5448 2247 5494 aut
2306 5440 2453 5494 exilii
2486 5440 2652 5495 minis
2681 5446 2987 5505 cesserunt,
3017 5455 3130 5510 non
3160 5439 3364 5510 longio-

1781 5509 2188 5565 rem’sexennio
2217 5510 2598 5580 pmnitentiam
2631 5511 2916 5580 imponunt
2945 5525 3067 5565 can.
3092 5509 3158 5580 ρ.

1854 5580 1969 5651 (54)
1998 5581 2291 5651 Κανόνας.
2327 5579 2418 5636 Sic
2456 5582 2633 5637 nostri
2662 5578 2879 5637 codices
2913 5595 3047 5637 mss.
3091 5578 3238 5634 Editi
3268 5578 3357 5632 νό-

1784 5667 1917 5723 μους
1946 5651 2040 5704 καὶ
2067 5650 2311 5714 κανόνας.
