3862 6220
500 252 604 309 807

1833 251 1890 306 S.
1933 249 2182 307 BASILII
2220 251 2437 309 MAGNI

3669 250 3835 317 803?

499 373 754 429 fidelibus
796 372 862 428 ad
897 372 1203 428 orationem
1255 372 1544 437 steterint,
1576 370 1659 426 sic
1690 371 2063 449 admittantur

2190 373 2481 428 ιποπτώσει
2512 373 2569 427 δὲ
2605 373 2939 446 εὐξαμένους
2977 374 3037 426 ἐν
3071 380 3120 442 τ
3152 371 3320 436 έτεσι,
3349 371 3445 426 καὶ
3470 372 3529 424 ἐν
3570 371 3756 435 ἄλλοις

500 466 568 520 ad
601 465 729 521 boni
760 464 1226 520 communionem.

574 635 835 692 LXXXII.
883 635 961 691 De
992 636 1062 692 iis
1090 636 1256 692 etiam
1289 637 1383 707 qui
1410 636 1730 707 pejerarunt
1754 678 1769 701 ,
1802 638 1848 695 si
1881 640 1932 695 vi
1962 642 2087 711 qui-

499 729 624 786 dem
654 739 823 799 atque
852 728 1189 784 necessitate
1212 729 1526 800 juramenta
1556 733 1890 800 transgressi
1921 741 2082 799 sunt,

502 822 684 892 pomis
731 820 1035 875 levioribus
1068 820 1466 889 subjiciuntur,
1504 820 1585 875 sic
1616 832 1675 875 ut
1705 832 1830 891 post
1857 839 1954 879 sex
1984 839 2087 879 an-

502 928 602 967 nos
632 912 845 981 possint
880 911 1110 981 suscipi.
1161 909 1259 964 Sin
1306 919 1489 966 autem
1514 949 1530 976 ,
1563 910 1614 964 vi
1664 928 1774 966 non
1808 912 1991 980 illata,
2022 915 2086 969 li-

502 1004 626 1059 dem
675 1018 831 1059 suam
881 1004 1278 1073 prodiderunt,
1328 1004 1419 1058 ubi
1471 1004 1688 1060 duobus
1720 1007 1882 1061 annis
1923 1006 2087 1063 ﬂeve—

502 1098 616 1152 rint
667 1105 721 1152 et
769 1096 987 1151 duobus
1037 1097 1198 1151 annis
1252 1096 1570 1163 audierint,
1613 1105 1667 1151 et
1711 1114 1811 1168 per
1841 1101 2087 1171 quinque

503 1189 787 1245 oraveriut
838 1189 895 1241 in
944 1188 1324 1243 substratione
1346 1229 1361 1254 ,
1393 1196 1447 1243 et
1474 1205 1573 1259 per
1603 1191 1745 1245 alios
1778 1192 1918 1247 duos
1964 1194 2086 1249 sine

503 1280 784 1333 oblatione
843 1279 910 1333 ad
972 1278 1310 1347 precationis
1373 1280 1816 1335 communionem
1879 1280 2086 1336 fuerint

505 1369 769 1435 admissi,
814 1370 1153 1453 ita.demum
1183 1410 1198 1435 ,
1243 1370 1407 1440 digna
1455 1370 1711 1426 videlicet
1756 1373 2086 1442 poenitentia

504 1472 723 1517 ostensa
746 1503 760 1527 ,
796 1463 851 1516 in
887 1463 1137 1533 corporis
1186 1462 1393 1517 Christi
1427 1465 1873 1521 communionem
1918 1469 2085 1524 resti-

505 1563 748 1610 tuentur.

578 1644 860 1700 LXXXIII.
916 1645 1023 1712 Qui
1060 1652 1213 1701 vates
1259 1647 1601 1712 consulunt,
1634 1655 1690 1704 et
1737 1650 2089 1706 consuetudi-

2182 471 2230 533 γ’
2257 465 2558 528 συστάντας
2588 466 2703 528 τοῖς
2736 468 2949 529 πιστοῖς
2994 466 3076 528 εἰς
3112 465 3212 536 τὴν
3256 463 3470 533 δέησιν,
3503 461 3653 515 οὕτω
3685 463 3769 516 δε-

2183 557 2346 616 κτοὺς
2368 549 2509 607 εἶναι
2534 558 2602 626 τῇ
2632 554 2727 609 τοῦ
2761 555 2969 623 ἀγαθοῦ
3006 555 3282 626 κοινωνίᾳ.

2255 643 2511 700 ΠΒ’.Καὶ
2542 646 2672 717 περὶ
2697 645 2807 699 τῶν
2842 645 3315 717 ἐπιορκησάντων,
3355 645 3404 697 εἰ
3436 643 3534 714 μὲν
3560 642 3629 697 ἐκ
3655 642 3775 713 βίας

2184 739 2280 793 καὶ
2311 739 2558 811 ἀνάγκης
2592 738 2911 812 παρέϐησαν
2950 738 3078 801 τοὺς
3126 738 3356 808 ὅρκους,
3416 736 3778 807 κουφοτέροις

2188 830 2502 884 ὑπόκεινται
2530 829 2848 901 ἐπιτιμίοις,
2871 829 3014 883 ὥστε
3042 826 3179 898 μετά
3203 832 3257 892 ς’
3286 826 3380 898 ἐτη
3410 821 3552 879 εἶναι
3574 825 3778 886 αὐτοὺς

2184 919 2439 985 δεκτούς·
2472 922 2521 972 εί
2558 918 2617 971 δὲ
2646 918 2773 972 ἄνευ
2810 918 3056 988 ἀνάγκης
3091 917 3381 988 προδόντες
3417 915 3519 986 τὴν
3558 914 3779 968 ἐαυτῶν

2187 1016 2393 1078 πίστιν,
2417 1015 2475 1068 ἐν
2507 1014 2659 1067 δυσὶν
2690 1012 2837 1067 ἔτεσι
2871 1008 3375 1083 προσκλαύσαντες,
3411 1009 3510 1061 καὶ
3542 1010 3602 1061 ἐν
3623 1007 3777 1060 δυσὶν

2186 1105 2625 1177 ἀκροασάμενοι,
2678 1104 2773 1157 καὶ
2832 1105 2890 1156 ἐν
2940 1101 3106 1155 πέντε
3150 1099 3293 1171 (55)
3341 1100 3400 1153 ἐν
3455 1098 3775 1153 ὑποπτώσει

2187 1198 2495 1268 εὐξάμενοι,
2531 1197 2627 1251 καὶ
2668 1199 2726 1251 ἐν
2775 1197 2928 1251 δυσὶν
2958 1193 3141 1257 ἄλλοις
3170 1194 3298 1247 ἄνευ
3334 1193 3659 1264 προσφορᾶς
3695 1190 3774 1251 είς

2185 1284 2285 1356 τὴν
2313 1285 2597 1338 κοινωνίαν
2640 1285 2740 1356 τῆς
2787 1282 3101 1357 προσευχῆς
3147 1280 3600 1352 παραδεχθέντες,
3633 1279 3776 1332 οὕτω

2187 1377 2493 1431 τελευταῖον
2530 1375 2838 1445 ἀξιόλογον,
2888 1375 3120 1447 δηλαδὴ,
3171 1375 3272 1445 τὴν
3317 1374 3608 1446 μετάνοιαν
3652 1373 3775 1425 ἐπι·-

2186 1465 2512 1537 δειξάμενοι,
2545 1468 3093 1539 ἀποκαταστήσονται
3122 1468 3203 1530 είς
3229 1465 3331 1538 τὴν
3361 1464 3653 1519 κοινωνίαν
3680 1464 3774 1519 τοῦ

2189 1556 2437 1629 σώματος
2468 1557 2563 1611 τοῦ
2603 1558 2865 1630 Χριστοῦ.

2258 1651 2382 1705 Ill".
2422 1652 2487 1704 Οἱ
2516 1651 3095 1722 καταμαντευόμενοι,
3156 1649 3253 1703 καὶ
3300 1651 3418 1712 ταῖς
3461 1648 3776 1719 συνηθείαις

504 1755 605 1795 nes
638 1741 882 1809 gentium
916 1748 1257 1809 sequuntur,
1291 1748 1386 1794 aut
1434 1742 1651 1811 aliquos
1684 1744 1739 1797 in
1789 1759 1920 1800 suas
1944 1744 2082 1801 aedes

2192 1742 2301 1797 τῶν
2343 1743 2511 1797 ἐθνῶν
2557 1744 3005 1808 ἀκολουθοῦντες,
3047 1744 3080 1814 ἢ
3133 1744 3444 1811 εἰσάγοντες
3488 1760 3648 1806 τινας
3694 1745 3774 1805 εἰς

505 1831 869 1887 introducunt
921 1832 988 1886 ad
1040 1832 1412 1886 remediorum
1466 1834 1875 1902 inventionem,
1908 1847 1964 1892 et
1998 1852 2089 1892 ει·
2126 1896 2133 1903 ,

509 1925 807 1994 piationem
830 1965 845 1989 ,
878 1924 931 1977 hi
974 1924 1028 1977 in
1059 1939 1325 1979 canonem
1357 1926 1559 1981 cadant
1603 1929 1874 1986 sexennii.
1925 1928 2088 1985 Post-

505 2033 671 2087 quam
699 2033 843 2071 anno
872 2015 1157 2081 ﬂeverint,
1195 2023 1249 2071 et
1298 2033 1446 2072 anno
1476 2019 1790 2085 audierint,
1823 2029 1879 2076 et
1921 2021 2088 2076 annis

505 2109 685 2165 tribus
717 2109 918 2164 fuerint
940 2110 1204 2166 substrati
1228 2149 1242 2174 ,
1273 2118 1328 2166 et
1356 2126 1502 2165 anno
1532 2127 1659 2166 cum
1695 2112 1954 2169 ﬁdelibus
1984 2122 2091 2169 ste-

508 2201 703 2263 terint,
738 2202 819 2255 sic
849 2202 1225 2258 admittantur.

578 2291 861 2348 LXXXIV.
906 2292 1033 2349 Haac
1065 2302 1245 2349 autem
1279 2295 1466 2351 omnia
1499 2296 1818 2362 scribimus,
1855 2303 1916 2352 ut
1971 2296 2088 2352 fru-

506 2391 632 2439 ctus
683 2386 988 2454 probentur
1041 2388 1403 2458 pmnitentiac.
1477 2387 1596 2442 Non
1653 2388 1799 2442 enim
1859 2390 2089 2444 omnino

507 2484 754 2547 tempore
780 2478 1149 2549 dijudicamus
1177 2497 1266 2536 res
1295 2481 1569 2551 ejusmodi
1593 2519 1609 2546 ,
1635 2480 1732 2537 sed
1765 2482 1831 2537 ad
1863 2487 2087 2537 modum

507 2568 845 2637 pwnitentiae
879 2568 1237 2625 attendimus.
1264 2570 1423 2636 Quod
1458 2572 1507 2626 si
1534 2572 1628 2641 qui
1674 2572 1895 2629 dilIicile
1936 2575 2087 2629 avel-

508 2658 693 2711 lantur
724 2674 754 2712 a
785 2659 1024 2729 prapriis
1070 2663 1341 2725 moribus,
1372 2665 1673 2733 carnisque
1704 2665 2087 2734 voluptatibus

509 2749 718 2802 servire
752 2748 947 2802 malint
986 2753 1151 2819 quam
1188 2750 1453 2817 Domino,
1489 2761 1544 2806 et
1583 2754 1750 2807 vitam
1783 2755 2085 2809 secundum

507 2838 864 2910 Evangelium
907 2840 1196 2898 instituere
1231 2844 1446 2909 nolint,
1483 2846 1636 2899 nulla
1658 2855 1743 2901 est
1766 2848 1928 2903 nobis
1958 2862 2083 2902 eum

507 2932 620 2987 illis
665 2933 975 2988 communis
1007 2935 1170 2990 ratio.
1202 2934 1312 2991 Nos
1356 2938 1504 2991 enim
1540 2938 1594 2992 in
1628 2941 1834 3009 populo
1874 2940 2088 2996 inobse-

508 3024 699 3094 quenti
731 3032 785 3078 et
813 3026 1219 3082 contradicenti
1246 3027 1426 3083 edocti
1468 3044 1664 3086 sumus
1691 3032 1921 3087 audire:
1960 3031 2085 3088 Ser-

508 3126 634 3165 vans
658 3127 807 3165 serva
837 3115 1072 3168 animam
1096 3125 1242 3169 tuam
1267 3116 1330 3171 ¹¹.
1354 3116 1433 3172 Ne
1460 3118 1626 3188 igitur
1647 3121 2080 3191 committamus,

508 3211 570 3255 ut
604 3217 725 3256 cum
751 3205 949 3258 talibus
980 3221 1270 3276 pereamus
1300 3226 1313 3262 :
1349 3209 1445 3263 sed
1479 3226 1644 3280 grave
1668 3211 1941 3281 judicium
1966 3212 2083 3269 for-

506 3294 781 3349 midantes
801 3335 816 3359 ,
844 3306 898 3350 et
926 3297 1233 3352 terribilem
1260 3299 1643 3357 retributionis
1682 3300 1899 3357 Domini
1935 3305 2082 3359 diem

508 3385 581 3440 ob
612 3386 805 3442 oculos
854 3385 1122 3443 habentes
1142 3426 1159 3454 ,
1190 3404 1260 3444 ne
1287 3390 1522 3447 velimus
1552 3407 1664 3446 una
1711 3408 1836 3448 cum
1889 3395 2084 3453 alienis

508 3477 754 3545 peccatis
800 3477 1000 3546 perire.
1044 3477 1101 3533 Si
1127 3479 1272 3535 enim
1305 3496 1407 3537 nos
1470 3497 1581 3536 non
1620 3484 1944 3539 erudierunt
1975 3495 2085 3542 ter-

507 3566 691 3621 ribilia
728 3566 944 3623 Domini
980 3608 995 3635 ,
1053 3585 1156 3626 nec
1205 3572 1344 3628 tales
1388 3574 1559 3644 plagae
1607 3576 1990 3643 adduxerunt,
2024 3586 2084 3633 ut

507 3673 609 3712 nos
635 3672 666 3712 a
697 3656 927 3714 Domino
971 3671 1193 3731 pr0pter
1226 3670 1475 3719 nostram
1523 3666 1877 3737 iniquitatem
1925 3670 2086 3726 dere-

506 3749 701 3813 lictos,
735 3749 1209 3822 barbarorumque
1236 3752 1292 3807 in
1335 3769 1533 3812 manus
1575 3758 1814 3814 traditos
1846 3758 2084 3815 sentire-

507 3855 666 3906 mus,
700 3848 755 3895 et
798 3843 1059 3912 populum
1089 3844 1234 3912 apud
1262 3844 1453 3902 hostes
1485 3849 1761 3918 captivum
1786 3850 2081 3906 abductum

504 3947 629 3986 esse
648 3970 663 3994 ,
705 3946 769 3985 ac
811 3932 1142 4003 dispersioni
1173 3935 1433 3992 traditum
1459 3978 1474 4003 ,
1510 3940 1640 4009 quia
1667 3925 1783 3995 haa'c
1808 3941 2084 3997 audebant

507 4027 600 4094 qui
623 4026 830 4082 Christi
864 4045 1065 4086 nomen
1096 4032 1499 4089 circumferunt
1530 4054 1543 4089 :
1578 4036 1625 4090 si
1653 4052 1763 4091 non
1792 4048 2081 4102 noverunt,

507 4132 686 4187 neque
745 4118 1189 4188 intellexerunt,
1246 4133 1535 4194 propterea
1600 4128 1823 4183 venisse
1876 4129 1932 4183 in
1982 4145 2085 4187 nos

509 4204 649 4260 iram
691 4207 781 4263 Dei
808 4227 822 4276 ;
847 4226 969 4281 quae
996 4228 1087 4269 res
1127 4214 1286 4271 nobis
1326 4232 1450 4270 cum
1480 4216 1568 4273 bis
1599 4220 1910 4276 communis
1956 4221 2085 4276 est?

510 4295 616 4351 Sed
647 4306 828 4355 tamen
853 4302 1119 4358 obtestari
1151 4319 1248 4360 eos
1272 4313 1326 4360 et
1352 4318 1520 4361 noctu
1546 4315 1601 4362 et
1629 4308 1893 4375 interdiu,
1918 4315 1972 4364 et
1992 4326 2085 4380 pu-

505 4389 649 4444 blice
700 4399 755 4445 et
806 4394 1064 4464 privatim
1121 4396 1436 4461 debemus;
1496 4415 1599 4455 nos
1669 4408 1852 4457 autem
1916 4404 2081 4459 simul

580 4483 625 4514 ¹²
662 4482 798 4539 Gen.
825 4500 945 4546 xIx,
989 4485 1076 4539 17.

579 4574 693 4640 (55)
736 4574 837 4628 Ἐν
858 4575 1057 4629 πέντε.
1095 4573 1186 4631 Sic
1214 4578 1430 4632 codices
1460 4579 1702 4636 melioris
1736 4589 1897 4636 noue.
1931 4581 2082 4637 Non-

2113 3086 2156 3144 C

2110 4443 2159 4500 D

506 4645 640 4719 nulli
684 4644 890 4719 habent
920 4646 977 4698 ἐν
1008 4646 1263 4719 πέμπτῳ,
1298 4650 1351 4701 in
1381 4650 1587 4718 quinto.
1626 4649 1716 4705 Sic
1750 4652 1962 4705 videtur
2003 4655 2080 4708 le-
2158 4715 2163 4719 ,

505 4715 651 4792 gisse
683 4714 974 4792 interpres.
1005 4714 1111 4770 Sed
1149 4714 1263 4792 haec
1293 4714 1564 4792 scriptura
1603 4720 1839 4792 minime
1880 4723 2080 4792 proba-

503 4782 652 4858 bilis.
689 4783 789 4836 Vix
833 4786 975 4839 enim
998 4788 1233 4858 gravius
1263 4782 1549 4857 puniretur
1594 4782 1983 4858 jusjurandum
2013 4795 2078 4846 Ii-

504 4853 633 4930 bere
675 4864 729 4908 et
770 4863 963 4923 sponte
996 4853 1314 4930 infractum,
1348 4874 1511 4926 quam
1541 4853 2077 4930 vi'et'impressione

502 4924 928 4999 violatunt;_nec
983 4926 1129 4999 aliud
1176 4936 1329 4999 esset
1368 4924 1513 4982 inter
1565 4924 1878 4999 utrumque,
1913 4948 2076 4999 quam

504 4993 667 5070 unius
692 4994 1173 5070 anni_di_scrimen.
1206 4994 1426 5070 Legitur
1460 5000 1517 5051 ἐν
1548 4993 1785 5070 πέμπτῴ
1832 4993 1886 5055 in
1930 4993 2075 5056 Pan-

501 5062 695 5118 dectis.
730 5062 839 5118 Sed
899 5063 1190 5120 Balsamon
1236 5062 1310 5122 et'
1334 5067 1574 5124 Zonaras
1600 5062 1654 5123 et
1683 5062 1970 5127 Ar'istenus
2017 5073 2072 5127 in

504 5134 621 5207 guis
655 5135 1198 5207 interpretationibus
1226 5148 1532 5207 agnoscunt
1575 5139 1826 5194 [Itidecim
1876 5158 2070 5198 annos.

500 5200 768 5289 Praeterea
799 5200 994 5289 decem
1037 5207 1164 5259 anni
1207 5200 1569 5289 itiiponttntur
1596 5211 1852 5289 .perjuris
1890 5214 1945 5266 in
1976 5228 2073 5266 ca-

499 5287 645 5347 pone
659 5271 747 5337 64,
766 5274 853 5326 cui
867 5273 1086 5347 quidem
1104 5271 1300 5330 canuni
1322 5279 1501 5347 aliqua
1521 5271 1738 5333 videtur
1754 5282 1931 5338 inesse
1947 5296 2071 5337 cum

500 5340 606 5421 _boc
642 5340 974 5421 octogesimo
1028 5340 1683 5421 secundohdiserepantia
1712 5368 1727 5417 ;
1758 5351 1904 5421 lorle
1944 5354 2073 5421 quia

498 5411 555 5465 in
586 5411 949 5482 priure'nulla
985 5418 1242 5471 statuitur
1270 5411 1554 5474 distinctio
1591 5411 1768 5475 coacti
1798 5428 1853 5476 et
1879 5411 2073 5478 volun-

497 5481 624 5535 tarii
657 5481 904 5551 perjurii.
1464 5542 1471 5549 ,

569 5551 682 5623 (56)
710 5552 1106 5632 Φαρμακειῷν.
1131 5555 1315 5628 Longe
1332 5558 1439 5632 alio
1460 5574 1624 5614 sensu
1643 5570 1939 5632 usurpatur
1964 5561 2071 5617 hoc

497 5618 622 5674 loco
642 5618 713 5700 eo
762 5618 866 5700 vo;
908 5636 972 5677 ac
1000 5624 1057 5679 in
1087 5618 1301 5700 eanon'e
1346 5629 1446 5700 63,7
1478 5631 1530 5683 in
1562 5646 1671 5700 quo
1724 5618 1961 5688 veneﬁca
2002 5633 2070 5688 ad

499 5691 797 5761 perniciem
832 5691 1051 5748 inventa
1072 5697 1356 5769 designat;
1399 5699 1485 5753 hic
1524 5691 1705 5757 autem
1738 5704 1973 5758 remedia
2001 5704 2069 5759 ad

2187 1834 2313 1897 τοὺς
2342 1834 2553 1887 ἑαυτῶν
2581 1835 2765 1899 οἴκους
2804 1836 2897 1889 ἐπὶ
2922 1835 3209 1906 ἀνευρέσει
3234 1834 3600 1907 φαρμακειῶν
3634 1835 3770 1901 (56),

2188 1925 2284 1979 καὶ
2315 1924 2601 1997 καθάρσει,
2629 1926 2734 1979 ὑπὸ
2755 1926 2848 1979 τὸν
2898 1926 3101 1981 κανόνα
3138 1927 3486 1981 πιπτέτωσαν
3515 1925 3618 1995 τῆς
3647 1925 3774 1988 ἐξα-

2188 2015 2358 2079 ετίας.
2376 2016 2654 2070 Ἐνιαυτὸν
2675 2017 3180 2088 προσκλαύσαντες,
3198 2021 3295 2073 καὶ
3313 2019 3557 2072 ἐνιαυτὸν
3567 2020 3777 2091 ἀκροα-

2191 2103 2435 2174 σάμενοι,
2468 2106 2563 2159 καὶ
2595 2108 2653 2159 ἐν
2684 2112 2733 2175 γ’
2759 2106 2938 2161 ἐτεσιν
2962 2109 3386 2173 ὑποπίπτοντες,
3410 2110 3506 2163 καὶ
3527 2108 3779 2162 ἐνιαυτὸν

2191 2194 2487 2259 συστάντες
2519 2199 2634 2261 τοῖς
2669 2200 2902 2263 πιστοῖς,
2936 2197 3081 2252 οὕτω
3112 2199 3482 2271 δεχθήτωσαν.

2260 2286 2382 2340 llA'.
2420 2287 2604 2341 Πάντα
2643 2287 2701 2341 δὲ
2728 2287 2901 2343 ταῦτα
2929 2290 3237 2365 γράφομεν,
3282 2290 3425 2345 ὥστε
3470 2292 3601 2355 τοὺς
3634 2308 3783 2363 καρ-

2189 2379 2327 2443 ποὺς
2366 2378 2759 2451 δοκιμάζεσθαι
2792 2381 2894 2452 τῆς
2945 2384 3256 2453 μετανοίας.
3289 2385 3363 2437 Οὐ
3405 2382 3515 2455 γάρ
3553 2385 3782 2447 πάντως

2188 2469 2267 2542 τῷ
2300 2470 2476 2542 χρόνῳ
2509 2472 2767 2543 κρίνομεν
2796 2472 2867 2526 τά
2901 2472 3151 2536 τοιαῦτα,
3186 2474 3321 2528 ἀλλά
3349 2474 3428 2545 τῷ
3459 2474 3651 2544 τρόπῳ
3680 2473 3780 2543 τῆς

2192 2563 2482 2634 μετανοίας
2555 2564 2921 2636 προσέχομεν.
2987 2566 3113 2621 Ἐὰν
3187 2568 3245 2620 δὲ
3304 2568 3780 2630 δυσαποσπάστως

2188 2654 2354 2725 ἔχωσι
2380 2654 2489 2708 τῶν
2521 2654 2665 2709 ἰδίων
2691 2655 2853 2721 ἐθῶν,
2895 2658 2992 2711 καὶ
3019 2660 3143 2722 ταῖς
3170 2658 3393 2728 ἡδοναῖς
3429 2660 3530 2729 τῆς
3573 2658 3781 2730 σαρκὸς

2192 2747 2392 2818 μᾶλλον
2438 2748 2710 2803 δουλεύειν
2754 2748 2981 2804 θέλωσιν
3039 2750 3073 2822 ἢ
3121 2751 3202 2822 τῷ
3244 2752 3471 2822 Κυρίῳ,
3527 2752 3626 2805 καὶ
3681 2751 3779 2821 τὴν

2188 2840 2331 2894 κατά
2366 2840 2428 2894 τὺ
2457 2841 2792 2910 Εὑαγγέλιον
2830 2841 2975 2913 ζωὴν
3018 2843 3092 2913 μὴ
3128 2842 3558 2913 καταδέχωνται,
3600 2841 3779 2905 οὐδεὶς

2187 2932 2319 3003 ἡμῖν
2361 2930 2497 3002 πρὸς
2528 2931 2725 2995 αὐτοὺς
2756 2930 2936 2994 κοινὸς
2967 2931 3147 2999 λόγος.
3187 2931 3381 3001 Ἡμεῖς
3422 2929 3533 3002 γὰρ
3571 2933 3633 2983 ἐν
3666 2929 3778 3000 λαῷ

2187 3022 2404 3076 ἀπειθεῖ
2440 3024 2537 3076 καὶ
2588 3022 2925 3093 ἀντιλέγοντι
2978 3022 3339 3093 δεδιδάγμεθα
3388 3022 3655 3086 ἀκούειν,
3697 3022 3777 3075 ὅτι

2190 3111 2393 3175 Σώζων
2420 3112 2570 3175 σῶζε
2593 3114 2710 3183 τὴν
2739 3114 3001 3169 σεαυτοῦ
3028 3113 3260 3185 ψυχήν.
3285 3114 3377 3186 Μὴ
3398 3114 3582 3167 τοίνυν
3608 3130 3779 3167 κατα-

2188 3202 2466 3275 δεξώμεθα
2498 3206 2934 3260 συναπόλλυσθαι
2962 3209 3075 3270 τοῖς
3112 3206 3400 3269 τοιούτοις·
3427 3203 3567 3261 ἀλλά
3605 3205 3776 3275 φοϐη-

2190 3296 2375 3361 θέντες
2407 3297 2469 3350 τὸ
2496 3297 2635 3368 βαρὺ
2669 3301 2867 3370 κρῖμα,
2900 3297 2995 3352 καὶ
3032 3296 3131 3369 τὴν
3160 3297 3394 3369 φοϐερὰν
3427 3298 3651 3369 ἡμέραν
3681 3298 3778 3367 τῆς

2191 3388 2608 3454 ἀνταποδόσεως
2626 3389 2720 3443 τοῦ
2749 3389 2955 3463 Κυρίου
2993 3389 3100 3461 πρὸ
3132 3388 3243 3442 τῶν
3264 3388 3561 3460 ὀφθαλμῶν
3587 3388 3778 3441 λαϐόν-

2188 3497 2301 3545 τες,
2340 3482 2415 3553 μὴ
2450 3480 2768 3552 θελήσωμεν
2804 3482 3105 3554 ἁμαρτίαις
3152 3481 3461 3552 ἀλλοτρίαις
3508 3480 3778 3535 συναπόλ-

2189 3572 2401 3627 λυσθαι.
2426 3574 2490 3626 Ei
2526 3572 2637 3644 γὰρ
2672 3573 2747 3645 μὴ
2782 3575 3099 3628 ἐπαίδευσεν
3138 3575 3286 3645 ἡμᾶς
3332 3574 3401 3627 τά
3435 3573 3652 3644 φοϐερὰ
3684 3571 3776 3626 τοῦ

2189 3645 2421 3734 Κυρίου,
2450 3663 2583 3735 μηδὲ
2636 3667 2691 3717 αἱ
2746 3665 3075 3733 τηλικαῦται
3131 3665 3338 3737 πληγαὶ
3386 3666 3467 3729 εἰς
3520 3664 3779 3736 αἴσθησιν

2190 3757 2337 3826 ἡμᾶς
2375 3756 2580 3827 ἧγαγον
2608 3755 2741 3827 (37),
2767 3758 2847 3810 ὅτι
2873 3756 2959 3810 διὰ
2979 3758 3077 3828 τὴν
3102 3758 3331 3828 ἀνομίαν
3361 3758 3521 3828 ἡμῶν
3544 3757 3779 3827 ipsass-

2189 3844 2345 3897 λιπεν
2406 3847 2558 3916 ἡμᾶς
2615 3848 2644 3899 ὁ
2684 3846 2921 3919 Κύριος,
2955 3848 3052 3901 καὶ
3104 3849 3422 3921 παρέδωκεν
3473 3850 3557 3912 είς
3587 3853 3779 3921 χεῖρας

2192 3933 2508 4007 βαρϐάρων,
2542 3937 2637 3990 καὶ
2680 3937 2903 4009 ἀπήχθη
2942 3939 3286 4010 αἰχμάλωτος
3328 3941 3409 4003 είς
3447 3941 3578 4004 τοὺς
3630 3941 3781 3994 πολε-

2193 4026 2350 4096 μίους
2373 4026 2401 4077 ὁ
2420 4026 2570 4090 λαὸς,
2594 4028 2690 4082 καὶ
2718 4029 2992 4100 παρεδόθη
3018 4031 3083 4101 τῇ
3114 4029 3406 4101 διασπορᾷ,
3432 4030 3570 4084 διότι
3606 4030 3779 4085 ταῦτα

2190 4117 2432 4189 ἐτόλμων
2464 4120 2512 4172 oi
2546 4118 2608 4172 τὸ
2641 4120 2813 4191 ὄνομα
2839 4121 2935 4174 τοῦ
2979 4122 3216 4195 Χριστοῦ
3253 4124 3687 4195 περιφέροντες·
3734 4126 3781 4177 εἰ

2192 4209 2267 4282 μὴ
2298 4210 2542 4280 ἔγνωσαν
2570 4212 2702 4283 (58),
2732 4213 2868 4285 μηδὲ
2900 4214 3161 4285 συνῆκαν,
3192 4215 3385 4269 ὅτιδιά
3415 4215 3593 4271 ταῦτα
3614 4213 3778 4291 ἦλθεν

2190 4305 2275 4373 ἐφ’
2309 4305 2458 4375 ἡμᾶς
2503 4306 2536 4375 ἡ
2592 4306 2730 4377 ὀργὴ
2778 4306 2874 4360 τοῦ
2913 4305 3080 4361 Θεοῦ·
3105 4308 3191 4371 τίς
3231 4309 3362 4379 ἡμῖν
3397 4309 3581 4373 κοινὸς
3645 4312 3779 4381 πρὸς

2189 4393 2412 4459 τούτους
2454 4393 2647 4465 λόγος;
2704 4395 2866 4451 Ἀλλὰ
2916 4398 3387 4472 διαμαρτύρεσθαι
3444 4401 3639 4467 αὐτοῖς
3688 4404 3779 4456 καὶ

2182 4578 2405 4635 morbos
2432 4582 2735 4649 pellendos,
2766 4593 2828 4639 ut
2859 4586 3153 4642 observant
3179 4588 3470 4644 Balsamon
3505 4599 3560 4645 et
3586 4591 3776 4645 Zona—

2182 4663 2294 4703 ras.
2333 4649 2471 4728 lli_nc
2515 4654 2688 4708 multo
2728 4656 2902 4728 lenior
2932 4658 2984 4711 in
3030 4657 3133 4713 hoc
3163 4675 3373 4715 canone
3421 4662 3773 4728 pcenitentia,

2181 4734 2343 4797 quam
2398 4720 2853 4797 in.se3_agesimo
2910 4729 3123 4797 quinto.
3179 4720 3542 4785 Distinctinne
3598 4720 3776 4787 utitur

2182 4787 2551 4873 S.Gre'gor’ius
2566 4787 2847 4873 N__v§se_nus
2866 4787 3225 4873 in'statu_enda
3249 4800 3413 4870 hujus
3432 4805 3651 4872 peccati
3668 4820 3775 4873 pm-

2178 4860 2640 4940 ni_tentia._Sancit
2666 4866 2811 4920 enim
2836 4884 3046 4923 canone
3066 4870 3101 4923 '5
3128 4878 3186 4923 ut
3215 4860 3401 4940 qui-se
3432 4860 3774 4927 convertunt

2179 4928 2245 4981 ad
2277 4932 2730 5012 prmstigiatores,
2764 4945 2857 5012 aut
2886 4948 3057 5003 vates,
3087 4947 3180 5012 aut
3204 4928 3301 4996 eos
3328 4942 3422 5012 qui
3452 4943 3770 4997 daemonum

2177 5013 2342 5066 opera
2391 5004 2606 5075 piacula
2649 5008 2897 5075 qumdam
2944 5017 2999 5064 et
3030 5010 3298 5064 malorum
3337 5004 3771 5067 avertendorum

2178 5079 2349 5151 artem
2401 5073 2729 5151 prolitentur
2758 5115 2773 5139 ,
2830 5078 2881 5151 hi
2913 5079 2957 5133 si
2986 5077 3107 5133 ﬁdei
3160 5082 3425 5151 neganda;
3450 5086 3696 5137 consilio
3720 5084 3770 5136 id

2177 5140 2436 5220 lecerint,
2486 5144 2689 5220 iisdem
2740 5150 2917 5220 pontis
2951 5165 3016 5203 ac
3047 5140 3314 5218 aposta‘tze
3348 5152 3765 5220 subjiciuntur;

2176 5217 2261 5262 sm
2316 5218 2496 5290 autem
2543 5217 2869 5290 gravissimo
2922 5217 3160 5287 quodam
3211 5221 3403 5277 dolore
3446 5217 3504 5276 et
3561 5217 3770 5277 damno

2173 5281 2411 5363 perculsi
2431 5321 2445 5341 ,
2477 5281 2667 5363 eodem
2692 5288 2855 5363 mde
2897 5281 3221 5358 puniantur,
3262 5307 3329 5347 ac
3352 5294 3446 5363 qui
3473 5296 3769 5349 tormentis

2175 5359 2414 5418 tempore
2434 5354 2799 5411 confessionis
2825 5354 3130 5415 cesserunt.
3209 5354 3213 5355 ν
3368 5354 3385 5363 ’
3586 5372 3591 5377 ’

2733 5426 2826 5481 Sic
2872 5444 3004 5483 mss.
3030 5430 3252 5488 codices
3299 5434 3550 5491 melioris
3598 5444 3762 5491 notae.

2246 5421 2356 5490 (57)
2397 5423 2545 5491 ’Ἡγιι
2664 5466 2679 5479 .

2246 5489 2317 5544 liti
2348 5489 2505 5548 ἦγον.
2537 5442 2679 5548 md

2339 5486 2505 5565 ’ἦγονζ
2537 5486 2823 5552 Pandectaz
2861 5513 2988 5553 cum
3028 5486 3318 5559 codicibus
3360 5486 3763 5564 ίὴεεξὶοῆεεῖιί

2246 5630 2578 5726 (ξβλςιῃέςὴ
2608 5636 2903 5726 ext-ﬁgas.
2947 5639 3512 5726 _Sicmant_lqui.ssimi.
3540 5651 3761 5709 codices

2169 5707 2226 5758 et
2257 5700 2587 5763 "Pandec'taé.
2623 5700 2904 5769 Editiones
2947 5709 3136 5771 Basilii
3163 5717 3228 5789 ,ει
3254 5700 3357 5788 ’μή
3376 5700 3756 5789 summa:
