  <div class='ocr_page' id='page_1' title='image "/cluster/home/n/w/nwhite01/storage/ocr_20150623/32/nnc1.0046978879/474.png"; bbox 0 0 3862 6220; ppageno 0'>
   <div class='ocr_carea' id='block_1_1' title="bbox 129 279 244 337">
    <p class='ocr_par' dir='ltr' id='par_1_1' title="bbox 129 279 244 337">
     <span class='ocr_line' id='line_1_1' title="bbox 129 279 244 337; baseline 0.017 -2"><span class='ocrx_word' id='word_1_1' title='bbox 129 279 244 337; x_wconf 77' lang='grc'><strong>813</strong></span> 
     </span>
    </p>
   </div>
   <div class='ocr_carea' id='block_1_2' title="bbox 1057 276 2464 339">
    <p class='ocr_par' dir='ltr' id='par_1_2' title="bbox 1057 276 2464 339">
     <span class='ocr_line' id='line_1_2' title="bbox 1057 276 2464 339; baseline 0.003 -5"><span class='ocrx_word' id='word_1_2' title='bbox 1057 278 1541 336; x_wconf 74' lang='lat' dir='ltr'><strong>EPISTOLARUM</strong></span> <span class='ocrx_word' id='word_1_3' title='bbox 1578 276 1867 333; x_wconf 81' lang='lat' dir='ltr'><strong>CLASSIS</strong></span> <span class='ocrx_word' id='word_1_4' title='bbox 1905 278 1965 333; x_wconf 94' lang='lat' dir='ltr'><strong>ll.</strong></span> <span class='ocrx_word' id='word_1_5' title='bbox 2010 279 2230 337; x_wconf 86' lang='lat' dir='ltr'><strong>EPIST.</strong></span> <span class='ocrx_word' id='word_1_6' title='bbox 2260 281 2464 339; x_wconf 67' lang='lat' dir='ltr'><strong>CCXX.</strong></span> 
     </span>
    </p>
   </div>
   <div class='ocr_carea' id='block_1_3' title="bbox 3294 288 3399 344">
    <p class='ocr_par' dir='ltr' id='par_1_3' title="bbox 3294 288 3399 344">
     <span class='ocr_line' id='line_1_3' title="bbox 3294 288 3399 344; baseline 0.01 -1"><span class='ocrx_word' id='word_1_7' title='bbox 3294 288 3399 344; x_wconf 62' lang='grc' dir='ltr'>ΘΗ</span> 
     </span>
    </p>
   </div>
   <div class='ocr_carea' id='block_1_4' title="bbox 210 395 1727 469">
    <p class='ocr_par' dir='ltr' id='par_1_4' title="bbox 210 395 1727 469">
     <span class='ocr_line' id='line_1_4' title="bbox 210 395 1727 469; baseline -0.002 -17"><span class='ocrx_word' id='word_1_8' title='bbox 210 399 266 452; x_wconf 77' lang='grc'><strong>2.</strong></span> <span class='ocrx_word' id='word_1_9' title='bbox 300 399 505 452; x_wconf 79' lang='grc' dir='ltr'><strong>Ἐκεῖνο</strong></span> <span class='ocrx_word' id='word_1_10' title='bbox 531 397 639 469; x_wconf 83' lang='grc' dir='ltr'><strong>γὰρ</strong></span> <span class='ocrx_word' id='word_1_11' title='bbox 664 398 863 451; x_wconf 79' lang='grc' dir='ltr'>ειδέναι</span> <span class='ocrx_word' id='word_1_12' title='bbox 892 395 1152 467; x_wconf 79' lang='grc' dir='ltr'>βούλομαι</span> <span class='ocrx_word' id='word_1_13' title='bbox 1180 398 1279 469; x_wconf 78' lang='grc' dir='ltr'><strong>τήν</strong></span> <span class='ocrx_word' id='word_1_14' title='bbox 1310 399 1523 450; x_wconf 89' lang='grc' dir='ltr'>σύνεσιν</span> <span class='ocrx_word' id='word_1_15' title='bbox 1556 395 1727 466; x_wconf 83' lang='grc' dir='ltr'>ὑμῶν,</span> 
     </span>
    </p>
   </div>
   <div class='ocr_carea' id='block_1_5' title="bbox 1830 395 3408 469">
    <p class='ocr_par' dir='ltr' id='par_1_5' title="bbox 1904 395 3408 469">
     <span class='ocr_line' id='line_1_5' title="bbox 1904 395 3408 469; baseline 0.005 -19"><span class='ocrx_word' id='word_1_16' title='bbox 1904 395 1957 451; x_wconf 78' lang='grc'><strong>2.</strong></span> <span class='ocrx_word' id='word_1_17' title='bbox 2005 395 2156 451; x_wconf 87' lang='lat' dir='ltr'><strong>Sciat</strong></span> <span class='ocrx_word' id='word_1_18' title='bbox 2195 399 2341 452; x_wconf 91' lang='lat' dir='ltr'><strong>enim</strong></span> <span class='ocrx_word' id='word_1_19' title='bbox 2392 398 2517 461; x_wconf 87' lang='lat' dir='ltr'><strong>hoc,</strong></span> <span class='ocrx_word' id='word_1_20' title='bbox 2561 412 2744 462; x_wconf 87' lang='lat' dir='ltr'><strong>veum,</strong></span> <span class='ocrx_word' id='word_1_21' title='bbox 2779 398 3071 469; x_wconf 77' lang='lat' dir='ltr'><strong>prudentia</strong></span> <span class='ocrx_word' id='word_1_22' title='bbox 3100 409 3304 469; x_wconf 86' lang='lat' dir='ltr'><strong>vestra,</strong></span> <span class='ocrx_word' id='word_1_23' title='bbox 3340 406 3408 458; x_wconf 79' lang='grc' dir='ltr'><strong>ιι·-</strong></span> 
     </span>
    </p>
   </div>
   <div class='ocr_carea' id='block_1_6' title="bbox 131 487 1731 561">
    <p class='ocr_par' dir='ltr' id='par_1_6' title="bbox 131 487 1731 561">
     <span class='ocr_line' id='line_1_6' title="bbox 131 487 1731 561; baseline -0.004 -16"><span class='ocrx_word' id='word_1_24' title='bbox 131 492 225 545; x_wconf 83' lang='grc' dir='ltr'><strong>δτι</strong></span> <span class='ocrx_word' id='word_1_25' title='bbox 248 492 455 553; x_wconf 83' lang='grc' dir='ltr'>ἐκεῖνος</span> <span class='ocrx_word' id='word_1_26' title='bbox 485 489 663 561; x_wconf 81' lang='grc' dir='ltr'><strong>μέγας</strong></span> <span class='ocrx_word' id='word_1_27' title='bbox 693 489 844 560; x_wconf 83' lang='grc' dir='ltr'><strong>παρά</strong></span> <span class='ocrx_word' id='word_1_28' title='bbox 876 488 1014 559; x_wconf 84' lang='grc' dir='ltr'>Θεῷ,</span> <span class='ocrx_word' id='word_1_29' title='bbox 1048 490 1078 542; x_wconf 86' lang='grc' dir='ltr'>ὁ</span> <span class='ocrx_word' id='word_1_30' title='bbox 1118 488 1558 558; x_wconf 84' lang='grc' dir='ltr'>ταπεινοφρόνως</span> <span class='ocrx_word' id='word_1_31' title='bbox 1595 487 1731 540; x_wconf 81' lang='grc' dir='ltr'>ὑπο-</span> 
     </span>
    </p>
   </div>
   <div class='ocr_carea' id='block_1_7' title="bbox 132 567 1732 651">
    <p class='ocr_par' dir='ltr' id='par_1_7' title="bbox 132 567 1732 651">
     <span class='ocr_line' id='line_1_7' title="bbox 132 567 1732 651; baseline -0.004 -16"><span class='ocrx_word' id='word_1_32' title='bbox 132 579 489 643; x_wconf 82' lang='grc' dir='ltr'>κατακλιθεὶς</span> <span class='ocrx_word' id='word_1_33' title='bbox 537 578 616 651; x_wconf 82' lang='grc' dir='ltr'>τῷ</span> <span class='ocrx_word' id='word_1_34' title='bbox 663 577 927 649; x_wconf 82' lang='grc' dir='ltr'><strong>πλησίον,</strong></span> <span class='ocrx_word' id='word_1_35' title='bbox 997 578 1091 632; x_wconf 72' lang='grc' dir='ltr'>καὶ</span> <span class='ocrx_word' id='word_1_36' title='bbox 1151 576 1593 648; x_wconf 88' lang='grc' dir='ltr'>ἀνεπαισχύντως</span> <span class='ocrx_word' id='word_1_37' title='bbox 1646 567 1732 645; x_wconf 88' lang='grc' dir='ltr'>ἐφ’</span> 
     </span>
    </p>
   </div>
   <div class='ocr_carea' id='block_1_8' title="bbox 132 666 1731 745">
    <p class='ocr_par' dir='ltr' id='par_1_8' title="bbox 132 666 1731 745">
     <span class='ocr_line' id='line_1_8' title="bbox 132 666 1731 745; baseline -0.004 -16"><span class='ocrx_word' id='word_1_38' title='bbox 132 676 332 730; x_wconf 79' lang='grc' dir='ltr'>ἐαυτὸν</span> <span class='ocrx_word' id='word_1_39' title='bbox 378 673 771 745; x_wconf 75' lang='grc' dir='ltr'><strong>ἀναδεξάμενος</strong></span> <span class='ocrx_word' id='word_1_40' title='bbox 820 673 889 726; x_wconf 80' lang='grc' dir='ltr'>τὰ</span> <span class='ocrx_word' id='word_1_41' title='bbox 937 671 1280 745; x_wconf 88' lang='grc' dir='ltr'>ἐγκλήματα,</span> <span class='ocrx_word' id='word_1_42' title='bbox 1315 670 1417 725; x_wconf 77' lang='grc' dir='ltr'>κᾶν</span> <span class='ocrx_word' id='word_1_43' title='bbox 1450 670 1526 742; x_wconf 86' lang='grc' dir='ltr'>μὴ</span> <span class='ocrx_word' id='word_1_44' title='bbox 1556 666 1731 739; x_wconf 87' lang='grc' dir='ltr'>ἀληθῆ</span> 
     </span>
    </p>
   </div>
   <div class='ocr_carea' id='block_1_9' title="bbox 133 760 1732 843">
    <p class='ocr_par' dir='ltr' id='par_1_9' title="bbox 133 760 1732 843">
     <span class='ocr_line' id='line_1_9' title="bbox 133 760 1732 843; baseline -0.004 -23"><span class='ocrx_word' id='word_1_45' title='bbox 133 765 200 843; x_wconf 78' lang='grc' dir='ltr'>ᾖ,</span> <span class='ocrx_word' id='word_1_46' title='bbox 232 768 373 838; x_wconf 84' lang='grc' dir='ltr'>ὑπὲρ</span> <span class='ocrx_word' id='word_1_47' title='bbox 410 764 505 820; x_wconf 86' lang='grc' dir='ltr'><strong>τοῦ</strong></span> <span class='ocrx_word' id='word_1_48' title='bbox 555 766 617 819; x_wconf 88' lang='grc' dir='ltr'><strong>τὸ</strong></span> <span class='ocrx_word' id='word_1_49' title='bbox 666 765 809 836; x_wconf 84' lang='grc' dir='ltr'>μέγα</span> <span class='ocrx_word' id='word_1_50' title='bbox 852 764 1043 834; x_wconf 77' lang='grc' dir='ltr'>δφελος</span> <span class='ocrx_word' id='word_1_51' title='bbox 1092 764 1193 837; x_wconf 85' lang='grc' dir='ltr'>τὴν</span> <span class='ocrx_word' id='word_1_52' title='bbox 1243 763 1467 836; x_wconf 80' lang='grc' dir='ltr'><strong>εἰρήνην</strong></span> <span class='ocrx_word' id='word_1_53' title='bbox 1503 760 1732 833; x_wconf 90' lang='grc' dir='ltr'>χαρίσα-</span> 
     </span>
    </p>
   </div>
   <div class='ocr_carea' id='block_1_10' title="bbox 137 850 1731 931">
    <p class='ocr_par' dir='ltr' id='par_1_10' title="bbox 137 850 1731 931">
     <span class='ocr_line' id='line_1_10' title="bbox 137 850 1731 931; baseline -0.008 -14"><span class='ocrx_word' id='word_1_54' title='bbox 137 860 269 917; x_wconf 76' lang='grc' dir='ltr'>σθαι</span> <span class='ocrx_word' id='word_1_55' title='bbox 315 862 381 931; x_wconf 78' lang='grc' dir='ltr'>τῇ</span> <span class='ocrx_word' id='word_1_56' title='bbox 428 858 523 912; x_wconf 85' lang='grc' dir='ltr'><strong>τοῦ</strong></span> <span class='ocrx_word' id='word_1_57' title='bbox 570 855 706 911; x_wconf 89' lang='grc' dir='ltr'>Θεοῦ</span> <span class='ocrx_word' id='word_1_58' title='bbox 749 857 1066 928; x_wconf 83' lang='grc' dir='ltr'>Ἐκκλησίᾳ.</span> <span class='ocrx_word' id='word_1_59' title='bbox 1096 856 1342 910; x_wconf 90' lang='grc' dir='ltr'>Γενέσθω</span> <span class='ocrx_word' id='word_1_60' title='bbox 1378 850 1471 909; x_wconf 80' lang='grc' dir='ltr'><strong>οῦν</strong></span> <span class='ocrx_word' id='word_1_61' title='bbox 1509 854 1569 908; x_wconf 88' lang='grc' dir='ltr'><strong>ἐν</strong></span> <span class='ocrx_word' id='word_1_62' title='bbox 1603 854 1731 924; x_wconf 87' lang='grc' dir='ltr'>ὑμῖν</span> 
     </span>
    </p>
   </div>
   <div class='ocr_carea' id='block_1_11' title="bbox 135 944 1729 1025">
    <p class='ocr_par' dir='ltr' id='par_1_11' title="bbox 135 944 1729 1025">
     <span class='ocr_line' id='line_1_11' title="bbox 135 944 1729 1025; baseline -0.006 -17"><span class='ocrx_word' id='word_1_63' title='bbox 135 953 350 1025; x_wconf 67' lang='grc' dir='ltr'>ἅμιλλα</span> <span class='ocrx_word' id='word_1_64' title='bbox 398 950 600 1021; x_wconf 79' lang='grc' dir='ltr'>ἀγαθὴ,</span> <span class='ocrx_word' id='word_1_65' title='bbox 663 949 746 1012; x_wconf 84' lang='grc' dir='ltr'><strong>τίς</strong></span> <span class='ocrx_word' id='word_1_66' title='bbox 796 947 1013 1020; x_wconf 83' lang='grc' dir='ltr'>πρῶτος</span> <span class='ocrx_word' id='word_1_67' title='bbox 1055 946 1365 1018; x_wconf 80' lang='grc' dir='ltr'>καταξιωθῇ</span> <span class='ocrx_word' id='word_1_68' title='bbox 1425 947 1539 1009; x_wconf 73' lang='grc' dir='ltr'>υἱὸς</span> <span class='ocrx_word' id='word_1_69' title='bbox 1594 944 1729 999; x_wconf 86' lang='grc' dir='ltr'>Θεοῦ</span> 
     </span>
    </p>
   </div>
   <div class='ocr_carea' id='block_1_12' title="bbox 133 1035 1731 1117">
    <p class='ocr_par' dir='ltr' id='par_1_12' title="bbox 133 1035 1731 1117">
     <span class='ocr_line' id='line_1_12' title="bbox 133 1035 1731 1117; baseline -0.006 -18"><span class='ocrx_word' id='word_1_70' title='bbox 133 1045 411 1117; x_wconf 76' lang='grc' dir='ltr'>κληθῆναι</span> <span class='ocrx_word' id='word_1_71' title='bbox 435 1085 451 1108; x_wconf 84' lang='grc'><strong>,</strong></span> <span class='ocrx_word' id='word_1_72' title='bbox 506 1041 597 1096; x_wconf 78' lang='grc' dir='ltr'>διὰ</span> <span class='ocrx_word' id='word_1_73' title='bbox 634 1041 735 1111; x_wconf 83' lang='grc' dir='ltr'><strong>τῆς</strong></span> <span class='ocrx_word' id='word_1_74' title='bbox 771 1039 1139 1113; x_wconf 84' lang='grc' dir='ltr'>είρηνοποιίας</span> <span class='ocrx_word' id='word_1_75' title='bbox 1173 1038 1351 1110; x_wconf 86' lang='grc' dir='ltr'>ἐαυτῷ</span> <span class='ocrx_word' id='word_1_76' title='bbox 1401 1038 1462 1091; x_wconf 82' lang='grc' dir='ltr'>τὸ</span> <span class='ocrx_word' id='word_1_77' title='bbox 1514 1035 1731 1108; x_wconf 79' lang='grc' dir='ltr'>ἀξίωμα</span> 
     </span>
    </p>
   </div>
   <div class='ocr_carea' id='block_1_13' title="bbox 130 1128 1729 1206">
    <p class='ocr_par' dir='ltr' id='par_1_13' title="bbox 130 1128 1729 1206">
     <span class='ocr_line' id='line_1_13' title="bbox 130 1128 1729 1206; baseline -0.006 -16"><span class='ocrx_word' id='word_1_78' title='bbox 130 1137 301 1190; x_wconf 88' lang='grc' dir='ltr'>τοῦτο</span> <span class='ocrx_word' id='word_1_79' title='bbox 349 1133 869 1206; x_wconf 73' lang='grc' dir='ltr'>περιποιησάμενος.</span> <span class='ocrx_word' id='word_1_80' title='bbox 912 1129 1226 1185; x_wconf 80' lang='grc' dir='ltr'>Ἐπέστειλε</span> <span class='ocrx_word' id='word_1_81' title='bbox 1259 1129 1317 1183; x_wconf 81' lang='grc' dir='ltr'>δὲ</span> <span class='ocrx_word' id='word_1_82' title='bbox 1359 1129 1455 1182; x_wconf 77' lang='grc' dir='ltr'><strong>καὶ</strong></span> <span class='ocrx_word' id='word_1_83' title='bbox 1491 1132 1519 1182; x_wconf 85' lang='grc' dir='ltr'><strong>ὁ</strong></span> <span class='ocrx_word' id='word_1_84' title='bbox 1548 1128 1729 1197; x_wconf 84' lang='grc' dir='ltr'>θεοφι-</span> 
     </span>
    </p>
   </div>
   <div class='ocr_carea' id='block_1_14' title="bbox 131 1219 1729 1299">
    <p class='ocr_par' dir='ltr' id='par_1_14' title="bbox 131 1219 1729 1299">
     <span class='ocr_line' id='line_1_14' title="bbox 131 1219 1729 1299; baseline -0.007 -17"><span class='ocrx_word' id='word_1_85' title='bbox 131 1228 396 1290; x_wconf 86' lang='grc' dir='ltr'>λέστατος</span> <span class='ocrx_word' id='word_1_86' title='bbox 424 1226 723 1285; x_wconf 78' lang='grc' dir='ltr'><strong>ἐπίσκοπος</strong></span> <span class='ocrx_word' id='word_1_87' title='bbox 766 1223 895 1292; x_wconf 81' lang='grc' dir='ltr'>ὑμῖν</span> <span class='ocrx_word' id='word_1_88' title='bbox 930 1221 1003 1276; x_wconf 85' lang='grc' dir='ltr'><strong>τά</strong></span> <span class='ocrx_word' id='word_1_89' title='bbox 1045 1221 1346 1294; x_wconf 86' lang='grc' dir='ltr'>πρέποντα.</span> <span class='ocrx_word' id='word_1_90' title='bbox 1378 1219 1473 1273; x_wconf 76' lang='grc' dir='ltr'>καὶ</span> <span class='ocrx_word' id='word_1_91' title='bbox 1511 1222 1729 1299; x_wconf 81' lang='grc' dir='ltr'>ἐπιστε-</span> 
     </span>
    </p>
   </div>
   <div class='ocr_carea' id='block_1_15' title="bbox 130 1309 1731 1389">
    <p class='ocr_par' dir='ltr' id='par_1_15' title="bbox 130 1309 1731 1389">
     <span class='ocr_line' id='line_1_15' title="bbox 130 1309 1731 1389; baseline -0.007 -16"><span class='ocrx_word' id='word_1_92' title='bbox 130 1320 224 1373; x_wconf 83' lang='grc' dir='ltr'><strong>λεῖ</strong></span> <span class='ocrx_word' id='word_1_93' title='bbox 253 1318 365 1389; x_wconf 67' lang='grc'>(49)</span> <span class='ocrx_word' id='word_1_94' title='bbox 393 1316 555 1371; x_wconf 83' lang='grc' dir='ltr'>πάλιν</span> <span class='ocrx_word' id='word_1_95' title='bbox 583 1316 653 1369; x_wconf 85' lang='grc' dir='ltr'>τὰ</span> <span class='ocrx_word' id='word_1_96' title='bbox 679 1312 1038 1369; x_wconf 90' lang='grc' dir='ltr'>ἐπιϐάλλοντα</span> <span class='ocrx_word' id='word_1_97' title='bbox 1082 1311 1252 1382; x_wconf 83' lang='grc' dir='ltr'>αὐτῷ.</span> <span class='ocrx_word' id='word_1_98' title='bbox 1282 1311 1430 1383; x_wconf 80' lang='grc' dir='ltr'>Πλὴν</span> <span class='ocrx_word' id='word_1_99' title='bbox 1473 1310 1608 1364; x_wconf 88' lang='grc' dir='ltr'><strong>ἀλλά</strong></span> <span class='ocrx_word' id='word_1_100' title='bbox 1637 1309 1731 1362; x_wconf 77' lang='grc' dir='ltr'><strong>καὶ</strong></span> 
     </span>
    </p>
   </div>
   <div class='ocr_carea' id='block_1_16' title="bbox 132 1402 1730 1485">
    <p class='ocr_par' dir='ltr' id='par_1_16' title="bbox 132 1402 1730 1485">
     <span class='ocr_line' id='line_1_16' title="bbox 132 1402 1730 1485; baseline -0.006 -18"><span class='ocrx_word' id='word_1_101' title='bbox 132 1416 325 1485; x_wconf 75' lang='grc' dir='ltr'>ἡμεῖς,</span> <span class='ocrx_word' id='word_1_102' title='bbox 384 1409 473 1464; x_wconf 89' lang='grc' dir='ltr'><strong>διά</strong></span> <span class='ocrx_word' id='word_1_103' title='bbox 527 1409 589 1463; x_wconf 77' lang='grc' dir='ltr'>τὸ</span> <span class='ocrx_word' id='word_1_104' title='bbox 642 1408 722 1461; x_wconf 76' lang='grc' dir='ltr'>ἔτι</span> <span class='ocrx_word' id='word_1_105' title='bbox 771 1404 885 1478; x_wconf 84' lang='grc'>(50)</span> <span class='ocrx_word' id='word_1_106' title='bbox 941 1404 1389 1476; x_wconf 78' lang='grc' dir='ltr'><strong>συγκεχωρῆσθαι</strong></span> <span class='ocrx_word' id='word_1_107' title='bbox 1445 1402 1730 1474; x_wconf 81' lang='grc' dir='ltr'>ἐγγύτεροι</span> 
     </span>
    </p>
   </div>
   <div class='ocr_carea' id='block_1_17' title="bbox 134 1492 1724 1572">
    <p class='ocr_par' dir='ltr' id='par_1_17' title="bbox 134 1492 1724 1572">
     <span class='ocr_line' id='line_1_17' title="bbox 134 1492 1724 1572; baseline -0.006 -17"><span class='ocrx_word' id='word_1_108' title='bbox 134 1500 298 1572; x_wconf 74' lang='grc' dir='ltr'>ὑμῶν</span> <span class='ocrx_word' id='word_1_109' title='bbox 345 1496 506 1564; x_wconf 74' lang='grc' dir='ltr'>εἶναι,</span> <span class='ocrx_word' id='word_1_110' title='bbox 538 1498 760 1570; x_wconf 85' lang='grc' dir='ltr'>ἀμελεῖν</span> <span class='ocrx_word' id='word_1_111' title='bbox 810 1496 920 1550; x_wconf 86' lang='grc' dir='ltr'><strong>τῶν</strong></span> <span class='ocrx_word' id='word_1_112' title='bbox 971 1496 1093 1550; x_wconf 89' lang='grc' dir='ltr'>καθ’</span> <span class='ocrx_word' id='word_1_113' title='bbox 1128 1496 1273 1566; x_wconf 81' lang='grc' dir='ltr'>ὑμᾶς</span> <span class='ocrx_word' id='word_1_114' title='bbox 1318 1495 1379 1547; x_wconf 79' lang='grc' dir='ltr'>ού</span> <span class='ocrx_word' id='word_1_115' title='bbox 1432 1492 1724 1564; x_wconf 89' lang='grc' dir='ltr'>δυνάμεθα.</span> 
     </span>
    </p>
   </div>
   <div class='ocr_carea' id='block_1_18' title="bbox 133 1583 1728 1663">
    <p class='ocr_par' dir='ltr' id='par_1_18' title="bbox 133 1583 1728 1663">
     <span class='ocr_line' id='line_1_18' title="bbox 133 1583 1728 1663; baseline -0.007 -16"><span class='ocrx_word' id='word_1_116' title='bbox 133 1592 308 1647; x_wconf 82' lang='grc' dir='ltr'>Ὅθεν</span> <span class='ocrx_word' id='word_1_117' title='bbox 353 1592 449 1645; x_wconf 73' lang='grc' dir='ltr'><strong>καὶ</strong></span> <span class='ocrx_word' id='word_1_118' title='bbox 505 1588 948 1663; x_wconf 77' lang='grc' dir='ltr'>παραγενομένου</span> <span class='ocrx_word' id='word_1_119' title='bbox 985 1587 1076 1641; x_wconf 88' lang='grc' dir='ltr'><strong>τοῦ</strong></span> <span class='ocrx_word' id='word_1_120' title='bbox 1129 1586 1523 1641; x_wconf 82' lang='grc' dir='ltr'>εὐλαϐεστάτου</span> <span class='ocrx_word' id='word_1_121' title='bbox 1575 1583 1728 1638; x_wconf 87' lang='grc' dir='ltr'>ἀδελ-</span> 
     </span>
    </p>
   </div>
   <div class='ocr_carea' id='block_1_19' title="bbox 133 1675 1726 1755">
    <p class='ocr_par' dir='ltr' id='par_1_19' title="bbox 133 1675 1726 1755">
     <span class='ocr_line' id='line_1_19' title="bbox 133 1675 1726 1755; baseline -0.007 -16"><span class='ocrx_word' id='word_1_122' title='bbox 133 1684 240 1755; x_wconf 77' lang='grc' dir='ltr'><strong>φοῦ</strong></span> <span class='ocrx_word' id='word_1_123' title='bbox 295 1682 574 1753; x_wconf 82' lang='grc' dir='ltr'><strong>Θεοδώρου</strong></span> <span class='ocrx_word' id='word_1_124' title='bbox 625 1680 723 1735; x_wconf 83' lang='grc' dir='ltr'><strong>τοῦ</strong></span> <span class='ocrx_word' id='word_1_125' title='bbox 778 1679 1153 1744; x_wconf 85' lang='grc' dir='ltr'>ὑποδιακόνου,</span> <span class='ocrx_word' id='word_1_126' title='bbox 1211 1678 1305 1733; x_wconf 79' lang='grc' dir='ltr'><strong>καὶ</strong></span> <span class='ocrx_word' id='word_1_127' title='bbox 1356 1676 1600 1740; x_wconf 74' lang='grc' dir='ltr'>εἰπόντος</span> <span class='ocrx_word' id='word_1_128' title='bbox 1626 1675 1726 1747; x_wconf 84' lang='grc' dir='ltr'><strong>τὴν</strong></span> 
     </span>
    </p>
   </div>
   <div class='ocr_carea' id='block_1_20' title="bbox 1834 488 3404 565">
    <p class='ocr_par' dir='ltr' id='par_1_20' title="bbox 1834 488 3404 565">
     <span class='ocr_line' id='line_1_20' title="bbox 1834 488 3404 565; baseline 0.006 -24"><span class='ocrx_word' id='word_1_129' title='bbox 1834 488 1945 542; x_wconf 94' lang='lat' dir='ltr'><strong>lum</strong></span> <span class='ocrx_word' id='word_1_130' title='bbox 1994 504 2248 560; x_wconf 87' lang='lat' dir='ltr'><strong>magnum</strong></span> <span class='ocrx_word' id='word_1_131' title='bbox 2304 504 2427 546; x_wconf 90' lang='lat' dir='ltr'><strong>esse</strong></span> <span class='ocrx_word' id='word_1_132' title='bbox 2472 491 2617 560; x_wconf 84' lang='lat' dir='ltr'><strong>apud</strong></span> <span class='ocrx_word' id='word_1_133' title='bbox 2676 490 2872 558; x_wconf 87' lang='lat' dir='ltr'><strong>Deum,</strong></span> <span class='ocrx_word' id='word_1_134' title='bbox 2916 495 3009 564; x_wconf 91' lang='lat' dir='ltr'><strong>qui</strong></span> <span class='ocrx_word' id='word_1_135' title='bbox 3059 509 3119 549; x_wconf 91' lang='lat' dir='ltr'><strong>se</strong></span> <span class='ocrx_word' id='word_1_136' title='bbox 3155 497 3404 565; x_wconf 76' lang='lat' dir='ltr'><strong>proximo</strong></span> 
     </span>
    </p>
   </div>
   <div class='ocr_carea' id='block_1_21' title="bbox 1834 577 3401 646">
    <p class='ocr_par' dir='ltr' id='par_1_21' title="bbox 1834 577 3401 646">
     <span class='ocr_line' id='line_1_21' title="bbox 1834 577 3401 646; baseline 0.005 -15"><span class='ocrx_word' id='word_1_137' title='bbox 1834 577 2119 634; x_wconf 84' lang='lat' dir='ltr'><strong>humiliter</strong></span> <span class='ocrx_word' id='word_1_138' title='bbox 2153 580 2451 646; x_wconf 72' lang='lat' dir='ltr'><strong>submittit,</strong></span> <span class='ocrx_word' id='word_1_139' title='bbox 2489 598 2554 638; x_wconf 91' lang='lat' dir='ltr'><strong>ac</strong></span> <span class='ocrx_word' id='word_1_140' title='bbox 2594 583 2732 638; x_wconf 89' lang='lat' dir='ltr'><strong>citra</strong></span> <span class='ocrx_word' id='word_1_141' title='bbox 2755 584 3143 640; x_wconf 79' lang='lat' dir='ltr'><strong>verecundiam</strong></span> <span class='ocrx_word' id='word_1_142' title='bbox 3173 585 3401 640; x_wconf 83' lang='lat' dir='ltr'><strong>crimina</strong></span> 
     </span>
    </p>
   </div>
   <div class='ocr_carea' id='block_1_22' title="bbox 1833 670 3402 746">
    <p class='ocr_par' dir='ltr' id='par_1_22' title="bbox 1833 670 3402 746">
     <span class='ocr_line' id='line_1_22' title="bbox 1833 670 3402 746; baseline 0.003 -21"><span class='ocrx_word' id='word_1_143' title='bbox 1833 670 1889 725; x_wconf 91' lang='lat' dir='ltr'><strong>in</strong></span> <span class='ocrx_word' id='word_1_144' title='bbox 1924 672 2108 741; x_wconf 92' lang='lat' dir='ltr'><strong>seipso</strong></span> <span class='ocrx_word' id='word_1_145' title='bbox 2143 673 2362 743; x_wconf 75' lang='lat' dir='ltr'><strong>recipit,</strong></span> <span class='ocrx_word' id='word_1_146' title='bbox 2398 675 2613 731; x_wconf 89' lang='lat' dir='ltr'><strong>etiamsi</strong></span> <span class='ocrx_word' id='word_1_147' title='bbox 2645 691 2773 731; x_wconf 89' lang='lat' dir='ltr'><strong>vera</strong></span> <span class='ocrx_word' id='word_1_148' title='bbox 2803 691 2911 730; x_wconf 92' lang='lat' dir='ltr'><strong>non</strong></span> <span class='ocrx_word' id='word_1_149' title='bbox 2938 677 3070 742; x_wconf 91' lang='lat' dir='ltr'><strong>sint,</strong></span> <span class='ocrx_word' id='word_1_150' title='bbox 3104 688 3162 730; x_wconf 87' lang='lat' dir='ltr'><strong>ut</strong></span> <span class='ocrx_word' id='word_1_151' title='bbox 3186 692 3402 746; x_wconf 85' lang='lat' dir='ltr'><strong>pacem,</strong></span> 
     </span>
    </p>
   </div>
   <div class='ocr_carea' id='block_1_23' title="bbox 1832 764 3405 832">
    <p class='ocr_par' dir='ltr' id='par_1_23' title="bbox 1832 764 3405 832">
     <span class='ocr_line' id='line_1_23' title="bbox 1832 764 3405 832; baseline 0.006 -18"><span class='ocrx_word' id='word_1_152' title='bbox 1832 776 2091 832; x_wconf 84' lang='lat' dir='ltr'><strong>magnum</strong></span> <span class='ocrx_word' id='word_1_153' title='bbox 2126 764 2261 818; x_wconf 90' lang='lat' dir='ltr'><strong>illud</strong></span> <span class='ocrx_word' id='word_1_154' title='bbox 2304 766 2758 831; x_wconf 88' lang='lat' dir='ltr'><strong>emolumentum,</strong></span> <span class='ocrx_word' id='word_1_155' title='bbox 2797 766 2889 822; x_wconf 83' lang='lat' dir='ltr'><strong>Dei</strong></span> <span class='ocrx_word' id='word_1_156' title='bbox 2932 766 3192 823; x_wconf 62' lang='lat' dir='ltr'><strong>Ecclesiae</strong></span> <span class='ocrx_word' id='word_1_157' title='bbox 3217 770 3405 823; x_wconf 89' lang='lat' dir='ltr'><strong>conci-</strong></span> 
     </span>
    </p>
   </div>
   <div class='ocr_carea' id='block_1_24' title="bbox 1833 851 3404 929">
    <p class='ocr_par' dir='ltr' id='par_1_24' title="bbox 1833 851 3404 929">
     <span class='ocr_line' id='line_1_24' title="bbox 1833 851 3404 929; baseline 0.004 -23"><span class='ocrx_word' id='word_1_158' title='bbox 1833 851 1948 908; x_wconf 89' lang='lat' dir='ltr'><strong>liet.</strong></span> <span class='ocrx_word' id='word_1_159' title='bbox 1982 852 2063 907; x_wconf 86' lang='lat' dir='ltr'><strong>Sit</strong></span> <span class='ocrx_word' id='word_1_160' title='bbox 2110 854 2294 925; x_wconf 82' lang='lat' dir='ltr'><strong>itaque</strong></span> <span class='ocrx_word' id='word_1_161' title='bbox 2340 856 2486 911; x_wconf 88' lang='lat' dir='ltr'><strong>inter</strong></span> <span class='ocrx_word' id='word_1_162' title='bbox 2541 873 2638 912; x_wconf 87' lang='lat' dir='ltr'><strong>vos</strong></span> <span class='ocrx_word' id='word_1_163' title='bbox 2686 863 2964 911; x_wconf 83' lang='lat' dir='ltr'><strong>certamen</strong></span> <span class='ocrx_word' id='word_1_164' title='bbox 3001 856 3230 929; x_wconf 79' lang='lat' dir='ltr'><strong>bonum,</strong></span> <span class='ocrx_word' id='word_1_165' title='bbox 3278 857 3404 927; x_wconf 84' lang='lat' dir='ltr'><strong>quis</strong></span> 
     </span>
    </p>
   </div>
   <div class='ocr_carea' id='block_1_25' title="bbox 1828 945 3405 1015">
    <p class='ocr_par' dir='ltr' id='par_1_25' title="bbox 1828 945 3405 1015">
     <span class='ocr_line' id='line_1_25' title="bbox 1828 945 3405 1015; baseline 0.002 -17"><span class='ocrx_word' id='word_1_166' title='bbox 1828 946 1983 1015; x_wconf 89' lang='lat' dir='ltr'><strong>prior</strong></span> <span class='ocrx_word' id='word_1_167' title='bbox 2018 953 2411 1014; x_wconf 84' lang='lat' dir='ltr'><strong>consequatur,</strong></span> <span class='ocrx_word' id='word_1_168' title='bbox 2453 957 2515 1001; x_wconf 90' lang='lat' dir='ltr'><strong>ut</strong></span> <span class='ocrx_word' id='word_1_169' title='bbox 2544 946 2688 1001; x_wconf 90' lang='lat' dir='ltr'><strong>lilius</strong></span> <span class='ocrx_word' id='word_1_170' title='bbox 2717 945 2811 1000; x_wconf 86' lang='lat' dir='ltr'><strong>Dei</strong></span> <span class='ocrx_word' id='word_1_171' title='bbox 2842 955 3091 1013; x_wconf 80' lang='lat' dir='ltr'><strong>vocetur,</strong></span> <span class='ocrx_word' id='word_1_172' title='bbox 3125 946 3265 1001; x_wconf 90' lang='lat' dir='ltr'><strong>banc</strong></span> <span class='ocrx_word' id='word_1_173' title='bbox 3300 947 3405 1002; x_wconf 89' lang='lat' dir='ltr'><strong>sibi</strong></span> 
     </span>
    </p>
   </div>
   <div class='ocr_carea' id='block_1_26' title="bbox 1831 1037 3403 1109">
    <p class='ocr_par' dir='ltr' id='par_1_26' title="bbox 1831 1037 3403 1109">
     <span class='ocr_line' id='line_1_26' title="bbox 1831 1037 3403 1109; baseline 0.001 -18"><span class='ocrx_word' id='word_1_174' title='bbox 1831 1037 2149 1107; x_wconf 82' lang='lat' dir='ltr'><strong>dignitatem</strong></span> <span class='ocrx_word' id='word_1_175' title='bbox 2221 1038 2293 1093; x_wconf 93' lang='lat' dir='ltr'><strong>ob</strong></span> <span class='ocrx_word' id='word_1_176' title='bbox 2342 1053 2533 1108; x_wconf 84' lang='lat' dir='ltr'><strong>pacem</strong></span> <span class='ocrx_word' id='word_1_177' title='bbox 2610 1039 2973 1109; x_wconf 82' lang='lat' dir='ltr'><strong>compositam</strong></span> <span class='ocrx_word' id='word_1_178' title='bbox 3054 1054 3403 1109; x_wconf 86' lang='lat' dir='ltr'><strong>comparans.</strong></span> 
     </span>
    </p>
   </div>
   <div class='ocr_carea' id='block_1_27' title="bbox 1834 1122 3405 1199">
    <p class='ocr_par' dir='ltr' id='par_1_27' title="bbox 1834 1122 3405 1199">
     <span class='ocr_line' id='line_1_27' title="bbox 1834 1122 3405 1199; baseline 0.003 -20"><span class='ocrx_word' id='word_1_179' title='bbox 1834 1122 2068 1196; x_wconf 89' lang='lat' dir='ltr'><strong>Scripsit</strong></span> <span class='ocrx_word' id='word_1_180' title='bbox 2111 1134 2292 1181; x_wconf 90' lang='lat' dir='ltr'><strong>autem</strong></span> <span class='ocrx_word' id='word_1_181' title='bbox 2336 1135 2392 1183; x_wconf 88' lang='lat' dir='ltr'><strong>et</strong></span> <span class='ocrx_word' id='word_1_182' title='bbox 2428 1129 2881 1199; x_wconf 81' lang='lat' dir='ltr'><strong>religiosissimus</strong></span> <span class='ocrx_word' id='word_1_183' title='bbox 2914 1129 3205 1199; x_wconf 84' lang='lat' dir='ltr'><strong>cpiscopus</strong></span> <span class='ocrx_word' id='word_1_184' title='bbox 3249 1128 3405 1184; x_wconf 89' lang='lat' dir='ltr'><strong>vobis</strong></span> 
     </span>
    </p>
   </div>
   <div class='ocr_carea' id='block_1_28' title="bbox 1830 1220 3402 1291">
    <p class='ocr_par' dir='ltr' id='par_1_28' title="bbox 1830 1220 3402 1291">
     <span class='ocr_line' id='line_1_28' title="bbox 1830 1220 3402 1291; baseline 0.003 -19"><span class='ocrx_word' id='word_1_185' title='bbox 1830 1234 1953 1290; x_wconf 63' lang='lat' dir='ltr'><strong>quas</strong></span> <span class='ocrx_word' id='word_1_186' title='bbox 1991 1220 2349 1287; x_wconf 85' lang='lat' dir='ltr'><strong>conveniunt,</strong></span> <span class='ocrx_word' id='word_1_187' title='bbox 2386 1236 2451 1276; x_wconf 90' lang='lat' dir='ltr'><strong>ac</strong></span> <span class='ocrx_word' id='word_1_188' title='bbox 2489 1238 2684 1278; x_wconf 89' lang='lat' dir='ltr'><strong>rursus</strong></span> <span class='ocrx_word' id='word_1_189' title='bbox 2715 1224 2916 1277; x_wconf 88' lang='lat' dir='ltr'><strong>scribet</strong></span> <span class='ocrx_word' id='word_1_190' title='bbox 2957 1236 3080 1291; x_wconf 65' lang='lat' dir='ltr'><strong>quae</strong></span> <span class='ocrx_word' id='word_1_191' title='bbox 3106 1220 3282 1291; x_wconf 91' lang='lat' dir='ltr'><strong>ipsum</strong></span> <span class='ocrx_word' id='word_1_192' title='bbox 3309 1221 3402 1276; x_wconf 84' lang='lat' dir='ltr'><strong>de-</strong></span> 
     </span>
    </p>
   </div>
   <div class='ocr_carea' id='block_1_29' title="bbox 1831 1308 3404 1383">
    <p class='ocr_par' dir='ltr' id='par_1_29' title="bbox 1831 1308 3404 1383">
     <span class='ocr_line' id='line_1_29' title="bbox 1831 1308 3404 1383; baseline 0.002 -19"><span class='ocrx_word' id='word_1_193' title='bbox 1831 1318 1975 1365; x_wconf 89' lang='lat' dir='ltr'><strong>cent.</strong></span> <span class='ocrx_word' id='word_1_194' title='bbox 2009 1308 2402 1366; x_wconf 79' lang='lat' dir='ltr'><strong>Verumtamen</strong></span> <span class='ocrx_word' id='word_1_195' title='bbox 2445 1320 2500 1366; x_wconf 87' lang='lat' dir='ltr'><strong>et</strong></span> <span class='ocrx_word' id='word_1_196' title='bbox 2525 1328 2651 1378; x_wconf 90' lang='lat' dir='ltr'><strong>nos,</strong></span> <span class='ocrx_word' id='word_1_197' title='bbox 2686 1328 2753 1368; x_wconf 91' lang='lat' dir='ltr'><strong>eo</strong></span> <span class='ocrx_word' id='word_1_198' title='bbox 2784 1311 2931 1383; x_wconf 90' lang='lat' dir='ltr'><strong>quod</strong></span> <span class='ocrx_word' id='word_1_199' title='bbox 2959 1312 3139 1365; x_wconf 82' lang='lat' dir='ltr'><strong>adhuc</strong></span> <span class='ocrx_word' id='word_1_200' title='bbox 3175 1325 3404 1368; x_wconf 84' lang='lat' dir='ltr'><strong>conces-</strong></span> 
     </span>
    </p>
   </div>
   <div class='ocr_carea' id='block_1_30' title="bbox 1831 1402 3402 1477">
    <p class='ocr_par' dir='ltr' id='par_1_30' title="bbox 1831 1402 3402 1477">
     <span class='ocr_line' id='line_1_30' title="bbox 1831 1402 3402 1477; baseline 0.004 -20"><span class='ocrx_word' id='word_1_201' title='bbox 1831 1417 1952 1457; x_wconf 89' lang='lat' dir='ltr'><strong>sum</strong></span> <span class='ocrx_word' id='word_1_202' title='bbox 1988 1402 2083 1470; x_wconf 89' lang='lat' dir='ltr'><strong>sit,</strong></span> <span class='ocrx_word' id='word_1_203' title='bbox 2124 1411 2183 1458; x_wconf 91' lang='lat' dir='ltr'><strong>ut</strong></span> <span class='ocrx_word' id='word_1_204' title='bbox 2226 1404 2383 1459; x_wconf 84' lang='lat' dir='ltr'><strong>vobis</strong></span> <span class='ocrx_word' id='word_1_205' title='bbox 2428 1407 2711 1477; x_wconf 86' lang='lat' dir='ltr'><strong>propiores</strong></span> <span class='ocrx_word' id='word_1_206' title='bbox 2758 1406 2952 1470; x_wconf 91' lang='lat' dir='ltr'><strong>simus,</strong></span> <span class='ocrx_word' id='word_1_207' title='bbox 3001 1406 3274 1477; x_wconf 79' lang='lat' dir='ltr'><strong>negligere</strong></span> <span class='ocrx_word' id='word_1_208' title='bbox 3312 1423 3402 1463; x_wconf 88' lang='lat' dir='ltr'><strong>res</strong></span> 
     </span>
    </p>
   </div>
   <div class='ocr_carea' id='block_1_31' title="bbox 1828 1497 3405 1569">
    <p class='ocr_par' dir='ltr' id='par_1_31' title="bbox 1828 1497 3405 1569">
     <span class='ocr_line' id='line_1_31' title="bbox 1828 1497 3405 1569; baseline 0.002 -18"><span class='ocrx_word' id='word_1_209' title='bbox 1828 1505 2042 1553; x_wconf 87' lang='lat' dir='ltr'><strong>vestras</strong></span> <span class='ocrx_word' id='word_1_210' title='bbox 2094 1513 2205 1552; x_wconf 87' lang='lat' dir='ltr'><strong>nou</strong></span> <span class='ocrx_word' id='word_1_211' title='bbox 2259 1514 2577 1569; x_wconf 89' lang='lat' dir='ltr'><strong>possumus.</strong></span> <span class='ocrx_word' id='word_1_212' title='bbox 2630 1497 2785 1554; x_wconf 91' lang='lat' dir='ltr'><strong>Unde</strong></span> <span class='ocrx_word' id='word_1_213' title='bbox 2837 1506 2892 1553; x_wconf 90' lang='lat' dir='ltr'><strong>et</strong></span> <span class='ocrx_word' id='word_1_214' title='bbox 2939 1514 3063 1554; x_wconf 90' lang='lat' dir='ltr'><strong>cum</strong></span> <span class='ocrx_word' id='word_1_215' title='bbox 3094 1500 3405 1557; x_wconf 87' lang='lat' dir='ltr'><strong>advenisset</strong></span> 
     </span>
    </p>
   </div>
   <div class='ocr_carea' id='block_1_32' title="bbox 1828 1589 3400 1660">
    <p class='ocr_par' dir='ltr' id='par_1_32' title="bbox 1828 1589 3400 1660">
     <span class='ocr_line' id='line_1_32' title="bbox 1828 1589 3400 1660; baseline 0.003 -17"><span class='ocrx_word' id='word_1_216' title='bbox 1828 1589 2280 1660; x_wconf 79' lang='lat' dir='ltr'><strong>religiosissimus</strong></span> <span class='ocrx_word' id='word_1_217' title='bbox 2357 1590 2529 1645; x_wconf 79' lang='lat' dir='ltr'><strong>frater</strong></span> <span class='ocrx_word' id='word_1_218' title='bbox 2608 1589 2932 1646; x_wconf 88' lang='lat' dir='ltr'><strong>Theodorus</strong></span> <span class='ocrx_word' id='word_1_219' title='bbox 3008 1593 3400 1656; x_wconf 87' lang='lat' dir='ltr'><strong>subdiaconus,</strong></span> 
     </span>
    </p>
   </div>
   <div class='ocr_carea' id='block_1_33' title="bbox 1830 1680 3405 1756">
    <p class='ocr_par' dir='ltr' id='par_1_33' title="bbox 1830 1680 3405 1756">
     <span class='ocr_line' id='line_1_33' title="bbox 1830 1680 3405 1756; baseline 0.006 -22"><span class='ocrx_word' id='word_1_220' title='bbox 1830 1680 2169 1753; x_wconf 81' lang='lat' dir='ltr'><strong>dixissetque</strong></span> <span class='ocrx_word' id='word_1_221' title='bbox 2213 1682 2515 1740; x_wconf 87' lang='lat' dir='ltr'><strong>Ecclesiam</strong></span> <span class='ocrx_word' id='word_1_222' title='bbox 2562 1684 2617 1738; x_wconf 91' lang='lat' dir='ltr'><strong>in</strong></span> <span class='ocrx_word' id='word_1_223' title='bbox 2650 1686 2910 1740; x_wconf 62' lang='lat' dir='ltr'><strong>maestitia</strong></span> <span class='ocrx_word' id='word_1_224' title='bbox 2945 1703 3069 1744; x_wconf 89' lang='lat' dir='ltr'><strong>esse</strong></span> <span class='ocrx_word' id='word_1_225' title='bbox 3096 1700 3159 1740; x_wconf 90' lang='lat' dir='ltr'><strong>ac</strong></span> <span class='ocrx_word' id='word_1_226' title='bbox 3190 1698 3405 1756; x_wconf 90' lang='lat' dir='ltr'><strong>pertur-</strong></span> 
     </span>
    </p>
   </div>
   <div class='ocr_carea' id='block_1_34' title="bbox 144 1768 1727 1851">
    <p class='ocr_par' dir='ltr' id='par_1_34' title="bbox 144 1768 1727 1846">
     <span class='ocr_line' id='line_1_34' title="bbox 144 1768 1727 1846; baseline -0.006 -15"><span class='ocrx_word' id='word_1_227' title='bbox 144 1775 478 1846; x_wconf 82' lang='grc' dir='ltr'>Ἐκκλησίαν</span> <span class='ocrx_word' id='word_1_228' title='bbox 499 1776 557 1827; x_wconf 89' lang='grc' dir='ltr'><strong>ἐν</strong></span> <span class='ocrx_word' id='word_1_229' title='bbox 582 1772 728 1846; x_wconf 81' lang='grc' dir='ltr'>λύπῃ</span> <span class='ocrx_word' id='word_1_230' title='bbox 756 1768 896 1826; x_wconf 81' lang='grc' dir='ltr'>εἶναι</span> <span class='ocrx_word' id='word_1_231' title='bbox 938 1772 1032 1826; x_wconf 79' lang='grc' dir='ltr'><strong>καὶ</strong></span> <span class='ocrx_word' id='word_1_232' title='bbox 1065 1774 1302 1845; x_wconf 81' lang='grc' dir='ltr'>ταραχῇ,</span> <span class='ocrx_word' id='word_1_233' title='bbox 1339 1768 1582 1841; x_wconf 85' lang='grc' dir='ltr'>σφοδρῶς</span> <span class='ocrx_word' id='word_1_234' title='bbox 1606 1786 1727 1822; x_wconf 90' lang='grc' dir='ltr'>συν-</span> 
     </span>
    </p>
   </div>
   <div class='ocr_carea' id='block_1_35' title="bbox 1830 1768 3402 1851">
    <p class='ocr_par' dir='ltr' id='par_1_35' title="bbox 1832 1773 3402 1851">
     <span class='ocr_line' id='line_1_35' title="bbox 1832 1773 3402 1851; baseline 0.007 -23"><span class='ocrx_word' id='word_1_235' title='bbox 1832 1773 2069 1837; x_wconf 89' lang='lat' dir='ltr'><strong>batioue,</strong></span> <span class='ocrx_word' id='word_1_236' title='bbox 2124 1786 2241 1830; x_wconf 88' lang='lat' dir='ltr'><strong>tum</strong></span> <span class='ocrx_word' id='word_1_237' title='bbox 2288 1775 2447 1831; x_wconf 88' lang='lat' dir='ltr'><strong>valde</strong></span> <span class='ocrx_word' id='word_1_238' title='bbox 2487 1777 2731 1844; x_wconf 87' lang='lat' dir='ltr'><strong>contriti,</strong></span> <span class='ocrx_word' id='word_1_239' title='bbox 2774 1778 2935 1851; x_wconf 89' lang='lat'><strong>333</strong></span> <span class='ocrx_word' id='word_1_240' title='bbox 2982 1791 3038 1836; x_wconf 91' lang='lat' dir='ltr'><strong>et</strong></span> <span class='ocrx_word' id='word_1_241' title='bbox 3083 1780 3192 1834; x_wconf 92' lang='lat' dir='ltr'><strong>imo</strong></span> <span class='ocrx_word' id='word_1_242' title='bbox 3218 1783 3402 1839; x_wconf 89' lang='lat' dir='ltr'><strong>cordis</strong></span> 
     </span>
    </p>
   </div>
   <div class='ocr_carea' id='block_1_36' title="bbox 132 1862 1730 1938">
    <p class='ocr_par' dir='ltr' id='par_1_36' title="bbox 132 1862 1730 1938">
     <span class='ocr_line' id='line_1_36' title="bbox 132 1862 1730 1938; baseline -0.004 -16"><span class='ocrx_word' id='word_1_243' title='bbox 132 1868 422 1936; x_wconf 84' lang='grc' dir='ltr'>τριϐέντες</span> <span class='ocrx_word' id='word_1_244' title='bbox 478 1866 574 1919; x_wconf 82' lang='grc' dir='ltr'>καὶ</span> <span class='ocrx_word' id='word_1_245' title='bbox 622 1864 814 1936; x_wconf 70' lang='grc' dir='ltr'>βαθείᾳ</span> <span class='ocrx_word' id='word_1_246' title='bbox 858 1864 1021 1938; x_wconf 81' lang='grc' dir='ltr'>ὀδύνῃ</span> <span class='ocrx_word' id='word_1_247' title='bbox 1068 1865 1169 1935; x_wconf 85' lang='grc' dir='ltr'>τὴν</span> <span class='ocrx_word' id='word_1_248' title='bbox 1224 1863 1449 1935; x_wconf 80' lang='grc' dir='ltr'>καρδίαν</span> <span class='ocrx_word' id='word_1_249' title='bbox 1495 1862 1730 1935; x_wconf 87' lang='grc' dir='ltr'>πληγέν-</span> 
     </span>
    </p>
   </div>
   <div class='ocr_carea' id='block_1_37' title="bbox 132 1954 1729 2027">
    <p class='ocr_par' dir='ltr' id='par_1_37' title="bbox 132 1954 1729 2027">
     <span class='ocr_line' id='line_1_37' title="bbox 132 1954 1729 2027; baseline -0.003 -16"><span class='ocrx_word' id='word_1_250' title='bbox 132 1974 251 2020; x_wconf 86' lang='grc' dir='ltr'>τες,</span> <span class='ocrx_word' id='word_1_251' title='bbox 281 1955 555 2027; x_wconf 86' lang='grc' dir='ltr'>ήσυχάσαι</span> <span class='ocrx_word' id='word_1_252' title='bbox 585 1956 684 2008; x_wconf 82' lang='grc' dir='ltr'>οὐκ</span> <span class='ocrx_word' id='word_1_253' title='bbox 714 1954 1042 2027; x_wconf 81' lang='grc' dir='ltr'>ήνειχόμεθα</span> <span class='ocrx_word' id='word_1_254' title='bbox 1060 1973 1074 1986; x_wconf 92' lang='grc'><strong>·</strong></span> <span class='ocrx_word' id='word_1_255' title='bbox 1103 1954 1239 2009; x_wconf 90' lang='grc' dir='ltr'><strong>ἀλλά</strong></span> <span class='ocrx_word' id='word_1_256' title='bbox 1276 1954 1729 2026; x_wconf 83' lang='grc' dir='ltr'>παρεκαλέσαμεν</span> 
     </span>
    </p>
   </div>
   <div class='ocr_carea' id='block_1_38' title="bbox 133 2045 1727 2120">
    <p class='ocr_par' dir='ltr' id='par_1_38' title="bbox 133 2045 1727 2120">
     <span class='ocr_line' id='line_1_38' title="bbox 133 2045 1727 2120; baseline -0.002 -19"><span class='ocrx_word' id='word_1_257' title='bbox 133 2050 306 2120; x_wconf 75' lang='grc' dir='ltr'>ὑμᾶς,</span> <span class='ocrx_word' id='word_1_258' title='bbox 336 2049 516 2101; x_wconf 75' lang='grc' dir='ltr'>πᾶσαν</span> <span class='ocrx_word' id='word_1_259' title='bbox 544 2045 906 2115; x_wconf 81' lang='grc' dir='ltr'><strong>δικαιολογίαν</strong></span> <span class='ocrx_word' id='word_1_260' title='bbox 932 2047 1032 2118; x_wconf 80' lang='grc' dir='ltr'>τὴν</span> <span class='ocrx_word' id='word_1_261' title='bbox 1074 2046 1211 2119; x_wconf 83' lang='grc' dir='ltr'>πρὸς</span> <span class='ocrx_word' id='word_1_262' title='bbox 1243 2046 1505 2118; x_wconf 78' lang='grc' dir='ltr'>ἀλλήλους</span> <span class='ocrx_word' id='word_1_263' title='bbox 1535 2045 1727 2116; x_wconf 70' lang='grc' dir='ltr'>ῥίψαν-</span> 
     </span>
    </p>
   </div>
   <div class='ocr_carea' id='block_1_39' title="bbox 131 2134 1729 2207">
    <p class='ocr_par' dir='ltr' id='par_1_39' title="bbox 131 2134 1729 2207">
     <span class='ocr_line' id='line_1_39' title="bbox 131 2134 1729 2207; baseline -0.001 -16"><span class='ocrx_word' id='word_1_264' title='bbox 131 2155 259 2203; x_wconf 86' lang='grc' dir='ltr'>τας,</span> <span class='ocrx_word' id='word_1_265' title='bbox 305 2134 755 2207; x_wconf 78' lang='grc' dir='ltr'>καταπράξασθαι</span> <span class='ocrx_word' id='word_1_266' title='bbox 798 2135 900 2207; x_wconf 84' lang='grc' dir='ltr'>τὴν</span> <span class='ocrx_word' id='word_1_267' title='bbox 931 2136 1176 2206; x_wconf 79' lang='grc' dir='ltr'>εἰρήνην,</span> <span class='ocrx_word' id='word_1_268' title='bbox 1208 2135 1298 2189; x_wconf 84' lang='grc' dir='ltr'><strong>ἶνα</strong></span> <span class='ocrx_word' id='word_1_269' title='bbox 1342 2137 1479 2207; x_wconf 87' lang='grc' dir='ltr'>μήτε</span> <span class='ocrx_word' id='word_1_270' title='bbox 1533 2135 1729 2205; x_wconf 81' lang='grc' dir='ltr'>ήδονὴν</span> 
     </span>
    </p>
   </div>
   <div class='ocr_carea' id='block_1_40' title="bbox 132 2225 1728 2300">
    <p class='ocr_par' dir='ltr' id='par_1_40' title="bbox 132 2225 1728 2300">
     <span class='ocr_line' id='line_1_40' title="bbox 132 2225 1728 2300; baseline -0.003 -15"><span class='ocrx_word' id='word_1_271' title='bbox 132 2233 252 2295; x_wconf 82' lang='grc' dir='ltr'>τοῖς</span> <span class='ocrx_word' id='word_1_272' title='bbox 307 2230 568 2293; x_wconf 81' lang='grc' dir='ltr'>ἐναντίοις</span> <span class='ocrx_word' id='word_1_273' title='bbox 608 2225 987 2300; x_wconf 80' lang='grc' dir='ltr'>παράσχησθε,</span> <span class='ocrx_word' id='word_1_274' title='bbox 1027 2230 1163 2299; x_wconf 87' lang='grc' dir='ltr'>μήτε</span> <span class='ocrx_word' id='word_1_275' title='bbox 1218 2227 1278 2281; x_wconf 84' lang='grc' dir='ltr'><strong>τὸ</strong></span> <span class='ocrx_word' id='word_1_276' title='bbox 1322 2227 1585 2299; x_wconf 89' lang='grc' dir='ltr'>καύχημα</span> <span class='ocrx_word' id='word_1_277' title='bbox 1630 2228 1728 2299; x_wconf 79' lang='grc' dir='ltr'>τῆς</span> 
     </span>
    </p>
   </div>
   <div class='ocr_carea' id='block_1_41' title="bbox 147 2321 1728 2395">
    <p class='ocr_par' dir='ltr' id='par_1_41' title="bbox 147 2321 1728 2395">
     <span class='ocr_line' id='line_1_41' title="bbox 147 2321 1728 2395; baseline -0.003 -16"><span class='ocrx_word' id='word_1_278' title='bbox 147 2324 482 2395; x_wconf 83' lang='grc' dir='ltr'>Ἐκκλησίας</span> <span class='ocrx_word' id='word_1_279' title='bbox 508 2321 773 2395; x_wconf 84' lang='grc' dir='ltr'>προδῶτε,</span> <span class='ocrx_word' id='word_1_280' title='bbox 811 2321 840 2375; x_wconf 83' lang='grc' dir='ltr'><strong>ὃ</strong></span> <span class='ocrx_word' id='word_1_281' title='bbox 866 2321 963 2374; x_wconf 92' lang='grc' dir='ltr'><strong>νῦν</strong></span> <span class='ocrx_word' id='word_1_282' title='bbox 993 2322 1075 2386; x_wconf 88' lang='grc' dir='ltr'><strong>είς</strong></span> <span class='ocrx_word' id='word_1_283' title='bbox 1103 2323 1283 2375; x_wconf 82' lang='grc' dir='ltr'>πᾶσαν</span> <span class='ocrx_word' id='word_1_284' title='bbox 1327 2321 1427 2392; x_wconf 78' lang='grc' dir='ltr'>τὴν</span> <span class='ocrx_word' id='word_1_285' title='bbox 1471 2321 1728 2391; x_wconf 85' lang='grc' dir='ltr'>οἰκουμέ-</span> 
     </span>
    </p>
   </div>
   <div class='ocr_carea' id='block_1_42' title="bbox 134 2412 1729 2487">
    <p class='ocr_par' dir='ltr' id='par_1_42' title="bbox 134 2412 1729 2487">
     <span class='ocr_line' id='line_1_42' title="bbox 134 2412 1729 2487; baseline -0.003 -17"><span class='ocrx_word' id='word_1_286' title='bbox 134 2433 238 2487; x_wconf 89' lang='grc' dir='ltr'><strong>νην</strong></span> <span class='ocrx_word' id='word_1_287' title='bbox 265 2414 630 2486; x_wconf 87' lang='grc' dir='ltr'>διαϐεϐόηται,</span> <span class='ocrx_word' id='word_1_288' title='bbox 656 2415 738 2468; x_wconf 85' lang='grc' dir='ltr'>ὅτι</span> <span class='ocrx_word' id='word_1_289' title='bbox 756 2415 805 2466; x_wconf 84' lang='grc' dir='ltr'><strong>οἱ</strong></span> <span class='ocrx_word' id='word_1_290' title='bbox 821 2413 1040 2476; x_wconf 85' lang='grc' dir='ltr'>πάντες,</span> <span class='ocrx_word' id='word_1_291' title='bbox 1064 2413 1139 2477; x_wconf 81' lang='grc' dir='ltr'>ὡς</span> <span class='ocrx_word' id='word_1_292' title='bbox 1158 2412 1264 2467; x_wconf 84' lang='grc' dir='ltr'><strong>ὑπὸ</strong></span> <span class='ocrx_word' id='word_1_293' title='bbox 1287 2415 1417 2484; x_wconf 83' lang='grc' dir='ltr'>μιᾶς</span> <span class='ocrx_word' id='word_1_294' title='bbox 1438 2412 1617 2483; x_wconf 75' lang='grc' dir='ltr'>ψυχῆς</span> <span class='ocrx_word' id='word_1_295' title='bbox 1637 2413 1729 2465; x_wconf 77' lang='grc' dir='ltr'>καὶ</span> 
     </span>
    </p>
   </div>
   <div class='ocr_carea' id='block_1_43' title="bbox 135 2505 1725 2582">
    <p class='ocr_par' dir='ltr' id='par_1_43' title="bbox 135 2505 1725 2582">
     <span class='ocr_line' id='line_1_43' title="bbox 135 2505 1725 2582; baseline -0.003 -19"><span class='ocrx_word' id='word_1_296' title='bbox 135 2509 369 2582; x_wconf 75' lang='grc' dir='ltr'>καρδίας</span> <span class='ocrx_word' id='word_1_297' title='bbox 392 2507 852 2578; x_wconf 76' lang='grc' dir='ltr'>οἰκονομούμενοι,</span> <span class='ocrx_word' id='word_1_298' title='bbox 884 2508 943 2560; x_wconf 88' lang='grc' dir='ltr'><strong>ἐν</strong></span> <span class='ocrx_word' id='word_1_299' title='bbox 971 2508 1051 2560; x_wconf 75' lang='grc' dir='ltr'><strong>ἐνὶ</strong></span> <span class='ocrx_word' id='word_1_300' title='bbox 1077 2505 1288 2579; x_wconf 84' lang='grc' dir='ltr'>σώματι</span> <span class='ocrx_word' id='word_1_301' title='bbox 1312 2506 1456 2560; x_wconf 76' lang='grc' dir='ltr'>οὕτω</span> <span class='ocrx_word' id='word_1_302' title='bbox 1489 2507 1725 2576; x_wconf 84' lang='grc' dir='ltr'>διάγετε.</span> 
     </span>
    </p>
   </div>
   <div class='ocr_carea' id='block_1_44' title="bbox 136 2598 1729 2670">
    <p class='ocr_par' dir='ltr' id='par_1_44' title="bbox 136 2598 1729 2670">
     <span class='ocr_line' id='line_1_44' title="bbox 136 2598 1729 2670; baseline -0.001 -16"><span class='ocrx_word' id='word_1_303' title='bbox 136 2601 328 2654; x_wconf 80' lang='grc' dir='ltr'>Πάντα</span> <span class='ocrx_word' id='word_1_304' title='bbox 344 2599 437 2652; x_wconf 83' lang='grc' dir='ltr'><strong>τὸν</strong></span> <span class='ocrx_word' id='word_1_305' title='bbox 449 2598 576 2653; x_wconf 84' lang='grc' dir='ltr'>λαὸν</span> <span class='ocrx_word' id='word_1_306' title='bbox 586 2598 679 2652; x_wconf 89' lang='grc' dir='ltr'><strong>τοῦ</strong></span> <span class='ocrx_word' id='word_1_307' title='bbox 706 2599 866 2663; x_wconf 88' lang='grc' dir='ltr'>Θεοῦ,</span> <span class='ocrx_word' id='word_1_308' title='bbox 881 2598 1007 2663; x_wconf 91' lang='grc' dir='ltr'>τούς</span> <span class='ocrx_word' id='word_1_309' title='bbox 1019 2616 1077 2652; x_wconf 90' lang='grc' dir='ltr'><strong>τε</strong></span> <span class='ocrx_word' id='word_1_310' title='bbox 1101 2600 1158 2653; x_wconf 87' lang='grc' dir='ltr'><strong>ἐν</strong></span> <span class='ocrx_word' id='word_1_311' title='bbox 1178 2598 1449 2670; x_wconf 79' lang='grc' dir='ltr'>ἀξιώμασι</span> <span class='ocrx_word' id='word_1_312' title='bbox 1464 2600 1559 2654; x_wconf 83' lang='grc' dir='ltr'>καὶ</span> <span class='ocrx_word' id='word_1_313' title='bbox 1576 2599 1729 2653; x_wconf 88' lang='grc' dir='ltr'>δυνα-</span> 
     </span>
    </p>
   </div>
   <div class='ocr_carea' id='block_1_45' title="bbox 137 2690 1730 2764">
    <p class='ocr_par' dir='ltr' id='par_1_45' title="bbox 137 2690 1730 2764">
     <span class='ocr_line' id='line_1_45' title="bbox 137 2690 1730 2764; baseline 0 -20"><span class='ocrx_word' id='word_1_314' title='bbox 137 2691 346 2756; x_wconf 84' lang='grc' dir='ltr'>στείαις</span> <span class='ocrx_word' id='word_1_315' title='bbox 364 2690 665 2755; x_wconf 80' lang='grc' dir='ltr'>πολιτικαῖς</span> <span class='ocrx_word' id='word_1_316' title='bbox 682 2690 817 2762; x_wconf 82' lang='grc'>(51),</span> <span class='ocrx_word' id='word_1_317' title='bbox 840 2690 1044 2745; x_wconf 74' lang='grc' dir='ltr'>καὶτοῦ</span> <span class='ocrx_word' id='word_1_318' title='bbox 1058 2691 1261 2754; x_wconf 80' lang='grc' dir='ltr'>παντὸς</span> <span class='ocrx_word' id='word_1_319' title='bbox 1283 2691 1486 2764; x_wconf 87' lang='grc' dir='ltr'>κλήρου</span> <span class='ocrx_word' id='word_1_320' title='bbox 1508 2692 1572 2745; x_wconf 76' lang='grc' dir='ltr'>τὸ</span> <span class='ocrx_word' id='word_1_321' title='bbox 1590 2691 1730 2764; x_wconf 81' lang='grc' dir='ltr'>πλή-</span> 
     </span>
    </p>
   </div>
   <div class='ocr_carea' id='block_1_46' title="bbox 138 2779 1725 2854">
    <p class='ocr_par' dir='ltr' id='par_1_46' title="bbox 138 2779 1725 2854">
     <span class='ocr_line' id='line_1_46' title="bbox 138 2779 1725 2854; baseline 0.002 -21"><span class='ocrx_word' id='word_1_322' title='bbox 138 2797 306 2853; x_wconf 84' lang='grc' dir='ltr'>ρωμα</span> <span class='ocrx_word' id='word_1_323' title='bbox 342 2779 431 2834; x_wconf 78' lang='grc' dir='ltr'><strong>διὰ</strong></span> <span class='ocrx_word' id='word_1_324' title='bbox 468 2781 568 2851; x_wconf 81' lang='grc' dir='ltr'>τῆς</span> <span class='ocrx_word' id='word_1_325' title='bbox 612 2781 885 2852; x_wconf 83' lang='grc' dir='ltr'>ὑμετέρας</span> <span class='ocrx_word' id='word_1_326' title='bbox 926 2781 1211 2846; x_wconf 83' lang='grc' dir='ltr'>εὐλαϐείας</span> <span class='ocrx_word' id='word_1_327' title='bbox 1240 2781 1725 2854; x_wconf 76' lang='grc' dir='ltr'>κατασπαζόμεθα,</span> 
     </span>
    </p>
   </div>
   <div class='ocr_carea' id='block_1_47' title="bbox 135 2872 1728 2945">
    <p class='ocr_par' dir='ltr' id='par_1_47' title="bbox 135 2872 1728 2945">
     <span class='ocr_line' id='line_1_47' title="bbox 135 2872 1728 2945; baseline 0.001 -19"><span class='ocrx_word' id='word_1_328' title='bbox 135 2873 237 2926; x_wconf 75' lang='grc' dir='ltr'>καὶ</span> <span class='ocrx_word' id='word_1_329' title='bbox 266 2872 690 2944; x_wconf 77' lang='grc' dir='ltr'>παρακαλοῦμεν</span> <span class='ocrx_word' id='word_1_330' title='bbox 722 2873 938 2943; x_wconf 84' lang='grc' dir='ltr'>ὁμοίους</span> <span class='ocrx_word' id='word_1_331' title='bbox 987 2875 1198 2937; x_wconf 78' lang='grc' dir='ltr'>ἑαυτοῖς</span> <span class='ocrx_word' id='word_1_332' title='bbox 1240 2873 1530 2945; x_wconf 88' lang='grc' dir='ltr'>διαμεῖναι.</span> <span class='ocrx_word' id='word_1_333' title='bbox 1561 2873 1728 2927; x_wconf 84' lang='grc' dir='ltr'>Οὐδε-</span> 
     </span>
    </p>
   </div>
   <div class='ocr_carea' id='block_1_48' title="bbox 138 2962 1727 3036">
    <p class='ocr_par' dir='ltr' id='par_1_48' title="bbox 138 2962 1727 3036">
     <span class='ocr_line' id='line_1_48' title="bbox 138 2962 1727 3036; baseline 0.001 -20"><span class='ocrx_word' id='word_1_334' title='bbox 138 2963 274 3033; x_wconf 82' lang='grc' dir='ltr'>μίαν</span> <span class='ocrx_word' id='word_1_335' title='bbox 322 2963 432 3034; x_wconf 85' lang='grc' dir='ltr'>γὰρ</span> <span class='ocrx_word' id='word_1_336' title='bbox 478 2962 795 3035; x_wconf 85' lang='grc' dir='ltr'>προσθήκην</span> <span class='ocrx_word' id='word_1_337' title='bbox 845 2962 1247 3036; x_wconf 79' lang='grc' dir='ltr'>ἐπιζητοῦμεν,</span> <span class='ocrx_word' id='word_1_338' title='bbox 1306 2964 1397 3018; x_wconf 83' lang='grc' dir='ltr'>διὰ</span> <span class='ocrx_word' id='word_1_339' title='bbox 1445 2964 1507 3018; x_wconf 84' lang='grc' dir='ltr'>τὸ</span> <span class='ocrx_word' id='word_1_340' title='bbox 1546 2966 1727 3018; x_wconf 82' lang='grc' dir='ltr'>πᾶσαν</span> 
     </span>
    </p>
   </div>
   <div class='ocr_carea' id='block_1_49' title="bbox 1829 1866 3403 1941">
    <p class='ocr_par' dir='ltr' id='par_1_49' title="bbox 1829 1866 3403 1941">
     <span class='ocr_line' id='line_1_49' title="bbox 1829 1866 3403 1941; baseline 0.007 -21"><span class='ocrx_word' id='word_1_341' title='bbox 1829 1866 2021 1921; x_wconf 89' lang='lat' dir='ltr'><strong>dolore</strong></span> <span class='ocrx_word' id='word_1_342' title='bbox 2051 1867 2313 1936; x_wconf 86' lang='lat' dir='ltr'><strong>perculsi,</strong></span> <span class='ocrx_word' id='word_1_343' title='bbox 2347 1868 2626 1925; x_wconf 88' lang='lat' dir='ltr'><strong>conticere</strong></span> <span class='ocrx_word' id='word_1_344' title='bbox 2657 1883 2766 1923; x_wconf 89' lang='lat' dir='ltr'><strong>non</strong></span> <span class='ocrx_word' id='word_1_345' title='bbox 2808 1871 3087 1941; x_wconf 89' lang='lat' dir='ltr'><strong>potuimus</strong></span> <span class='ocrx_word' id='word_1_346' title='bbox 3131 1893 3145 1930; x_wconf 90' lang='lat'><strong>:</strong></span> <span class='ocrx_word' id='word_1_347' title='bbox 3177 1876 3271 1931; x_wconf 85' lang='lat' dir='ltr'><strong>scd</strong></span> <span class='ocrx_word' id='word_1_348' title='bbox 3305 1891 3403 1931; x_wconf 90' lang='lat' dir='ltr'><strong>vos</strong></span> 
     </span>
    </p>
   </div>
   <div class='ocr_carea' id='block_1_50' title="bbox 1829 1959 3405 2036">
    <p class='ocr_par' dir='ltr' id='par_1_50' title="bbox 1829 1959 3405 2036">
     <span class='ocr_line' id='line_1_50' title="bbox 1829 1959 3405 2036; baseline 0.007 -24"><span class='ocrx_word' id='word_1_349' title='bbox 1829 1959 2104 2014; x_wconf 81' lang='lat' dir='ltr'><strong>adhortati</strong></span> <span class='ocrx_word' id='word_1_350' title='bbox 2148 1974 2366 2024; x_wconf 91' lang='lat' dir='ltr'><strong>sumus,</strong></span> <span class='ocrx_word' id='word_1_351' title='bbox 2424 1968 2483 2014; x_wconf 92' lang='lat' dir='ltr'><strong>ut</strong></span> <span class='ocrx_word' id='word_1_352' title='bbox 2526 1976 2743 2016; x_wconf 90' lang='lat' dir='ltr'><strong>omnem</strong></span> <span class='ocrx_word' id='word_1_353' title='bbox 2797 1963 2940 2018; x_wconf 91' lang='lat' dir='ltr'><strong>inter</strong></span> <span class='ocrx_word' id='word_1_354' title='bbox 2985 1979 3101 2023; x_wconf 88' lang='lat' dir='ltr'><strong>vos.</strong></span> <span class='ocrx_word' id='word_1_355' title='bbox 3135 1967 3278 2036; x_wconf 89' lang='lat' dir='ltr'><strong>juris</strong></span> <span class='ocrx_word' id='word_1_356' title='bbox 3318 1967 3405 2023; x_wconf 89' lang='lat' dir='ltr'><strong>di-</strong></span> 
     </span>
    </p>
   </div>
   <div class='ocr_carea' id='block_1_51' title="bbox 1830 2051 3403 2126">
    <p class='ocr_par' dir='ltr' id='par_1_51' title="bbox 1830 2051 3403 2126">
     <span class='ocr_line' id='line_1_51' title="bbox 1830 2051 3403 2126; baseline 0.005 -20"><span class='ocrx_word' id='word_1_357' title='bbox 1830 2051 2228 2120; x_wconf 85' lang='lat' dir='ltr'><strong>sceptationem</strong></span> <span class='ocrx_word' id='word_1_358' title='bbox 2277 2051 2671 2121; x_wconf 89' lang='lat' dir='ltr'><strong>projicientes,</strong></span> <span class='ocrx_word' id='word_1_359' title='bbox 2712 2067 2900 2126; x_wconf 87' lang='lat' dir='ltr'><strong>pacem</strong></span> <span class='ocrx_word' id='word_1_360' title='bbox 2934 2058 3298 2126; x_wconf 74' lang='lat' dir='ltr'><strong>comportatis,</strong></span> <span class='ocrx_word' id='word_1_361' title='bbox 3336 2075 3403 2114; x_wconf 88' lang='lat' dir='ltr'><strong>ue</strong></span> 
     </span>
    </p>
   </div>
   <div class='ocr_carea' id='block_1_52' title="bbox 1830 2138 3403 2211">
    <p class='ocr_par' dir='ltr' id='par_1_52' title="bbox 1830 2138 3403 2211">
     <span class='ocr_line' id='line_1_52' title="bbox 1830 2138 3403 2211; baseline 0.007 -18"><span class='ocrx_word' id='word_1_362' title='bbox 1830 2138 2070 2196; x_wconf 71' lang='lat' dir='ltr'><strong>at&#39;l‘eratis</strong></span> <span class='ocrx_word' id='word_1_363' title='bbox 2108 2141 2356 2196; x_wconf 70' lang='lat' dir='ltr'><strong>laetitiam</strong></span> <span class='ocrx_word' id='word_1_364' title='bbox 2409 2143 2759 2211; x_wconf 86' lang='lat' dir='ltr'><strong>adversariis,</strong></span> <span class='ocrx_word' id='word_1_365' title='bbox 2806 2160 2941 2200; x_wconf 88' lang='lat' dir='ltr'><strong>neve</strong></span> <span class='ocrx_word' id='word_1_366' title='bbox 2971 2145 3112 2201; x_wconf 86' lang='lat' dir='ltr'><strong>hanc</strong></span> <span class='ocrx_word' id='word_1_367' title='bbox 3145 2147 3403 2204; x_wconf 64' lang='lat' dir='ltr'><strong>Ecclesia:</strong></span> 
     </span>
    </p>
   </div>
   <div class='ocr_carea' id='block_1_53' title="bbox 1830 2231 3405 2307">
    <p class='ocr_par' dir='ltr' id='par_1_53' title="bbox 1830 2231 3405 2307">
     <span class='ocr_line' id='line_1_53' title="bbox 1830 2231 3405 2307; baseline 0.006 -21"><span class='ocrx_word' id='word_1_368' title='bbox 1830 2231 2214 2303; x_wconf 86' lang='lat' dir='ltr'><strong>gloriatiouem</strong></span> <span class='ocrx_word' id='word_1_369' title='bbox 2244 2233 2516 2304; x_wconf 85' lang='lat' dir='ltr'><strong>prodatis,</strong></span> <span class='ocrx_word' id='word_1_370' title='bbox 2551 2250 2675 2305; x_wconf 64' lang='lat' dir='ltr'><strong>qua:</strong></span> <span class='ocrx_word' id='word_1_371' title='bbox 2719 2251 2868 2290; x_wconf 87' lang='lat' dir='ltr'><strong>nunc</strong></span> <span class='ocrx_word' id='word_1_372' title='bbox 2900 2252 2999 2307; x_wconf 90' lang='lat' dir='ltr'><strong>per</strong></span> <span class='ocrx_word' id='word_1_373' title='bbox 3029 2245 3205 2293; x_wconf 89' lang='lat' dir='ltr'><strong>totum</strong></span> <span class='ocrx_word' id='word_1_374' title='bbox 3235 2246 3405 2295; x_wconf 88' lang='lat' dir='ltr'><strong>terra-</strong></span> 
     </span>
    </p>
   </div>
   <div class='ocr_carea' id='block_1_54' title="bbox 1828 2325 3400 2402">
    <p class='ocr_par' dir='ltr' id='par_1_54' title="bbox 1828 2325 3400 2402">
     <span class='ocr_line' id='line_1_54' title="bbox 1828 2325 3400 2402; baseline 0.005 -23"><span class='ocrx_word' id='word_1_375' title='bbox 1828 2340 1950 2379; x_wconf 91' lang='lat' dir='ltr'><strong>rum</strong></span> <span class='ocrx_word' id='word_1_376' title='bbox 2001 2325 2191 2381; x_wconf 88' lang='lat' dir='ltr'><strong>orbem</strong></span> <span class='ocrx_word' id='word_1_377' title='bbox 2260 2326 2612 2397; x_wconf 63' lang='lat' dir='ltr'><strong>praedicatur,</strong></span> <span class='ocrx_word' id='word_1_378' title='bbox 2669 2342 2766 2383; x_wconf 89' lang='lat' dir='ltr'><strong>vos</strong></span> <span class='ocrx_word' id='word_1_379' title='bbox 2822 2328 3075 2385; x_wconf 85' lang='lat' dir='ltr'><strong>videlicet</strong></span> <span class='ocrx_word' id='word_1_380' title='bbox 3132 2339 3400 2402; x_wconf 87' lang='lat' dir='ltr'><strong>tanquam</strong></span> 
     </span>
    </p>
   </div>
   <div class='ocr_carea' id='block_1_55' title="bbox 1829 2418 3401 2491">
    <p class='ocr_par' dir='ltr' id='par_1_55' title="bbox 1829 2418 3401 2491">
     <span class='ocr_line' id='line_1_55' title="bbox 1829 2418 3401 2491; baseline 0.005 -20"><span class='ocrx_word' id='word_1_381' title='bbox 1829 2418 2013 2472; x_wconf 88' lang='lat' dir='ltr'><strong>anima</strong></span> <span class='ocrx_word' id='word_1_382' title='bbox 2053 2433 2161 2474; x_wconf 91' lang='lat' dir='ltr'><strong>una</strong></span> <span class='ocrx_word' id='word_1_383' title='bbox 2195 2427 2251 2474; x_wconf 89' lang='lat' dir='ltr'><strong>et</strong></span> <span class='ocrx_word' id='word_1_384' title='bbox 2301 2420 2468 2476; x_wconf 90' lang='lat' dir='ltr'><strong>corde</strong></span> <span class='ocrx_word' id='word_1_385' title='bbox 2515 2435 2626 2475; x_wconf 92' lang='lat' dir='ltr'><strong>uno</strong></span> <span class='ocrx_word' id='word_1_386' title='bbox 2666 2420 3022 2491; x_wconf 86' lang='lat' dir='ltr'><strong>gubernatos,</strong></span> <span class='ocrx_word' id='word_1_387' title='bbox 3073 2423 3149 2479; x_wconf 86' lang='lat' dir='ltr'><strong>ita</strong></span> <span class='ocrx_word' id='word_1_388' title='bbox 3194 2424 3249 2478; x_wconf 90' lang='lat' dir='ltr'><strong>in</strong></span> <span class='ocrx_word' id='word_1_389' title='bbox 3295 2439 3401 2479; x_wconf 93' lang='lat' dir='ltr'><strong>uno</strong></span> 
     </span>
    </p>
   </div>
   <div class='ocr_carea' id='block_1_56' title="bbox 1828 2509 3402 2579">
    <p class='ocr_par' dir='ltr' id='par_1_56' title="bbox 1828 2509 3402 2579">
     <span class='ocr_line' id='line_1_56' title="bbox 1828 2509 3402 2579; baseline 0.006 -19"><span class='ocrx_word' id='word_1_390' title='bbox 1828 2522 2060 2577; x_wconf 89' lang='lat' dir='ltr'><strong>corpore</strong></span> <span class='ocrx_word' id='word_1_391' title='bbox 2088 2509 2317 2564; x_wconf 87' lang='lat' dir='ltr'><strong>versari.</strong></span> <span class='ocrx_word' id='word_1_392' title='bbox 2372 2509 2603 2565; x_wconf 86' lang='lat' dir='ltr'><strong>Omnem</strong></span> <span class='ocrx_word' id='word_1_393' title='bbox 2635 2509 2732 2564; x_wconf 91' lang='lat' dir='ltr'><strong>Dei</strong></span> <span class='ocrx_word' id='word_1_394' title='bbox 2774 2510 3054 2579; x_wconf 87' lang='lat' dir='ltr'><strong>populum,</strong></span> <span class='ocrx_word' id='word_1_395' title='bbox 3104 2511 3402 2569; x_wconf 83' lang='lat' dir='ltr'><strong>honoratos</strong></span> 
     </span>
    </p>
   </div>
   <div class='ocr_carea' id='block_1_57' title="bbox 1827 2599 3397 2671">
    <p class='ocr_par' dir='ltr' id='par_1_57' title="bbox 1827 2599 3397 2671">
     <span class='ocr_line' id='line_1_57' title="bbox 1827 2599 3397 2671; baseline 0.003 -18"><span class='ocrx_word' id='word_1_396' title='bbox 1827 2606 1883 2653; x_wconf 88' lang='lat' dir='ltr'><strong>et</strong></span> <span class='ocrx_word' id='word_1_397' title='bbox 1915 2601 2294 2668; x_wconf 84' lang='lat' dir='ltr'><strong>magistratus.</strong></span> <span class='ocrx_word' id='word_1_398' title='bbox 2326 2608 2379 2653; x_wconf 90' lang='lat' dir='ltr'><strong>et</strong></span> <span class='ocrx_word' id='word_1_399' title='bbox 2402 2599 2571 2654; x_wconf 91' lang='lat' dir='ltr'><strong>totius</strong></span> <span class='ocrx_word' id='word_1_400' title='bbox 2597 2600 2729 2654; x_wconf 87' lang='lat' dir='ltr'><strong>cleri</strong></span> <span class='ocrx_word' id='word_1_401' title='bbox 2770 2611 2977 2656; x_wconf 65' lang='lat' dir='ltr'><strong>castum</strong></span> <span class='ocrx_word' id='word_1_402' title='bbox 3017 2617 3112 2671; x_wconf 85' lang='lat' dir='ltr'><strong>per</strong></span> <span class='ocrx_word' id='word_1_403' title='bbox 3159 2614 3397 2658; x_wconf 84' lang='lat' dir='ltr'><strong>vestram</strong></span> 
     </span>
    </p>
   </div>
   <div class='ocr_carea' id='block_1_58' title="bbox 1830 2690 3404 2765">
    <p class='ocr_par' dir='ltr' id='par_1_58' title="bbox 1830 2690 3404 2765">
     <span class='ocr_line' id='line_1_58' title="bbox 1830 2690 3404 2765; baseline 0.004 -23"><span class='ocrx_word' id='word_1_404' title='bbox 1830 2691 2086 2759; x_wconf 89' lang='lat' dir='ltr'><strong>pietatem</strong></span> <span class='ocrx_word' id='word_1_405' title='bbox 2138 2690 2467 2753; x_wconf 88' lang='lat' dir='ltr'><strong>salutamus,</strong></span> <span class='ocrx_word' id='word_1_406' title='bbox 2519 2691 2987 2761; x_wconf 87' lang='lat' dir='ltr'><strong>adhortamurque</strong></span> <span class='ocrx_word' id='word_1_407' title='bbox 3026 2700 3086 2746; x_wconf 88' lang='lat' dir='ltr'><strong>ut</strong></span> <span class='ocrx_word' id='word_1_408' title='bbox 3121 2694 3207 2749; x_wconf 90' lang='lat' dir='ltr'><strong>sui</strong></span> <span class='ocrx_word' id='word_1_409' title='bbox 3254 2694 3404 2765; x_wconf 86' lang='lat' dir='ltr'><strong>ipso-</strong></span> 
     </span>
    </p>
   </div>
   <div class='ocr_carea' id='block_1_59' title="bbox 1828 2784 3404 2855">
    <p class='ocr_par' dir='ltr' id='par_1_59' title="bbox 1828 2784 3404 2855">
     <span class='ocr_line' id='line_1_59' title="bbox 1828 2784 3404 2855; baseline 0.004 -18"><span class='ocrx_word' id='word_1_410' title='bbox 1828 2798 1952 2837; x_wconf 92' lang='lat' dir='ltr'><strong>rum</strong></span> <span class='ocrx_word' id='word_1_411' title='bbox 1985 2798 2203 2855; x_wconf 87' lang='lat' dir='ltr'><strong>semper</strong></span> <span class='ocrx_word' id='word_1_412' title='bbox 2231 2793 2593 2854; x_wconf 85' lang='lat' dir='ltr'><strong>permaneant</strong></span> <span class='ocrx_word' id='word_1_413' title='bbox 2636 2784 2868 2841; x_wconf 80' lang='lat' dir='ltr'><strong>similes.</strong></span> <span class='ocrx_word' id='word_1_414' title='bbox 2915 2784 3052 2839; x_wconf 87' lang='lat' dir='ltr'><strong>Nam</strong></span> <span class='ocrx_word' id='word_1_415' title='bbox 3091 2786 3404 2843; x_wconf 86' lang='lat' dir='ltr'><strong>incremen-</strong></span> 
     </span>
    </p>
   </div>
   <div class='ocr_carea' id='block_1_60' title="bbox 1828 2874 3401 2948">
    <p class='ocr_par' dir='ltr' id='par_1_60' title="bbox 1828 2874 3401 2948">
     <span class='ocr_line' id='line_1_60' title="bbox 1828 2874 3401 2948; baseline 0.003 -20"><span class='ocrx_word' id='word_1_416' title='bbox 1828 2881 1946 2929; x_wconf 90' lang='lat' dir='ltr'><strong>tum</strong></span> <span class='ocrx_word' id='word_1_417' title='bbox 1975 2874 2186 2929; x_wconf 91' lang='lat' dir='ltr'><strong>nullum</strong></span> <span class='ocrx_word' id='word_1_418' title='bbox 2213 2875 2583 2944; x_wconf 81' lang='lat' dir='ltr'><strong>exposcimus,</strong></span> <span class='ocrx_word' id='word_1_419' title='bbox 2610 2889 2678 2930; x_wconf 90' lang='lat' dir='ltr'><strong>eo</strong></span> <span class='ocrx_word' id='word_1_420' title='bbox 2703 2876 2847 2948; x_wconf 80' lang='lat' dir='ltr'><strong>quod</strong></span> <span class='ocrx_word' id='word_1_421' title='bbox 2883 2876 3255 2931; x_wconf 87' lang='lat' dir='ltr'><strong>accessionem</strong></span> <span class='ocrx_word' id='word_1_422' title='bbox 3284 2892 3401 2932; x_wconf 54' lang='lat' dir='ltr'><strong>om.</strong></span> 
     </span>
    </p>
   </div>
   <div class='ocr_carea' id='block_1_61' title="bbox 1829 2966 3401 3038">
    <p class='ocr_par' dir='ltr' id='par_1_61' title="bbox 1829 2966 3401 3038">
     <span class='ocr_line' id='line_1_61' title="bbox 1829 2966 3401 3038; baseline 0.001 -17"><span class='ocrx_word' id='word_1_423' title='bbox 1829 2982 1953 3021; x_wconf 85' lang='lat' dir='ltr'><strong>nem</strong></span> <span class='ocrx_word' id='word_1_424' title='bbox 1984 2967 2097 3036; x_wconf 82' lang='lat' dir='ltr'><strong>jam</strong></span> <span class='ocrx_word' id='word_1_425' title='bbox 2126 2966 2231 3037; x_wconf 88' lang='lat' dir='ltr'><strong>ipsi</strong></span> <span class='ocrx_word' id='word_1_426' title='bbox 2257 2982 2355 3036; x_wconf 92' lang='lat' dir='ltr'><strong>per</strong></span> <span class='ocrx_word' id='word_1_427' title='bbox 2386 2966 2534 3022; x_wconf 90' lang='lat' dir='ltr'><strong>edita</strong></span> <span class='ocrx_word' id='word_1_428' title='bbox 2558 2966 2826 3023; x_wconf 90' lang='lat' dir='ltr'><strong>bonorum</strong></span> <span class='ocrx_word' id='word_1_429' title='bbox 2848 2982 3075 3038; x_wconf 81' lang='lat' dir='ltr'><strong>aperum</strong></span> <span class='ocrx_word' id='word_1_430' title='bbox 3102 2967 3401 3036; x_wconf 88' lang='lat' dir='ltr'><strong>specimina</strong></span> 
     </span>
    </p>
   </div>
   <div class='ocr_carea' id='block_1_62' title="bbox 135 3054 1727 3134">
    <p class='ocr_par' dir='ltr' id='par_1_62' title="bbox 135 3054 1722 3128">
     <span class='ocr_line' id='line_1_62' title="bbox 135 3054 1722 3128; baseline 0.001 -20"><span class='ocrx_word' id='word_1_431' title='bbox 135 3054 450 3127; x_wconf 83' lang='grc' dir='ltr'>ὑπερϐολὴν</span> <span class='ocrx_word' id='word_1_432' title='bbox 477 3054 847 3125; x_wconf 85' lang='grc' dir='ltr'>προλαϐόντας</span> <span class='ocrx_word' id='word_1_433' title='bbox 874 3055 1070 3121; x_wconf 82' lang='grc' dir='ltr'>αὐτοὺς</span> <span class='ocrx_word' id='word_1_434' title='bbox 1111 3056 1198 3111; x_wconf 83' lang='grc' dir='ltr'>διὰ</span> <span class='ocrx_word' id='word_1_435' title='bbox 1230 3056 1331 3128; x_wconf 81' lang='grc' dir='ltr'>τῆς</span> <span class='ocrx_word' id='word_1_436' title='bbox 1356 3056 1464 3110; x_wconf 90' lang='grc' dir='ltr'><strong>τῶν</strong></span> <span class='ocrx_word' id='word_1_437' title='bbox 1502 3055 1722 3125; x_wconf 82' lang='grc' dir='ltr'>ἀγαθῶν</span> 
     </span>
    </p>
   </div>
   <div class='ocr_carea' id='block_1_63' title="bbox 1830 3054 2179 3134">
    <p class='ocr_par' dir='ltr' id='par_1_63' title="bbox 1830 3061 2179 3116">
     <span class='ocr_line' id='line_1_63' title="bbox 1830 3061 2179 3116; baseline 0 -1"><span class='ocrx_word' id='word_1_438' title='bbox 1830 3061 2179 3116; x_wconf 76' lang='lat' dir='ltr'><strong>excluserim.</strong></span> 
     </span>
    </p>
   </div>
   <div class='ocr_carea' id='block_1_64' title="bbox 134 3144 1187 3219">
    <p class='ocr_par' dir='ltr' id='par_1_64' title="bbox 134 3144 1187 3219">
     <span class='ocr_line' id='line_1_64' title="bbox 134 3144 1187 3219; baseline 0.002 -18"><span class='ocrx_word' id='word_1_439' title='bbox 134 3148 320 3216; x_wconf 74' lang='grc' dir='ltr'>ἔργων</span> <span class='ocrx_word' id='word_1_440' title='bbox 361 3144 673 3212; x_wconf 76' lang='grc' dir='ltr'>ἐπιδείξεως</span> <span class='ocrx_word' id='word_1_441' title='bbox 703 3147 1025 3201; x_wconf 83' lang='grc' dir='ltr'>ἀποκλεῖσαι</span> <span class='ocrx_word' id='word_1_442' title='bbox 1053 3146 1187 3219; x_wconf 72' lang='grc'>(52).</span> 
     </span>
    </p>
   </div>
   <div class='ocr_carea' id='block_1_65' title="bbox 678 3304 1185 3360">
    <p class='ocr_par' dir='ltr' id='par_1_65' title="bbox 678 3304 1185 3360">
     <span class='ocr_line' id='line_1_65' title="bbox 678 3304 1185 3360; baseline -0.002 -2"><span class='ocrx_word' id='word_1_443' title='bbox 678 3304 1025 3360; x_wconf 88' lang='grc' dir='ltr'><strong>ΕΠΙΣΤΟΛΗ</strong></span> <span class='ocrx_word' id='word_1_444' title='bbox 1058 3304 1185 3357; x_wconf 84' lang='grc' dir='ltr'><strong>ΣΚ¹.</strong></span> 
     </span>
    </p>
   </div>
   <div class='ocr_carea' id='block_1_66' title="bbox 2295 3294 2893 3353">
    <p class='ocr_par' dir='ltr' id='par_1_66' title="bbox 2295 3294 2893 3353">
     <span class='ocr_line' id='line_1_66' title="bbox 2295 3294 2893 3353; baseline 0.003 -4"><span class='ocrx_word' id='word_1_445' title='bbox 2295 3294 2630 3353; x_wconf 85' lang='lat' dir='ltr'><strong>EPISTOLA</strong></span> <span class='ocrx_word' id='word_1_446' title='bbox 2665 3295 2893 3352; x_wconf 81' lang='lat' dir='ltr'><strong>CCXX‘.</strong></span> 
     </span>
    </p>
   </div>
   <div class='ocr_carea' id='block_1_67' title="bbox 140 3411 3402 3485">
    <p class='ocr_par' dir='ltr' id='par_1_67' title="bbox 140 3411 3402 3485">
     <span class='ocr_line' id='line_1_67' title="bbox 140 3411 3402 3485; baseline -0.002 -12"><span class='ocrx_word' id='word_1_447' title='bbox 140 3425 372 3485; x_wconf 77' lang='lat' dir='ltr'><strong>Testatur</strong></span> <span class='ocrx_word' id='word_1_448' title='bbox 397 3422 606 3474; x_wconf 77' lang='lat' dir='ltr'><strong>Basilius</strong></span> <span class='ocrx_word' id='word_1_449' title='bbox 630 3421 821 3474; x_wconf 82' lang='lat' dir='ltr'><strong>clericis</strong></span> <span class='ocrx_word' id='word_1_450' title='bbox 851 3424 1201 3482; x_wconf 73' lang='lat' dir='ltr'><strong>Bermensibus,</strong></span> <span class='ocrx_word' id='word_1_451' title='bbox 1224 3436 1275 3473; x_wconf 86' lang='lat' dir='ltr'><strong>se</strong></span> <span class='ocrx_word' id='word_1_452' title='bbox 1295 3422 1361 3472; x_wconf 85' lang='lat' dir='ltr'><strong>ad</strong></span> <span class='ocrx_word' id='word_1_453' title='bbox 1388 3434 1555 3485; x_wconf 70' lang='lat' dir='ltr'><strong>eorum</strong></span> <span class='ocrx_word' id='word_1_454' title='bbox 1574 3434 1788 3485; x_wconf 78' lang='lat' dir='ltr'><strong>antorem</strong></span> <span class='ocrx_word' id='word_1_455' title='bbox 1808 3431 2068 3476; x_wconf 72' lang='lat' dir='ltr'><strong>exarsisse.</strong></span> <span class='ocrx_word' id='word_1_456' title='bbox 2096 3416 2230 3469; x_wconf 79' lang='lat' dir='ltr'><strong>lectis</strong></span> <span class='ocrx_word' id='word_1_457' title='bbox 2260 3428 2430 3485; x_wconf 71' lang='lat' dir='ltr'><strong>earnm</strong></span> <span class='ocrx_word' id='word_1_458' title='bbox 2460 3413 2653 3485; x_wconf 73' lang='lat' dir='ltr'><strong>litteris,</strong></span> <span class='ocrx_word' id='word_1_459' title='bbox 2676 3419 2720 3464; x_wconf 90' lang='lat' dir='ltr'><strong>et</strong></span> <span class='ocrx_word' id='word_1_460' title='bbox 2740 3411 2958 3484; x_wconf 81' lang='lat' dir='ltr'><strong>ipsorum</strong></span> <span class='ocrx_word' id='word_1_461' title='bbox 2988 3412 3214 3485; x_wconf 41' lang='lat' dir='ltr'><strong>ac‘tolius</strong></span> <span class='ocrx_word' id='word_1_462' title='bbox 3236 3414 3402 3479; x_wconf 79' lang='lat' dir='ltr'><strong>populi</strong></span> 
     </span>
    </p>
   </div>
   <div class='ocr_carea' id='block_1_68' title="bbox 262 3476 3275 3550">
    <p class='ocr_par' dir='ltr' id='par_1_68' title="bbox 262 3476 3275 3550">
     <span class='ocr_line' id='line_1_68' title="bbox 262 3476 3275 3550; baseline -0.004 -14"><span class='ocrx_word' id='word_1_463' title='bbox 262 3484 438 3536; x_wconf 76' lang='lat' dir='ltr'><strong>uirtute</strong></span> <span class='ocrx_word' id='word_1_464' title='bbox 458 3485 648 3550; x_wconf 76' lang='lat' dir='ltr'><strong>cognita</strong></span> <span class='ocrx_word' id='word_1_465' title='bbox 669 3499 733 3535; x_wconf 71' lang='lat' dir='ltr'><strong>ea;</strong></span> <span class='ocrx_word' id='word_1_466' title='bbox 753 3499 971 3537; x_wconf 76' lang='lat' dir='ltr'><strong>sermone</strong></span> <span class='ocrx_word' id='word_1_467' title='bbox 993 3485 1159 3536; x_wconf 69' lang='grc' dir='ltr'>Δειλοιὶ</span> <span class='ocrx_word' id='word_1_468' title='bbox 1186 3476 1470 3548; x_wconf 76' lang='lat' dir='ltr'><strong>presbuteri.</strong></span> <span class='ocrx_word' id='word_1_469' title='bbox 1500 3486 1677 3534; x_wconf 81' lang='lat' dir='ltr'><strong>Pacem</strong></span> <span class='ocrx_word' id='word_1_470' title='bbox 1700 3482 1802 3534; x_wconf 84' lang='lat' dir='ltr'><strong>illis</strong></span> <span class='ocrx_word' id='word_1_471' title='bbox 1825 3488 1931 3532; x_wconf 86' lang='lat' dir='ltr'><strong>orat</strong></span> <span class='ocrx_word' id='word_1_472' title='bbox 1955 3486 2061 3544; x_wconf 81' lang='lat' dir='ltr'><strong>post</strong></span> <span class='ocrx_word' id='word_1_473' title='bbox 2084 3486 2147 3530; x_wconf 88' lang='lat' dir='ltr'><strong>tot</strong></span> <span class='ocrx_word' id='word_1_474' title='bbox 2165 3476 2447 3538; x_wconf 80' lang='lat' dir='ltr'><strong>certamina,</strong></span> <span class='ocrx_word' id='word_1_475' title='bbox 2465 3482 2511 3527; x_wconf 89' lang='lat' dir='ltr'><strong>et</strong></span> <span class='ocrx_word' id='word_1_476' title='bbox 2527 3476 2593 3525; x_wconf 86' lang='lat' dir='ltr'><strong>ad</strong></span> <span class='ocrx_word' id='word_1_477' title='bbox 2616 3476 3019 3539; x_wconf 67' lang='lat' dir='ltr'><strong>perseveramiam</strong></span> <span class='ocrx_word' id='word_1_478' title='bbox 3040 3476 3275 3525; x_wconf 74' lang='lat' dir='ltr'><strong>hortatur.</strong></span> 
     </span>
    </p>
   </div>
   <div class='ocr_carea' id='block_1_69' title="bbox 583 3596 1256 3668">
    <p class='ocr_par' dir='ltr' id='par_1_69' title="bbox 583 3596 1256 3668">
     <span class='ocr_line' id='line_1_69' title="bbox 583 3596 1256 3668; baseline 0 -18"><span class='ocrx_word' id='word_1_479' title='bbox 583 3597 741 3668; x_wconf 83' lang='grc' dir='ltr'>Πρὸς</span> <span class='ocrx_word' id='word_1_480' title='bbox 777 3597 922 3662; x_wconf 84' lang='grc' dir='ltr'>τοὺς</span> <span class='ocrx_word' id='word_1_481' title='bbox 943 3596 1014 3651; x_wconf 80' lang='grc' dir='ltr'>ἐν</span> <span class='ocrx_word' id='word_1_482' title='bbox 1044 3596 1256 3665; x_wconf 75' lang='grc' dir='ltr'>Βεροίᾳ</span> 
     </span>
    </p>
   </div>
   <div class='ocr_carea' id='block_1_70' title="bbox 212 3708 1721 3782">
    <p class='ocr_par' dir='ltr' id='par_1_70' title="bbox 212 3708 1721 3782">
     <span class='ocr_line' id='line_1_70' title="bbox 212 3708 1721 3782; baseline 0.001 -20"><span class='ocrx_word' id='word_1_483' title='bbox 212 3709 475 3780; x_wconf 76' lang='grc' dir='ltr'>Μεγάλην</span> <span class='ocrx_word' id='word_1_484' title='bbox 520 3710 549 3762; x_wconf 81' lang='grc' dir='ltr'>ὁ</span> <span class='ocrx_word' id='word_1_485' title='bbox 588 3708 793 3782; x_wconf 86' lang='grc' dir='ltr'>Κύριος</span> <span class='ocrx_word' id='word_1_486' title='bbox 839 3709 1007 3763; x_wconf 76' lang='grc' dir='ltr'>ἔδωκε</span> <span class='ocrx_word' id='word_1_487' title='bbox 1042 3709 1396 3782; x_wconf 83' lang='grc' dir='ltr'>παραμυθίαν</span> <span class='ocrx_word' id='word_1_488' title='bbox 1439 3710 1555 3774; x_wconf 86' lang='grc' dir='ltr'>τοῖς</span> <span class='ocrx_word' id='word_1_489' title='bbox 1582 3709 1721 3764; x_wconf 79' lang='grc' dir='ltr'>ἀπο-</span> 
     </span>
    </p>
   </div>
   <div class='ocr_carea' id='block_1_71' title="bbox 138 3800 1721 3873">
    <p class='ocr_par' dir='ltr' id='par_1_71' title="bbox 138 3800 1721 3873">
     <span class='ocr_line' id='line_1_71' title="bbox 138 3800 1721 3873; baseline 0 -20"><span class='ocrx_word' id='word_1_490' title='bbox 138 3800 567 3872; x_wconf 86' lang='grc' dir='ltr'>λιμπανομένοις</span> <span class='ocrx_word' id='word_1_491' title='bbox 615 3803 717 3873; x_wconf 83' lang='grc' dir='ltr'><strong>τῆς</strong></span> <span class='ocrx_word' id='word_1_492' title='bbox 764 3803 884 3855; x_wconf 90' lang='grc' dir='ltr'>κατ’</span> <span class='ocrx_word' id='word_1_493' title='bbox 922 3800 1234 3873; x_wconf 82' lang='grc' dir='ltr'>ὀφθαλμοὺς</span> <span class='ocrx_word' id='word_1_494' title='bbox 1274 3802 1581 3873; x_wconf 87' lang='grc' dir='ltr'>συντυχίας,</span> <span class='ocrx_word' id='word_1_495' title='bbox 1622 3801 1721 3872; x_wconf 84' lang='grc' dir='ltr'>τὴν</span> 
     </span>
    </p>
   </div>
   <div class='ocr_carea' id='block_1_72' title="bbox 137 3887 1723 3965">
    <p class='ocr_par' dir='ltr' id='par_1_72' title="bbox 137 3887 1723 3965">
     <span class='ocr_line' id='line_1_72' title="bbox 137 3887 1723 3965; baseline 0.001 -20"><span class='ocrx_word' id='word_1_496' title='bbox 137 3892 233 3946; x_wconf 80' lang='grc' dir='ltr'><strong>διά</strong></span> <span class='ocrx_word' id='word_1_497' title='bbox 273 3891 370 3945; x_wconf 86' lang='grc' dir='ltr'><strong>τοῦ</strong></span> <span class='ocrx_word' id='word_1_498' title='bbox 411 3892 733 3964; x_wconf 85' lang='grc' dir='ltr'>γράμματος</span> <span class='ocrx_word' id='word_1_499' title='bbox 773 3893 1009 3964; x_wconf 84' lang='grc' dir='ltr'>ὁμιλίαν,</span> <span class='ocrx_word' id='word_1_500' title='bbox 1050 3894 1111 3959; x_wconf 80' lang='grc' dir='ltr'>ἐξ</span> <span class='ocrx_word' id='word_1_501' title='bbox 1147 3887 1215 3964; x_wconf 81' lang='grc' dir='ltr'>ἦς</span> <span class='ocrx_word' id='word_1_502' title='bbox 1265 3892 1381 3947; x_wconf 79' lang='grc' dir='ltr'>ἔστι</span> <span class='ocrx_word' id='word_1_503' title='bbox 1435 3892 1723 3965; x_wconf 84' lang='grc' dir='ltr'>μανθάνειν</span> 
     </span>
    </p>
   </div>
   <div class='ocr_carea' id='block_1_73' title="bbox 138 3980 1724 4056">
    <p class='ocr_par' dir='ltr' id='par_1_73' title="bbox 138 3980 1724 4056">
     <span class='ocr_line' id='line_1_73' title="bbox 138 3980 1724 4056; baseline 0.011 -21"><span class='ocrx_word' id='word_1_504' title='bbox 138 3984 203 4035; x_wconf 77' lang='grc' dir='ltr'><strong>ού</strong></span> <span class='ocrx_word' id='word_1_505' title='bbox 226 3983 321 4036; x_wconf 83' lang='grc' dir='ltr'><strong>τὸν</strong></span> <span class='ocrx_word' id='word_1_506' title='bbox 357 3982 666 4053; x_wconf 87' lang='grc' dir='ltr'>σωματικὸν</span> <span class='ocrx_word' id='word_1_507' title='bbox 700 3983 1042 4056; x_wconf 82' lang='grc' dir='ltr'>χαρακτῆρα,</span> <span class='ocrx_word' id='word_1_508' title='bbox 1078 3982 1193 4036; x_wconf 85' lang='grc' dir='ltr'>ἀλλ’</span> <span class='ocrx_word' id='word_1_509' title='bbox 1220 3981 1389 4052; x_wconf 80' lang='grc' dir='ltr'>αὐτῆς</span> <span class='ocrx_word' id='word_1_510' title='bbox 1423 3981 1523 4051; x_wconf 76' lang='grc' dir='ltr'><strong>τῆς</strong></span> <span class='ocrx_word' id='word_1_511' title='bbox 1547 3980 1724 4052; x_wconf 71' lang='grc' dir='ltr'><strong>ψυχῆς</strong></span> 
     </span>
    </p>
   </div>
   <div class='ocr_carea' id='block_1_74' title="bbox 138 4071 1723 4144">
    <p class='ocr_par' dir='ltr' id='par_1_74' title="bbox 138 4071 1723 4144">
     <span class='ocr_line' id='line_1_74' title="bbox 138 4071 1723 4144; baseline 0 -20"><span class='ocrx_word' id='word_1_512' title='bbox 138 4074 243 4144; x_wconf 85' lang='grc' dir='ltr'>τὴν</span> <span class='ocrx_word' id='word_1_513' title='bbox 265 4071 523 4127; x_wconf 90' lang='grc' dir='ltr'>διάθεσιν.</span> <span class='ocrx_word' id='word_1_514' title='bbox 555 4073 718 4127; x_wconf 88' lang='grc' dir='ltr'>Ὅθεν</span> <span class='ocrx_word' id='word_1_515' title='bbox 746 4075 841 4128; x_wconf 73' lang='grc' dir='ltr'><strong>καὶ</strong></span> <span class='ocrx_word' id='word_1_516' title='bbox 865 4073 982 4137; x_wconf 87' lang='grc' dir='ltr'>νῦν,</span> <span class='ocrx_word' id='word_1_517' title='bbox 1015 4072 1294 4144; x_wconf 80' lang='grc' dir='ltr'>δεξάμενοι</span> <span class='ocrx_word' id='word_1_518' title='bbox 1325 4073 1392 4126; x_wconf 86' lang='grc' dir='ltr'>τὰ</span> <span class='ocrx_word' id='word_1_519' title='bbox 1418 4071 1723 4144; x_wconf 87' lang='grc' dir='ltr'>γράμματα</span> 
     </span>
    </p>
   </div>
   <div class='ocr_carea' id='block_1_75' title="bbox 139 4163 1724 4236">
    <p class='ocr_par' dir='ltr' id='par_1_75' title="bbox 139 4163 1724 4236">
     <span class='ocr_line' id='line_1_75' title="bbox 139 4163 1724 4236; baseline 0 -19"><span class='ocrx_word' id='word_1_520' title='bbox 139 4165 245 4236; x_wconf 81' lang='grc' dir='ltr'>τῆς</span> <span class='ocrx_word' id='word_1_521' title='bbox 290 4163 575 4228; x_wconf 81' lang='grc' dir='ltr'>εὐλαϐείας</span> <span class='ocrx_word' id='word_1_522' title='bbox 613 4164 803 4235; x_wconf 87' lang='grc' dir='ltr'>ὑμῶν,</span> <span class='ocrx_word' id='word_1_523' title='bbox 852 4164 988 4236; x_wconf 84' lang='grc' dir='ltr'>ὁμοῦ</span> <span class='ocrx_word' id='word_1_524' title='bbox 1026 4182 1088 4218; x_wconf 86' lang='grc' dir='ltr'><strong>τε</strong></span> <span class='ocrx_word' id='word_1_525' title='bbox 1137 4164 1513 4235; x_wconf 81' lang='grc' dir='ltr'>ἐγνωρίσαμεν</span> <span class='ocrx_word' id='word_1_526' title='bbox 1558 4164 1724 4233; x_wconf 83' lang='grc' dir='ltr'>ὑμᾶς,</span> 
     </span>
    </p>
   </div>
   <div class='ocr_carea' id='block_1_76' title="bbox 141 4253 1726 4328">
    <p class='ocr_par' dir='ltr' id='par_1_76' title="bbox 141 4253 1726 4328">
     <span class='ocr_line' id='line_1_76' title="bbox 141 4253 1726 4328; baseline -0.003 -17"><span class='ocrx_word' id='word_1_527' title='bbox 141 4255 244 4311; x_wconf 74' lang='grc' dir='ltr'><strong>καὶ</strong></span> <span class='ocrx_word' id='word_1_528' title='bbox 275 4255 376 4327; x_wconf 82' lang='grc' dir='ltr'><strong>τὴν</strong></span> <span class='ocrx_word' id='word_1_529' title='bbox 406 4256 536 4328; x_wconf 72' lang='grc' dir='ltr'>περὶ</span> <span class='ocrx_word' id='word_1_530' title='bbox 567 4256 710 4327; x_wconf 79' lang='grc' dir='ltr'>ὑμᾶς</span> <span class='ocrx_word' id='word_1_531' title='bbox 732 4256 844 4328; x_wconf 77' lang='grc'>(55)</span> <span class='ocrx_word' id='word_1_532' title='bbox 866 4256 1086 4327; x_wconf 82' lang='grc' dir='ltr'>ἀγάπην</span> <span class='ocrx_word' id='word_1_533' title='bbox 1131 4257 1250 4317; x_wconf 88' lang='grc' dir='ltr'>ταῖς</span> <span class='ocrx_word' id='word_1_534' title='bbox 1290 4253 1539 4325; x_wconf 80' lang='grc' dir='ltr'>καρδίαις</span> <span class='ocrx_word' id='word_1_535' title='bbox 1569 4253 1726 4324; x_wconf 87' lang='grc' dir='ltr'>ήμῶν</span> 
     </span>
    </p>
   </div>
   <div class='ocr_carea' id='block_1_77' title="bbox 140 4343 1726 4418">
    <p class='ocr_par' dir='ltr' id='par_1_77' title="bbox 140 4343 1726 4418">
     <span class='ocr_line' id='line_1_77' title="bbox 140 4343 1726 4418; baseline -0.002 -17"><span class='ocrx_word' id='word_1_536' title='bbox 140 4346 501 4417; x_wconf 70' lang='grc' dir='ltr'>ἀνελάϐομεν,</span> <span class='ocrx_word' id='word_1_537' title='bbox 541 4346 601 4399; x_wconf 79' lang='grc' dir='ltr'><strong>οὐ</strong></span> <span class='ocrx_word' id='word_1_538' title='bbox 653 4346 933 4418; x_wconf 85' lang='grc' dir='ltr'>δεηθέντες</span> <span class='ocrx_word' id='word_1_539' title='bbox 976 4345 1166 4417; x_wconf 88' lang='grc' dir='ltr'>χρόνου</span> <span class='ocrx_word' id='word_1_540' title='bbox 1201 4343 1416 4416; x_wconf 79' lang='grc' dir='ltr'>μακροῦ</span> <span class='ocrx_word' id='word_1_541' title='bbox 1442 4344 1726 4416; x_wconf 90' lang='grc' dir='ltr'>συνήθειαν</span> 
     </span>
    </p>
   </div>
   <div class='ocr_carea' id='block_1_78' title="bbox 2481 3583 2751 3640">
    <p class='ocr_par' dir='ltr' id='par_1_78' title="bbox 2481 3583 2751 3640">
     <span class='ocr_line' id='line_1_78' title="bbox 2481 3583 2751 3640; baseline 0.004 -1"><span class='ocrx_word' id='word_1_542' title='bbox 2481 3583 2751 3640; x_wconf 77' lang='lat' dir='ltr'><strong>Berozwis.</strong></span> 
     </span>
    </p>
   </div>
   <div class='ocr_carea' id='block_1_79' title="bbox 1903 3699 3400 3778">
    <p class='ocr_par' dir='ltr' id='par_1_79' title="bbox 1903 3699 3400 3778">
     <span class='ocr_line' id='line_1_79' title="bbox 1903 3699 3400 3778; baseline -0.004 -17"><span class='ocrx_word' id='word_1_543' title='bbox 1903 3706 2153 3778; x_wconf 80' lang='lat' dir='ltr'><strong>Magnum</strong></span> <span class='ocrx_word' id='word_1_544' title='bbox 2184 3702 2331 3759; x_wconf 88' lang='lat' dir='ltr'><strong>Dens</strong></span> <span class='ocrx_word' id='word_1_545' title='bbox 2369 3700 2604 3773; x_wconf 71' lang='lat' dir='ltr'><strong>praebuit</strong></span> <span class='ocrx_word' id='word_1_546' title='bbox 2649 3700 2905 3755; x_wconf 89' lang='lat' dir='ltr'><strong>solatium</strong></span> <span class='ocrx_word' id='word_1_547' title='bbox 2940 3699 3049 3763; x_wconf 90' lang='lat' dir='ltr'><strong>his,</strong></span> <span class='ocrx_word' id='word_1_548' title='bbox 3078 3700 3173 3769; x_wconf 92' lang='lat' dir='ltr'><strong>qui</strong></span> <span class='ocrx_word' id='word_1_549' title='bbox 3216 3715 3400 3756; x_wconf 89' lang='lat' dir='ltr'><strong>coram</strong></span> 
     </span>
    </p>
   </div>
   <div class='ocr_carea' id='block_1_80' title="bbox 1828 3790 3400 3867">
    <p class='ocr_par' dir='ltr' id='par_1_80' title="bbox 1828 3790 3400 3867">
     <span class='ocr_line' id='line_1_80' title="bbox 1828 3790 3400 3867; baseline -0.003 -16"><span class='ocrx_word' id='word_1_550' title='bbox 1828 3795 2085 3867; x_wconf 88' lang='lat' dir='ltr'><strong>congredi</strong></span> <span class='ocrx_word' id='word_1_551' title='bbox 2149 3809 2260 3848; x_wconf 88' lang='lat' dir='ltr'><strong>non</strong></span> <span class='ocrx_word' id='word_1_552' title='bbox 2319 3798 2572 3863; x_wconf 86' lang='lat' dir='ltr'><strong>possunt,</strong></span> <span class='ocrx_word' id='word_1_553' title='bbox 2625 3790 2961 3860; x_wconf 88' lang='lat' dir='ltr'><strong>colloquium</strong></span> <span class='ocrx_word' id='word_1_554' title='bbox 3011 3806 3111 3861; x_wconf 91' lang='lat' dir='ltr'><strong>per</strong></span> <span class='ocrx_word' id='word_1_555' title='bbox 3149 3792 3400 3859; x_wconf 88' lang='lat' dir='ltr'><strong>litteras;</strong></span> 
     </span>
    </p>
   </div>
   <div class='ocr_carea' id='block_1_81' title="bbox 1827 3880 3399 3956">
    <p class='ocr_par' dir='ltr' id='par_1_81' title="bbox 1827 3880 3399 3956">
     <span class='ocr_line' id='line_1_81' title="bbox 1827 3880 3399 3956; baseline -0.004 -15"><span class='ocrx_word' id='word_1_556' title='bbox 1827 3902 1891 3942; x_wconf 75' lang='lat' dir='ltr'><strong>ex</strong></span> <span class='ocrx_word' id='word_1_557' title='bbox 1908 3901 2018 3956; x_wconf 86' lang='lat' dir='ltr'><strong>quo</strong></span> <span class='ocrx_word' id='word_1_558' title='bbox 2039 3885 2251 3940; x_wconf 89' lang='lat' dir='ltr'><strong>discere</strong></span> <span class='ocrx_word' id='word_1_559' title='bbox 2267 3893 2353 3938; x_wconf 81' lang='lat' dir='ltr'><strong>est</strong></span> <span class='ocrx_word' id='word_1_560' title='bbox 2375 3897 2484 3936; x_wconf 89' lang='lat' dir='ltr'><strong>non</strong></span> <span class='ocrx_word' id='word_1_561' title='bbox 2502 3896 2820 3951; x_wconf 88' lang='lat' dir='ltr'><strong>corpoream</strong></span> <span class='ocrx_word' id='word_1_562' title='bbox 2841 3880 3092 3951; x_wconf 75' lang='lat' dir='ltr'><strong>elligiem,</strong></span> <span class='ocrx_word' id='word_1_563' title='bbox 3113 3882 3208 3937; x_wconf 84' lang='lat' dir='ltr'><strong>sed</strong></span> <span class='ocrx_word' id='word_1_564' title='bbox 3231 3884 3399 3937; x_wconf 88' lang='lat' dir='ltr'><strong>animi</strong></span> 
     </span>
    </p>
   </div>
   <div class='ocr_carea' id='block_1_82' title="bbox 1830 3974 3402 4049">
    <p class='ocr_par' dir='ltr' id='par_1_82' title="bbox 1830 3974 3402 4049">
     <span class='ocr_line' id='line_1_82' title="bbox 1830 3974 3402 4049; baseline -0.002 -16"><span class='ocrx_word' id='word_1_565' title='bbox 1830 3979 2004 4049; x_wconf 89' lang='lat' dir='ltr'><strong>ipsius</strong></span> <span class='ocrx_word' id='word_1_566' title='bbox 2053 3977 2311 4032; x_wconf 90' lang='lat' dir='ltr'><strong>indolem.</strong></span> <span class='ocrx_word' id='word_1_567' title='bbox 2351 3974 2506 4029; x_wconf 90' lang='lat' dir='ltr'><strong>Unde</strong></span> <span class='ocrx_word' id='word_1_568' title='bbox 2560 3981 2614 4029; x_wconf 87' lang='lat' dir='ltr'><strong>et</strong></span> <span class='ocrx_word' id='word_1_569' title='bbox 2655 3989 2824 4038; x_wconf 88' lang='lat' dir='ltr'><strong>nunc,</strong></span> <span class='ocrx_word' id='word_1_570' title='bbox 2858 3981 3148 4044; x_wconf 89' lang='lat' dir='ltr'><strong>postquam</strong></span> <span class='ocrx_word' id='word_1_571' title='bbox 3183 3976 3402 4045; x_wconf 87' lang='lat' dir='ltr'><strong>pietatis</strong></span> 
     </span>
    </p>
   </div>
   <div class='ocr_carea' id='block_1_83' title="bbox 1826 4065 3402 4143">
    <p class='ocr_par' dir='ltr' id='par_1_83' title="bbox 1826 4065 3402 4143">
     <span class='ocr_line' id='line_1_83' title="bbox 1826 4065 3402 4143; baseline -0.002 -20"><span class='ocrx_word' id='word_1_572' title='bbox 1826 4080 2024 4126; x_wconf 60' lang='lat' dir='ltr'><strong>vestras</strong></span> <span class='ocrx_word' id='word_1_573' title='bbox 2055 4069 2268 4123; x_wconf 87' lang='lat' dir='ltr'><strong>litteras</strong></span> <span class='ocrx_word' id='word_1_574' title='bbox 2311 4067 2647 4143; x_wconf 88' lang='lat' dir='ltr'><strong>accepimus,</strong></span> <span class='ocrx_word' id='word_1_575' title='bbox 2690 4065 2855 4121; x_wconf 90' lang='lat' dir='ltr'><strong>simul</strong></span> <span class='ocrx_word' id='word_1_576' title='bbox 2901 4072 2959 4119; x_wconf 91' lang='lat' dir='ltr'><strong>et</strong></span> <span class='ocrx_word' id='word_1_577' title='bbox 3009 4081 3108 4121; x_wconf 89' lang='lat' dir='ltr'><strong>vos</strong></span> <span class='ocrx_word' id='word_1_578' title='bbox 3139 4069 3402 4137; x_wconf 76' lang='lat' dir='ltr'><strong>cognovi-</strong></span> 
     </span>
    </p>
   </div>
   <div class='ocr_carea' id='block_1_84' title="bbox 1826 4157 3398 4229">
    <p class='ocr_par' dir='ltr' id='par_1_84' title="bbox 1826 4157 3398 4229">
     <span class='ocr_line' id='line_1_84' title="bbox 1826 4157 3398 4229; baseline -0.001 -13"><span class='ocrx_word' id='word_1_579' title='bbox 1826 4176 1986 4228; x_wconf 89' lang='lat' dir='ltr'><strong>mus,</strong></span> <span class='ocrx_word' id='word_1_580' title='bbox 2032 4169 2088 4216; x_wconf 89' lang='lat' dir='ltr'><strong>et</strong></span> <span class='ocrx_word' id='word_1_581' title='bbox 2136 4160 2305 4216; x_wconf 84' lang='lat' dir='ltr'><strong>vestri</strong></span> <span class='ocrx_word' id='word_1_582' title='bbox 2347 4174 2591 4215; x_wconf 86' lang='lat' dir='ltr'><strong>amorem</strong></span> <span class='ocrx_word' id='word_1_583' title='bbox 2642 4157 2808 4214; x_wconf 88' lang='lat' dir='ltr'><strong>corde</strong></span> <span class='ocrx_word' id='word_1_584' title='bbox 2853 4158 3232 4229; x_wconf 87' lang='lat' dir='ltr'><strong>concepimus,</strong></span> <span class='ocrx_word' id='word_1_585' title='bbox 3289 4176 3398 4216; x_wconf 91' lang='lat' dir='ltr'><strong>non</strong></span> 
     </span>
    </p>
   </div>
   <div class='ocr_carea' id='block_1_85' title="bbox 1824 4249 3399 4323">
    <p class='ocr_par' dir='ltr' id='par_1_85' title="bbox 1824 4249 3399 4323">
     <span class='ocr_line' id='line_1_85' title="bbox 1824 4249 3399 4323; baseline -0.001 -17"><span class='ocrx_word' id='word_1_586' title='bbox 1824 4268 1963 4323; x_wconf 87' lang='lat' dir='ltr'><strong>opus</strong></span> <span class='ocrx_word' id='word_1_587' title='bbox 2011 4252 2277 4307; x_wconf 86' lang='lat' dir='ltr'><strong>habentes</strong></span> <span class='ocrx_word' id='word_1_588' title='bbox 2327 4251 2490 4322; x_wconf 86' lang='lat' dir='ltr'><strong>longo</strong></span> <span class='ocrx_word' id='word_1_589' title='bbox 2541 4258 2784 4320; x_wconf 91' lang='lat' dir='ltr'><strong>tempore</strong></span> <span class='ocrx_word' id='word_1_590' title='bbox 2830 4249 2899 4304; x_wconf 90' lang='lat' dir='ltr'><strong>ad</strong></span> <span class='ocrx_word' id='word_1_591' title='bbox 2945 4250 3399 4307; x_wconf 87' lang='lat' dir='ltr'><strong>consuetudinem</strong></span> 
     </span>
    </p>
   </div>
   <div class='ocr_carea' id='block_1_86' title="bbox 1827 4340 3401 4412">
    <p class='ocr_par' dir='ltr' id='par_1_86' title="bbox 1827 4340 3401 4412">
     <span class='ocr_line' id='line_1_86' title="bbox 1827 4340 3401 4412; baseline -0.002 -12"><span class='ocrx_word' id='word_1_592' title='bbox 1827 4343 2248 4400; x_wconf 89' lang='lat' dir='ltr'><strong>conciliandam.</strong></span> <span class='ocrx_word' id='word_1_593' title='bbox 2273 4341 2352 4396; x_wconf 75' lang='lat' dir='ltr'><strong>Ex</strong></span> <span class='ocrx_word' id='word_1_594' title='bbox 2384 4342 2504 4412; x_wconf 88' lang='lat' dir='ltr'><strong>ipsa</strong></span> <span class='ocrx_word' id='word_1_595' title='bbox 2531 4342 2677 4397; x_wconf 88' lang='lat' dir='ltr'><strong>enim</strong></span> <span class='ocrx_word' id='word_1_596' title='bbox 2707 4340 2874 4396; x_wconf 91' lang='lat' dir='ltr'><strong>insita</strong></span> <span class='ocrx_word' id='word_1_597' title='bbox 2903 4341 3100 4398; x_wconf 86' lang='lat' dir='ltr'><strong>litteris</strong></span> <span class='ocrx_word' id='word_1_598' title='bbox 3129 4344 3401 4397; x_wconf 86' lang='lat' dir='ltr'><strong>sententia</strong></span> 
     </span>
    </p>
   </div>
   <div class='ocr_carea' id='block_1_87' title="bbox 140 4431 1727 4509">
    <p class='ocr_par' dir='ltr' id='par_1_87' title="bbox 140 4436 1723 4509">
     <span class='ocr_line' id='line_1_87' title="bbox 140 4436 1723 4509; baseline -0.003 -18"><span class='ocrx_word' id='word_1_599' title='bbox 140 4437 500 4509; x_wconf 82' lang='grc' dir='ltr'>ἐμποιοῦντος</span> <span class='ocrx_word' id='word_1_600' title='bbox 531 4439 682 4509; x_wconf 80' lang='grc' dir='ltr'>ἡμῖν.</span> <span class='ocrx_word' id='word_1_601' title='bbox 721 4437 810 4503; x_wconf 86' lang='grc' dir='ltr'><strong>Ἐξ</strong></span> <span class='ocrx_word' id='word_1_602' title='bbox 857 4438 1025 4509; x_wconf 79' lang='grc' dir='ltr'>αὐτῆς</span> <span class='ocrx_word' id='word_1_603' title='bbox 1075 4437 1184 4509; x_wconf 84' lang='grc' dir='ltr'>γὰρ</span> <span class='ocrx_word' id='word_1_604' title='bbox 1221 4437 1322 4506; x_wconf 84' lang='grc' dir='ltr'>τῆς</span> <span class='ocrx_word' id='word_1_605' title='bbox 1365 4436 1723 4506; x_wconf 88' lang='grc' dir='ltr'>ἐναποκειμέ-</span> 
     </span>
    </p>
   </div>
   <div class='ocr_carea' id='block_1_88' title="bbox 1830 4431 3402 4509">
    <p class='ocr_par' dir='ltr' id='par_1_88' title="bbox 1830 4431 3402 4503">
     <span class='ocr_line' id='line_1_88' title="bbox 1830 4431 3402 4503; baseline 0.001 -15"><span class='ocrx_word' id='word_1_606' title='bbox 1830 4435 1895 4490; x_wconf 87' lang='lat' dir='ltr'><strong>ad</strong></span> <span class='ocrx_word' id='word_1_607' title='bbox 1945 4449 2185 4490; x_wconf 89' lang='lat' dir='ltr'><strong>amorem</strong></span> <span class='ocrx_word' id='word_1_608' title='bbox 2234 4431 2663 4503; x_wconf 83' lang='lat' dir='ltr'><strong>pulchritudinis</strong></span> <span class='ocrx_word' id='word_1_609' title='bbox 2712 4432 2908 4488; x_wconf 61' lang='lat' dir='ltr'><strong>anima;</strong></span> <span class='ocrx_word' id='word_1_610' title='bbox 2955 4442 3148 4489; x_wconf 85' lang='lat' dir='ltr'><strong>vestrae</strong></span> <span class='ocrx_word' id='word_1_611' title='bbox 3192 4435 3402 4489; x_wconf 81' lang='lat' dir='ltr'><strong>exarsi-</strong></span> 
     </span>
    </p>
   </div>
   <div class='ocr_carea' id='block_1_89' title="bbox 142 4523 1725 4599">
    <p class='ocr_par' dir='ltr' id='par_1_89' title="bbox 142 4523 1725 4599">
     <span class='ocr_line' id='line_1_89' title="bbox 142 4523 1725 4599; baseline -0.002 -19"><span class='ocrx_word' id='word_1_612' title='bbox 142 4545 246 4598; x_wconf 86' lang='grc' dir='ltr'><strong>νης</strong></span> <span class='ocrx_word' id='word_1_613' title='bbox 289 4529 405 4590; x_wconf 83' lang='grc' dir='ltr'>τοῖς</span> <span class='ocrx_word' id='word_1_614' title='bbox 451 4527 742 4599; x_wconf 85' lang='grc' dir='ltr'>γράμμασι</span> <span class='ocrx_word' id='word_1_615' title='bbox 809 4527 1044 4590; x_wconf 84' lang='grc' dir='ltr'>διανοίας</span> <span class='ocrx_word' id='word_1_616' title='bbox 1102 4527 1183 4588; x_wconf 89' lang='grc' dir='ltr'><strong>είς</strong></span> <span class='ocrx_word' id='word_1_617' title='bbox 1242 4524 1304 4578; x_wconf 83' lang='grc' dir='ltr'><strong>τὸ</strong></span> <span class='ocrx_word' id='word_1_618' title='bbox 1357 4524 1578 4596; x_wconf 85' lang='grc' dir='ltr'>φίλτρον</span> <span class='ocrx_word' id='word_1_619' title='bbox 1632 4523 1725 4579; x_wconf 91' lang='grc' dir='ltr'><strong>τοῦ</strong></span> 
     </span>
    </p>
   </div>
   <div class='ocr_carea' id='block_1_90' title="bbox 141 4612 1725 4687">
    <p class='ocr_par' dir='ltr' id='par_1_90' title="bbox 141 4612 1725 4687">
     <span class='ocr_line' id='line_1_90' title="bbox 141 4612 1725 4687; baseline -0.004 -16"><span class='ocrx_word' id='word_1_620' title='bbox 141 4616 378 4678; x_wconf 79' lang='grc' dir='ltr'>κάλλους</span> <span class='ocrx_word' id='word_1_621' title='bbox 399 4618 499 4687; x_wconf 81' lang='grc' dir='ltr'>τῆς</span> <span class='ocrx_word' id='word_1_622' title='bbox 519 4616 699 4686; x_wconf 82' lang='grc' dir='ltr'>ψυχῆς</span> <span class='ocrx_word' id='word_1_623' title='bbox 723 4615 878 4686; x_wconf 85' lang='grc' dir='ltr'>ὑμῶν</span> <span class='ocrx_word' id='word_1_624' title='bbox 902 4614 1291 4685; x_wconf 82' lang='grc' dir='ltr'>ἐξεκαύθημεν.</span> <span class='ocrx_word' id='word_1_625' title='bbox 1319 4613 1430 4666; x_wconf 73' lang='grc' dir='ltr'>Καὶ</span> <span class='ocrx_word' id='word_1_626' title='bbox 1452 4614 1561 4684; x_wconf 83' lang='grc' dir='ltr'>γὰρ</span> <span class='ocrx_word' id='word_1_627' title='bbox 1592 4612 1725 4683; x_wconf 77' lang='grc' dir='ltr'>πρὸς</span> 
     </span>
    </p>
   </div>
   <div class='ocr_carea' id='block_1_91' title="bbox 140 4701 1726 4777">
    <p class='ocr_par' dir='ltr' id='par_1_91' title="bbox 140 4701 1726 4777">
     <span class='ocr_line' id='line_1_91' title="bbox 140 4701 1726 4777; baseline -0.003 -17"><span class='ocrx_word' id='word_1_628' title='bbox 140 4709 260 4771; x_wconf 83' lang='grc' dir='ltr'>τοῖς</span> <span class='ocrx_word' id='word_1_629' title='bbox 291 4706 737 4777; x_wconf 78' lang='grc' dir='ltr'>ἐπεσταλμένοις,</span> <span class='ocrx_word' id='word_1_630' title='bbox 772 4706 1034 4770; x_wconf 87' lang='grc' dir='ltr'>τοιούτοις</span> <span class='ocrx_word' id='word_1_631' title='bbox 1065 4701 1234 4768; x_wconf 81' lang='grc' dir='ltr'>οὖσιν,</span> <span class='ocrx_word' id='word_1_632' title='bbox 1273 4703 1353 4756; x_wconf 81' lang='grc' dir='ltr'><strong>ἐτι</strong></span> <span class='ocrx_word' id='word_1_633' title='bbox 1396 4702 1491 4755; x_wconf 74' lang='grc' dir='ltr'>καὶ</span> <span class='ocrx_word' id='word_1_634' title='bbox 1542 4705 1576 4774; x_wconf 83' lang='grc' dir='ltr'><strong>ή</strong></span> <span class='ocrx_word' id='word_1_635' title='bbox 1616 4703 1726 4756; x_wconf 89' lang='grc' dir='ltr'><strong>τῶν</strong></span> 
     </span>
    </p>
   </div>
   <div class='ocr_carea' id='block_1_92' title="bbox 146 4793 1725 4867">
    <p class='ocr_par' dir='ltr' id='par_1_92' title="bbox 146 4793 1725 4867">
     <span class='ocr_line' id='line_1_92' title="bbox 146 4793 1725 4867; baseline -0.002 -17"><span class='ocrx_word' id='word_1_636' title='bbox 146 4795 544 4867; x_wconf 84' lang='grc' dir='ltr'>μεσιτευόντων</span> <span class='ocrx_word' id='word_1_637' title='bbox 610 4796 856 4867; x_wconf 80' lang='grc' dir='ltr'>ἀδελφῶν</span> <span class='ocrx_word' id='word_1_638' title='bbox 918 4796 1286 4867; x_wconf 85' lang='grc' dir='ltr'>ἐπιτηδειότης</span> <span class='ocrx_word' id='word_1_639' title='bbox 1336 4793 1725 4866; x_wconf 86' lang='grc' dir='ltr'>ἐναργέστερον</span> 
     </span>
    </p>
   </div>
   <div class='ocr_carea' id='block_1_93' title="bbox 144 4885 1727 4958">
    <p class='ocr_par' dir='ltr' id='par_1_93' title="bbox 144 4885 1727 4958">
     <span class='ocr_line' id='line_1_93' title="bbox 144 4885 1727 4958; baseline -0.001 -19"><span class='ocrx_word' id='word_1_640' title='bbox 144 4890 283 4957; x_wconf 83' lang='grc' dir='ltr'>ήμῖν</span> <span class='ocrx_word' id='word_1_641' title='bbox 314 4886 521 4941; x_wconf 83' lang='grc' dir='ltr'>ἐδείκνυ</span> <span class='ocrx_word' id='word_1_642' title='bbox 558 4887 627 4942; x_wconf 85' lang='grc' dir='ltr'><strong>τὰ</strong></span> <span class='ocrx_word' id='word_1_643' title='bbox 659 4888 780 4942; x_wconf 88' lang='grc' dir='ltr'>καθ’</span> <span class='ocrx_word' id='word_1_644' title='bbox 810 4889 973 4958; x_wconf 81' lang='grc' dir='ltr'>ὑμᾶς.</span> <span class='ocrx_word' id='word_1_645' title='bbox 1014 4888 1072 4941; x_wconf 89' lang='grc' dir='ltr'>Ὀ</span> <span class='ocrx_word' id='word_1_646' title='bbox 1095 4887 1205 4958; x_wconf 85' lang='grc' dir='ltr'>γὰρ</span> <span class='ocrx_word' id='word_1_647' title='bbox 1237 4885 1606 4947; x_wconf 86' lang='grc' dir='ltr'>ποθεινότατος</span> <span class='ocrx_word' id='word_1_648' title='bbox 1633 4885 1727 4939; x_wconf 78' lang='grc' dir='ltr'><strong>καὶ</strong></span> 
     </span>
    </p>
   </div>
   <div class='ocr_carea' id='block_1_94' title="bbox 143 4976 1725 5052">
    <p class='ocr_par' dir='ltr' id='par_1_94' title="bbox 143 4976 1725 5052">
     <span class='ocr_line' id='line_1_94' title="bbox 143 4976 1725 5052; baseline -0.001 -20"><span class='ocrx_word' id='word_1_649' title='bbox 143 4978 542 5045; x_wconf 82' lang='grc' dir='ltr'>εὐλαϐέστατος</span> <span class='ocrx_word' id='word_1_650' title='bbox 570 4980 1048 5052; x_wconf 81' lang='grc' dir='ltr'>συμπρεσϐύτερος</span> <span class='ocrx_word' id='word_1_651' title='bbox 1072 4981 1105 5051; x_wconf 89' lang='grc' dir='ltr'><strong>ή</strong></span> <span class='ocrx_word' id='word_1_652' title='bbox 1114 4978 1230 5050; x_wconf 86' lang='grc' dir='ltr'><strong>μῶν</strong></span> <span class='ocrx_word' id='word_1_653' title='bbox 1246 4979 1517 5043; x_wconf 83' lang='grc' dir='ltr'>Ἀκάκιος,</span> <span class='ocrx_word' id='word_1_654' title='bbox 1542 4976 1725 5031; x_wconf 79' lang='grc' dir='ltr'>πλείο-</span> 
     </span>
    </p>
   </div>
   <div class='ocr_carea' id='block_1_95' title="bbox 144 5069 1727 5143">
    <p class='ocr_par' dir='ltr' id='par_1_95' title="bbox 144 5069 1727 5143">
     <span class='ocr_line' id='line_1_95' title="bbox 144 5069 1727 5143; baseline 0 -19"><span class='ocrx_word' id='word_1_655' title='bbox 144 5088 214 5124; x_wconf 86' lang='grc' dir='ltr'><strong>να</strong></span> <span class='ocrx_word' id='word_1_656' title='bbox 258 5069 371 5125; x_wconf 86' lang='grc' dir='ltr'><strong>τῶν</strong></span> <span class='ocrx_word' id='word_1_657' title='bbox 421 5072 839 5142; x_wconf 86' lang='grc' dir='ltr'>ἐπεσταλμένων</span> <span class='ocrx_word' id='word_1_658' title='bbox 881 5071 1258 5143; x_wconf 89' lang='grc' dir='ltr'>διηγούμενος,</span> <span class='ocrx_word' id='word_1_659' title='bbox 1312 5073 1407 5127; x_wconf 81' lang='grc' dir='ltr'><strong>καὶ</strong></span> <span class='ocrx_word' id='word_1_660' title='bbox 1469 5073 1560 5126; x_wconf 80' lang='grc' dir='ltr'>ὑπ’</span> <span class='ocrx_word' id='word_1_661' title='bbox 1605 5071 1727 5142; x_wconf 74' lang='grc' dir='ltr'>ϐψιν</span> 
     </span>
    </p>
   </div>
   <div class='ocr_carea' id='block_1_96' title="bbox 219 5226 1723 5293">
    <p class='ocr_par' dir='ltr' id='par_1_96' title="bbox 219 5226 1723 5293">
     <span class='ocr_line' id='line_1_96' title="bbox 219 5226 1723 5293; baseline 0 -11"><span class='ocrx_word' id='word_1_662' title='bbox 219 5226 338 5293; x_wconf 69' lang='grc'>(49)</span> <span class='ocrx_word' id='word_1_663' title='bbox 363 5227 475 5281; x_wconf 79' lang='grc' dir='ltr'><strong>Καὶ</strong></span> <span class='ocrx_word' id='word_1_664' title='bbox 502 5227 824 5284; x_wconf 76' lang='grc' dir='ltr'>ἐπιστελεῖ.</span> <span class='ocrx_word' id='word_1_665' title='bbox 857 5226 934 5282; x_wconf 90' lang='lat' dir='ltr'><strong>lta</strong></span> <span class='ocrx_word' id='word_1_666' title='bbox 972 5238 1081 5282; x_wconf 84' lang='lat' dir='ltr'><strong>tres</strong></span> <span class='ocrx_word' id='word_1_667' title='bbox 1101 5228 1453 5283; x_wconf 85' lang='lat' dir='ltr'><strong>vetustissimi</strong></span> <span class='ocrx_word' id='word_1_668' title='bbox 1479 5227 1723 5287; x_wconf 83' lang='lat' dir='ltr'><strong>codices.</strong></span> 
     </span>
    </p>
   </div>
   <div class='ocr_carea' id='block_1_97' title="bbox 143 5296 1728 5368">
    <p class='ocr_par' dir='ltr' id='par_1_97' title="bbox 143 5296 1728 5368">
     <span class='ocr_line' id='line_1_97' title="bbox 143 5296 1728 5368; baseline -0.001 -18"><span class='ocrx_word' id='word_1_669' title='bbox 143 5297 470 5368; x_wconf 8' lang='lat' dir='ltr'><strong>quibusgalii</strong></span> <span class='ocrx_word' id='word_1_670' title='bbox 495 5297 720 5368; x_wconf 75' lang='lat' dir='ltr'><strong>lavent,</strong></span> <span class='ocrx_word' id='word_1_671' title='bbox 750 5299 807 5352; x_wconf 89' lang='lat' dir='ltr'><strong>in</strong></span> <span class='ocrx_word' id='word_1_672' title='bbox 845 5299 1047 5368; x_wconf 87' lang='lat' dir='ltr'><strong>quibus</strong></span> <span class='ocrx_word' id='word_1_673' title='bbox 1074 5299 1270 5368; x_wconf 84' lang='lat' dir='ltr'><strong>legitur</strong></span> <span class='ocrx_word' id='word_1_674' title='bbox 1292 5298 1616 5350; x_wconf 81' lang='grc' dir='ltr'>ἐπιστέλλει.</span> <span class='ocrx_word' id='word_1_675' title='bbox 1656 5296 1728 5368; x_wconf 76' lang='lat' dir='ltr'><strong>_At</strong></span> 
     </span>
    </p>
   </div>
   <div class='ocr_carea' id='block_1_98' title="bbox 142 5366 1730 5439">
    <p class='ocr_par' dir='ltr' id='par_1_98' title="bbox 142 5366 1730 5439">
     <span class='ocr_line' id='line_1_98' title="bbox 142 5366 1730 5439; baseline -0.001 -18"><span class='ocrx_word' id='word_1_676' title='bbox 142 5366 279 5439; x_wconf 78' lang='lat' dir='ltr'><strong>editi</strong></span> <span class='ocrx_word' id='word_1_677' title='bbox 308 5366 600 5421; x_wconf 91' lang='lat' dir='ltr'><strong>admodum</strong></span> <span class='ocrx_word' id='word_1_678' title='bbox 648 5366 907 5423; x_wconf 82' lang='lat' dir='ltr'><strong>mendose</strong></span> <span class='ocrx_word' id='word_1_679' title='bbox 956 5368 1050 5422; x_wconf 81' lang='grc' dir='ltr'><strong>καὶ</strong></span> <span class='ocrx_word' id='word_1_680' title='bbox 1095 5366 1427 5439; x_wconf 65' lang='grc' dir='ltr'>ἐπιστέλλειν</span> <span class='ocrx_word' id='word_1_681' title='bbox 1466 5368 1610 5439; x_wconf 80' lang='grc' dir='ltr'>ὑμᾶς</span> <span class='ocrx_word' id='word_1_682' title='bbox 1648 5366 1730 5439; x_wconf 84' lang='grc' dir='ltr'><strong>δεῖ</strong></span> 
     </span>
    </p>
   </div>
   <div class='ocr_carea' id='block_1_99' title="bbox 145 5437 1729 5494">
    <p class='ocr_par' dir='ltr' id='par_1_99' title="bbox 145 5437 1729 5494">
     <span class='ocr_line' id='line_1_99' title="bbox 145 5437 1729 5494; baseline 0.001 -4"><span class='ocrx_word' id='word_1_683' title='bbox 145 5437 337 5494; x_wconf 84' lang='grc' dir='ltr'>πάλιν.</span> <span class='ocrx_word' id='word_1_684' title='bbox 387 5453 452 5490; x_wconf 83' lang='lat' dir='ltr'><strong>ac</strong></span> <span class='ocrx_word' id='word_1_685' title='bbox 498 5454 587 5492; x_wconf 74' lang='lat' dir='ltr'><strong>vos</strong></span> <span class='ocrx_word' id='word_1_686' title='bbox 641 5439 787 5493; x_wconf 82' lang='lat' dir='ltr'><strong>decet</strong></span> <span class='ocrx_word' id='word_1_687' title='bbox 829 5440 1020 5493; x_wconf 77' lang='lat' dir='ltr'><strong>iterant</strong></span> <span class='ocrx_word' id='word_1_688' title='bbox 1069 5437 1139 5491; x_wconf 84' lang='lat' dir='ltr'><strong>ad</strong></span> <span class='ocrx_word' id='word_1_689' title='bbox 1198 5454 1318 5492; x_wconf 86' lang='lat' dir='ltr'><strong>eum</strong></span> <span class='ocrx_word' id='word_1_690' title='bbox 1370 5437 1729 5492; x_wconf 78' lang='lat' dir='ltr'><strong>convenientia</strong></span> 
     </span>
    </p>
   </div>
   <div class='ocr_carea' id='block_1_100' title="bbox 142 5508 398 5561">
    <p class='ocr_par' dir='ltr' id='par_1_100' title="bbox 142 5508 398 5561">
     <span class='ocr_line' id='line_1_100' title="bbox 142 5508 398 5561; baseline 0.004 -1"><span class='ocrx_word' id='word_1_691' title='bbox 142 5508 398 5561; x_wconf 78' lang='lat' dir='ltr'><strong>scribere.</strong></span> 
     </span>
    </p>
   </div>
   <div class='ocr_carea' id='block_1_101' title="bbox 221 5576 1727 5648">
    <p class='ocr_par' dir='ltr' id='par_1_101' title="bbox 221 5576 1727 5648">
     <span class='ocr_line' id='line_1_101' title="bbox 221 5576 1727 5648; baseline 0 -18"><span class='ocrx_word' id='word_1_692' title='bbox 221 5576 339 5648; x_wconf 81' lang='grc'>(50)</span> <span class='ocrx_word' id='word_1_693' title='bbox 389 5578 543 5648; x_wconf 82' lang='grc' dir='ltr'>Ἔτι.</span> <span class='ocrx_word' id='word_1_694' title='bbox 598 5577 751 5634; x_wconf 82' lang='lat' dir='ltr'><strong>Hanc</strong></span> <span class='ocrx_word' id='word_1_695' title='bbox 807 5594 997 5634; x_wconf 87' lang='lat' dir='ltr'><strong>vocem</strong></span> <span class='ocrx_word' id='word_1_696' title='bbox 1056 5579 1366 5634; x_wconf 86' lang='lat' dir='ltr'><strong>addidimus</strong></span> <span class='ocrx_word' id='word_1_697' title='bbox 1413 5592 1480 5633; x_wconf 83' lang='lat' dir='ltr'><strong>ex</strong></span> <span class='ocrx_word' id='word_1_698' title='bbox 1518 5584 1727 5648; x_wconf 89' lang='lat' dir='ltr'><strong>septem</strong></span> 
     </span>
    </p>
   </div>
   <div class='ocr_carea' id='block_1_102' title="bbox 146 5645 1279 5720">
    <p class='ocr_par' dir='ltr' id='par_1_102' title="bbox 146 5645 1279 5720">
     <span class='ocr_line' id='line_1_102' title="bbox 146 5645 1279 5720; baseline 0.004 -21"><span class='ocrx_word' id='word_1_699' title='bbox 146 5645 512 5720; x_wconf 32' lang='lat' dir='ltr'><strong>mssilbidem</strong></span> <span class='ocrx_word' id='word_1_700' title='bbox 540 5647 708 5720; x_wconf 83' lang='lat' dir='ltr'><strong>Coisl.</strong></span> <span class='ocrx_word' id='word_1_701' title='bbox 740 5650 947 5720; x_wconf 91' lang='lat' dir='ltr'><strong>primus</strong></span> <span class='ocrx_word' id='word_1_702' title='bbox 979 5649 1279 5719; x_wconf 83' lang='grc' dir='ltr'>ἐγγυτέρω.</span> 
     </span>
    </p>
   </div>
   <div class='ocr_carea' id='block_1_103' title="bbox 223 5716 1729 5790">
    <p class='ocr_par' dir='ltr' id='par_1_103' title="bbox 223 5716 1729 5790">
     <span class='ocr_line' id='line_1_103' title="bbox 223 5716 1729 5790; baseline -0.001 -19"><span class='ocrx_word' id='word_1_703' title='bbox 223 5716 338 5784; x_wconf 69' lang='grc'>(51)</span> <span class='ocrx_word' id='word_1_704' title='bbox 377 5716 754 5785; x_wconf 46' lang='lat' dir='ltr'><strong>Heln-maio;</strong></span> <span class='ocrx_word' id='word_1_705' title='bbox 793 5720 885 5775; x_wconf 87' lang='lat' dir='ltr'><strong>Sic</strong></span> <span class='ocrx_word' id='word_1_706' title='bbox 922 5716 1063 5775; x_wconf 82' lang='lat' dir='ltr'><strong>mss.</strong></span> <span class='ocrx_word' id='word_1_707' title='bbox 1102 5716 1328 5790; x_wconf 83' lang='lat' dir='ltr'><strong>septem.</strong></span> <span class='ocrx_word' id='word_1_708' title='bbox 1351 5717 1496 5774; x_wconf 83' lang='lat' dir='ltr'><strong>Editi</strong></span> <span class='ocrx_word' id='word_1_709' title='bbox 1526 5716 1729 5771; x_wconf 85' lang='grc' dir='ltr'>πολιτι-</span> 
     </span>
    </p>
   </div>
   <div class='ocr_carea' id='block_1_104' title="bbox 1829 4521 3397 4592">
    <p class='ocr_par' dir='ltr' id='par_1_104' title="bbox 1829 4521 3397 4592">
     <span class='ocr_line' id='line_1_104' title="bbox 1829 4521 3397 4592; baseline 0 -15"><span class='ocrx_word' id='word_1_710' title='bbox 1829 4538 1976 4579; x_wconf 91' lang='lat' dir='ltr'><strong>mus.</strong></span> <span class='ocrx_word' id='word_1_711' title='bbox 2019 4522 2152 4576; x_wconf 82' lang='lat' dir='ltr'><strong>Nam</strong></span> <span class='ocrx_word' id='word_1_712' title='bbox 2182 4531 2381 4592; x_wconf 69' lang='lat' dir='ltr'><strong>praeter</strong></span> <span class='ocrx_word' id='word_1_713' title='bbox 2409 4522 2640 4585; x_wconf 88' lang='lat' dir='ltr'><strong>litteras,</strong></span> <span class='ocrx_word' id='word_1_714' title='bbox 2672 4536 2795 4591; x_wconf 82' lang='lat' dir='ltr'><strong>quae</strong></span> <span class='ocrx_word' id='word_1_715' title='bbox 2823 4521 3039 4591; x_wconf 86' lang='lat' dir='ltr'><strong>quidem</strong></span> <span class='ocrx_word' id='word_1_716' title='bbox 3066 4524 3205 4579; x_wconf 85' lang='lat' dir='ltr'><strong>tales</strong></span> <span class='ocrx_word' id='word_1_717' title='bbox 3248 4533 3397 4589; x_wconf 85' lang='lat' dir='ltr'><strong>sunt,</strong></span> 
     </span>
    </p>
   </div>
   <div class='ocr_carea' id='block_1_105' title="bbox 1829 4616 3400 4688">
    <p class='ocr_par' dir='ltr' id='par_1_105' title="bbox 1829 4616 3400 4688">
     <span class='ocr_line' id='line_1_105' title="bbox 1829 4616 3400 4688; baseline 0.001 -18"><span class='ocrx_word' id='word_1_718' title='bbox 1829 4617 2007 4673; x_wconf 89' lang='lat' dir='ltr'><strong>adhuc</strong></span> <span class='ocrx_word' id='word_1_719' title='bbox 2021 4618 2181 4673; x_wconf 90' lang='lat' dir='ltr'><strong>etiam</strong></span> <span class='ocrx_word' id='word_1_720' title='bbox 2206 4616 2437 4671; x_wconf 79' lang='lat' dir='ltr'><strong>fratrum</strong></span> <span class='ocrx_word' id='word_1_721' title='bbox 2467 4617 2933 4671; x_wconf 88' lang='lat' dir='ltr'><strong>internuntiorum</strong></span> <span class='ocrx_word' id='word_1_722' title='bbox 2962 4616 3161 4673; x_wconf 86' lang='lat' dir='ltr'><strong>habilis</strong></span> <span class='ocrx_word' id='word_1_723' title='bbox 3190 4626 3243 4672; x_wconf 90' lang='lat' dir='ltr'><strong>et</strong></span> <span class='ocrx_word' id='word_1_724' title='bbox 3276 4628 3400 4688; x_wconf 89' lang='lat' dir='ltr'><strong>apta</strong></span> 
     </span>
    </p>
   </div>
   <div class='ocr_carea' id='block_1_106' title="bbox 1828 4706 3399 4777">
    <p class='ocr_par' dir='ltr' id='par_1_106' title="bbox 1828 4706 3399 4777">
     <span class='ocr_line' id='line_1_106' title="bbox 1828 4706 3399 4777; baseline 0.002 -16"><span class='ocrx_word' id='word_1_725' title='bbox 1828 4707 2041 4763; x_wconf 86' lang='lat' dir='ltr'><strong>indoles</strong></span> <span class='ocrx_word' id='word_1_726' title='bbox 2062 4707 2332 4763; x_wconf 89' lang='lat' dir='ltr'><strong>illustrius</strong></span> <span class='ocrx_word' id='word_1_727' title='bbox 2355 4716 2541 4761; x_wconf 85' lang='lat' dir='ltr'><strong>vestra</strong></span> <span class='ocrx_word' id='word_1_728' title='bbox 2565 4706 2726 4762; x_wconf 90' lang='lat' dir='ltr'><strong>nobis</strong></span> <span class='ocrx_word' id='word_1_729' title='bbox 2752 4707 3043 4777; x_wconf 86' lang='lat' dir='ltr'><strong>expressit.</strong></span> <span class='ocrx_word' id='word_1_730' title='bbox 3085 4707 3221 4762; x_wconf 87' lang='lat' dir='ltr'><strong>Nam</strong></span> <span class='ocrx_word' id='word_1_731' title='bbox 3249 4708 3399 4764; x_wconf 88' lang='lat' dir='ltr'><strong>desi-</strong></span> 
     </span>
    </p>
   </div>
   <div class='ocr_carea' id='block_1_107' title="bbox 1827 4794 3402 4868">
    <p class='ocr_par' dir='ltr' id='par_1_107' title="bbox 1827 4794 3402 4868">
     <span class='ocr_line' id='line_1_107' title="bbox 1827 4794 3402 4868; baseline -0.001 -17"><span class='ocrx_word' id='word_1_732' title='bbox 1827 4797 2214 4853; x_wconf 90' lang='lat' dir='ltr'><strong>deratissimus</strong></span> <span class='ocrx_word' id='word_1_733' title='bbox 2261 4804 2425 4865; x_wconf 84' lang='lat' dir='ltr'><strong>atque</strong></span> <span class='ocrx_word' id='word_1_734' title='bbox 2483 4794 2939 4865; x_wconf 87' lang='lat' dir='ltr'><strong>religiosissimus</strong></span> <span class='ocrx_word' id='word_1_735' title='bbox 2990 4796 3402 4868; x_wconf 73' lang='lat' dir='ltr'><strong>compresbyter</strong></span> 
     </span>
    </p>
   </div>
   <div class='ocr_carea' id='block_1_108' title="bbox 1826 4886 3402 4959">
    <p class='ocr_par' dir='ltr' id='par_1_108' title="bbox 1826 4886 3402 4959">
     <span class='ocr_line' id='line_1_108' title="bbox 1826 4886 3402 4959; baseline 0 -16"><span class='ocrx_word' id='word_1_736' title='bbox 1826 4890 2084 4954; x_wconf 81' lang='lat' dir='ltr'><strong>Aeacius,</strong></span> <span class='ocrx_word' id='word_1_737' title='bbox 2115 4889 2272 4959; x_wconf 89' lang='lat' dir='ltr'><strong>plura</strong></span> <span class='ocrx_word' id='word_1_738' title='bbox 2308 4902 2473 4957; x_wconf 86' lang='lat' dir='ltr'><strong>quam</strong></span> <span class='ocrx_word' id='word_1_739' title='bbox 2516 4886 2822 4957; x_wconf 90' lang='lat' dir='ltr'><strong>scripsistis</strong></span> <span class='ocrx_word' id='word_1_740' title='bbox 2850 4901 3137 4952; x_wconf 88' lang='lat' dir='ltr'><strong>euarrans,</strong></span> <span class='ocrx_word' id='word_1_741' title='bbox 3170 4895 3225 4943; x_wconf 91' lang='lat' dir='ltr'><strong>et</strong></span> <span class='ocrx_word' id='word_1_742' title='bbox 3256 4904 3402 4958; x_wconf 87' lang='lat' dir='ltr'><strong>quo-</strong></span> 
     </span>
    </p>
   </div>
   <div class='ocr_carea' id='block_1_109' title="bbox 1828 4983 3495 5052">
    <p class='ocr_par' dir='ltr' id='par_1_109' title="bbox 1828 4983 3495 5052">
     <span class='ocr_line' id='line_1_109' title="bbox 1828 4983 3495 5052; baseline 0 -15"><span class='ocrx_word' id='word_1_743' title='bbox 1828 4983 2095 5037; x_wconf 87' lang='lat' dir='ltr'><strong>tidianum</strong></span> <span class='ocrx_word' id='word_1_744' title='bbox 2166 4989 2414 5037; x_wconf 87' lang='lat' dir='ltr'><strong>vestrum</strong></span> <span class='ocrx_word' id='word_1_745' title='bbox 2468 4987 2790 5045; x_wconf 89' lang='lat' dir='ltr'><strong>certamen,</strong></span> <span class='ocrx_word' id='word_1_746' title='bbox 2845 4988 3243 5051; x_wconf 88' lang='lat' dir='ltr'><strong>strenuamque</strong></span> <span class='ocrx_word' id='word_1_747' title='bbox 3300 4997 3400 5052; x_wconf 84' lang='lat' dir='ltr'><strong>pro</strong></span> <span class='ocrx_word' id='word_1_748' title='bbox 3474 4988 3495 5005; x_wconf 84' lang='lat'><strong><em>’</em></strong></span> 
     </span>
    </p>
   </div>
   <div class='ocr_carea' id='block_1_110' title="bbox 1826 5072 3401 5146">
    <p class='ocr_par' dir='ltr' id='par_1_110' title="bbox 1826 5072 3401 5146">
     <span class='ocr_line' id='line_1_110' title="bbox 1826 5072 3401 5146; baseline -0.001 -17"><span class='ocrx_word' id='word_1_749' title='bbox 1826 5076 2030 5146; x_wconf 89' lang='lat' dir='ltr'><strong>pietate</strong></span> <span class='ocrx_word' id='word_1_750' title='bbox 2076 5073 2486 5129; x_wconf 86' lang='lat' dir='ltr'><strong>dimicationem</strong></span> <span class='ocrx_word' id='word_1_751' title='bbox 2531 5072 2669 5143; x_wconf 90' lang='lat' dir='ltr'><strong>ipsis</strong></span> <span class='ocrx_word' id='word_1_752' title='bbox 2713 5072 2887 5127; x_wconf 92' lang='lat' dir='ltr'><strong>oculis</strong></span> <span class='ocrx_word' id='word_1_753' title='bbox 2919 5074 3240 5145; x_wconf 83' lang='lat' dir='ltr'><strong>sul-.jieieus,</strong></span> <span class='ocrx_word' id='word_1_754' title='bbox 3277 5082 3401 5128; x_wconf 83' lang='lat' dir='ltr'><strong>tan-</strong></span> 
     </span>
    </p>
   </div>
   <div class='ocr_carea' id='block_1_111' title="bbox 1829 5250 3400 5372">
    <p class='ocr_par' dir='ltr' id='par_1_111' title="bbox 1829 5250 3400 5372">
     <span class='ocr_line' id='line_1_111' title="bbox 1829 5250 3400 5372; baseline -0.004 -15"><span class='ocrx_word' id='word_1_755' title='bbox 1829 5250 2003 5372; x_wconf 50' lang='lat' dir='ltr'><strong>xogé)</strong></span> <span class='ocrx_word' id='word_1_756' title='bbox 2036 5299 2438 5372; x_wconf 73' lang='grc' dir='ltr'>Ἀποκλεῖσαι.</span> <span class='ocrx_word' id='word_1_757' title='bbox 2469 5299 2973 5372; x_wconf 67' lang='lat' dir='ltr'><strong>Addurtelausulaa</strong></span> <span class='ocrx_word' id='word_1_758' title='bbox 2995 5299 3117 5372; x_wconf 83' lang='lat' dir='ltr'><strong>loco</strong></span> <span class='ocrx_word' id='word_1_759' title='bbox 3132 5298 3400 5371; x_wconf 65' lang='grc' dir='ltr'>ἔρρωσθε,</span> 
     </span>
    </p>
   </div>
   <div class='ocr_carea' id='block_1_112' title="bbox 1829 5368 3404 5440">
    <p class='ocr_par' dir='ltr' id='par_1_112' title="bbox 1829 5368 3404 5440">
     <span class='ocr_line' id='line_1_112' title="bbox 1829 5368 3404 5440; baseline -0.004 -13"><span class='ocrx_word' id='word_1_760' title='bbox 1829 5368 2016 5436; x_wconf 68' lang='lat' dir='ltr'><strong>valete,</strong></span> <span class='ocrx_word' id='word_1_761' title='bbox 2060 5380 2171 5425; x_wconf 88' lang='lat' dir='ltr'><strong>tres</strong></span> <span class='ocrx_word' id='word_1_762' title='bbox 2201 5371 2439 5433; x_wconf 87' lang='lat' dir='ltr'><strong>codices,</strong></span> <span class='ocrx_word' id='word_1_763' title='bbox 2470 5384 2666 5440; x_wconf 83' lang='lat' dir='ltr'><strong>nempe</strong></span> <span class='ocrx_word' id='word_1_764' title='bbox 2702 5368 2875 5435; x_wconf 85' lang='lat' dir='ltr'><strong>Harl.,</strong></span> <span class='ocrx_word' id='word_1_765' title='bbox 2907 5371 3077 5425; x_wconf 79' lang='lat' dir='ltr'><strong>Coisl.</strong></span> <span class='ocrx_word' id='word_1_766' title='bbox 3108 5368 3320 5440; x_wconf 82' lang='lat' dir='ltr'><strong>primus</strong></span> <span class='ocrx_word' id='word_1_767' title='bbox 3351 5377 3404 5422; x_wconf 87' lang='lat' dir='ltr'><strong>ct</strong></span> 
     </span>
    </p>
   </div>
   <div class='ocr_carea' id='block_1_113' title="bbox 1829 5443 3405 5583">
    <p class='ocr_par' dir='ltr' id='par_1_113' title="bbox 1829 5443 3405 5583">
     <span class='ocr_line' id='line_1_113' title="bbox 1829 5443 3405 5583; baseline -0.004 -16"><span class='ocrx_word' id='word_1_768' title='bbox 1829 5443 2184 5583; x_wconf 39' lang='grc' dir='ltr'><strong>ΟῆὲἓῖῂΤὴν</strong></span> <span class='ocrx_word' id='word_1_769' title='bbox 2221 5509 2354 5583; x_wconf 56' lang='grc' dir='ltr'>περί</span> <span class='ocrx_word' id='word_1_770' title='bbox 2394 5507 2574 5577; x_wconf 83' lang='grc' dir='ltr'>ὑμᾶς.</span> <span class='ocrx_word' id='word_1_771' title='bbox 2614 5507 2709 5583; x_wconf 70' lang='lat' dir='ltr'><strong>lla:</strong></span> <span class='ocrx_word' id='word_1_772' title='bbox 2733 5525 2895 5583; x_wconf 83' lang='lat' dir='ltr'><strong>voces</strong></span> <span class='ocrx_word' id='word_1_773' title='bbox 2942 5509 3160 5583; x_wconf 62' lang='lat' dir='ltr'><strong>addith</strong></span> <span class='ocrx_word' id='word_1_774' title='bbox 3182 5516 3311 5563; x_wconf 89' lang='lat' dir='ltr'><strong>sunt</strong></span> <span class='ocrx_word' id='word_1_775' title='bbox 3337 5523 3405 5564; x_wconf 68' lang='lat' dir='ltr'><strong>ex</strong></span> 
     </span>
    </p>
   </div>
   <div class='ocr_carea' id='block_1_114' title="bbox 1830 5578 3221 5662">
    <p class='ocr_par' dir='ltr' id='par_1_114' title="bbox 1830 5578 3221 5662">
     <span class='ocr_line' id='line_1_114' title="bbox 1830 5578 3221 5662; baseline -0.003 -24"><span class='ocrx_word' id='word_1_776' title='bbox 1830 5578 2032 5662; x_wconf 64' lang='lat' dir='ltr'><strong>septeni</strong></span> <span class='ocrx_word' id='word_1_777' title='bbox 2062 5578 2553 5662; x_wconf 41' lang='lat' dir='ltr'><strong>rn§;‘ylaticairtls.</strong></span> <span class='ocrx_word' id='word_1_778' title='bbox 2572 5580 2745 5634; x_wconf 80' lang='lat' dir='ltr'><strong>codex</strong></span> <span class='ocrx_word' id='word_1_779' title='bbox 2776 5581 3022 5662; x_wconf 58' lang='grc' dir='ltr'>τὴνπξρὶ</span> <span class='ocrx_word' id='word_1_780' title='bbox 3049 5579 3221 5652; x_wconf 80' lang='grc' dir='ltr'>ὑμῶν.</span> 
     </span>
    </p>
   </div>
   <div class='ocr_carea' id='block_1_115' title="bbox 1904 5647 2982 5720">
    <p class='ocr_par' dir='ltr' id='par_1_115' title="bbox 1904 5647 2982 5720">
     <span class='ocr_line' id='line_1_115' title="bbox 1904 5647 2982 5720; baseline 0.001 -14"><span class='ocrx_word' id='word_1_781' title='bbox 1904 5647 1920 5675; x_wconf 61' lang='grc'><strong><em>⁵</em></strong></span> <span class='ocrx_word' id='word_1_782' title='bbox 1951 5652 2100 5707; x_wconf 88' lang='lat' dir='ltr'><strong>Alias</strong></span> <span class='ocrx_word' id='word_1_783' title='bbox 2128 5648 2402 5709; x_wconf 77' lang='lat' dir='ltr'><strong>CCXCIX.</strong></span> <span class='ocrx_word' id='word_1_784' title='bbox 2438 5647 2651 5720; x_wconf 87' lang='lat' dir='ltr'><strong>Scripta</strong></span> <span class='ocrx_word' id='word_1_785' title='bbox 2686 5647 2982 5707; x_wconf 26' lang='lat' dir='ltr'><strong>anno‘575.</strong></span> 
     </span>
    </p>
   </div>
  </div>
