3862 6220
428 263 537 317 Si?»

1742 262 1801 316 S.
1845 259 2092 314 BASILH
2127 259 2344 315 MAGNI

3588 256 3687 310 82.1

427 391 680 448 rentetn;
721 381 802 438 sic
839 391 898 438 ut
938 386 1098 442 nobis
1145 402 1364 457 quoque
1401 390 1562 438 necat
1618 381 1800 435 dicere
1832 396 1843 429 :
1875 379 1998 434 Tor-

2110 377 2231 432 καθ’
2269 377 2425 448 ἡμῶν
2467 378 2686 450 ῥυείσης
2718 375 3065 446 ψευδολογίας
3104 373 3420 445 χείμαρρον
3446 371 3589 425 ὥστε
3625 373 3689 426 ἂν

428 486 626 526 rentem
659 479 1002 543 pertransivit
1033 481 1216 531 anima
1260 488 1445 532 nostra
1477 476 1544 530 ".
1579 473 1644 526 Et
1674 472 1802 526 illud
1844 492 1856 526 :
1889 469 2008 524 Nisi

431 566 688 621 Dominus
716 569 904 636 fuisset
933 571 987 624 in
1031 572 1182 624 nobis
1203 611 1216 634 ,
1251 588 1369 624 cum
1412 571 1736 638 insurgerent
1775 563 2008 616 homines

425 656 481 708 in
505 673 620 718 nos,
649 657 878 725 forsitan
903 661 1041 713 vinos
1072 660 1414 719 dealutissent
1449 672 1584 718 nos;
1614 654 1839 708 fortasse
1869 665 2008 719 aqua

429 747 783 805 absorbuisset
811 769 906 807 nos
929 753 996 808 ".

495 929 550 983 2.
592 929 702 1000 Ego
732 947 854 986 cum
885 934 1114 987 multum
1171 932 1432 1003 temporis
1479 928 1866 1001 impendissem
1913 938 2007 976 va-

426 1021 606 1085 nitati,
659 1033 934 1094 totamque
982 1026 1093 1080 fere
1125 1025 1470 1094 juventutem
1507 1037 1682 1076 meam
1737 1016 2004 1089 perdidis-

425 1128 541 1167 sem
573 1114 720 1168 inani
772 1116 977 1183 labore,
1031 1131 1194 1186 quem
1250 1117 1307 1170 in
1354 1112 1633 1170 discendis
1664 1110 1944 1164 infatuata‘:
1973 1124 2004 1161 a

425 1203 538 1259 Deo
583 1208 867 1277 sapientia:
910 1208 1219 1278 disciplinis
1247 1213 1550 1278 occupatus
1581 1201 1950 1272 suscipiebant
1985 1239 2001 1264 ,

427 1298 515 1356 ubi
549 1299 767 1355 tandem
800 1301 1094 1370 aliquando
1149 1300 1295 1354 velut
1325 1315 1392 1354 ex
1437 1299 1548 1352 alto
1593 1309 1787 1351 somno
1811 1307 2004 1361 exper-

423 1387 692 1456 gefactus,
753 1392 971 1460 respexi
1029 1392 1097 1447 ad
1158 1392 1341 1446 lumen
1385 1387 1712 1444 admirabile
1755 1383 2002 1439 veritatis

425 1476 698 1549 Evangelii
742 1519 757 1545 ,
801 1495 866 1534 ac
899 1480 1008 1535 vidi
1069 1481 1421 1536 inutilitatem
1471 1475 1754 1547 sapientiae
1797 1472 2001 1544 princi-

425 1585 550 1638 pum
583 1571 750 1641 hujus
792 1573 975 1628 δίνουιὶ
997 1613 1012 1636 ,
1059 1574 1153 1643 qui
1203 1574 1563 1628 destruuntur
1588 1571 1631 1604 ³⁷
1665 1587 1680 1634 ;
1711 1566 1999 1622 miserabi-

424 1661 526 1719 lem
558 1677 734 1717 meam
763 1664 931 1724 vitam
985 1664 1281 1734 plurimum
1315 1661 1552 1725 deﬂens,
1589 1659 1848 1730 optabam
1883 1655 1999 1710 dari

2111 470 2287 521 εἰπεῖν
2339 470 2432 522 καὶ
2469 471 2616 540 ἡμᾶς
2647 470 2750 533 ὃτι,
2793 468 3121 536 Χείμωρῤον
3167 464 3416 531 διῆλθεν
3454 466 3490 532 ὴ
3520 465 3687 533 ψυχὴ

2111 557 2296 628 ἡμῶν·
2338 560 2432 612 καὶ
2472 560 2552 624 τὸ,
2599 563 2669 614 Et
2699 559 2789 627 μὴ
2831 559 3047 626 Κύριος
3078 554 3158 628 ἦν
3203 558 3274 610 ἐν
3315 555 3479 625 ἡμῖν,
3513 557 3583 608 ἐν
3614 556 3692 622 τῷ

2109 650 2524 718 ἐπαναστῆναι
2567 652 2912 720 ἀνθρώπους
2959 651 3050 719 ἐφ’
3102 647 3294 718 ἡμᾶς,
3334 647 3446 715 ἄρα
3471 645 3692 714 ζῗυντας

2109 740 2186 796 ἂν
2213 742 2497 797 κατέπιον
2519 742 2705 814 ἡμᾶς,
2735 743 2849 811 ἄρα
2877 743 2940 797 τὸ
2969 743 3124 811 ὕδωρ
3150 741 3226 796 ἂν
3259 743 3692 796 κατεπόντισεν

2108 833 2284 905 ἡμᾶς.

2179 926 2234 979 2.
2264 925 2428 994 Ἐγὼ,
2474 925 2638 979 πολὺν
2674 926 2864 997 χρόνον
2906 925 3328 997 προσαναλώσας
3361 927 3428 994 τῇ
3469 923 3692 994 ματαιόο

2105 1033 2252 1087 τητι,
2300 1019 2393 1072 καῖ¹
2446 1021 2625 1072 πᾶσαν
2688 1018 2872 1088 σχεδὸν
2921 1018 3024 1088 τὴν.
3064 1015 3305 1086 ἐμαυτοῦ
3337 1016 3569 1084 νεότητα
3609 1017 3693 1068 ἐν-

2106 1109 2373 1178 αφανίσας
2393 1109 2504 1181 (80)
2523 1113 2588 1181 τῇ
2616 1110 2989 1181 ματαιοπονίᾳ,
3013 1109 3078 1180 ἢν
3101 1105 3243 1179 εἶχον
3261 1106 3694 1180 προσδιατρίϐων

2105 1203 2171 1271 τῇ
2220 1201 2486 1272 ἀναλήψει
2537 1202 2646 1256 τῶν
2691 1203 3029 1273 μαθημάτων
3073 1201 3175 1271 τῆς
3217 1199 3372 1271 παρὰ
3415 1199 3509 1252 τοῦ
3556 1198 3693 1251 Θεοῦ

2109 1293 2485 1365 μωρανθείσης
2523 1296 2740 1365 σοφίας,
2777 1295 2962 1365 ἐπειδή
3007 1311 3158 1357 ποτε,
3204 1293 3394 1363 ὥσπερ
3426 1291 3487 1356 ἐξ
3523 1292 3694 1345 ῦπνου

2107 1383 2301 1453 βαθέος
2331 1386 2644 1450 διαναστὰς,
2677 1385 2956 1455 ἀπέϐλεψα
2992 1386 3090 1455 μὲν
3120 1385 3255 1453 πρὸς
3288 1384 3350 1436 τὸ
3380 1382 3694 1453 θαυμαστὸν

2105 1477 2220 1546 φῶς
2260 1477 2358 1547 τῆς
2399 1478 2656 1548 ἀληθείας
2701 1474 2795 1532 τοῦ
2842 1477 3197 1545 Εὑαγγελίου,
3252 1476 3494 1529 κατεῖδον
3538 1474 3594 1527 δὲ
3631 1476 3695 1528 τὸ

2104 1568 2379 1641 ἄχρηστον
2403 1572 2502 1640 τῆς
2530 1571 2720 1640 σοφίας
2741 1569 2846 1623 τῶν
2873 1570 3150 1641 ἀρχόντων
3172 1568 3266 1622 τοῦ
3289 1568 3480 1630 αἰῶνος
3502 1567 3691 1620 τούτου

2104 1661 2214 1716 τῶν
2260 1662 2738 1732 καταργουμένων,
2789 1660 2957 1713 πολλὰ
2985 1661 3083 1732 τὴν
3110 1660 3350 1730 ἐλεεινὴν
3402 1677 3501 1730 μου
3547 1659 3693 1729 ζωὴν

423 1718 554 1806 mihi
610 1718 1162 1825 disciplinaianua:
1211 1771 1298 1810 me
1347 1755 1414 1808 ad
1469 1718 1690 1823 pietatis
1743 1750 1998 1820 dogmata

2109 1718 2462 1815 ἀποκλαύσας
2471 1793 2484 1815 ,
2515 1718 2760 1824 ηὐχόμην
2793 1752 3014 1824 δοθῆναί
3041 1718 3138 1823 ’μοι
3175 1718 3691 1821 χειραγωγίαν-(ὃί)

423 1844 812 1901 introduceret.
864 1848 944 1902 Ac
999 1848 1132 1902 mihi
1176 1847 1395 1917 quidem
1453 1855 1578 1900 ante
1631 1843 1815 1898 omnia
1853 1855 1999 1896 curae

420 1945 558 2000 erat,
587 1945 647 1992 ut
673 1939 1112 1996 emendationem
1157 1942 1394 2011 aliquam
1443 1954 1657 1994 morum
1712 1935 1945 1991 facerem
1977 1975 1995 2000 ,

419 2044 559 2098 quos
609 2031 871 2089 diuturna
911 2048 1038 2088 cum
1089 2033 1358 2104 improbis
1399 2031 1743 2088 consuetudo
1776 2044 1996 2100 perver-

421 2132 580 2180 terat.
633 2125 820 2198 Itaque
882 2143 1008 2185 cum
1071 2129 1318 2199 legissem
1374 2127 1765 2200 Evangelium,
1813 2125 1998 2194 ibique

422 2219 824 2291 perspexissent
895 2221 1194 2290 plurimum
1233 2221 1300 2275 ad
1353 2221 1751 2292 perfectionem
1792 2219 1997 2282 valere,

419 2311 565 2368 bona
603 2327 701 2367 sua
733 2313 1062 2379 divendere,
1095 2321 1149 2369 et
1179 2330 1305 2370 cum
1341 2315 1531 2384 egenis
1560 2312 1822 2367 fratribus
1851 2326 2002 2366 com-'-

417 2403 720 2468 mnnicare,
755 2420 819 2460 ac
875 2406 1023 2460 nulla
1078 2422 1306 2475 prorsus
1354 2406 1517 2475 hujus
1546 2405 1671 2460 vita:
1729 2403 1998 2460 sollicitu~

417 2495 544 2550 dine
571 2495 866 2566 distringi,
895 2511 996 2550 nec
1033 2497 1141 2550 ulla
1195 2496 1482 2552 all‘ectione
1525 2496 1591 2551 ad
1620 2511 1708 2551 res
1748 2503 1995 2550 terrenas

417 2582 602 2636 animo
665 2583 955 2650 converti;
999 2585 1284 2654 cupiebam
1335 2585 1581 2640 invenire
1614 2585 1875 2655 _aliquem
1927 2598 1994 2639 ex

419 2672 680 2728 fratribus
701 2673 796 2744 qui
833 2675 975 2728 hanc
1005 2675 1128 2730 vita;
1150 2675 1291 2729 viam
1325 2675 1600 2745 elegisset,
1631 2684 1690 2730 ut
1737 2689 1844 2728 una
1868 2689 1995 2728 cum

419 2765 541 2834 ipso
578 2766 800 2821 brevem
851 2767 1017 2837 hujus
1062 2771 1188 2822 vitae
1250 2767 1478 2822 ﬂuctum
1547 2766 1860 2822 transirem.
1919 2765 2000 2820 Ac

419 2855 622 2914 multos
651 2858 873 2928 quidem
907 2859 1089 2914 inveni
1117 2858 1483 2924 Alexandriae,
1514 2857 1717 2912 multos
1745 2857 1914 2912 etiam
1945 2856 2000 2910 in

417 2949 625 3020 reliqua
665 2949 916 3022 Egypto,
956 2960 1012 3007 et
1038 2953 1091 3006 in
1127 2950 1416 3007 Palaestina
1451 2951 1591 3006 alios
1619 2958 1674 3005 et
1702 2947 1999 3019 leesyria

418 3055 482 3095 ac
545 3040 984 3112 Mesopotamia:
1034 3058 1268 3113 quorum
1325 3043 1568 3098 mirabar
1614 3041 1999 3096 abstinentiam

416 3133 474 3188 in
511 3133 680 3198 victu,
738 3134 978 3191 mirabar
1022 3135 1367 3189 tolerantiam
1417 3134 1471 3186 in
1530 3131 1834 3195 laboribus,
1881 3135 1999 3184 stu-

417 3224 614 3298 pebam
646 3223 715 3278 ad
746 3224 1114 3280 constantiam
1151 3227 1204 3280 in
1242 3224 1518 3294 precibus,
1547 3221 1821 3292 quomodo
1851 3235 2001 3274 som-

416 3331 547 3369 num
579 3323 924 3386 superarent,
962 3317 1203 3371 naturali
1254 3317 1404 3371 nulla
1449 3315 1782 3372 necessitate
1829 3313 2000 3368 infra-

416 3407 492 3460 cti
552 3409 886 3479 :quomodo
962 3411 1238 3465 excelsam
1300 3423 1518 3481 semper
1571 3417 1626 3464 et
1678 3409 1998 3463 indomitam

418 3499 589 3556 animi
655 3503 986 3558 sententiam
1042 3510 1329 3558 servantes
1363 3543 1379 3567 ,
1435 3503 1492 3558 in
1553 3502 1694 3556 fame
1745 3511 1798 3556 et
1858 3501 1994 3566 siti,

419 3596 474 3653 in
525 3594 730 3666 frigore
790 3606 845 3651 et
915 3597 1161 3653 nuditate
1195 3599 1280 3663 ³⁸,
1339 3613 1611 3669 nusquam
1671 3598 1736 3652 ad
1795 3611 1997 3667 corpus

419 3691 716 3754 conversi,
775 3705 878 3746 nec
947 3692 1114 3748 ullam
1170 3693 1222 3747 ei
1269 3707 1459 3748 curam
1519 3691 1838 3762 impendere
1897 3705 1995 3744 vo-

419 3781 640 3846 lentes,
677 3781 774 3836 sed
830 3792 1088 3853 tanquam
1147 3784 1204 3837 in
1243 3785 1422 3840 aliena
1487 3799 1656 3838 carne
1712 3784 1994 3844 viventes,

420 3871 597 3941 reipsa
642 3873 994 3930 ostenderent
1051 3875 1183 3945 quid
1227 3876 1299 3931 sit
1346 3877 1402 3931 in
1452 3875 1552 3929 bac
1598 3875 1708 3929 vita
1757 3862 1999 3942 peregri-

421 3964 539 4017 nari
563 3967 632 4030 ”,
690 3974 745 4020 et
777 3966 910 4036 quid
943 3966 1220 4022 civitatem
1269 3968 1325 4022 in
1359 3969 1502 4024 caelo
1543 3968 1743 4022 habere
1767 3969 1832 4020 ³⁸.
1875 3966 1998 4022 11ωο

421 4071 546 4110 cum
583 4056 852 4122 mirarer,
889 4073 953 4114 ac
990 4059 1203 4114 beatam
1233 4068 1489 4130 putarem
1523 4063 1766 4119 virorum
1803 4065 1995 4130 vitam,

423 4149 567 4219 quod
621 4148 782 4206 factis
834 4152 1186 4207 ostenderent
1239 4168 1299 4209 se
1338 4155 1818 4211 mortiﬁcationem
1867 4157 1998 4214 Jesu

425 4257 478 4295 tn
506 4255 735 4311 corpore
763 4240 1118 4300 circumferre
1146 4244 1188 4274 “
1217 4262 1232 4311 ;
1265 4246 1524 4315 optabam
1565 4257 1621 4302 et
1653 4249 1791 4319 ipse,
1823 4267 2000 4320 quan-

425 4348 538 4388 tum
569 4348 786 4402 possem
818 4334 1112 4406 attingere,
1152 4337 1398 4394 imitator
1427 4354 1553 4395 esse
1596 4339 1884 4396 hominum
1931 4343 1997 4397 il-

425 4431 619 4483 torum.

488 4693 656 4766 338
685 4694 739 4749 5.
775 4693 1143 4761 Quamobrem
1173 4711 1299 4751 cum
1320 4696 1590 4754 vidissem
1621 4701 1916 4757 nonnullos
1945 4703 1999 4757 in

430 4787 593 4856 satria
630 4786 831 4840 imitari
872 4787 1089 4842 illorum
1119 4786 1372 4844 instituta
1403 4800 1700 4856 conantes,
1746 4793 1878 4846 mihi
1911 4796 1996 4848 vi-

431 4891 514 4931 sus
548 4891 670 4932 sum
708 4875 1010 4945 adiumenti
1042 4875 1249 4946 aliquid
1280 4878 1562 4948 reperisse
1586 4879 1654 4934 ad
1691 4896 1867 4937 meam
1900 4898 1994 4938 sa-

487 5033 533 5063 "
567 5029 714 5087 Psal.
753 5045 945 5094 cxxm,
977 5029 1030 5085 5.
1107 5032 1151 5063 ’°
1183 5031 1315 5087 ibid.
1351 5032 1463 5088 1-4.

378 5088 388 5098 _
487 5033 533 5102 ξιξ
567 5033 714 5087 Psal.
753 5045 945 5102 cunt,
977 5033 1030 5085 5.
1107 5033 1151 5063 ’°
1183 5033 1315 5087 ibid.
1351 5033 1463 5088 1-4.
1541 5035 1586 5066 ⁸⁷
1620 5033 1793 5090 lCor.
1829 5053 1890 5102 tt,
1923 5036 1976 5096 6,.

425 5103 461 5134 ·¹
493 5099 535 5158 ll
565 5103 692 5158 Cor.
729 5117 803 5165 tv,
834 5101 918 5158 10.

455 5253 605 5362 ιρέἓὲ)
651 5253 1074 5326 Ἑναφανίσας³
1110 5255 1252 5312 Med'
1298 5266 1353 5312 θλ
1393 5257 1563 5315 δοίδιο
1601 5260 1812 5330 primus
1858 5264 2001 5332 ἀφα-

427 5340 596 5384 νισας.

497 5394 608 5474 (ξι)
643 5397 1065 5474 Χειραγωγίᾳετς.
1084 5395 1161 5474 l_ta
1179 5397 1737 5474 Med.,Ha_rl.,AC0isl.
1773 5409 2008 5474 uterque

425 5473 478 5517 et
515 5464 647 5540 ᾖξε.
675 5464 936 5540 interque.
974 5466 1112 5540 Editi
1140 5469 1497 5540 χειραγωγόν,
1524 5469 1814 5525 ductorem.

500 5534 614 5601 (8'2)
649 5536 760 5590 Τὸν
790 5537 1051 5606 βραχύν.
1097 5534 1173 5592 tta
1214 5534 1324 5592 t'res
1365 5541 1724 5595 vetustissimi
1758 5542 1998 5606 codices,

430 5619 663 5680 quorum
713 5607 784 5660 ab
832 5608 1158 5680 auctoritate
1189 5609 1358 5680 nolui
1400 5609 1702 5673 discedere,
1747 5614 2000 5680 quamvis

432 5689 538 5732 non
586 5674 927 5732 incommode
973 5677 1029 5732 in
1071 5677 1232 5735 editis
1274 5679 1486 5748 legatur
1521 5679 1611 5735 τὸν
1649 5674 1835 5744 βαθύν.
1869 5699 1994 5741 ora-

2085 5037 2132 5071 "
2160 5037 2199 5093 Il
2229 5039 2356 5095 Cor.
2386 5056 2463 5103 ιι,
2488 5039 2578 5096 27.

2110 1845 2245 1917 πρὸς
2286 1845 2385 1917 τὴν
2423 1847 2732 1916 εἰσαγωγὴν
2770 1845 2878 1898 τῶν
2913 1845 3198 1915 δογμάτων
3244 1845 3344 1914 τῆς
3385 1845 3689 1908 εὐσεϐείας.

2109 1939 2218 1990 Καὶ
2241 1939 2347 2008 πρό
2381 1955 2442 2008 γε
2483 1940 2698 1991 πάντων
2734 1939 2992 2009 ἐπιμελὲς
3026 1934 3094 2010 ἦν
3131 1955 3220 2009 μοι
3248 1937 3534 2008 διόρθωσίν
3572 1955 3693 1990 τινα

2109 2029 2202 2083 τοῦ
2245 2030 2410 2098 ἤθους
2450 2031 2798 2101 ποιήσασθαι,
2851 2031 3018 2084 πολὺν
3066 2033 3253 2105 χρόνον
3295 2033 3358 2083 ἐκ
3400 2031 3503 2099 τῆς
3557 2030 3692 2101 πρὸς

2106 2122 2231 2186 τοὺς
2260 2123 2495 2191 φαύλους
2522 2125 2735 2194 ὁμιλίας
2755 2125 3196 2197 διαπραφέντος.
3221 2125 3331 2177 Καὶ
3353 2123 3535 2177 τοίνυν
3565 2126 3692 2177 ἀνα-

2103 2216 2262 2284 γνοὺς
2290 2216 2352 2268 τὸ
2377 2215 2737 2284 Εὑαγγέλιον,
2782 2218 2875 2270 καὶ
2907 2217 3241 2286 θεασάμενος
3279 2219 3397 2269 ἐκεῖ
3426 2217 3693 2286 μεγίστην

2103 2309 2358 2380 ἀφορμὴν
2415 2310 2494 2372 εἰς
2547 2309 2825 2365 τελείωσιν
2868 2309 2965 2381 τὴν
3009 2309 3302 2382 διάπρασιν
3354 2309 3464 2361 τῶν
3515 2311 3691 2379 ὑπαρ-

2104 2401 2330 2470 χόντων,
2380 2401 2474 2455 καὶ
2529 2403 2627 2472 τὴν
2677 2403 2814 2473 πρὸς
2862 2403 2993 2465 τοὺς
3041 2402 3243 2464 ἐνδεεῖς
3286 2402 3395 2453 τῶν
3447 2399 3696 2469 ἀδελφῶν

2104 2493 2409 2557 κοινωνίαν,
2455 2495 2550 2547 καὶ
2567 2494 2720 2567 -ὃλως
2753 2495 2816 2547 τὸ
2853 2494 3224 2567 ἀφροντίστως
3259 2493 3403 2562 ἔχειν
3440 2492 3538 2544 τοῦ
3574 2492 3694 2562 βίου

2101 2585 2324 2650 τούτου,
2361 2585 2457 2637 καὶ
2492 2563 2600 2638 sei:
2631 2584 2903 2655 μηδεμιᾶς
2935 2563 3287 2655 συμπαθείας
3319 2583 3456 2654 πρὸς
3492 2577 3692 2660 τὰοῶδε

2102 2677 2201 2747 τὴν
2228 2675 2405 2748 ψυχὴν
2444 2676 2891 2747 ἐπιστρέφεσθαι,
2927 2677 3178 2747 ηὐχόμην
3211 2676 3392 2746 εὑρεῖν
3425 2692 3548 2728 τινα
3586 2675 3693 2727 τῶν

2101 2767 2345 2837 ἀδελφῶν
2380 2767 2584 2839 ταύτην
2622 2768 2876 2838 ἑλόμενον
2920 2767 3016 2838 τὴν
3060 2768 3180 2820 ὁδὸν
3220 2768 3314 2820 τοῦ
3360 2767 3508 2837 βίου,
3551 2766 3692 2819 ὥστε

2101 2859 2251 2932 αὐτῷ
2301 2857 2863 2929 συνδιαπεραιωθῆναι
2917 2859 3009 2911 τὸν
3066 2857 3272 2928 βραχὺν
3333 2857 3445 2928 (82)
3502 2856 3694 2910 τοῦτον

2101 2952 2193 3005 τοῦ
2230 2951 2346 3022 βίου
2383 2951 2646 3006 κλύδωνα.
2695 2953 2806 3008 Καὶ
2846 2952 2910 3023 δὴ
2949 2949 3178 3014 πολλοὺς
3220 2951 3318 3021 μὲν
3358 2944 3516 3019 εὖρον
3550 2951 3691 3003 κατὰ

2027 3065 2070 3122 C
2101 3043 2198 3115 τὴν
2252 3042 2678 3116 Ἀλεξάνδρειαν,
2738 3043 2967 3106 πολλοὺς
3023 3043 3080 3096 δὲ
3141 3042 3282 3096 κατὰ
3336 3041 3434 3113 τὴν
3498 3043 3693 3112 λοιπὴν

2100 3135 2394 3202 Αἴγυπτον,
2445 3136 2536 3187 καὶ
2587 3135 2680 3192 ἐπὶ
2723 3135 2824 3205 τῆς
2881 3133 3247 3202 Παλαιστίνης
3302 3133 3546 3202 ἐτέρους,
3601 3135 3694 3186 καὶ

2097 3226 2197 3296 τῆς
2233 3227 2415 3298 κοίλης
2450 3227 2650 3299 Συρίας
2683 3228 2776 3280 καὶ
2811 3227 2910 3298 τῆς
2945 3226 3389 3294 Μεσοποταμίας
3422 3221 3498 3279 ὧν
3530 3226 3688 3280 ἐθαύ-

2103 3318 2272 3389 μαζον
2298 3319 2397 3390 μὲν
2423 3319 2484 3372 τὸ
2510 3321 2636 3391 περὶ
2657 3319 2866 3374 δίαιταν
2890 3322 3178 3393 ἐγκρατὲς,
3204 3321 3516 3392 ἐθαύμαζον
3549 3321 3606 3373 δὲ
3632 3319 3697 3371 τὸ

2099 3411 2424 3482 καρτερικὸν
2454 3413 2513 3464 ἐν
2553 3412 2754 3475 πόνοις,
2786 3411 3093 3483 ἐξεπλάγην
3127 3413 3226 3483 τὴν
3261 3415 3320 3465 ἐν
3361 3414 3694 3483 προσευχαῖς

2099 3502 2366 3566 εὐτονίαν,
2403 3504 2552 3567 ὅπως
2594 3501 2764 3555 ὕπνου
2803 3504 2913 3572 (85)
2953 3505 3356 3573 κατεκράτουν,
3407 3504 3500 3554 ὑπ’
3543 3502 3696 3554 οὐδε-

2102 3597 2229 3668 μιᾶς
2258 3595 2492 3665 φυσικῆς
2528 3595 2773 3667 ἀνάγκης
2805 3595 3342 3666 κατακαμπτόμενοι,
3372 3595 3576 3665 ὑψηλὸν
3605 3595 3694 3646 ἀεὶ

2099 3690 2194 3742 καὶ
2223 3688 2521 3742 ἀδούλωτον
2549 3689 2650 3759 τῆς
2690 3687 2872 3759 ψυχῆς
2915 3689 2976 3740 τὸ
3021 3689 3274 3760 φρόνημα
3308 3687 3690 3752 διασώζοντες,

2099 3783 2157 3834 ἐν
2189 3780 2332 3852 λιμῷ
2368 3781 2462 3834 καὶ
2491 3779 2632 3850 δίψει
2664 3779 2796 3850 (84),
2828 3782 2887 3833 ἐν
2915 3778 3078 3850 ψύχει
3114 3782 3210 3833 καῖ⁵
3247 3781 3570 3850 γυμνότητι,
3617 3779 3694 3849 μὴ

2100 3872 2556 3944 ἐπιστρεφόμενοι
2596 3873 2732 3944 πρὸς
2771 3873 2830 3925 τὸ
2870 3872 3052 3942 σῶμα,
3091 3872 3224 3943 μηδὲ
3265 3872 3693 3941 καταδεχόμενοι

2099 3965 2248 4036 αὑτῷ
2288 3964 2707 4036 προσαναλῶσαί
2736 3980 2858 4017 τινα
2889 3963 3167 4034 φροντίδα,
3196 3963 3312 4016 ἀλλ’
3343 3963 3418 4026 ὡς
3442 3965 3501 4014 ἐν
3533 3962 3694 4015 ἀλλο-

2097 4055 2227 4126 τρίᾳ
2251 4057 2316 4126 τῇ
2345 4056 2508 4128 σαρκὶ
2535 4055 2832 4122 διάγοντες,
2867 4053 3013 4124 ἔργῳ
3038 4054 3374 4117 ἐδείκνυσαν,
3394 4053 3522 4106 τίτὸ
3550 4070 3695 4123 παρ-

2100 4149 2269 4200 οικεῖν
2323 4148 2436 4209 τοῖς
2479 4140 2605 4207 ὧδε,
2663 4147 2758 4200 καὶ
2796 4147 2848 4198 τί
2885 4146 2946 4198 τὸ
2987 4146 3289 4216 πολίτευμα
3326 4145 3469 4215 ἔχειν
3509 4147 3568 4197 ἐν
3601 4147 3694 4198 οὑ-

2106 4236 2272 4309 ρανῷ.
2325 4238 2539 4290 Ἐκεῖνα
2575 4235 2882 4307 θαυμάσας,
2931 4236 3022 4288 καὶ
3074 4235 3383 4307 μακαρίσας
3441 4234 3550 4288 τῶν
3599 4236 3694 4288 ἀν-

2101 4331 2244 4403 δρῶν
2283 4330 2380 4401 τὴν
2424 4329 2588 4402 ζωὴν,
2627 4331 2710 4383 ὅτι
2748 4329 2896 4401 ἔργῳ
2943 4329 3244 4382 δεικνύουσι
3282 4329 3381 4398 τὴν
3419 4329 3692 4400 νέκρωσιν

2033 4411 2076 4466 D
2105 4423 2199 4476 τοῦ
2233 4423 2409 4495 Ἰησοῦ
2435 4424 2493 4475 ἐν
2525 4423 2603 4492 τῷ
2633 4421 2845 4493 σώματι
2884 4423 3290 4494 περιφέροντες,
3315 4422 3568 4493 ηὐχόμην
3597 4424 3694 4474 καὶ

2106 4516 2288 4580 αὐτὸς,
2326 4514 2554 4570 καθόσον
2584 4515 2708 4586 ἐμοὶ
2731 4515 2970 4583 ἐφικτὸν,
3000 4514 3244 4586 ζηλωτὴς
3282 4510 3422 4572 εἶναι
3456 4513 3567 4567 τῶν
3595 4515 3693 4567 άν-

2104 4607 2246 4679 δρῶν
2271 4608 2516 4662 ἐκείνων.

2174 4699 2228 4753 5.
2271 4698 2473 4752 Τούτου
2511 4698 2642 4768 γοῦν
2679 4699 2866 4752 ἕνεκεν
2902 4698 3234 4769 θεασάμενός
3270 4714 3423 4760 τινας
3459 4699 3554 4750 ἐπὶ
3590 4697 3694 4766 τῆς

2106 4791 2364 4862 πατρίδος
2394 4790 2590 4861 ζηλοῦν
2616 4791 2686 4844 τὰ
2722 4791 2946 4844 ἐκείνων
2985 4791 3418 4861 ἐπιχειροῦντας,
3460 4789 3694 4857 ἐνόμισά

2103 4898 2227 4935 τινα
2270 4881 2518 4952 βοήθειαν
2565 4881 2858 4952 εὑρηκέναι
2910 4880 3046 4952 πρὸς
3082 4875 3185 4952 τὴν
3229 4879 3466 4951 ἐμαυτοῦ
3518 4896 3693 4949 σωτη-

2683 5043 2727 5078 ¹⁹
2763 5039 2931 5096 Hebr.
2962 5057 3040 5106 XI,
3078 5041 3164 5096 15.
3242 5041 3290 5073 ³⁸
3317 5040 3457 5096 Phil.
3485 5058 3574 5107 III,
3598 5043 3689 5096 9.0.

2137 5265 2352 5319 nudum.

2109 5264 2520 5404 [α’ἷὲἔςῃλοπως
2563 5334 2782 5404 ὕπνου.
2832 5331 2975 5386 Editi
3014 5333 3163 5396 ὅπως
3201 5331 3259 5384 δὲ
3301 5330 3516 5404 ὕπνου.-
3543 5330 3693 5404 Nion-

2111 5401 2244 5466 nulli
2277 5401 2412 5461 mss.
2441 5406 2590 5467 ὅπως
2617 5423 2700 5459 τε.
2737 5403 2903 5457 Deest
2935 5404 3125 5456 vocula
3153 5403 3205 5455 in
3237 5401 3648 5457 vetustissimis.

2186 5476 2298 5542 (84)
2334 5476 2439 5530 Καὶ
2468 5474 2652 5542 δίψει.
2679 5475 2754 5527 Ita
2785 5481 2896 5528 tres
2919 5473 3281 5542 vetustissimi
3318 5470 3541 5542 codices
3566 5486 3690 5542 cum

2113 5547 2235 5624 aliis
2261 5540 3013 5624 duobus:_Editioggahlon
3033 5541 3350 5624 iidemediti
3377 5540 3529 5610 ἔργῳ
3556 5541 3681 5594 ἔδει·

2113 5617 2231 5684 ξαν.
2269 5615 2442 5682 llarl.,
2482 5614 2618 5672 Med.
2653 5622 2705 5671 ct
2731 5611 2897 5672 Ccisl,
2935 5613 3143 5685 primus
3175 5611 3508 5668 ἐδείκνυσαν.
