3862 6220
341 285 352 294 ’
419 292 523 349 8".‘7

1760 299 1816 356 ὃ.
1861 297 2106 354 llASlLll
2146 297 2359 354 MAGNI

3578 299 3677 355 83.8

421 413 564 468 idem
622 421 706 470 est
764 414 818 469 in
889 418 1184 489 semetipso
1219 459 1234 481 ,
1290 434 1391 474 nec
1462 419 1762 474 secundum
1827 435 1998 489 genus

2106 419 2252 472 ἐστιν
2284 422 2340 472 ἐν
2368 419 2565 491 ἐαυτῷ,
2596 433 2656 473 ου
2691 419 2831 474 κατά
2854 419 3008 490 γένος
3030 417 3517 490 μεταϐαλλόμενον.
3546 417 3677 472 ἀλλά

419 511 706 570 mutatur,
781 506 878 562 sed
935 509 1291 564 incrementis
1368 510 1651 580 perﬁcitur
1715 527 1727 562 :
1797 511 1872 564 ita
1939 517 1994 564 et

419 594 553 647 mihi
612 597 850 652 arbitror
881 599 1131 654 eamdem
1167 602 1476 656 doctrinam
1528 602 1866 672 proﬁciendo
1905 617 1994 654 au-

419 691 565 738 ctam
617 685 832 753 fuisse,
867 705 1213 760 nequaquam
1275 702 1458 747 autem
1511 693 1566 746 in
1620 693 1768 748 illius
1813 693 1994 747 locum

418 790 542 844 quae
571 776 642 831 ab
697 779 855 833 initio
907 779 1128 845 fuerat,
1187 798 1306 838 eam
1355 798 1478 853 quae
1532 799 1679 838 nunc
1731 791 1816 838 est
1865 798 1994 838 suc-

419 868 678 925 cessisse.
723 871 890 942 339
930 873 1113 938 Quare
1151 891 1304 930 suam
1347 875 1588 946 ipsorum
1638 884 1997 945 perscruten-

418 969 510 1013 tur
555 963 982 1033 conscientiam,
1035 966 1220 1020 animo
1269 967 1588 1022 intueantur
1656 968 1864 1021 Christi
1906 967 2002 1020 tri-

419 1051 586 1105 bunal
619 1091 635 1118 ,
665 1067 736 1107 an
768 1055 1065 1125 aliquando
1112 1057 1318 1126 aliquid
1347 1059 1495 1112 aliud
1523 1075 1588 1113 ex
1618 1061 1775 1115 nobis
1812 1060 2001 1114 audie-

419 1142 570 1209 rint,
600 1161 760 1216 quam
787 1149 932 1218 quod
976 1166 1123 1205 nunc
1151 1151 1387 1206 dicimus
1415 1168 1429 1216 ;
1461 1152 1553 1220 qui
1601 1167 1747 1205 nunc
1778 1153 2001 1207 nomine

421 1249 601 1302 pravae
641 1236 907 1294 doctrina:
945 1257 1046 1296 nos
1082 1242 1447 1296 decantarunt
1471 1280 1485 1302 ,
1539 1249 1593 1295 et
1633 1241 1858 1297 laniosis
1886 1243 2002 1312 epi-

420 1328 580 1383 stolis
606 1370 621 1394 ,
655 1349 794 1402 quas
823 1343 1014 1390 contra
1046 1350 1147 1391 nos
1187 1335 1566 1404 conscripsere
1586 1375 1599 1398 ,
1633 1339 1873 1389 omnium
1902 1351 2001 1389 au-

421 1433 512 1473 res
547 1421 920 1491 obtuderunt;
957 1427 1102 1480 unde
1135 1434 1188 1482 et
1223 1427 1382 1482 nobis
1418 1427 1673 1497 imposita
1703 1428 2003 1482 necessitas

419 1508 587 1578 hujus
609 1513 968 1572 defensionis.

490 1602 546 1658 4.
583 1603 925 1661 Accusamur
956 1609 1099 1662 enim
1145 1610 1506 1679 blasphemiae
1556 1612 1611 1664 in
1646 1611 1834 1672 Deum,
1879 1625 2001 1663 cum

421 1707 602 1761 neque
629 1709 695 1748 ex
729 1697 939 1765 scripto
974 1707 1134 1751 antea
1168 1699 1235 1752 de
1270 1701 1372 1754 lide
1415 1715 1442 1752 a
1471 1701 1634 1754 nobis
1662 1699 1812 1753 edito
1851 1698 2003 1768 argui

419 1784 726 1851 possimus,
766 1803 948 1856 neque
980 1805 1042 1843 ex
1071 1790 1138 1843 iis
1165 1807 1511 1861 quaecunque
1548 1793 1667 1846 sine
1712 1792 1920 1861 scripto
1949 1792 2003 1844 in

418 1873 688 1931 Ecclesiis
731 1877 828 1932 Dei
869 1880 991 1933 viva
1042 1897 1173 1936 voce
1227 1882 1404 1951 palam
1445 1892 1500 1937 et
1551 1893 1737 1952 aperte
1788 1899 2004 1954 semper

419 1965 808 2025 disseruimus.
858 1969 964 2026 Sed
1018 1989 1118 2026 nec
1172 1975 1329 2028 testis
1382 1977 1660 2033 inventus.
1696 1976 1789 2044 qui
1833 1991 1892 2030 se
1935 1991 2003 2029 ex

419 2058 582 2113 nobis
632 2075 841 2116 arcano
891 2061 1248 2134 loquentibus
1303 2066 1449 2134 impii
1503 2067 1802 2136 quidquam
1843 2065 2001 2119 audi-

419 2153 567 2207 visse
600 2154 830 2210 diceret.
869 2153 1028 2210 Unde
1082 2157 1250 2227 igitur
1300 2160 1754 2219 condemnamur,
1815 2158 1859 2214 si
1904 2174 2004 2214 nec

419 2243 717 2300 scribimus
756 2247 944 2317 impie,
978 2265 1079 2304 nec
1120 2251 1515 2304 concionamur
1565 2250 1854 2315 damnose,
1907 2267 2003 2306 ne-

418 2351 526 2404 que
572 2335 629 2390 in
661 2335 982 2394 domesticis
1029 2341 1322 2409 colloquiis
1367 2356 1484 2404 eos,
1518 2342 1610 2410 qui
1647 2357 1748 2395 nos
1802 2357 2002 2396 conve-

417 2426 600 2488 niunt,
655 2428 1062 2496 pervertimus'!
1105 2429 1150 2483 Ο
1202 2445 1404 2483 novum
1445 2432 1852 2484 commentum!
1884 2430 2000 2494 llle,

416 2517 618 2586 inquit,
671 2518 726 2572 in
773 2519 932 2589 Syria
980 2521 1247 2574 nonnulla
1299 2520 1527 2590 seripsit
1579 2521 1726 2574 haud
1772 2525 1906 2591 pie:
1943 2533 2001 2576 tu

418 2622 548 2662 vero
577 2608 855 2678 scripsisti
877 2610 928 2663 ei
955 2619 1082 2664 ante
1112 2610 1308 2680 viginti
1333 2625 1510 2663 annos
1539 2618 1592 2664 et
1625 2612 1883 2680 amplius.
1917 2609 2000 2663 Tu

419 2695 587 2766 igitur
617 2700 1058 2753 communicator
1083 2715 1143 2754 es
1176 2700 1441 2764 hominis,
1474 2710 1530 2754 et
1567 2700 1718 2755 illius
1764 2701 1998 2754 crimina

416 2787 584 2840 etiam
634 2795 728 2841 tua
763 2789 896 2845 sint.
946 2791 1035 2855 At,
1089 2807 1122 2845 ο
1172 2793 1346 2848 amice
1391 2795 1642 2850 veritatis
1687 2796 1870 2858 homo,
1907 2797 1999 2867 qui

418 2879 774 2934 mendacium
821 2881 990 2936 fetum
1041 2899 1168 2938 esse
1223 2884 1426 2938 diaboli
1461 2885 1692 2941 edoctus
1733 2905 1814 2950 es,
1861 2904 2000 2958 quo-

417 2971 581 3025 modo
622 2987 948 3040 persuasum
991 2973 1165 3028 habes
1212 2989 1390 3028 meam
1439 2989 1564 3029 esse
1596 2975 1743 3028 illam
1790 2977 1998 3046 episto-

417 3063 564 3116 lam?
605 3062 726 3118 Non
763 3064 907 3118 enim
960 3065 1184 3131 misisti,
1234 3081 1337 3120 nec
1388 3065 1766 3136 interrogasti,
1824 3083 1925 3122 nec
1964 3085 1992 3122 a
2024 3095 2068 3153 ρ

417 3171 530 3218 me,
563 3157 659 3226 qui
693 3156 793 3211 tibi
826 3172 1018 3211 verum
1046 3157 1230 3211 dicere
1267 3166 1539 3228 poteram,
1587 3158 1851 3213 didicisti.
1887 3158 1996 3214 Sed

417 3249 634 3303 etiamsi
672 3264 811 3304 mete
854 3258 1043 3304 essent
1076 3251 1291 3316 litterae,
1329 3251 1473 3305 unde
1520 3261 1859 3321 compertmn
1901 3253 2001 3306 tibi

417 3349 524 3404 est,
557 3340 812 3394 volumen
851 3341 1012 3405 illud,
1045 3343 1192 3412 quod
1229 3357 1377 3396 nunc
1427 3343 1483 3395 in
1527 3358 1724 3398 manus
1757 3352 1879 3398 tuas
1915 3345 2000 3398 in-

418 3431 576 3497 cidit,
608 3433 818 3503 aequale
849 3448 972 3489 esse
1004 3433 1211 3488 litteris
1242 3435 1420 3488 meis?
1450 3433 1575 3502 quis
1618 3434 1717 3488 tibi
1747 3434 1884 3490 dixit
1912 3436 1998 3489 vi-

417 3525 555 3594 ginti
589 3540 714 3580 esse
742 3540 1016 3578 annorum
1053 3525 1106 3578 id
1129 3525 1419 3580 volumen?
1439 3525 1585 3578 unde
1616 3527 1779 3579 etiam
1814 3527 2003 3596 explo-

417 3621 603 3669 ratum
648 3621 756 3678 est,
796 3613 948 3669 illius
980 3614 1157 3683 ipsius
1189 3615 1429 3669 hominis
1459 3631 1585 3668 esse
1617 3616 1999 3684 scriptionem,

419 3705 489 3759 ad
532 3720 695 3775 quem
730 3711 785 3759 et
833 3720 863 3758 a
897 3720 984 3759 me
1016 3705 1189 3760 missa
1223 3706 1498 3774 epistola?
1533 3705 1691 3771 Quod
1733 3708 1780 3760 si
1829 3715 1883 3761 et
1911 3708 2000 3761 ille

419 3798 659 3869 scriptor
694 3805 801 3860 est,
833 3806 890 3852 et
930 3812 1030 3867 ego
1075 3795 1144 3851 ad
1185 3797 1337 3851 illum
1381 3798 1600 3866 scripsi,
1641 3805 1694 3852 et
1731 3813 1898 3852 unum
1936 3813 2000 3851 ac

419 3887 565 3942 idem
605 3895 822 3959 tempus
854 3903 1098 3944 mearum
1131 3889 1444 3942 litterarum
1483 3899 1538 3942 et
1582 3889 1748 3959 hujus
1783 3891 1998 3959 scripti,

417 3981 732 4050 suscepisse
765 3997 853 4036 me
893 3980 1031 4035 illud
1061 3982 1268 4043 animo,
1301 3982 1534 4052 ejusque
1569 3983 1899 4038 sententiam
1943 3984 2000 4038 in

417 4073 631 4143 meipso
656 4081 864 4141 tenere,
897 4088 1006 4142 quo
1041 4073 1215 4144 liquet
1249 4074 1614 4144 argumento?

484 4343 543 4399 5.
583 4339 919 4394 Percontare
968 4347 1022 4395 te
1067 4339 1184 4410 ipse
1216 4359 1230 4394 :
1265 4339 1485 4410 quoties
1525 4355 1612 4396 me
1667 4341 1902 4396 invisisti
1939 4343 1994 4398 in

2096 513 2214 562 κατ’
2243 509 2472 582 αὔξησιν
2502 511 2894 582 τελειοῦμενοψ
2929 511 3071 563 οὕτω
3104 509 3389 579 λογίζομαι
3423 509 3518 561 καὶ
3558 508 3676 576 ἐμοὶ

2095 601 2186 652 τὸν
2210 601 2372 654 αὑτὸν
2404 600 2559 670 λόγον
2590 602 2678 654 διά
2705 602 2804 672 τῆς
2839 601 3120 670 προκοπῆς
3149 597 3436 669 ηὐξῆσθαι,
3470 598 3590 666 οὐχὶ
3623 596 3674 648 δὲ

2097 690 2215 743 ἀντὶ
2237 689 2330 742 τοῦ
2353 689 2412 753 ἐξ
2434 691 2606 761 ἀρχῆς
2628 689 2780 749 ὅντος
2807 688 2895 741 τὸν
2924 687 3019 741 νῦν
3049 687 3361 758 ὑπάρχοντα
3389 684 3498 754 (95)
3522 698 3677 750 γεγεο

2097 781 2312 851 νῆσθαι.
2346 783 2507 834 Ὥστε
2554 781 2929 853 ἐρευνάτωσαν
2965 780 3062 848 μὲν
3092 778 3155 831 τὸ
3180 777 3386 831 ἑαυτῶν
3421 773 3674 835 συνειδὸς,

2099 872 2536 944 ἐνθυμείσθωσαν
2583 874 2639 926 δέ
2689 875 2750 926 τὸ
2791 873 2886 926 τοῦ
2934 869 3170 942 Χριστοῦ
3213 868 3583 937 δικαστήριον,
3630 863 3682 916 ετ

2101 982 2228 1018 ποτε
2271 966 2398 1019 ἄλλο
2441 984 2492 1018 τι
2542 967 2778 1036 ἥκουσαν
2819 963 2947 1034 παρ’
2991 962 3168 1032 ἡμῶν,
3219 960 3348 1030 παρ’
3387 958 3417 1010 ὃ
3459 956 3554 1008 νῦν
3596 954 3680 1006 λέ-

2099 1072 2288 1126 γομεν,
2325 1058 2374 1109 οἱ
2407 1055 2500 1108 νῦν
2539 1057 2685 1126 ἡμᾶς
2721 1053 3209 1126 διαθρυλλήσαντες
3235 1050 3326 1102 ἐπὶ
3359 1046 3675 1116 κακοδοξίᾳ,

2101 1149 2195 1201 καὶ
2233 1151 2352 1211 ταῖς
2391 1147 2818 1218 στηλιτευτικαῖς
2859 1144 3190 1207 ἐπιστολαῖς,
3230 1141 3294 1205 ἃς
3339 1137 3677 1210 συνέγραψαν

2102 1239 2223 1292 καθ’
2273 1239 2452 1310 ἡμῶν,
2511 1241 2691 1292 πᾶσαν
2753 1237 3261 1309 περικτυπήσαντες
3307 1232 3476 1301 ἀκοήν
3507 1249 3521 1260 ·
3562 1228 3680 1282 ὅθεν

2104 1332 2198 1384 καὶ
2226 1332 2384 1401 ἡμεῖς
2413 1331 2549 1402 πρὸς
2580 1331 2680 1402 τὴν
2720 1331 2966 1400 ἀνάγκην
2994 1328 3226 1398 ἤλθομεν
3256 1325 3356 1394 τῆς
3389 1321 3681 1390 ἀπολογίας

2104 1421 2326 1495 ταύτης.

2177 1602 2230 1656 4.
2285 1601 2692 1672 Ἑγκαλούμεθα
2743 1599 2853 1672 γάρ
2881 1599 2980 1670 τὴν
3017 1599 3096 1660 είς
3134 1595 3266 1650 Θεὸν
3315 1592 3681 1666 βλασφημίαν,

2108 1693 2230 1746 οῦτε
2256 1694 2364 1748 ἀπὸ
2392 1693 2737 1765 συγγραφῆς,
2765 1692 2831 1761 ἣν
2857 1691 3010 1743 αὐτοὶ
3034 1689 3143 1759 (94)
3170 1684 3683 1760 προκατεϐαλὸμεθα

2039 1761 2078 1814 Β
2111 1785 2237 1855 περὶ
2274 1785 2532 1847 πίστεως,
2581 1782 2904 1853 ἐλεγχθῆναι
2939 1781 3246 1850 δυνάμενοι,
3280 1777 3402 1831 οὔτε
3446 1776 3557 1831 ἀπὸ
3592 1778 3685 1845 ρη-

2111 1876 2314 1948 μάτων,
2344 1877 2444 1930 ὅσα
2490 1875 2757 1947 ἀγράιξως
2803 1874 2911 1927 ἀπὺ
2948 1871 3212 1944 στόματος
3257 1872 3343 1924 ἀεὶ
3376 1868 3540 1938 ἐντῷ
3579 1885 3684 1936 φα-

2105 1968 2247 2040 νερῷ
2281 1970 2400 2030 ταῖς
2418 1967 2766 2038 Ἑκκλησίαις
2815 1964 2908 2018 τοῦ
2951 1965 3086 2017 Θεοῦ
3129 1961 3500 2032 διελέχθημεν.
3547 1958 3684 2011 Ἀλλ’

2105 2058 2224 2110 οὐδέ
2253 2058 2461 2129 μάρτυς
2490 2057 2686 2130 εὑρέθη
2720 2059 2748 2110 ὁ
2782 2056 2954 2124 λέγων
3004 2055 3134 2126 παρ’
3184 2052 3343 2124 ἡμῶν
3390 2050 3686 2120 ἀκηκοέναι

2103 2167 2156 2202 τι
2184 2149 2292 2202 τῶν
2335 2147 2545 2201 ἀσεϐῶν
2579 2150 2637 2200 ἐν
2685 2147 3020 2218 παραϐύστῳ
3057 2142 3469 2215 φθεγξαμένων.
3513 2140 3685 2195 Πόθεν

2103 2237 2195 2294 οῦν
2229 2240 2547 2311 κρινόμεθα,
2594 2241 2643 2292 εἰ
2687 2241 2823 2310 μήτε
2853 2241 3242 2310 συγγράφομεν
3275 2235 3512 2298 ἀσεϐῶς,
3547 2234 3686 2305 μήτε

2101 2333 2523 2406 δημηγοροῦμεν
2580 2332 2911 2396 ἐπιϐλαϐῷς,
2973 2333 3110 2403 μήτε
3158 2333 3215 2384 ἐν
3262 2331 3381 2392 ταῖς
3431 2329 3553 2381 κατ’
3605 2324 3684 2380 οἶ-

2103 2443 2195 2479 κον
2233 2425 2342 2495 (95)
2369 2425 2608 2494 ὁμιλίαις
2635 2425 2760 2488 τοὺς
2793 2423 3218 2493 ἐντυγχάνοντας
3253 2419 3680 2492 διαστρέφομεν;

2104 2519 2167 2569 Ὢ
2194 2516 2287 2570 τοῦ
2323 2517 2509 2570 καινοῦ
2557 2515 2872 2588 δράματοςῑ
2925 2516 2985 2567 ὐ
3017 2515 3186 2576 δεῖνα,
3232 2514 3416 2583 φησιν,
3461 2513 3556 2565 ἐτεί
3587 2516 3684 2582 τῆς

2101 2609 2298 2680 Συρίας
2336 2607 2540 2678 ἔγραψέ
2564 2624 2684 2660 τινα
2718 2608 2793 2670 ὠς
2823 2606 2923 2660 οὑκ
2953 2606 3222 2668 εὐσεϐῶς
3256 2606 3319 2658 σὺ
3350 2604 3408 2658 δὲ
3440 2604 3685 2657 ἐπέστει-

2099 2699 2196 2762 λας
2239 2697 2385 2768 αὐτῷ
2418 2697 2524 2768 πρὸ
2553 2697 2755 2750 εἴκοσιν
2788 2696 2926 2750 ἐτῶν
2954 2696 3046 2749 καὶ
3087 2695 3368 2752 πλειόνων.
3405 2695 3681 2756 Κοινωνὸς

2098 2791 2205 2862 ἀρα
2259 2792 2322 2844 σὺ
2355 2790 2449 2843 τοῦ
2496 2789 2805 2862 ἀνθρώπου,
2852 2790 2946 2844 καὶ
2991 2790 3060 2842 τὰ
3107 2789 3316 2842 ἐκείνου
3368 2788 3683 2860 κατηγορή-

2101 2899 2247 2953 ματα
2299 2883 2393 2935 κα¹ι
2436 2881 2505 2934 σά
2545 2881 2797 2950 γινέσθω.
2845 2881 3006 2946 Ἀλλ’,
3040 2875 3085 2935 ὧ
3132 2881 3253 2950 φίλε
3287 2879 3385 2950 τῆς
3426 2876 3682 2949 ἀληθείας

2099 2972 2373 3044 ἄνθρωπε,
2419 2975 2447 3025 ὁ
2494 2972 2555 3024 τὸ
2599 2971 2795 3041 ψεῦδος
2835 2972 3083 3042 γέννημα
3132 2966 3271 3023 εἶναι
3303 2969 3396 3023 τοῦ
3430 2968 3681 3022 διαϐόλου

2099 3063 2499 3136 δεδιδαγμένος,
2538 3063 2655 3127 πῶς
2689 3063 2948 3134 ἐπείσθης
2995 3063 3136 3134 ἐμὴν
3167 3059 3306 3116 εἶναι
3332 3061 3430 3132 τὴν
3461 3063 3682 3114 ἐπιστο-

2101 3155 2196 3228 λὴν
2241 3155 2494 3227 ἐκείνην;
2536 3157 2609 3208 Οὐ
2661 3155 2770 3227 γὰρ
2823 3155 3170 3220 ἀπέστειλας,
3221 3155 3330 3208 οὐδ’
3366 3153 3681 3226 ἠρώτησας,

2097 3247 2239 3311 οὐδὲ,
2285 3249 2416 3318 παρ’
2461 3247 2619 3318 ἐμοῦ,
2676 3247 2772 3300 τοῦ
2833 3247 3134 3318 δυναμένου
3192 3263 3274 3299 σοι
3325 3245 3562 3317 τάληθὲς
3617 3249 3685 3299 εἰ·

2099 3342 2220 3392 πεῖν
2264 3339 2400 3410 (96),
2448 3338 2753 3410 ἐδιδάχθης.
2807 3340 2870 3392 Εἰ
2903 3339 2960 3392 δὲ
3013 3339 3107 3392 καὶ
3149 3338 3281 3409 ἐμὸν
3324 3339 3385 3391 τὸ
3423 3339 3683 3409 γράμμα,

2099 3431 2262 3486 πόθεν
2288 3431 2467 3503 δῆλον,
2498 3432 2579 3485 ὅτι
2624 3431 2786 3485 τοῦτο
2816 3431 2878 3484 τὸ
2921 3431 3016 3485 νῦν
3064 3448 3146 3484 aet
3196 3430 3438 3502 ἐμπεσὸν
3490 3432 3690 3484 σύντα-

2099 3542 2216 3596 γμα
2252 3524 2362 3595 (97)
2395 3525 2692 3595 σύγχρονον
2718 3526 2832 3588 τοῖς
2871 3525 3025 3594 ἐμοῖς
3060 3523 3384 3596 γράμμασι;
3419 3523 3505 3586 τίς
3537 3539 3619 3576 σοι
3657 3525 3688 3577 ὁ

2099 3617 2288 3682 εἰπὼν,
2317 3619 2402 3671 ὅτι
2451 3617 2654 3671 εἴκοσίν
2705 3619 2850 3671 ἐστιν
2881 3615 3017 3670 ἐτῶν
3066 3620 3099 3686 ἡ
3153 3616 3442 3688 συγγραφὴ
3502 3616 3684 3686 aii-:71;

2101 3709 2265 3763 πόθεν
2307 3709 2364 3762 δὲ
2414 3709 2592 3781 δῆλον,
2635 3709 2718 3762 ὅτι
2753 3708 2965 3762 ἐκείνου
3011 3708 3132 3760 ἐστὶ
3175 3706 3270 3761 τοῦ
3304 3705 3597 3778 ἀνθρώπου
3625 3707 3692 3760 τὸ

2103 3803 2409 3873 σύνταγμα,
2446 3801 2583 3873 πρὸς
2623 3800 2682 3854 ὃν
2732 3801 2827 3854 καὶ
2860 3803 2894 3871 ἡ
2947 3801 3076 3870 παρ’
3105 3798 3239 3870 ἐμοῦ
3274 3797 3530 3870 ἐπιστολὴ
3578 3799 3689 3852 διε-

2099 3894 2358 3966 πέμφθη;
2389 3896 2452 3948 El
2490 3894 2547 3948 δέ
2578 3895 2833 3956 κάκεῖνος
2862 3895 2890 3947 ὁ
2915 3892 3288 3964 συγγραφεὺς,
3313 3891 3469 3960 κάγὼ
3493 3891 3692 3962 ἐκείνῳ

2102 3987 2407 4051 ἐπέστειλα,
2438 3987 2530 4041 καὶ
2579 3987 2772 4058 χρόνος
2815 3979 2897 4048 εἷς
2934 3984 3045 4038 τῶν
3074 3984 3122 4036 τ’
3158 3983 3306 4054 ἐμῶν
3337 3983 3690 4054 γραμμάτων

2101 4077 2198 4130 καὶ
2248 4078 2340 4130 τοῦ
2391 4077 2844 4150 συγγράμματος,
2875 4076 2955 4128 ὅτι
3001 4072 3386 4145 παρεδεξάμην
3430 4074 3565 4127 αὐτὸ
3617 4078 3689 4146 τῇ

2103 4168 2330 4239 διανοίᾳ,
2366 4169 2460 4221 καὶ
2502 4167 2610 4238 ἔχω
2641 4169 2698 4220 ἐν
2725 4165 2947 4237 ἐμαυτῷ
2979 4166 3156 4219 ἐκεῖνο
3199 4164 3260 4218 τὸ
3293 4164 3574 4236 φρόνημα,
3602 4167 3691 4229 τίς

2101 4262 2135 4332 ή
2171 4260 2443 4327 ἀπόδειξις
2466 4277 2480 4326 ;

2175 4355 2226 4410 5.
2280 4353 2584 4426 Ἐρώτησον
2619 4350 2878 4404 σεαυτόνο
2919 4351 3152 4413 ποσάκις
3199 4351 3346 4421 ἡμᾶς
3392 4348 3690 4417 ἐπεσκέψω

416 4432 756 4488 monasterio
803 4432 870 4486 ad
916 4431 1117 4487 lridem
1147 4431 1392 4498 ﬂuvium,
1451 4447 1578 4486 cum
1627 4448 1841 4487 mecum
1883 4451 1991 4489 una

2106 4449 2192 4500 ἐπὶ
2236 4449 2336 4518 τῆς
2393 4444 2562 4516 μονῆς
2611 4444 2711 4514 τῆς
2756 4443 2849 4496 ἐπὶ
2892 4441 2971 4512 τῷ
3026 4442 3184 4514 Ἴριδι
3220 4441 3471 4511 ποταμῷ,
3504 4443 3596 4494 ὅτε
3623 4440 3686 4494 δὲ

417 4522 637 4579 adesset
678 4522 1135 4594 religiosissimus
1180 4523 1352 4577 frater
1379 4522 1700 4593 Gregorius,
1745 4525 1889 4581 idem
1931 4541 1997 4580 ac

415 4630 516 4685 ego
557 4613 685 4669 vitae
720 4614 1035 4669 institutum
1083 4615 1352 4684 sequens?
1387 4613 1525 4669 Num
1565 4616 1696 4685 quid
1729 4616 1996 4687 ejusmodi

345 4729 347 4731 ί
416 4705 718 4760 audivisti?
765 4721 898 4761 num
951 4707 1408 4776 signiﬁcationem
1465 4708 1724 4777 accepisti
1774 4724 1994 4778 parvam

415 4807 513 4854 aut
544 4800 840 4869 magnam?
872 4797 1018 4864 Quot
1049 4806 1232 4854 autem
1261 4798 1380 4855 dies
1425 4799 1479 4853 in
1520 4800 1667 4862 vico,
1702 4801 1794 4870 qui
1816 4813 1901 4858 est
1927 4803 1994 4857 ad

415 4891 580 4944 aliam
611 4890 761 4944 ﬂuvii
808 4891 1014 4961 ripam,
1055 4891 1430 4961 transegimus
1476 4891 1622 4960 apud
1660 4909 1834 4946 meam
1881 4910 1996 4949 ma-

415 4991 579 5048 trem,
630 4983 724 5038 ubi
766 4983 917 5038 velut
961 4983 1124 5037 amici
1160 4985 1304 5037 inter
1356 4999 1457 5038 nos
1505 4983 1857 5054 degebamus,
1895 5003 1996 5042 no-

487 5139 598 5214 (93)
631 5140 742 5194 Τὸν
765 5141 890 5214 νῦν
916 5141 1284 5211 ὑπάρχοντα.
1319 5143 1409 5198 Sic
1450 5161 1551 5214 ope
1601 5146 1866 5202 llarlzeani
1900 5164 1994 5202 co-

415 5211 555 5264 dicis
583 5213 994 5268 emendavimus
1015 5215 1160 5284 quod
1181 5221 1300 5268 erat
1323 5216 1376 5268 in
1407 5211 1570 5272 editis
1593 5218 1651 5270 τὸ
1675 5218 1770 5272 νῦν
1801 5219 1992 5291 ὑπάρ-

653 5351 759 5423 Ἦν
797 5352 1056 5409 αὑτοὶ....
1101 5353 1402 5423 ῥημάτων.
1455 5355 1610 5422 Quod
1685 5357 1992 5416 addidimus

415 5420 519 5472 hoc
547 5419 1051 5485 loco,desumptqu
1086 5419 1263 5479 estwex
1292 5419 1496 5482 codiee'
1516 5427 1817 5483 liarlmano.
1851 5428 1991 5485 Editi

414 5487 963 5572 ﬁglﬁpergnopsga
1001 5494 1033 5563 ἢ
1064 5495 1162 5572 ὅσα
1185 5496 1481 5572 ἀγράιρως.

489 5558 602 5629 (95)
663 5558 1043 5634 Κατ”οἷκονζ
1102 5558 1514 5634 ΟοίςῘίρίίιιίυε
1559 5568 1834 5632 κατοίκοις
1880 5573 1993 5634 ὁμι-

416 5619 624 5755 ἒίαίιςέ.
657 5631 1134 5706 ἐνδιαστρέφοιιεν.
1177 5619 1844 5706 ιθείἳυιίίκατίοῑκοιςνίἷι

459 5715 608 5755 nemo.

459 5715 608 5757 ICZBO.

2102 4537 2397 4610 συμπαρῆν
2435 4553 2524 4608 μοι
2564 4537 2593 4588 ὁ
2641 4534 3052 4603 θεοφιλέστατος
3086 4533 3312 4602 ἀδελφὸς
3355 4533 3683 4604 Γρηγόριος,

2098 4627 2188 4681 τὸν
2218 4629 2379 4681 αὐτόν
2427 4645 2515 4698 μοι
2553 4626 2646 4679 τοῦ
2689 4625 2806 4695 βίου
2850 4623 3050 4678 σκοπὸν
3090 4623 3355 4690 διανύωνς
3403 4625 3466 4676 El
3519 4625 3686 4695 ἡκου-

2100 4721 2198 4784 σάς
2225 4721 2336 4791 (98)
2373 4736 2426 4771 τι
2469 4717 2743 4781 τοιοῦτον;
2787 4716 2820 4786 ἢ
2872 4715 3065 4780 ἔλαϐες
3111 4716 3348 4786 ἔμφασιν
3391 4715 3598 4788 μικρὰν
3643 4717 3681 4787 ἢ

2101 4810 2358 4883 μείζονα;
2403 4811 2582 4871 Πόσας
2614 4809 2670 4862 δὲ
2709 4807 2923 4880 ἡμέρας
2957 4810 3050 4862 ἐπὶ
3077 4810 3178 4880 τῆς
3218 4809 3518 4880 ἀντιπέραν
3567 4810 3682 4880 (99)

2099 4902 2310 4971 κώμης,
2343 4899 2496 4970 παρὰ
2522 4901 2588 4970 τῇ
2625 4899 2792 4970 μητρί
2826 4916 2947 4970 μου,
2992 4898 3119 4952 ἔνθα
3155 4897 3232 4962 ὡς
3266 4899 3410 4968 φίλοι
3443 4900 3520 4970 (1)
3557 4903 3680 4970 μετ’

2096 4993 2338 5065 ἀλλήλων
2365 4991 2662 5061 διάγοντες,
2695 4993 2788 5046 καὶ
2818 4992 2877 5045 ἐν
2906 4992 3062 5045 νυκτὶ
3088 4991 3179 5044 καὶ
3203 4992 3260 5043 ἐν
3286 4990 3473 5066 ἡμέρα
3501 4992 3681 5060 λόγων

2188 5147 2278 5220 96)
2315 5146 2597 5214 Τὰληθές.
2631 5145 2772 5220 Μιξᾱἲ
2807 5155 2860 5220 et
2888 5147 3058 5220 Coisl.
3101 5146 3310 5220 primus
3338 5147 3550 5220 τάληθῆ

2189 5218 2278 5291 97)
2312 5220 2647 5291 Σύνζαγμα.
2679 5218 2850 5291 Co_isl.
2890 5217 3490 5291 ρι’ἰηιυεμσύγγραμμε.

2167 5289 2278 5359 (98)
2315 5292 2384 5342 Et
2430 5287 2724 5357 ἤκουσας.
2753 5289 2833 5341 lla
2893 5305 2986 5343 sex
3025 5289 3244 5344 codices
3270 5287 3406 5344 mss;
3429 5287 3577 5344 Editi
3607 5291 3680 5342 Ἢ

2133 5376 2351 5422 κουσας.

2094 5361 2689 5504 ἧκῖόξῗςξὶντιεζέραν.
2744 5428 2920 5494 llarl.,
2979 5429 3147 5485 Coisl.
3183 5430 3399 5502 primus
3436 5440 3494 5486 et
3541 5431 3675 5504 Reg.

2094 5501 2613 5586 priltp‘us'fhrmépa.

2165 5571 2240 5638 (l)
2273 5570 2465 5641 Ἔνθα
2506 5569 2585 5634 ὡς
2609 5571 2794 5638 φίλοι.
2845 5569 2950 5625 Pro
2997 5570 3084 5626 his
3110 5571 3336 5627 vocibus
3373 5571 3581 5641 legitur
3619 5573 3670 5626 in

2096 5640 2246 5715 ll‘arl.
2274 5639 2478 5715 ὲνβεῷ
2509 5641 2862 5715 φί).ῃ,ηε1ιανω
2902 5642 2965 5715 ίηΔ
2996 5641 3102 5695 Deo
3126 5645 3305 5715 matri.
3349 5639 3527 5698 Paulo
3560 5655 3678 5715 post

2097 5711 2235 5767 idem
2261 5710 2430 5767 codex
2455 5728 2577 5767 cum
2610 5710 2726 5766 alio
2752 5711 3010 5781 συγγενὲς
3047 5712 3266 5767 τούτων.

3699 5083 3712 5114 ι
