3862 6220
102 290 117 301 ⁸
208 313 321 368 329

1100 312 1594 372 EPISTULARUM
1631 311 1919 369 CLASSIS
1960 312 2022 370 ll.
2060 312 2279 369 EPIST.
2320 312 2596 375 CCXXIII.

3397 319 3504 377 830

210 433 554 504 κινουμένων
586 434 757 504 ήμῖν;
785 433 849 485 Εί
877 430 1182 503 εὑρέθημέν
1211 449 1263 484 τι
1305 432 1563 501 συγγενὲς
1592 429 1810 501 ἔχοντες

1914 436 2117 500 ctuque
2144 437 2198 485 et
2230 429 2471 485 interdiu
2501 429 2778 502 colloquia
2816 430 3157 488 habebamus
3189 430 3333 487 inter
3362 437 3504 491 nos?

210 528 273 579 ἐν
307 527 373 596 τῇ
409 523 658 597 διανοίᾳ;
695 524 823 577 Ὅτε
857 523 915 576 δέ
943 523 1034 576 τὸν
1066 523 1336 594 μακάριον
1362 521 1646 576 Σιλουανὸν
1669 519 1813 574 κατά

208 617 413 671 ταυτὸν
449 615 929 687 ἐπεσκεπτόμεθα,
979 615 1078 686 οὐχ
1127 617 1161 688 ή
1203 615 1321 679 ὁδὸς
1354 618 1489 687 ἡμῖν
1519 617 1646 679 τοὺς
1684 615 1813 686 περὶ

210 708 423 761 τούτων
448 703 564 778 εἶχε
593 707 817 776 λόγους;
866 707 991 760 Ἐπὶ
1021 706 1079 759 δὲ
1110 706 1213 776 τῆς
1244 708 1531 779 Εὐσινόης,
1560 708 1647 760 ὅτε
1675 705 1811 777 μετά

210 799 479 853 πλειόνων
530 800 849 852 ἐπισκόπων
897 796 1181 868 μέλλοντες
1229 800 1408 871 ὁρμᾷν
1437 799 1531 852 ἐπὶ
1572 795 1811 868 Λάμψα-

210 909 332 956 κον,
375 888 856 962 προσεκαλέσασθέ
891 907 982 961 με,
1022 889 1084 942 οὐ
1120 889 1248 961 περὶ
1298 890 1535 953 πίστεως
1581 884 1722 960 ἦσαν
1762 889 1811 940 οἱ

208 982 395 1052 λόγοις
433 983 568 1053 Οὐχὶ
596 982 653 1035 δὲ
688 981 867 1035 πάντα
909 982 1001 1035 τὸν
1028 981 1218 1053 χρόνον
1251 982 1300 1034 oi
1344 981 1427 1034 σοὶ
1466 979 1811 1052 ταχυγράφοι

210 1075 471 1147 παρῆσαν
523 1073 649 1145 ἐμοὶ
681 1074 1078 1145 ὑπαγορεύοντι
1116 1070 1186 1125 τά
1229 1071 1367 1142 πρὸς
1410 1072 1512 1143 τὴν
1560 1071 1807 1142 αἴρεσιν;

209 1166 274 1218 οὐ
316 1165 426 1218 τῶν
470 1164 581 1219 σῶν
617 1163 878 1236 μαθητῶν
909 1166 958 1217 οἱ
997 1162 1358 1235 γνησιώτατοι
1390 1163 1567 1217 πάντα
1601 1180 1690 1233 μοι
1719 1162 1810 1216 τὸν

210 1259 407 1331 χρόνον
432 1258 686 1330 παρῆσαν
710 1257 822 1330 (2);
855 1257 929 1312 Οὐ
954 1257 1053 1322 τὰς
1082 1258 1451 1328 ἀδελφότητας
1481 1256 1808 1310 ἐπισκεπτό-

213 1369 401 1424 μενος,
428 1350 525 1404 καὶ
560 1350 1092 1422 συνδιανυκτερεύων
1120 1351 1314 1413 αὐταῖς
1344 1349 1402 1401 ἐν
1427 1351 1549 1412 ταῖς
1579 1364 1811 1420 προσευ-

209 1448 359 1516 χαῖς,
384 1444 559 1514 λέγων
585 1444 679 1497 καὶ
711 1442 927 1496 ἀκούων
961 1442 1049 1495 ἀεὶ
1090 1441 1160 1495 τὰ
1206 1444 1335 1514 περὶ
1370 1442 1505 1495 Θεοῦ
1534 1441 1809 1512 ἀφιλονείσ

210 1555 351 1602 κως,
399 1538 503 1591 οὐκ
549 1535 799 1608 ἀκριϐεῖς
847 1536 1108 1607 παρεῖχον
1156 1535 1261 1605 τῆς
1307 1535 1517 1599 ἐννοίας
1564 1531 1808 1606 ἐμαυτοῦ

208 1629 315 1693 τὰς
341 1628 678 1695 ἀποδείξεις;
709 1625 836 1691 Πῶς
868 1623 962 1680 οῦν
1001 1628 1035 1698 ὴ
1068 1628 1126 1680 ἐν
1157 1626 1398 1696 τοσούτῳ
1428 1626 1606 1699 χρόνῳ
1641 1628 1809 1697 πεῖρα

211 1722 457 1775 ἐλάττων
488 1720 661 1791 ἐφάνη
693 1719 792 1791 τῆς
829 1717 972 1772 οὕτω
1003 1718 1211 1790 σαθρᾶς
1244 1719 1339 1772 καὶ
1372 1718 1637 1791 ἀδρανοῦς
1677 1720 1808 1773 ὑπο-

1913 515 2055 572 Num
2086 518 2369 589 quidpiam
2413 518 2570 576 aliine
2601 521 2659 574 in
2711 521 2896 576 animo
2939 521 3144 579 habere
3171 521 3502 595 deprehensi

1914 610 2149 665 sumus?
2182 608 2415 677 Quando
2445 627 2578 668 vero
2606 612 2830 668 beatum
2859 611 3146 693 Silvanum
3175 616 3341 671 simul
3371 617 3503 674 visi-

1913 702 2189 766 tabamus,
2222 718 2408 759 nonne
2449 704 2557 759 iter
2604 704 2767 761 nobis
2791 704 2858 761 de
2885 705 2971 763 his
3003 706 3171 762 rebus
3217 723 3503 765 sermones

1912 793 2150 848 habuit?
2177 793 2421 851 Eusinoe
2449 795 2663 862 itidem,
2694 797 2920 868 quando
2944 813 3053 853 una
3087 813 3213 854 cum
3248 800 3502 871 pluribus

1912 883 2194 954 episcopis
2222 883 2593 955 Lampsacum
2628 886 2957 957 profecturi,
2983 903 3072 945 me
3102 891 3499 958 accersivistis,

1913 987 2097 1030 nonne
2131 974 2200 1031 de
2234 975 2339 1030 ﬁde
2370 984 2531 1030 erant
2572 978 2904 1035 sermones?
2939 977 3135 1035 Nonne
3177 982 3327 1037 omni
3359 989 3503 1037 tem-

1912 1081 2047 1136 pore
2096 1068 2302 1122 notarii
2357 1069 2436 1124 tui
2480 1069 2614 1124 mihi
2665 1070 2895 1126 aderant
2931 1072 3201 1131 adversus
3245 1074 3501 1131 haeresim

1911 1157 2184 1212 dictanti?
2236 1174 2422 1215 nonne
2460 1159 2772 1216 charissimi
2821 1162 2902 1216 tui
2954 1162 3213 1234 discipuli
3284 1180 3501 1222 mecum

1911 1250 2062 1305 omni
2110 1258 2358 1322 tempore
2407 1251 2670 1308 fuerunt?
2720 1252 2894 1322 Quid,
2933 1269 3062 1310 cum
3117 1256 3501 1315 fraternitates

1912 1342 2245 1410 inviserem,
2281 1344 2450 1417 340
2474 1361 2694 1416 unaque
2730 1362 2855 1402 cum
2899 1348 3012 1404 illis
3062 1350 3120 1404 in
3170 1352 3502 1422 precationi-

1910 1435 2015 1493 bus
2046 1446 2460 1509 pernoctarem,
2497 1438 2782 1494 disserens
2829 1447 2886 1495 et
2918 1441 3151 1497 audiens
3185 1458 3402 1513 semper
3432 1444 3501 1499 de

1910 1528 2023 1586 Deo
2066 1530 2188 1586 sine
2236 1530 2628 1595 contentione,
2687 1546 2758 1585 an
2803 1548 2914 1586 non
2969 1543 3232 1589 accurata
3276 1534 3501 1594 exhibui

1910 1623 2197 1678 sententiae
2246 1639 2383 1679 mea:
2432 1625 2794 1696 argumenta?
2842 1626 3128 1693 Quomodo
3172 1642 3304 1698 ergo
3362 1631 3499 1683 tanti

1910 1716 2178 1785 temporis
2222 1717 2562 1788 experientia
2596 1719 2780 1778 minor
2826 1734 2950 1775 esse
2990 1719 3112 1776 visa
3153 1728 3238 1776 est
3282 1721 3499 1791 putrida

209 1814 396 1877 νοία;;
422 1811 557 1866 Τίνα
581 1811 639 1866 δὲ
674 1811 780 1864 ἔδει
814 1810 921 1883 πρὸ
951 1810 1045 1865 σοῦ
1088 1811 1341 1884 μάρτυρα
1371 1806 1510 1865 εἶναι
1538 1811 1641 1882 τῆς
1665 1812 1806 1883 ἐμῆς

1913 1807 2046 1863 adeo
2077 1823 2142 1863 ac
2173 1809 2393 1864 inﬁrma
2425 1810 2785 1881 suspicione?
2813 1811 2987 1878 Quem
3022 1820 3205 1868 autem
3250 1822 3303 1868 te
3345 1814 3501 1884 prio-

209 1903 538 1970 διαθέσεως;
582 1901 663 1956 Τά
714 1903 807 1956 ἐπὶ
846 1901 1191 1972 Χαλκηδόνος
1223 1903 1298 1975 (5)
1329 1902 1630 1973 λαληθέντα
1674 1904 1806 1974 ἡμῖν

210 1997 343 2067 περὶ
377 1995 634 2061 πίστεως,
669 1994 736 2048 τά
764 1996 822 2048 ἐν
864 1994 1163 2066 Ἡρακλεία
1195 1993 1480 2059 πολλάκις,
1513 1992 1583 2048 τά
1612 1994 1809 2066 πρότε-

213 2105 310 2159 ρον
355 2089 449 2142 ἐπὶ
485 2089 583 2160 τῆς
632 2086 972 2157 Καισαρείας
1024 2086 1084 2140 ἐν
1130 2085 1209 2157 τῷ
1262 2087 1595 2158 προαστείῳ,
1628 2087 1677 2140 εἰ
1730 2086 1805 2160 μὴ

209 2180 393 2234 πάντα
420 2178 691 2251 σύμφωνα
721 2180 852 2251 παρ’
886 2176 1044 2249 ήμῶν
1071 2193 1086 2243 ;
1135 2180 1185 2230 εἰ
1219 2178 1295 2250 μὴ
1331 2177 1511 2231 πάντα
1558 2176 1807 2249 ἀλλήλοις

210 2272 618 2344 συμϐαίνοντα;
666 2270 825 2334 ἐκτὸς
868 2267 986 2334 τοῦ,
1019 2269 1159 2341 ὅπερ
1205 2265 1382 2335 εἷπον,
1425 2271 1490 2322 ἐκ
1522 2269 1809 2340 προκοπῆς

206 2381 334 2419 τινα
380 2362 609 2433 αὔξησιν
660 2359 1079 2432 ἐπιθεωρεῖσθαι
1130 2361 1242 2423 τοῖς
1275 2359 1624 2430 λεγομένοις,
1669 2360 1807 2432 ὅπερ

207 2456 333 2525 οὐχὶ
366 2452 636 2524 μεταϐολή
690 2453 840 2504 ἐστιν
888 2451 955 2503 ἐκ
986 2448 1082 2502 τοῦ
1117 2448 1361 2523 χείρονος
1406 2449 1542 2522 πρὸς
1580 2449 1642 2502 τὸ
1690 2448 1809 2519 βέλ-

207 2565 348 2612 τιον,
399 2545 538 2600 ἀλλά
592 2545 986 2616 συμπλήρωσις
1038 2542 1136 2597 τοῦ
1183 2541 1463 2604 λείποντος
1522 2540 1665 2595 κατὰ
1710 2539 1808 2611 τὴν

210 2637 534 2710 προσθήκην
562 2637 664 2707 τῆς
710 2634 984 2704 γνώσεως.
1040 2634 1168 2699 Πῶς
1212 2633 1270 2688 δέ
1314 2634 1538 2687 κάκεῖνο
1570 2634 1672 2686 οῦκ
1717 2633 1806 2688 ἐν·

209 2733 385 2804 θυμῇ,
415 2732 499 2784 ὅτι
548 2729 731 2800 πατὴρ
765 2729 827 2781 οὐ
856 2726 1084 2799 λήψεται
1132 2726 1409 2798 ἁμαρτίαν
1450 2725 1661 2789 παιδὸς,
1687 2725 1809 2779 οὐδὲ

207 2826 330 2889 υἱὸς
357 2824 589 2895 λήψεται
621 2820 900 2893 ἁμαρτίαν
927 2819 1157 2891 πατρὸς,
1194 2818 1425 2879 ἕκαστος
1440 2816 1496 2870 δὲ
1523 2818 1581 2871 ἐν
1608 2819 1675 2889 τῇ
1702 2816 1808 2888 ἰδίᾳ

207 2916 463 2987 ἁμαρτίᾳ.
491 2913 879 2978 ἀποθανεῖται;
920 2910 1078 2982 Ἐμοὶ
1106 2910 1166 2963 δέ
1202 2908 1326 2963 οὔτε
1357 2909 1543 2979 πατὴρ
1586 2910 1614 2961 ὁ
1652 2907 1806 2978 παρά

208 3007 301 3059 συὶ
333 3003 771 3074 διαϐαλλόμενος,
813 3000 925 3056 οὔθ’
957 3002 1094 3066 υἱός.
1128 2999 1269 3056 Οὔτε
1318 3001 1427 3072 γὰρ
1480 2995 1805 3060 διδάσκαλός

211 3115 318 3169 μου
349 3097 594 3166 γέγονεν,
627 3095 752 3149 οὔτε
799 3093 1073 3167 μαθητής.
1112 3094 1176 3146 Ei
1204 3093 1261 3146 δέ
1309 3093 1391 3146 δεῖ
1416 3091 1516 3155 τὰς
1543 3089 1652 3144 τῶν
1687 3106 1805 3159 γεν-

207 3189 497 3259 νησάντων
520 3186 793 3259 ἁμαρτίας
815 3184 1141 3257 ἐγκλήματα
1164 3187 1280 3248 τοῖς
1301 3184 1515 3246 τέκνοις
1537 3180 1804 3251 γίνεσθαι,
1833 3171 1876 3227 C

205 3280 351 3341 πολὺ
384 3278 720 3350 δικαιότερον
748 3277 818 3331 τά
859 3276 1071 3349 Ἀρείου
1108 3275 1251 3329 κατὰ
1292 3275 1401 3329 τῶν
1439 3274 1516 3346 (4)
1548 3273 1807 3346 μαθητῶν

210 3371 382 3427 αὑτοῦ
412 3370 690 3440 γίνεσθαιο
720 3369 815 3424 καὶ
848 3367 1012 3432 εἴτις
1050 3367 1257 3422 Ἀέτιον
1295 3367 1553 3437 ἐγέννησε
1592 3366 1682 3421 τὸν
1717 3367 1806 3420 ai-

211 3462 453 3535 ρετικὺν,
506 3463 600 3516 ἐπὶ
636 3463 735 3534 τὴν
795 3460 1038 3532 κεφαλὴν
1083 3460 1177 3514 τοῦ
1230 3459 1439 3531 πατρὸς
1492 3457 1807 3513 ἀναϐαίνειν

210 3554 312 3609 τοῦ
341 3553 533 3618 παιδὸς
564 3552 635 3607 τὰ
661 3551 1002 3623 ἐγκλήματα.
1034 3549 1100 3603 Et
1129 3550 1174 3603 δ’
1203 3550 1265 3603 οὐ
1301 3550 1508 3604 δίκαιον
1540 3550 1629 3603 ἐπ’
1662 3548 1808 3602 ἐκεί-

208 3664 326 3710 νοις
351 3642 699 3714 ἐγκαλεῖσθαι
723 3660 867 3709 τινα,
892 3641 1072 3713 πολλῷ
1096 3641 1266 3714 δήπου
1294 3640 1631 3712 δικαιότερον
1654 3642 1806 3713 ἡμᾶς

208 3739 308 3792 ἐπὶ
355 3739 470 3801 τοῖς
520 3737 685 3809 μηδὲν
716 3738 850 3807 ἡμῖν
884 3735 1226 3807 προσήκουσι
1264 3734 1339 3805 μὴ
1384 3733 1607 3805 ὑπέχειν
1647 3732 1807 3787 εὐθύ-

210 3848 312 3895 νας
360 3830 460 3902 (5),
517 3829 570 3883 εί
614 3845 679 3897 γε
719 3830 815 3882 καὶ
867 3828 1118 3899 ἥμαρτον
1161 3826 1320 3892 ὅλως,
1352 3827 1407 3880 εί
1460 3844 1513 3880 τι
1558 3826 1654 3880 καὶ
1707 3825 1805 3894 γέ-

213 3937 461 3992 γραπται
491 3919 674 3982 αὐτοῖς
708 3916 856 3981 ἄξιον
899 3915 1296 3987 κατακρίσεως.
1345 3913 1651 3986 Συγγνώμη
1697 3915 1806 3986 γάρ

216 4030 310 4085 μοι
343 4009 664 4066 ἀπιστοῦντι
706 4011 819 4072 τοῖς
848 4011 970 4062 κατ’
1019 4008 1200 4063 αὐτῶν
1233 4007 1571 4079 λεγομένοις,
1616 4008 1803 4081 ἐπειδὴ

210 4107 246 4173 ή
283 4105 402 4155 κατ’
426 4100 561 4171 ἐμοῦ
594 4103 760 4171 πεῖρα
785 4099 849 4152 τὸ
881 4098 1019 4171 πρὸς
1051 4098 1416 4168 συκοφαντίαν
1441 4097 1663 4152 εῦκολον
1697 4098 1805 4154 τῶν

213 4189 670 4264 κατηγορούντων
706 4188 1009 4259 συνίστησι.

287 4369 343 4426 6.
381 4368 494 4423 Καὶ
528 4366 639 4439 γὰρ
668 4369 718 4420 εί
757 4367 857 4438 μὲν
902 4365 1297 4437 ἀπατηθέντες,
1330 4367 1425 4421 καὶ
1478 4368 1804 4439 νομίσαντες

213 4461 320 4534 ἐμὲ
354 4459 609 4515 κοινωνὸν
641 4454 781 4513 εἶναι
814 4457 918 4529 τῆς
957 4456 1186 4529 γνώμης
1228 4457 1337 4511 τῶν
1370 4459 1804 4530 συγγραψάντων

214 4554 404 4613 ἐκεῖνα
430 4550 501 4607 τὰ
533 4549 826 4604 Σαδελλίου
857 4551 1097 4621 ῥήματα,
1128 4549 1273 4621 ἀπερ
1299 4550 1453 4603 αὐτοὶ
1478 4550 1804 4622 περιφέρου-

214 4662 325 4710 σιν,
359 4644 455 4697 ἐπὶ
497 4641 594 4714 τὴν
631 4643 754 4696 κατ’
798 4641 932 4713 ἐμοῦ
977 4640 1230 4713 διαϐολὴν
1281 4637 1465 4713 ἦλθον,
1509 4643 1618 4696 οὐδ’
1659 4643 1803 4697 οὕτω

216 4732 482 4809 μένῆσαν
516 4733 845 4813 συγγνώμης
878 4733 1038 4800 ἄξιοι,
1072 4735 1180 4807 πρὸ
1204 4734 1450 4807 ἐναργῶν
1475 4734 1803 4801 ἀποδείξεων

212 4829 381 4891 εὐθὺς
414 4830 534 4891 ταῖς
565 4825 934 4899 βλασφημίαις
967 4826 1254 4898 βάλλοντες
1278 4818 1378 4881 3ςαί
1408 4827 1804 4901 τιτρώσκοντες

290 4921 336 4957 ³³
362 4918 561 4974 Ezech.
597 4934 752 4983 xvni,
795 4916 887 4973 20.

292 5011 369 5082 (9.)
410 5008 725 5082 Παρῆσαν.
752 5007 854 5082 fila
896 5008 1292 5082 tres_cod_ic_es._
1338 5007 1483 5064 Editi
1538 5010 1799 5082 συνῆσαν.

213 5078 424 5136 Ibidem
437 5081 620 5153 codex;
638 5078 956 5153 Harlaeanus
975 5078 1075 5143 τὰς
1099 5079 1464 5153 ἀδελφότητας
1478 5078 1807 5153 νέπιπορευότ

215 5168 404 5224 μενος,
425 5167 552 5224 curn
593 5150 1362 5224 fraterilitatespercurrerem.
1390 5150 1668 5224 Interdum
1697 5154 1800 5209 hac

212 5219 353 5276 voce
406 5220 724 5292 designatur
771 5219 1052 5292 Ecclesia},
1092 5220 1514 5292 velut_in_epist.
1550 5221 1678 5287 226,
1707 5225 1801 5278 ubi

212 5290 547 5347 Eustathius
567 5291 771 5345 dicitur
791 5305 920 5345 suas
956 5290 1215 5346 adversus
1243 5290 1547 5346 Eudoxium
1593 5294 1801 5350 litteras

213 5364 287 5415 ad
349 5376 543 5416 omnes
592 5361 962 5416 fratcrnitates
1007 5359 1583 5431 misissealnterdum
1633 5364 1797 5418 etiam

214 5432 615 5486 monasterium
662 5440 892 5486 vocatur
923 5430 1263 5495 fraternitas,
1303 5442 1361 5485 ut
1402 5432 1455 5485 in
1479 5432 1642 5500 epist.
1670 5433 1798 5489 257.

214 5502 575 5567 Monasteria,
611 5502 814 5572 quibus
846 5508 1074 5572 prmerat
1111 5500 1453 5562 Eustathius,
1484 5503 1567 5557 vel
1605 5505 1799 5559 saltem

212 5573 553 5643 quibuscum
576 5571 818 5643 amicitia
848 5571 1179 5642 ronjunctus
1211 5581 1349 5637 erat,
1384 5573 1486 5626 hoc
1511 5572 1629 5628 loco
1660 5574 1801 5629 indi-

214 5640 333 5714 cari
369 5640 717 5714 crediderim.
765 5640 821 5697 Id
863 5640 1339 5714 enimiprobantet
1370 5650 1565 5714 noctes
1593 5644 1647 5697 in
1677 5659 1803 5714 pre-

216 5713 381 5784 cibus
407 5712 757 5784 traductteet
780 5719 967 5766 mutua
992 5713 1060 5767 de
1088 5712 1474 5784 rebusdivinis
1503 5712 1798 5784 colloquia.

216 5781 344 5839 Non
388 5782 524 5839 dicit
564 5782 802 5839 Basilius
826 5799 886 5839 se
918 5797 1027 5839 una
1070 5799 1194 5839 cum
1225 5782 1509 5841 Eustathio
1534 5781 1801 5858 baecjmc-

1910 1915 2025 1955 rem
2057 1916 2122 1957 ac
2165 1903 2433 1972 potiorem
2469 1903 2637 1958 animi
2664 1904 2770 1959 mei
2795 1911 2991 1960 testem
3024 1920 3148 1960 esse
3172 1896 3502 1975 oportebat?

1908 1990 2044 2059 Quae
2085 1992 2435 2052 Chalcedone
2488 1995 2557 2050 de
2596 1994 2704 2051 ﬁde
2744 2012 2774 2049 a
2818 1997 2978 2053 nobis
3009 1996 3156 2052 dicta
3198 2006 3349 2064 sunt,
3378 2013 3502 2069 qua:

1908 2100 2284 2156 saepenumero
2313 2086 2609 2152 Heracleae,
2642 2103 2763 2159 quae
2797 2090 2952 2159 prius
2974 2089 3031 2143 in
3058 2089 3322 2146 Caesarea:
3362 2091 3502 2147 sub-

1908 2177 2089 2243 urhio,
2148 2193 2218 2232 an
2268 2195 2377 2233 non
2409 2194 2476 2234 ex
2503 2189 2698 2234 nostra
2733 2191 2889 2250 parte
2930 2195 3171 2236 consona
3204 2189 3336 2237 sunt
3376 2196 3499 2236 om-

1908 2269 2045 2324 nia?
2069 2285 2139 2324 an
2176 2286 2287 2325 non
2314 2272 2501 2326 omnia
2531 2273 2679 2327 inter
2706 2287 2765 2327 se
2798 2274 3191 2328 consentiunt?
3213 2273 3321 2328 nisi
3346 2274 3495 2345 quod

1874 2372 1877 2375 '
1909 2362 2256 2428 incrementi,
2296 2371 2357 2417 ut
2382 2364 2520 2428 dixi,
2544 2363 2753 2434 aliquid
2782 2379 2850 2420 ex
2874 2363 3128 2434 profectu
3155 2366 3503 2436 conspicitur

1909 2451 1964 2506 in
1996 2454 2352 2510 sermonibus
2380 2472 2396 2509 :
2421 2454 2573 2525 quod
2614 2454 2929 2510 immutatio
2951 2470 3062 2510 non
3115 2463 3202 2511 est
3243 2473 3313 2513 ex
3347 2457 3501 2513 dele-

1907 2544 2055 2601 riore
2092 2545 2148 2600 iu
2179 2546 2400 2610 melius,
2450 2546 2546 2602 sed
2587 2561 2782 2602 eorum
2814 2562 2937 2618 quae
2970 2547 3203 2603 deerant
3249 2550 3497 2620 comple-

1907 2647 2152 2692 mentum
2197 2652 2263 2692 ex
2310 2637 2559 2693 scientiae
2609 2638 2932 2694 accessione
2958 2639 3026 2694 ⁸¹.
3080 2637 3368 2704 Quomodo
3402 2655 3503 2695 au—

1907 2735 2017 2782 tem
2058 2727 2194 2783 illud
2224 2728 2389 2783 etiam
2422 2743 2531 2784 non
2578 2729 2811 2800 cogitas,
2845 2736 3058 2799 patrem
3091 2744 3203 2784 non
3242 2738 3502 2801 acceptu-

1906 2834 2030 2873 rum
2067 2830 2356 2890 peccatum
2404 2819 2526 2885 ﬁlii,
2570 2835 2749 2891 neque
2792 2821 2965 2876 ﬁlium
3007 2830 3294 2892 peccatum
3327 2824 3502 2893 patris

1907 2920 2305 2982 accepturum;
2340 2912 2436 2968 sed
2462 2913 2518 2966 in
2552 2927 2656 2967 suo
2684 2926 2962 2983 quemque
2990 2923 3219 2984 peccato
3260 2914 3502 2969 moritu-

1907 3000 2072 3054 rum?
2112 2998 2244 3054 Mihi
2279 3008 2462 3055 autem
2506 3015 2688 3072 neque
2723 3008 2882 3072 pater
2922 3010 3009 3059 est
3048 3005 3097 3058 is
3144 3004 3242 3076 qui
3272 3004 3417 3076 apud
3448 3013 3504 3061 te

1906 3093 2050 3147 male
2097 3093 2289 3156 audit,
2336 3106 2516 3163 neque
2563 3093 2732 3151 ﬁlius.
2790 3093 2981 3165 Neque
3031 3094 3180 3151 enim
3238 3097 3502 3168 magister

1908 3199 2064 3240 meus
2100 3184 2223 3250 fuit,
2262 3199 2443 3255 neque
2486 3183 2815 3255 discipulus.
2868 3184 3027 3252 Quod
3072 3188 3117 3243 si
3159 3195 3376 3258 oportet
3403 3203 3502 3258 pa-

1910 3285 2128 3330 rentum
2171 3283 2397 3347 peccata
2424 3275 2555 3331 ﬁliis
2602 3277 2838 3332 crimina
2869 3277 3021 3343 ﬁeri,
3071 3280 3247 3336 multo
3288 3279 3501 3352 aequius

1910 3376 1969 3422 in.
1998 3382 2119 3438 quae
2153 3374 2281 3421 sunt
2313 3365 2455 3431 Arii,
2501 3367 2559 3421 in
2599 3367 2720 3437 ejus
2752 3367 3059 3439 discipulos
3103 3378 3413 3436 vertantur,
3446 3378 3503 3427 et

1909 3458 1956 3514 si
1991 3457 2116 3527 quis
2144 3457 2360 3512 Aetium
2401 3458 2589 3527 genuit
2621 3458 2966 3528 haereticum,
2997 3460 3055 3514 in
3096 3472 3264 3532 caput
3295 3477 3501 3537 paren-

1910 3552 1982 3605 tis
2033 3549 2290 3605 resiliant
2330 3549 2430 3604 ﬁlii
2482 3549 2921 3606 criminationes.
2973 3548 3071 3607 Sin
3119 3560 3302 3608 autem
3347 3554 3498 3624 inju-

1906 3649 2052 3698 stum
2086 3649 2169 3697 est
2192 3649 2416 3712 propter
2438 3640 2533 3695 illa
2559 3641 2875 3712 quempiam
2908 3644 3141 3714 culpari,
3171 3646 3345 3701 multo
3365 3661 3493 3717 pro-

1908 3733 2052 3789 fecto
2073 3733 2283 3804 justius
2310 3741 2417 3798 est,
2464 3740 2527 3788 ut
2553 3732 2624 3788 ob
2673 3746 2771 3789 eos
2808 3734 2906 3804 qui
2939 3736 3007 3791 ad
3039 3751 3143 3792 nos
3181 3752 3295 3791 non
3325 3738 3502 3809 perti-

1907 3835 2060 3893 nent,
2096 3825 2153 3879 in
2179 3823 2452 3895 judicium
2485 3840 2596 3880 non
2636 3840 2920 3895 vocemur,
2944 3828 3204 3905 si'tamen
3237 3844 3498 3900 peccave-

1906 3924 2039 3973 runt
2095 3917 2357 3985 omnino,
2423 3916 2472 3973 si
2545 3916 2679 3988 quid
2747 3917 2821 3973 ab
2882 3919 3019 3990 ipsis
3080 3921 3348 3992 scriptum
3413 3930 3501 3978 est

1907 4011 2370 4067 condemnatione
2417 4011 2668 4081 dignum.
2719 4009 2896 4067 Venia
2938 4013 3085 4067 enim
3133 4013 3270 4068 mihi
3317 4013 3534 4079 danda.

1905 4120 2020 4160 non
2061 4104 2309 4160 credenti
2341 4119 2465 4175 quae
2498 4103 2765 4161 adversus
2809 4105 2936 4161 illos
2979 4105 3283 4174 dicuntur;
3322 4107 3501 4178 siqui-

1907 4195 2032 4251 dem
2073 4210 2196 4250 mea
2246 4194 2429 4266 ipsius
2455 4193 2798 4265 experientia
2837 4204 3046 4266 quanta
3079 4194 3153 4251 sit
3180 4196 3249 4273 ad
3284 4198 3499 4253 calum~
3564 4254 3567 4259 ,

1905 4289 2056 4343 niam
2089 4287 2415 4357 proclivitas
2448 4296 2834 4343 accusatorum
2859 4288 3122 4344 declarat.

1977 4381 2032 4435 6.
2074 4379 2209 4433 Nam
2276 4379 2497 4434 etiamsi
2559 4378 2811 4450 decepti,
2862 4395 3060 4451 meque
3117 4381 3499 4439 existimantes

1907 4478 2222 4529 consortem
2265 4486 2391 4527 esse
2431 4471 2723 4527 sententiae
2769 4486 2986 4537 eorum,
3031 4475 3125 4543 qui
3159 4475 3501 4545 conscripse-

1910 4573 2040 4620 runt
2085 4559 2178 4618 illa
2229 4561 2455 4619 Sabellii
2506 4563 2693 4628 verba,
2738 4578 2862 4634 quae
2903 4564 2973 4619 ab
3015 4564 3155 4636 ipsis
3194 4565 3495 4635 circumfe-

1907 4665 2131 4721 runtur,
2175 4656 2244 4711 ad
2276 4656 2654 4713 accusandum
2691 4672 2778 4713 me
2812 4658 3130 4725 venissent;
3159 4673 3229 4714 ne
3257 4659 3341 4714 sic
3371 4658 3497 4729 qui-

1906 4755 2029 4810 dem
2057 4754 2217 4810 venia
2240 4753 2390 4825 digni
2421 4761 2637 4820 essent,
2669 4753 2820 4824 quod
2856 4762 2985 4808 ante
3027 4750 3322 4807 manifesta
3350 4751 3496 4807 indi-

1904 4847 2012 4912 cia,
2038 4847 2292 4917 protinus
2322 4843 2630 4901 maledictis
2674 4842 2845 4916 ﬁgant
2883 4857 2950 4897 ac
2978 4843 3269 4916 vulnerent
3315 4841 3497 4898 homi-

1902 5019 2146 5074 nasteria
2175 5017 2465 5086 inrisisse;
2503 5016 2600 5073 sed
2636 5015 2796 5071 ﬁdem
2826 5029 2982 5070 suam
3008 5029 3075 5071 ex
3107 5013 3215 5086 his,
3228 5027 3361 5086 qua:
3383 5013 3549 5086 illic!
3698 5036 3703 5039 ·

1901 5089 2200 5153 disseruit,
2259 5074 2601 5158 exploratam
2669 5086 2962 5158 Eustathio
3005 5100 3130 5158 es_se
3187 5074 3493 5158 debuisse}

1903 5161 2048 5231 quod
2080 5153 2406 5229 argumento
2434 5167 2529 5231 est
2546 5157 2857 5231 monachos
2880 5156 3006 5211 illos
3037 5153 3342 5231 βοείᾳιυίου
3358 5156 3523 5211 ’sub"-'

1898 5224 2076 5303 jectos
2112 5224 2324 5303 fuisse;
2360 5230 2448 5303 vel
2481 5228 2675 5303 saltem
2714 5227 3004 5303 amicos_et
3030 5224 3352 5303 familiares.
3430 5244 3465 5253 ·-
3508 5268 3515 5279 ρ

1976 5301 2054 5373 (5)
2084 5288 2505 5373 Χαλκηδόνοςἒ
2527 5297 2697 5373 Coi_s_l.
2736 5298 3016 5373 secundus
3039 5288 3270 5373 _et_R'eg.-
3294 5310 3496 5373 secun—

1902 5365 2007 5429 dus
2036 5365 2579 5441 ’ΚαλχηδόνοςίΜοκ
2620 5365 3064 5441 Harlaeanusrcd
3099 5365 3494 5441 ἐτιρτρότερον.

1977 5441 2055 5515 (4)
2088 5435 2253 5495 Καὶᾶ
2268 5440 2407 5515 τῶν.
2430 5440 2504 5515 Ita
2542 5452 2638 5494 sex
2691 5452 2827 5494 mss.
2873 5436 3019 5491 Editi
3055 5436 3125 5491 τὰ
3151 5435 3288 5491 τῶν.
3311 5435 3517 5494 Codex
3580 5450 3589 5455 ‘

1904 5511 2228 5568 Harlasanus
2257 5511 2399 5564 κατὰ
2429 5511 2560 5564 τῶν.
2876 5528 2881 5533 -
3154 5528 3159 5545 ς

1998 5584 2051 5655 5)
2100 5579 2380 5655 ’Υπέχξ-ιν
2422 5581 2716 5655 εὐθύνας.
2778 5578 3096 5655 Ilarlmanus
3138 5577 3313 5655 codex
3354 5576 3494 5655 hanc

1905 5648 2064 5711 nobis
2100 5648 2475 5723 suppeditavit
2507 5652 2819 5723 lectionem.
2854 5648 3079 5723 Legitur
3100 5649 3256 5723 enim
3286 5648 3343 5705 in
3371 5648 3496 5703 aliis

1904 5719 2188 5789 codicibus
2209 5719 2357 5783 Inss.
2386 5729 2441 5781 et
2459 5722 2623 5782 editis
2650 5721 2825 5793 λόγων
2858 5719 3003 5793 ἔχειν
3028 5719 3275 5784 εὐθύνας.
3527 5743 3531 5748 ν
