3862 6220
393 251 500 306 855

1741 234 1801 289 S.
1844 232 1926 286 BA
1938 233 2092 288 SlLll
2132 229 2350 284 MAGNI

3577 224 3694 280 δας

394 366 518 420 dem
566 361 660 432 qui
713 373 1014 430 scripsere,
1065 371 1229 427 quam
1271 354 1374 408 sibi
1409 351 1724 422 paraverint
1761 367 1860 422 pro
1907 365 1972 404 eo

2115 346 2276 408 εύσας
2311 344 2512 414 βιϐλίον
2547 343 2903 398 ἀποστασίου.
2941 343 3117 413 Ὅπερ
3160 343 3208 393 οἱ
3259 339 3696 410 συγγράψαντες

395 455 770 512 defensionem
800 450 946 520 apud
971 448 1174 504 Christi
1205 444 1472 506 tribunal,
1502 442 1648 513 quod
1673 441 1848 512 decipi
1871 455 1981 495 non

395 551 598 614 potest,
629 539 938 608 intelligere
967 553 1076 592 non
1114 549 1361 606 possum.
1397 531 1533 586 Nam
1573 531 1983 586 accusationem

397 637 454 690 in
489 649 577 689 me
604 630 972 703 proferentes,
1006 641 1202 697 meque
1231 622 1668 695 pers'tringentes
1688 622 1984 676 vehemen-

395 734 513 792 ter;
545 730 838 778 narrantes
857 736 982 792 quas
1000 719 1286 780 volebant,
1321 729 1432 769 non
1461 729 1583 784 qua:
1605 711 1823 768 veritati
1847 725 1982 765 con-

398 830 573 880 sona;
603 813 897 882 plurimam
921 825 1033 881 prae
1063 823 1124 862 se
1155 806 1523 861 humilitatem
1556 805 1818 870 ferentes,
1848 801 1982 854 mihi

397 901 672 972 superbiae
698 913 971 955 tumorem
996 895 1340 967 allingeutes,
1368 893 1514 964 quod
1545 909 1663 958 eos,
1697 893 1792 963 qui
1822 891 1980 947 missi

399 993 469 1047 ab
492 992 628 1061 ipsis
665 989 904 1056 fuerant,
936 1002 1045 1042 non
1076 986 1442 1056 excepissent,
1478 983 1617 1038 falsa
1650 983 1858 1046 omnia,
1887 990 1983 1037 aut

399 1084 598 1141 saltem
646 1083 911 1153 pleraque
957 1095 1028 1134 ne
1077 1079 1389 1150 periculose
1441 1077 1673 1146 loquar;
1720 1083 1982 1144 tanquam

399 1175 738 1241 hominibus,
783 1182 839 1228 et
880 1188 991 1227 non
1031 1171 1142 1226 Deo
1191 1170 1514 1233 suadentes,
1565 1175 1984 1238 quaerentesque

398 1269 620 1340 placere
646 1266 988 1330 hominibus,
1025 1272 1080 1320 et
1127 1278 1239 1318 non
1274 1261 1407 1324 Deo,
1457 1261 1603 1331 apud
1637 1275 1801 1330 quem
1842 1258 1982 1312 nihil

399 1359 640 1414 veritate
661 1356 985 1427 pretiosius,
1010 1353 1086 1408 ita
1110 1352 1582 1421 conscripserunt.
1611 1349 1820 1404 Deinde
1844 1350 1982 1404 scri-

400 1454 510 1524 ptis
541 1452 597 1506 in
628 1466 731 1505 nos
757 1449 960 1522 litteris
991 1447 1250 1502 haeretica
1283 1445 1453 1500 verba
1486 1444 1865 1514 subjecerunt,
1892 1457 1984 1497 ce-

401 1546 516 1598 lato
542 1542 846 1613 impietatis
869 1547 1116 1603 auctore,
1145 1544 1206 1591 ut
1233 1536 1392 1591 multi
1424 1550 1489 1590 ac
1522 1535 1888 1606 simpliciores
1917 1550 1984 1590 ex

403 1633 685 1707 praemissa
725 1633 783 1687 in
832 1646 936 1687 nos
981 1629 1338 1686 accusatione
1386 1635 1576 1682 nostra
1629 1642 1753 1682 esse
1792 1625 1984 1681 crede-

2086 439 2218 509 (ἀπὸ
2247 439 2347 508 τῆς
2376 438 2596 508 ἀγάπης
2623 441 2655 508 ἡ
2666 437 2782 508 μῶν
2808 436 3111 505 ἀποστῆναι
3153 433 3295 505 [19])
3326 435 3450 487 τίνα
3482 432 3694 504 ηὐτρέ-

2083 550 2249 586 πισαν
2276 532 2375 601 τὴν
2419 531 2716 599 ἀπολογίαν
2751 530 2890 600 ὑπὲρ
2935 528 3102 582 αὐτοῦ
3134 529 3228 580 ἐπὶ
3252 526 3348 580 τοῦ
3389 525 3696 596 ἀπαραλο-

2082 625 2271 694 γίστου
2305 623 2547 695 βήματος
2589 621 2687 675 τοῦ
2730 621 2990 693 Χριστοῦ,
3021 622 3222 673 ἐννοεῖν
3248 619 3349 671 οὐκ
3380 617 3511 687 ἔχω.
3540 617 3696 687 Προ-

2082 715 2268 779 θέντες
2290 714 2401 786 γὰρ
2427 715 2704 785 ἡμετέραν
2731 712 3090 784 κατηγορίαν,
3119 713 3212 764 καὶ
3241 708 3490 779 σφοδρῶς
3519 706 3697 778 ἡμῶν

2083 804 2546 876 καταδραμόντες,
2596 803 2690 856 κα)⁸
2726 801 3118 874 διηγησάμενοι
3161 799 3198 854 ἃ.
3229 797 3540 859 ἐϐούλοντο,
3590 795 3698 864 οὐχ

2082 897 2171 956 οἷα
2221 901 2334 971 (20)
2386 902 2420 971 ή
2476 897 2708 970 ἀλήθεια
2763 897 2897 967 ἔχει,
2947 893 3418 966 σχηματισάμενοι
3471 887 3698 941 ἑαυτῶν

2083 991 2285 1063 πολλὴν
2309 991 2658 1054 ταπείνωσιν,
2686 989 2781 1041 καὶ
2803 989 2933 1060 ἡμῖν
2963 984 3277 1057 περιθέντες
3298 979 3697 1052 ὑπερηφανίας

2085 1086 2272 1153 ὄγκον,
2303 1083 2378 1146 ὡς
2411 1083 2486 1154 μὴ
2524 1080 2837 1148 δεξαμένοις
2871 1077 2982 1149 (21)
3014 1078 3139 1140 τοὺς
3172 1076 3300 1145 παρ’
3328 1072 3511 1127 αύτῶν
3543 1073 3696 1125 ἀπο-

2087 1175 2398 1238 σταλέντας,
2423 1174 2599 1227 πάντα
2625 1171 2814 1242 ψευδῆ,
2837 1171 2870 1242 ἢ
2907 1171 2976 1224 τά
2994 1187 3059 1238 γε
3084 1168 3312 1221 πλεῖστα
3337 1164 3520 1218 αὐτῶν
3545 1163 3696 1237 (22),

2087 1265 2175 1318 ἵνα
2212 1264 2288 1336 μὴ
2333 1261 2690 1325 ἐπικινδύνως
2721 1258 3064 1330 φθέγξωμαι,
3099 1258 3175 1321 ὡς
3202 1256 3526 1327 ἀνθρώπους
3573 1254 3698 1306 πεί-

2087 1357 2292 1420 θοντες,
2344 1355 2441 1408 καὶ
2488 1354 2609 1424 οὐχ).
2665 1352 2834 1416 Θεὸν,
2882 1353 2977 1405 καὶ
3027 1350 3319 1419 ζητοῦντες
3371 1347 3699 1420 ἀνθρώποις

2085 1451 2301 1523 ἀρέσαι,
2338 1450 2434 1502 καὶ
2463 1448 2585 1518 ούχὶ
2613 1445 2755 1517 Θεῷ,
2787 1447 2919 1516 παρ’
2961 1438 3006 1512 ᾧ
3035 1443 3186 1497 οὐδέν
3229 1446 3376 1497 ἐστιν
3416 1441 3699 1511 ἀληθείας

2088 1542 2501 1613 προτιμότερον,
2544 1539 2688 1592 οὕτω
2725 1537 3091 1609 συνέγραψαν.
3143 1532 3279 1590 Εἶτα
3323 1538 3524 1589 ἐκεῖνοι
3576 1536 3699 1595 τοῖς

2087 1633 2210 1688 καθ’
2242 1632 2402 1704 ἡμῶν
2452 1633 2778 1702 γράμμασιν
2813 1628 3088 1694 ὑπέταξαν
3136 1631 3357 1701 ῥήματα
3407 1626 3697 1697 αἱρετικὰ,

402 1732 547 1790 rent,
581 1739 704 1795 quae
737 1721 1033 1792 subiuncta
1059 1720 1314 1785 fuerant;
1353 1727 1642 1791 prapterea
1683 1717 1856 1788 quod,
1891 1717 1984 1788 qui

2110 1728 2182 1781 τὸν
2234 1725 2558 1798 συγγραφέα
2606 1724 2706 1794 τῆς
2739 1722 2993 1786 ἀσεϐείας
3043 1721 3497 1792 άποκρυψάμενοι
3552 1720 3698 1789 ('25),

397 1833 510 1878 nos
554 1816 858 1870 artiﬁciose
885 1813 1319 1879 calumniantur,
1355 1811 1843 1882 praetermisissent
1885 1825 1989 1863 no--

403 1924 530 1965 men
560 1907 808 1979 parentis
837 1920 1135 1977 pravorum
1164 1904 1509 1975 dogmatum,
1537 1919 1600 1957 ac
1632 1902 1992 1972 simpliciori-

405 2002 510 2058 bus
556 1998 956 2070 suspicandum
995 1996 1372 2067 reliquissent,
1419 2011 1523 2051 nos
1558 2010 1681 2050 esse
1728 1994 1824 2064 qui
1872 1994 1990 2048 hmc

405 2099 500 2146 aut
523 2089 960 2161 excogitavimus
992 2096 1086 2142 aut
1109 2087 1460 2158 scripsimus.
1492 2085 1683 2156 Itaque
1716 2101 1839 2139 cum
1874 2085 1989 2140 haec

403 2183 562 2240 vobis
592 2182 879 2253 explorata
928 2181 1060 2245 sint,
1109 2179 1374 2234 adhortor
1411 2188 1471 2234 ut
1514 2194 1618 2233 nec
1651 2178 1760 2248 ipsi
1803 2177 1990 2232 turbe-

406 2275 562 2338 mini,
580 2282 634 2330 et
650 2274 1029 2329 vacillantium
1048 2272 1517 2342 perturbationem
1558 2271 1761 2326 sedetis
1783 2284 1991 2340 ;quan-

409 2382 576 2438 quam
599 2381 712 2422 non
734 2367 928 2438 ignoro
951 2365 1329 2421 defensionem
1362 2379 1538 2419 meam
1572 2378 1683 2428 non
1713 2362 1872 2417 facile
1891 2362 1987 2415 ad-

405 2458 640 2513 missum
671 2455 764 2518 iri,
794 2470 861 2510 eo
892 2454 1041 2526 quod
1077 2453 1290 2508 nefaria
1326 2453 1704 2516 maledicta,,a
1739 2453 1991 2522 personis

408 2549 738 2604 auctoritate
764 2547 1104 2618 pollentibus
1135 2547 1194 2600 in
1239 2560 1340 2600 nos
1375 2545 1570 2610 ell'usa,
1595 2560 1757 2600 aures
1782 2560 1990 2615 pra-oc-

408 2640 758 2710 cupaverint.

2097 1817 2162 1871 ἵν’
2194 1818 2244 1870 οἱ
2271 1815 2458 1870 πολλοὶ
2492 1815 2587 1867 καὶ
2614 1813 2973 1884 άπλούστεροι
3002 1813 3066 1864 ἐκ
3098 1812 3193 1881 τῆς
3231 1808 3700 1878 προτεταγμέναις

2094 1909 2252 1981 ἡμῶν
2283 1907 2618 1980 κατηγορίας
2643 1905 2891 1978 ἡμέτερα
2914 1901 3054 1957 εἶναι
3081 1903 3344 1973 νομίσωσι
3373 1901 3441 1955 τὰ
3475 1918 3696 1971 συνημ-

2097 2003 2257 2074 μένα,
2285 2001 2374 2055 διὰ
2399 2001 2458 2055 τὸ
2488 1999 2640 2072 παρὰ
2681 1997 2790 2051 τῶν
2818 1997 3084 2067 τεχνικῶς
3111 1997 3257 2067 ἡμᾶς
3289 1993 3698 2048 διαϐαλλόντων

2096 2093 2438 2164 σιωπηθῆναι
2482 2093 2581 2164 μὲν
2615 2091 2676 2145 τὸ
2701 2091 2872 2161 ὄνομα
2911 2089 3006 2142 τοῦ
3051 2088 3260 2159 πατρὸς
3287 2087 3398 2139 τῶν
3429 2084 3696 2156 πονηρῶν

2094 2189 2402 2260 δογμάτων,
2453 2185 2879 2256 καταλειφθῆναι
2928 2183 2985 2236 δέ
3029 2185 3095 2253 τῇ
3142 2181 3369 2250 ὑπονοίᾳ
3412 2180 3522 2234 τῶν
3553 2181 3694 2232 ἀκε-

2100 2279 2396 2352 ραιοτέρων
2422 2278 2486 2330 τὸ
2511 2281 2543 2350 ἡ
2554 2281 2661 2348 μᾶς
2689 2274 2829 2331 εἶναι
2853 2278 2978 2339 τοὺς
3008 2273 3179 2330 ταῦτα
3203 2273 3236 2342 ἢ
3279 2271 3694 2342 ἐνθυμηθέντας

2095 2371 2128 2440 ἦ
2176 2368 2516 2440 γράψαντας.
2571 2367 2756 2420 Ταῦτα
2797 2364 2889 2421 οὖν
2963 2363 3329 2436 γινώσκοντας
3374 2362 3521 2432 ὑμᾶς
3573 2360 3690 2427 (24)

2098 2458 2524 2530 παρακαλοῦμεν
2554 2457 2750 2520 αύτούς
2788 2475 2848 2509 τε
2881 2457 2955 2528 μὴ
2995 2455 3390 2528 ταράσσεσθαι,
3436 2452 3530 2508 καὶ
3568 2452 3689 2506 τῶν

2100 2550 2478 2621 σαλευομένων
2519 2550 2647 2612 τοὺς
2692 2547 2954 2620 θορύϐους
3012 2545 3434 2616 κατασιγάζειν·
3492 2549 3542 2599 εἱ
3592 2547 3691 2598 καὶ

2097 2642 2179 2694 ὅτι
2222 2643 2442 2714 οἴδαμεν
2484 2640 2922 2714 δυσπαράδεκτον
2973 2639 3130 2712 ἡμῶν
3173 2637 3335 2694 οὖσαν
3371 2640 3470 2711 τὴν
3495 2639 3690 2693 ἀπολο-

408 2734 553 2799 γίαν,
607 2731 696 2786 διὰ
745 2731 806 2784 τὸ
847 2731 953 2784 ὑπὸ
999 2729 1305 2802 προσώπων
1356 2731 1680 2796 ἀξιοπίστων
1726 2733 2234 2806 προκατασχεθῆναι
2267 2737 2423 2808 ἡμῶν
2469 2735 2568 2798 τὰς
2597 2733 2840 2805 πονηρὰς
2865 2733 3231 2804 βλασφημίας.

480 2825 536 2878 2.
577 2823 734 2890 Quod
775 2831 959 2879 autem
992 2831 1180 2878 nostra
1219 2838 1326 2878 non
1355 2831 1508 2889 sunt,
1540 2839 1664 2894 quae
1704 2832 1765 2876 ut
1804 2831 1995 2880 nostra

411 2914 904 2979 circumferuntur,
960 2915 1200 2970 arbitror
1251 2915 1529 2985 equidem,
1581 2917 1684 2970 etsi
1731 2914 1887 2970 furor
1937 2917 1995 2971 in

2171 2829 2225 2882 2.
2267 2829 2403 2900 Περὶ
2433 2828 2531 2900 μὲν
2560 2822 2653 2880 οὖν
2679 2826 2796 2888 τοῦ,
2838 2827 2920 2879 ὅτι
2939 2826 3039 2878 ούκ
3063 2824 3209 2877 ἐστιν
3242 2823 3484 2895 ἡμέτερα
3509 2823 3579 2877 τὰ
3610 2824 3688 2886 ὡς

2101 2922 2343 2991 ἡμέτερα
2373 2918 2804 2991 περιφερόμενα,
2836 2915 3062 2987 νομίζω,
3098 2917 3146 2968 εί
3188 2916 3281 2969 καὶ
3314 2915 3456 2968 πάνυ
3485 2916 3514 2967 ὁ
3560 2915 3686 2968 καθ’

412 3022 501 3062 me
537 3013 838 3076 conceptus
886 3007 1116 3062 omnino
1148 3007 1351 3062 rationi
1378 3023 1570 3062 eorum
1614 3009 1870 3063 tenebras
1911 3007 1992 3063 of-

2110 3011 2130 3079 ἡ
2142 3008 2258 3080 μῶν
2289 3007 2456 3080 θυμὸς
2485 3009 2764 3061 ἐπισκοτεῖ
2806 3009 2916 3070 τοῖς
2947 3006 3227 3075 λογισμοῖς
3251 3005 3428 3058 αὐτῶν
3453 3005 3594 3076 πρὸς
3627 3007 3689 3058 τὸ

414 3096 615 3163 fundit,
656 3097 956 3168 quominus
990 3099 1120 3168 quid
1164 3099 1299 3154 utile
1332 3099 1403 3153 sit
1442 3099 1686 3163 videant,
1727 3100 1889 3172 353
1916 3109 2000 3155 ta-

415 3202 541 3242 men
579 3178 641 3243 si
678 3200 709 3240 a
737 3187 895 3241 vobis
954 3187 1090 3258 ipsis
1133 3188 1545 3259 interrogentur
1570 3226 1586 3253 ,
1647 3204 1998 3260 nequaquam

343 3310 349 3316 -
413 3277 533 3334 fore
569 3285 628 3332 ut
657 3277 733 3332 ita
766 3279 1105 3349 percalleant
1149 3287 1204 3334 et
1248 3279 1636 3346 obdurescunt,
1664 3289 1724 3335 ut
1764 3282 2002 3336 audeant

414 3370 767 3427 mendacium
814 3371 997 3442 eloqui
1035 3371 1406 3443 suoipsorum
1449 3387 1565 3436 ore,
1618 3387 1682 3426 ac
1726 3388 1847 3428 mea
1878 3388 2001 3428 esse

415 3463 623 3533 scripta
654 3462 746 3515 illa
766 3461 970 3517 dicere.
1006 3461 1167 3528 Quod
1197 3463 1244 3518 si
1274 3478 1395 3518 mea
1423 3479 1533 3517 non
1557 3471 1708 3529 sunt,
1743 3479 1844 3518 cur
1865 3480 2001 3520 con-

414 3555 646 3610 demnor
675 3553 746 3609 ob
782 3553 993 3608 aliena?
1025 3553 1132 3608 Sed
1174 3553 1378 3608 dicturi
1410 3563 1542 3610 sunt
1568 3556 2002 3610 communicato-

415 3663 532 3702 rem
572 3645 898 3716 Apollinarii
931 3661 1018 3700 me
1063 3661 1208 3711 esse,
1261 3661 1325 3700 ac
1374 3646 1646 3716 ejusmodi
1679 3646 2000 3718 dogmatum

415 3738 742 3809 pravitatem
811 3737 998 3792 animo
1047 3738 1327 3807 amplecti.
1378 3736 1760 3809 Reposeantur
1806 3740 1875 3794 ab
1919 3741 2000 3794 eis

417 3837 761 3902 argumenta.
789 3828 926 3884 Nam
960 3829 1009 3884 si
1039 3843 1136 3883 cor
1175 3830 1476 3896 humanum
1516 3831 1760 3885 scrutari
1794 3831 1998 3893 sciunt.

419 3922 524 3977 hoc
565 3919 1185 3992 ipsum'proliteantur,
1237 3929 1293 3976 et
1339 3936 1439 3975 vos
1489 3922 1772 3992 agnoscite
1811 3937 2000 3976 verum

419 4015 487 4068 ab
513 4013 624 4067 illis
657 4013 713 4067 in
752 4013 1011 4068 omnibus
1048 4011 1181 4067 dici.
1215 4013 1313 4068 Sin
1338 4024 1518 4068 autem
1554 4031 1620 4070 ex
1647 4015 1813 4071 rebus
1843 4031 2004 4086 aper—

419 4105 494 4161 tis
523 4115 578 4160 et
618 4112 746 4160 ante
786 4105 1034 4160 omnium
1080 4106 1271 4161 oculos
1309 4108 1507 4177 positis
1539 4124 1717 4162 meam
1764 4117 2002 4179 arguunt

419 4198 885 4262 communionem,
920 4199 1214 4255 ostendant
1246 4208 1340 4254 aut
1373 4201 1672 4256 canonicas
1720 4203 1933 4257 litteras
1969 4218 2000 4256 a

378 4305 384 4312 '
425 4304 512 4345 me
537 4289 604 4344 ad
636 4290 817 4360 ipsum
849 4289 1071 4356 missas,
1106 4300 1201 4346 aut
1237 4293 1307 4347 ab
1335 4291 1430 4346 illo
1461 4292 1528 4346 ad
1573 4309 1679 4358 me,
1721 4301 1816 4347 aut
1843 4293 2002 4348 cleri-

493 4424 608 4493 (l9)
651 4422 786 4496 Ἀπὸ
838 4423 951 4494 τῆς
983 4425 1221 4496 ἀγάπης
1257 4425 1427 4494 ἡμῶν
1458 4426 1822 4496 ἀποστῆναι.
1871 4425 1997 4481 Hzec

419 4497 588 4550 verba
644 4494 1087 4564 perincommode
1137 4496 1240 4550 hoc
1291 4498 1410 4550 loco
1462 4499 1638 4564 posita
1689 4494 1850 4557 sunt,
1896 4513 1998 4552 nec

421 4573 548 4634 apte
572 4565 848 4618 cohaerent
873 4579 997 4618 cum
1030 4565 1118 4620 his
1140 4581 1260 4635 quae
1285 4567 1616 4634 praecedunt.
1648 4565 1703 4619 Si
1731 4567 1856 4634 quis
1896 4582 1994 4620 au-

423 4643 534 4689 tem
565 4635 880 4705 diligentius
913 4636 1174 4697 attendat,
1201 4635 1358 4690 facile
1387 4637 1680 4705 perspiciet
1705 4637 1790 4691 his
1815 4637 1998 4692 verbis

421 4703 689 4775 rationem
719 4703 923 4766 afferri,
950 4719 1051 4758 cur
1080 4705 1300 4760 libellus
1335 4703 1406 4760 ab
1446 4703 1736 4761 Eu'statlnio
1766 4721 1994 4775 compo-

423 4776 583 4846 situs.
614 4774 834 4846 libellus
864 4775 1083 4846 repudii
1103 4786 1332 4846 vocatus
1382 4776 1473 4842 sit,
1515 4791 1708 4845 nempe
1740 4777 1868 4846 quia
1894 4774 1999 4846 per

423 4845 571 4899 hunc
606 4844 850 4898 libellum
875 4859 905 4897 a
935 4845 1206 4901 charitate
1260 4845 1446 4900 Basilii
1486 4844 1824 4909 decesserat,
1859 4844 1994 4910 sive,

423 4923 482 4967 ut
503 4915 726 4970 verbum
753 4915 921 4969 verbo
957 4915 1205 4978 reddam,
1233 4930 1263 4969 a
1297 4915 1632 4971 discedendo
1666 4933 1696 4968 a
1728 4917 1998 4971 charitate

425 4984 632 5038 Basilii.
684 4982 867 5054 Quare
909 4999 1020 5040 non
1077 4984 1313 5041 dilllcilis
1352 4988 1668 5054 conjectura
1717 4993 1803 5040 est
1855 4987 1998 5042 hanc

422 5053 863 5125 observationem
910 5055 1025 5110 sive
1067 5053 1489 5125 explicationem
1548 5057 1713 5111 libelli
1755 5058 1994 5125 repudii,

423 5139 531 5177 non
570 5124 639 5178 ab
664 5125 784 5195 ipso
831 5123 1054 5190 Basilio,
1087 5123 1249 5195 quem
1287 5126 1511 5181 minime
1547 5123 1905 5181 decuisset—in
1939 5143 1999 5181 re

423 5204 532 5266 tam
561 5193 871 5266 manifesta,
899 5195 993 5249 sed
1031 5193 1237 5249 ab'alio
1271 5197 1574 5266 appositam
1608 5197 1798 5257 fuisse,
1835 5197 1999 5264 idque

423 5263 492 5316 ad
517 5265 1041 5336 marginemuunde
1072 5273 1261 5336 postea
1305 5263 1364 5319 in
1394 5275 1709 5321 contextum
1754 5263 1993 5336 irrepsit.

490 5332 602 5407 (20)
640 5329 764 5404 Οὐχ
806 5329 946 5407 pla;
971 5329 1088 5407 Sic
1132 5335 1368 5407 Harl._et
1399 5337 1569 5391 Coisl.
1618 5337 1829 5407 primus
1866 5329 1996 5407 cum

423 5400 594 5477 Begio
615 5400 1049 5477 secundo._Editi
1077 5407 1174 5477 οὐχ
1205 5406 1260 5460 ἆ.
1289 5405 1463 5462 Habet
1483 5400 1648 5462 etiam
1677 5416 1839 5461 antea
1866 5405 2000 5459 l-lar-

427 5469 633 5528 laeanus
665 5469 751 5526 οἷα
778 5474 1082 5528 ἐϐούλοντο.
1142 5469 1174 5477 ”
1571 5491 1578 5498 ·

426 5540 745 5674 ξαῇξζᾷέξς
765 5544 852 5614 μὴ
884 5544 1249 5614 δεξαμένοις.
1275 5546 1429 5602 Harl.
1464 5555 1517 5603 et
1546 5547 1684 5602 Med.
1705 5547 1780 5609 ὡς
1803 5547 1878 5618 μὴ
1911 5547 1995 5600 δε-

460 5628 492 5662 α
499 5627 693 5680 μενων.

497 5678 611 5752 (22)
645 5683 873 5738 Αὐτῶν.
914 5683 1073 5742 Deest
1122 5689 1177 5742 in
1229 5685 1402 5758 Regio
1454 5695 1688 5758 utroque
1720 5697 1771 5744 et
1823 5687 1990 5744 Coisl.

2102 3100 2333 3169 συνορᾷν
2382 3099 2442 3151 τὸ
2490 3099 2789 3171 συμφέρον,
2839 3099 2989 3168 ὅμως
3041 3097 3137 3151 ἐὰν
3189 3096 3508 3169 ἐρωτηθῶσι
3554 3099 3687 3168 παρ’

2100 3189 2253 3260 ὑμῶν
2313 3190 2525 3256 αὐτῶν,
2574 3191 2648 3262 μὴ
2704 3192 2771 3244 ἂν
2826 3191 3023 3253 αὐτοὺς
3069 3190 3148 3253 είς
3203 3189 3458 3243 τοσοῦτον
3509 3187 3687 3241 ἐλθεῖν

2103 3282 2488 3354 σκληρότητος,
2541 3283 2680 3336 ὥστε
2739 3282 3006 3352 τολμῆσαι
3059 3279 3394 3350 φθέγξασθαι
3439 3281 3520 3352 τῷ
3573 3281 3686 3350 ἰδίῳ

2103 3374 2330 3446 στόματι
2363 3375 2424 3428 τὸ
2463 3374 2678 3444 ψεῦδος,
2710 3375 2804 3428 καὶ
2833 3377 3030 3433 εἰπεῖν.
3058 3376 3140 3428 ὅτι
3172 3374 3281 3446 ἐμά
3313 3375 3431 3426 ἐστι
3461 3373 3531 3426 τὰ
3560 3391 3686 3426 συν-

2102 3466 2377 3535 τάγματα.
2411 3465 2472 3516 Εί
2504 3463 2550 3516 δ’
2595 3465 2694 3517 ούκ
2725 3464 2855 3534 ἐμά,
2891 3463 2979 3516 διὰ
3021 3464 3074 3516 τί
3123 3464 3377 3536 κρίνομαι
3404 3464 3544 3535 ὑπὲρ
3579 3463 3684 3516 τῶν

2101 3556 2393 3626 ἀλλοτρίων
2421 3555 2567 3626 (25);
2613 3555 2750 3608 Ἀλλ’
2781 3555 3017 3628 ἐροῦσιν,
3065 3557 3146 3609 δτι
3181 3555 3436 3618 κοινωνὸς
3483 3555 3686 3608 Ἀπολι-

2101 3646 2286 3717 ναρίου
2323 3644 2434 3714 (9.6)
2468 3645 2598 3714 ἐγὼ,
2652 3646 2747 3698 καὶ
2793 3644 2902 3698 τῶν
2950 3644 3207 3700 τοιούτων
3251 3645 3540 3715 δογμάτων
3586 3646 3682 3714 τὴν

2101 3735 2424 3806 διαστροφὴν
2472 3735 2610 3805 ἔχων
2657 3737 2714 3788 ἐν
2756 3735 2996 3806 ἐμαυτῷ.
3064 3735 3545 3806 Ἀπαιτηθήτωσαν
3587 3736 3683 3798 τὰς

2103 3828 2423 3894 ἀποδείξεις.
2458 3829 2521 3880 ΕΞ
2562 3829 2660 3898 μὲν
2694 3826 2803 3898 γὰρ
2834 3827 3059 3898 καρδίαν
3093 3826 3381 3897 ἀνθρώπου
3405 3827 3681 3898 διερευνᾷν

2105 3921 2273 3986 ἴσασι,
2306 3920 2464 3972 τοῦτο
2487 3919 3013 3991 ὁμολογησάτωσαν⁶
3048 3919 3144 3972 καὶ
3173 3919 3478 3990 γνωρίσατε
3507 3919 3680 3972 αὐτῶν

2102 4011 2198 4082 τὴν
2234 4012 2360 4082 περ).
2392 4013 2568 4064 πάντα
2598 4011 2856 4083 ἀλήθειαν
2876 4028 2890 4041 ·
2925 4013 2972 4064 εί
3003 4011 3061 4064 δὲ
3103 4013 3167 4064 ἐκ
3207 4011 3314 4063 τῶν
3345 4012 3680 4081 φαινομένων

2102 4101 2198 4154 καὶ
2246 4103 2380 4153 πᾶσι
2425 4101 2707 4173 προδήλων
2750 4101 3031 4171 ἐλέγχουσί
3085 4118 3184 4171 μου
3233 4101 3330 4172 τὴν
3377 4103 3677 4163 κοινωνίαν,

2101 4195 2430 4261 δειξάτωσαν
2475 4194 2508 4264 ἢ
2555 4194 2814 4249 κανονικά
2861 4194 2972 4265 (27)
3022 4195 3330 4264 γράμματα
3374 4195 3505 4264 παρ’
3549 4194 3677 4264 ἐμοῦ

2103 4286 2240 4356 πρὸς
2292 4285 2451 4337 αὑτὸν
2499 4283 2954 4356 διαπεμπόμενα,
3007 4286 3040 4354 ἢ
3104 4288 3234 4357 παρ’
3281 4285 3492 4338 ἐκείνου
3549 4287 3679 4356 πρὸς

2027 4401 2073 4455 Ῑ)
2104 4410 2364 4465 secundo.

2173 4481 2284 4551 (25)
2318 4483 2875 4556 Δᾈποκριγιὺἰζιιιςινοι.
2947 4485 3118 4542 Coisl.
3173 4487 3386 4556 primus
3429 4497 3487 4542 et
3529 4487 3672 4542 Harl.

2101 4550 2556 4630 ἐπικρυψάμενοι.
2584 4550 2764 4630 ΡξὶιίιοΔ
2791 4562 2916 4630 post
2943 4557 3075 4630 editi
3099 4550 3290 4630 ἐκ’τῆς
3325 4575 3675 4630 προγεγραμ-

2103 4619 2287 4700 μένῃς..
2317 4619 2462 4700 Tres
2484 4619 2847 4700 vetustissiliii
2877 4627 3096 4700 codices
3112 4636 3180 4700 ut
3214 4619 3270 4681 in
3289 4619 3461 4681 tcx'tu'.

2170 4691 2282 4759 (24)
2327 4692 2515 4760 Ὺμᾶς.
2546 4693 2699 4748 llanc
2731 4709 2920 4750 vocem
2960 4697 3275 4752 addidimus
3311 4713 3376 4752 ea
3415 4713 3512 4752 sex
3544 4715 3668 4754 mss.

2173 4759 2284 4838 (25)
2318 4759 2487 4838 Ὑπέρ
2551 4763 2672 4818 τῶν
2697 4765 3054 4833 ἀλλοτρίων.
3093 4768 3238 4823 Med.
3288 4776 3343 4823 et
3369 4767 3546 4824 Coisl.
3569 4772 3673 4838 pri-

2100 4843 2225 4884 mus
2255 4832 2360 4885 ύπὸ
2391 4831 2525 4889 τῶν.
2554 4844 2661 4888 etc.

2171 4901 2284 4978 (26)
2329 4904 2761 4978 Ἀξολξναρζου.
2801 4904 2879 4978 Ita
2924 4907 3192 4978 scriptum
3224 4908 3278 4962 in
3310 4908 3520 4964 nostris
3544 4925 3667 4964 mss.

2098 4973 2370 5052 quinque1
2392 4973 2569 5052 “llarl.3
2622 4975 2785 5052 Mem,
2838 4975 3008 5052 Coisl.
3038 4973 3298 5049 —utroque
3330 4987 3385 5033 et
3422 4978 3562 5052 Reg.
3591 4996 3669 5034 se-

2099 5042 2301 5116 cutt_d_o.
2330 5043 2475 5095 Editi
2523 5045 2951 5116 Ἀπολλιναρίου.

2173 5110 2283 5188 (27)
2308 5114 2627 5188 Kay-armti.
2660 5117 2736 5170 ita
2773 5110 2950 5188 Harl"
2984 5116 3126 5172 Med.
3163 5124 3216 5172 et
3242 5117 3416 5173 Coisl.
3448 5129 3666 5188 uterque

2099 5179 2648 5266 Regiusnsecundus
2705 5195 2759 5240 et
2801 5179 3182 5266 Paris.hEditi
3237 5189 3441 5266 habent
3484 5179 3665 5266 κοινω-

2097 5253 2274 5314 νικὰς,
2312 5253 2517 5308 litteras
2551 5259 2958 5311 communionis.
2988 5257 3276 5314 Consentit
3304 5275 3430 5313 cum
3468 5263 3665 5314 nostris

2098 5336 2234 5394 mss.
2276 5323 2559 5380 codicibus
2581 5328 2800 5380 concilii
2848 5329 3178 5383 Antiocheni
3203 5344 3382 5383 canon
3424 5338 3662 5394 octavus,

2097 5393 2189 5460 qui
2213 5400 2384 5470 _vetat,
2417 5409 2478 5470 ite
2503 5399 2815 5470 presbyteri,
2847 5399 2936 5468 qui
2969 5410 3091 5451 sunt
3115 5401 3174 5470 riu
3221 5402 3396 5470 pagis,
3423 5400 3546 5453 dent
3584 5393 3665 5453 ca;

2098 5462 2316 5547 nonicas
2365 5462 2806 5547 ερὶειοίίιδ,’μηδὲ
2853 5462 3432 5547 πρεσϐύτέρουςξτοὺς
3473 5474 3532 5524 ὲν
3557 5475 3663 5547 ταῖς

2097 5537 2631 5658 ἔὲρμιςηγρανονικὰς
2671 5537 2960 5603 ἐπιστολὰς
2997 5537 3215 5594 διδόναι.
3251 5541 3384 5597 Vide
3419 5551 3580 5598 notas
3614 5544 3664 5597 iu

2121 5641 2126 5650 .
2192 5620 2216 5658 s
2248 5643 2260 5656 .
2403 5645 2416 5657 .

2097 5615 2260 5671 eplSl.
2295 5615 2416 5658 129.
