3862 6220
197 294 303 347 8'57

1093 290 1588 350 EPISTOLARUM
1625 286 1915 347 CLASSIS
1946 288 2015 343 Il.
2057 288 2276 345 EPIST.
2317 290 2595 346 CCXXIV.

201 407 310 477 ἐμέ
328 423 353 438 ·-
386 405 423 477 ἢ
449 406 560 462 τῶν
591 406 871 481 κληρικῶν
896 408 994 473 τὰς
1020 410 1157 482 πρὸς
1191 413 1340 483 ἡμᾶς
1364 409 1724 483 ἐπιμιξίας,ἦ
1750 407 1803 460 cf

1903 420 2097 461 eorum
2144 406 2441 463 nobiscum
2488 405 2843 471 commercia,
2897 414 2992 462 aut
3029 406 3342 478 quempiam
3386 422 3482 463 eo-

202 512 332 551 τινα
348 496 460 569 (28)
491 498 672 553 αὐτῶν
703 500 787 564 είς
809 502 1097 556 κοινωνίαν
1128 503 1298 574 εὐχῆς
1317 502 1620 575 ἐδεξάμεθά
1641 518 1793 556 ποτε.

202 585 270 640 El
294 586 354 640 δέ
386 587 677 659 ἐπιστολὴν
701 588 1033 663 προφέρουσι
1058 591 1159 663 τὴν
1188 592 1373 646 λοιπὸν
1405 593 1511 664 πρὸ
1553 599 1631 647 κε’
1659 592 1797 644 ἐτῶν

202 680 516 749 γραφεῖσαν
554 679 739 752 αὐτῷ,
796 681 950 753 παρά
994 682 1185 737 λαῖκοῦ
1236 685 1375 757 πρὸς
1434 686 1655 740 λαῖκόνο
1701 685 1797 738 καὶ

202 770 326 824 οὐδὲ
363 770 569 842 ταύτην
599 771 676 836 ώς
712 772 1027 844 γέγραπται
1072 776 1204 846 παρ’
1250 774 1410 847 ἐμοῦ,
1451 776 1589 831 ἀλλά
1636 793 1798 847 μετα-

203 860 547 931 ποιηθεῖσαν,
599 861 706 914 ὑπὸ
748 861 913 916 τίνων
955 862 1036 929 δέ,
1082 865 1112 916 ό
1162 865 1295 928 θεὸς
1324 861 1460 918 οἶδε·
1489 866 1795 937 γνωρίσατε

201 951 433 1006 αὐτόθεν
486 952 588 1025 τὴν
630 953 880 1021 ἀδικίαν,
932 955 1016 1009 δτι
1065 955 1241 1020 οὐδεὶς
1280 958 1339 1011 ἐν
1397 959 1672 1031 ἐπισκοπῇ
1717 959 1797 1014 ὢν

202 1043 544 1113 ἐγκαλεῖται,
570 1043 629 1097 εῐ
650 1063 706 1100 τι
738 1046 880 1100 κατά
913 1046 1237 1121 ἀδιαφορίαν
1268 1051 1328 1103 ἐν
1366 1049 1445 1121 τῷ
1485 1049 1663 1123 λαῖκῷ
1693 1051 1795 1125 βίῳ

202 1138 651 1211 ἀπαρατηρήτως
704 1138 948 1211 ἔγραψε·
1001 1140 1096 1194 καὶ
1141 1141 1300 1196 τοῦτο
1351 1144 1487 1215 μηδέ
1529 1145 1661 1216 περὶ
1710 1146 1798 1199 πίε

205 1248 400 1296 στεως,
434 1230 570 1285 ἀλλά
607 1231 764 1301 ψιλὸν
804 1233 1043 1306 γράμμα
1089 1233 1309 1308 φιλικὴν
1356 1236 1481 1308 ἐχον
1530 1254 1798 1309 προσηγο-

205 1322 350 1394 ρίαν.
400 1322 553 1394 Τάχα
600 1322 658 1375 δὲ
701 1323 947 1379 κάκεῖνοι
978 1324 1261 1395 φαίνονται
1312 1328 1410 1381 καὶ
1440 1326 1665 1400 Ἕλλησι
1699 1330 1795 1383 καὶ

214 1416 493 1480 Ἰουδαίοις
518 1415 855 1488 γράψαντες,
890 1417 989 1472 καὶ
1018 1418 1095 1489 μὴ
1137 1417 1354 1490 ἔχοντες
1376 1419 1649 1492 ἔγκλημα.
1686 1422 1796 1476 Μέ-

201 1526 299 1582 χρι
346 1507 456 1579 γὰρ
505 1510 745 1581 σήμερον
791 1508 967 1573 οὐδεὶς
1012 1510 1207 1583 ἐκρίθη
1255 1511 1350 1565 ἐπὶ
1394 1512 1620 1584 τοιούτῳ
1651 1514 1786 1585 πρά·

201 1618 402 1673 γματι,
442 1602 528 1670 ἐφ’
559 1594 604 1669 ᾧ
633 1602 798 1673 ἡμεῖς
839 1600 1318 1673 καταδικαζόμεθα
1369 1602 1523 1675 παρά
1568 1603 1678 1657 τῶν
1714 1604 1793 1658 δι-

202 1695 496 1760 υλιζόντων
523 1695 648 1759 τοὺς
664 1692 1083 1759 κώνωπας.⁸’οτι
1120 1694 1220 1767 μὲν
1233 1691 1327 1752 οὖν
1350 1695 1600 1767 (ἳ9)οῠτε
1630 1697 1789 1770 ἐγρά-

201 1788 390 1859 ψαμεν
437 1789 622 1841 ἐκεῖνα
641 1827 657 1853 ,
685 1785 809 1841 οὔτε
858 1787 1251 1860 συντεθείμεθα
1282 1789 1482 1855 αὐτοῖς,
1514 1790 1651 1844 ἀλλά
1696 1791 1792 1846 καὶ

202 1878 679 1951 ἀναθεματίζομεν
730 1880 859 1944 τοὺς
925 1879 1152 1951 ἔχοντας
1205 1882 1383 1935 ἐκεῖνο
1425 1881 1489 1935 τὸ
1554 1883 1791 1955 πονηρὸν

205 1973 485 2046 φρόνημα,
517 1972 579 2026 τὸ
603 1972 703 2044 τῆς
734 1971 1053 2044 συγχύσεως
1086 1973 1197 2027 τῶν
1231 1974 1604 2037 ὑποστάσεων,
1652 1978 1710 2028 ἐν
1747 1969 1793 2044 ᾧ

205 2070 239 2140 ὴ
312 2066 645 2140 ἀσεϐεστάτη
706 2068 920 2138 αἵρεσις
988 2066 1109 2121 τοῦ“
1140 2067 1430 2122 Σαδελλίου
1482 2067 1787 2140 ἀνενεώθη·

203 2161 368 2215 τοῦτο
402 2162 500 2233 μὲν
541 2155 636 2215 οὖν
667 2159 949 2232 γνώριμον
994 2158 1073 2231 τῷ
1122 2159 1263 2231 Θεῷ,
1294 2159 1374 2231 τῷ
1417 2159 1519 2223 τάς
1564 2160 1793 2231 καρδίας

202 2250 530 2320 γινώσκοντι
552 2268 568 2285 ο
608 2251 886 2324 γνώριμον
928 2251 987 2307 δὲ
1019 2250 1115 2305 καὶ
1154 2250 1304 2324 πάσῃ
1333 2253 1399 2322 τῇ
1448 2250 1789 2321 ἀδελφότητι,

203 2347 272 2417 τῇ
307 2346 389 2409 εἰς
427 2347 623 2417 πεῖραν
656 2344 889 2420 ἐλθούσῃ
920 2344 1020 2416 τῆς
1063 2343 1341 2415 ἡμετέρας
1383 2342 1789 2408 ταπεινώσεως.

204 2435 322 2489 Καὶ
370 2436 523 2490 αὐτοὶ
567 2435 626 2490 δέ
680 2436 899 2501 ἐκεῖνοι,
958 2438 1009 2489 οἱ
1062 2435 1159 2490 νῦν
1217 2436 1439 2508 σφοδροὶ
1496 2438 1792 2509 κατήγοροι

204 2529 385 2600 ἡμῶν,
428 2530 879 2601 ἐρευνησάτωσαν
921 2528 983 2583 τὸ
1042 2528 1174 2583 ἴδιον
1215 2527 1477 2593 συνειδὸς,
1524 2529 1620 2583 καὶ¹
1660 2528 1795 2597 γνώ-

206 2636 415 2684 σονται,
449 2620 531 2674 ὅτι
561 2622 626 2673 ἐκ
655 2619 845 2684 παιδὸς
875 2618 1095 2691 μακρὰν
1123 2618 1428 2690 ἐγενόμεθα
1476 2619 1584 2674 τῶν
1616 2618 1786 2673 τοιού-

202 2728 316 2765 των
349 2709 656 2781 δογμάτων.

276 2801 332 2855 '5.
371 2799 437 2853 Τί
469 2800 528 2855 δέ
563 2802 682 2856 ἐστι
721 2801 784 2856 τὸ
817 2801 1087 2874 ἡμέτερον
1135 2801 1426 2874 φρόνημα,
1460 2801 1515 2855 εί
1544 2820 1630 2866 τις
1675 2805 1794 2857 ἐπι-

204 2894 393 2965 ζητεῖ,
424 2892 692 2963 γνώσεται
718 2895 813 2948 ἀπ’
840 2895 1006 2948 αὐτοῦ
1036 2892 1131 2948 τοῦ
1172 2894 1524 2967 γραμματίου
1556 2894 1668 2968 ('50)
1690 2937 1705 2963 ,
1734 2896 1794 2948 ἐν

202 2981 252 3055 ᾧ
284 2987 319 3057 ὴ
358 2986 651 3060 ὑπογραφὴ
684 2986 848 3041 αὐτοῦ
875 2987 989 3059 (51)
1025 2988 1174 3041 ἐστιν
1211 2987 1512 3061 ἱδιόχειρος,
1547 2988 1615 3060 ἢν
1658 2991 1794 3042 ἐκεῖ·

202 3094 287 3130 νοι
339 3075 653 3148 βουλόμενοι
712 3076 1014 3149 ἀθετῆσαι,
1066 3078 1165 3150 τὴν
1219 3077 1428 3133 ἑαυτῶν
1487 3078 1792 3151 μεταϐολὴν
1818 3105 1861 3163 C

204 3165 539 3240 κρύπτουσιν
594 3170 654 3223 ἐν
714 3171 782 3241 τῇ
841 3168 1086 3241 ἡμετέρᾳ
1147 3169 1501 3240 συκοφαντίᾳ.
1554 3169 1630 3223 Οὐ
1680 3170 1788 3243 γὰρ

202 3260 581 3333 ὁμολογοῦσιν,
616 3264 697 3317 ὅτι
729 3262 1181 3335 μετεμελήθησαν
1210 3262 1290 3333 τῷ
1325 3264 1456 3335 παρ’
1480 3262 1636 3334 ἡμῶν
1670 3264 1791 3318 ἐπι-

202 3354 413 3408 δοθέντι
443 3356 628 3419 αὐτοῖς
656 3354 846 3426 βιϐλίῳ
877 3355 1289 3426 ὑπογράφοντες
1312 3371 1326 3386 ’
1363 3354 1478 3409 ἀλλ’
1509 3357 1641 3427 ἡμῖν
1668 3356 1792 3410 ἐπι-

203 3447 465 3518 φέρουσιν
503 3446 827 3518 ἐγκλήματα
882 3446 1173 3509 ἀσεϐείας,
1214 3447 1529 3517 νομίζοντες
1573 3446 1789 3516 ἀγνοεῖ-

204 3537 372 3603 σθαι,
412 3539 493 3592 ὅτι
525 3538 822 3609 πρόσχημα
868 3539 966 3609 μὲν
1015 3539 1200 3603 αὐτοῖς
1247 3540 1395 3593 ἐστιν
1428 3541 1461 3611 ὴ
1503 3540 1597 3609 ἀφ’
1630 3538 1791 3611 ἡμῶν

202 3629 584 3702 ἀναχώρησις·
624 3633 691 3702 τῇ
734 3630 791 3683 δὲ
824 3628 1055 3702 ἀληθεία
1098 3629 1200 3700 τῆς
1234 3631 1473 3696 πίστεως
1506 3632 1789 3703 ἀνακεχω-

203 3720 473 3792 ρήκασιν,
524 3720 592 3791 ὴν
641 3720 904 3785 πολλάκις
942 3721 1039 3775 ἐπὶ
1073 3720 1287 3775 πολλῶν
1319 3723 1616 3793 ἐγγράφως
1656 3724 1788 3795 ὀμο-

200 3813 567 3885 λογήσαντες,
608 3813 670 3867 τὺ
700 3812 1008 3868 τελευταῖον
1041 3815 1135 3868 καὶ
1170 3818 1298 3887 παρ’
1329 3815 1487 3887 ἡμῶν
1526 3815 1792 3872 ἐπιδοθεῖ-

202 3922 307 3957 σαν
334 3904 613 3969 ἐδέξαντο,
654 3906 748 3958 καὶ
777 3904 1101 3974 ὑπέγραψαν
1125 3946 1141 3970 ,
1176 3904 1213 3959 ἃ
1246 3907 1413 3958 πᾶσιν
1439 3904 1550 3979 (52)
1582 3904 1790 3972 ἔξεστιν

201 3996 628 4067 ἀναγινώσκειν,
670 3998 765 4052 καὶ
808 3999 941 4070 παρ’
974 3997 1154 4051 αὐτῶν
1188 3998 1297 4051 τῶν
1330 3997 1677 4070 γραμμάτων
1715 4000 1793 4054 δι-

199 4090 501 4145 δὶσκεσθαι
533 4090 632 4162 τὴν
665 4089 945 4160 ἀλήθειαν.
983 4089 1242 4162 Γνωρίμη
1274 4089 1331 4142 δέ
1365 4091 1546 4144 αὐτῶν
1573 4088 1725 4146 ἔσται
1756 4094 1789 4165 ἡ

1899 515 2021 554 rum
2053 499 2121 554 ad
2153 515 2385 571 precum
2411 499 2856 556 communionem
2882 516 2953 555 an
2977 515 3220 572 unquam
3248 500 3482 558 admise-

1900 591 2028 648 rim.
2074 590 2235 658 Quod
2279 591 2328 647 si
2370 591 2663 662 epistolam
2696 589 3010 663 proferunt,
3046 599 3309 647 caeterum
3356 602 3481 648 ante

1899 699 2078 740 annos
2106 685 2300 757 viginti
2331 686 2577 756 quinque
2623 684 2693 740 ad
2719 689 2900 757 ipsum
2944 685 3230 756 scriptam,
3262 700 3294 739 a
3336 685 3479 740 laico

1898 773 1971 829 ad
1996 773 2221 843 laicum,
2243 781 2298 832 et
2325 790 2397 831 ne
2430 774 2571 830 hanc
2600 774 2825 846 quidem
2857 783 2920 829 ut
2959 788 2990 829 a
3011 790 3097 830 me
3136 775 3342 846 scripta
3372 783 3476 838 est.

1897 866 1995 922 sed
2038 866 2422 933 adulteratam,
2467 881 2497 921 a
2529 866 2733 937 quibus
2758 873 2964 930 autem,
2988 865 3135 923 Deus
3168 868 3311 936 scit;
3353 868 3477 925 hinc

1896 957 2196 1014 manifeste
2218 957 2482 1028 injuriam
2516 957 2822 1028 agnoscite,
2848 956 2996 1029 quod
3023 959 3320 1030 episcopus
3356 961 3478 1014 nul-

1895 1049 1986 1105 lus
2014 1059 2335 1115 accusatur,
2376 1051 2424 1106 si
2456 1049 2591 1121 quid
2619 1050 2798 1106 laicus
2825 1051 2883 1105 in
2917 1066 2980 1107 re
3013 1051 3345 1108 indiﬂ‘erenti
3378 1053 3474 1107 mi-

1894 1159 2005 1200 nus
2034 1142 2387 1200 considerate
2412 1143 2701 1215 scripserit
2727 1162 2743 1201 :
2768 1142 2935 1216 idque
2958 1159 3067 1199 non
3092 1143 3161 1200 de
3191 1144 3297 1201 tlde
3319 1145 3476 1216 quid-

1894 1250 2060 1307 quam
2096 1253 2111 1289 :
2144 1233 2239 1290 sed
2273 1236 2507 1306 simplex
2548 1236 2815 1306 scriptum
2862 1237 3098 1292 amicam
3140 1236 3351 1293 habens
3391 1252 3481 1293 sa-

1894 1328 2244 1383 lutationem.
2273 1326 2437 1383 Forte
2458 1335 2641 1383 autem
2669 1336 2724 1383 et
2753 1328 2857 1399 ipsi
2890 1316 3309 1400 comperiuntur
3329 1342 3383 1385 et
3411 1330 3480 1384 ad

1890 1419 2125 1491 gentiles
2170 1428 2226 1476 et
2271 1421 2338 1476 ad
2368 1419 2590 1478 Iudaeos
2636 1422 2950 1492 scripsisse.
2979 1437 3083 1478 nec
3115 1422 3324 1478 crimen
3356 1438 3482 1479 sus-

1892 1512 2088 1568 tinere.
2161 1511 2298 1567 Nam
2353 1513 2421 1568 ad
2462 1512 2612 1568 hunc
2656 1529 2832 1585 usque
2883 1514 3027 1570 diem
3072 1528 3236 1570 nemo
3295 1513 3364 1569 de
3421 1530 3482 1570 re

1892 1604 2168 1677 ejusmodi
2210 1605 2265 1660 in
2291 1604 2561 1675 judicium
2599 1615 2829 1662 vocatus
2866 1614 2972 1673 est,
3002 1605 3071 1662 de
3101 1622 3211 1678 qua
3253 1622 3358 1663 nos
3408 1607 3481 1662 ab

1892 1700 1966 1755 iis
2003 1699 2099 1771 qui
2146 1698 2352 1754 culices
2399 1698 2771 1768 percolunt",
2815 1699 3271 1755 condemnamur.
3319 1698 3479 1767 Quod

1894 1791 2064 1864 igitur
2105 1806 2286 1861 neque
2319 1791 2436 1848 haec
2477 1791 2830 1862 scripsimus,
2869 1807 3051 1863 neque
3093 1792 3475 1864 probavimus,

1892 1881 1990 1936 sed
2022 1887 2078 1936 et
2106 1879 2644 1937 anathematizamus
2686 1896 2805 1948 eos,
2839 1882 2931 1952 qui
2966 1896 3189 1952 pravam
3221 1882 3364 1938 hanc
3396 1892 3480 1939 te-

1893 1980 2027 2029 nent
2078 1972 2446 2039 sententiam,
2497 1972 2867 2045 hypostaseon
2927 1974 3350 2042 confusionem,
3419 1975 3477 2031 in

1891 2081 2002 2136 qua
2029 2066 2271 2120 maxime
2324 2064 2493 2137 impia
2520 2065 2749 2121 hieresis
2799 2064 3026 2121 Sabellii
3056 2074 3319 2122 renovata
3357 2076 3474 2136 est;

1892 2159 1945 2213 id
1989 2157 2210 2228 quidem
2248 2166 2438 2211 notum
2489 2164 2575 2212 est
2619 2155 2753 2223 Deo,
2798 2157 2892 2228 qui
2941 2157 3109 2213 corda
3154 2159 3475 2228 cognoscit;

1891 2259 2082 2306 notum
2128 2257 2184 2306 et
2216 2248 2550 2305 fraternitati
2585 2252 2760 2315 omni,
2811 2265 2936 2320 qua:
2982 2265 3116 2305 mem
3148 2249 3483 2307 humilitatis

1891 2342 2197 2413 periculum
2238 2339 2393 2396 fecit.
2433 2338 2550 2395 lmo
2578 2341 2745 2395 etiam
2779 2339 2856 2394 illi
2886 2340 3018 2409 ipsi,
3055 2341 3150 2412 qui
3203 2356 3295 2396 me
3328 2356 3477 2397 nunc

1891 2434 2245 2490 vehementer
2276 2433 2557 2497 incusant,
2591 2446 2748 2488 suam
2782 2418 3032 2503 ipsorum
3078 2432 3473 2489 conscientiam

1891 2533 2333 2600 perscrutentur,
2391 2540 2456 2581 ac
2500 2532 2734 2582 noscent
2771 2540 2862 2581 me
2911 2540 2943 2579 a
2993 2539 3165 2597 puero
3206 2528 3367 2601 longe
3406 2529 3479 2584 ab

1892 2619 2171 2692 ejusmodi
2203 2618 2555 2691 dogmatibus
2587 2626 2859 2674 remotum
2882 2614 3077 2677 fuisse.

1964 2805 2019 2860 5.
2049 2802 2191 2870 Quid
2232 2812 2414 2857 autem
2449 2797 2685 2855 sentiam
2709 2838 2723 2863 ,
2755 2798 2800 2855 si
2832 2798 2959 2871 quis
2986 2798 3253 2871 requirat,
3281 2800 3333 2855 id
3358 2816 3480 2873 per-

1893 2897 2088 2968 spiciet
2122 2910 2187 2951 ex
2227 2894 2325 2949 illo
2355 2892 2563 2963 scripto
2583 2930 2598 2956 ,
2632 2892 2721 2946 cui
2746 2892 2996 2962 apposita
3024 2902 3110 2947 est
3138 2906 3329 2947 eorum
3352 2907 3481 2964 pro-

1894 2992 2015 3062 pria
2052 3003 2218 3044 manu
2258 2984 2633 3055 subscriptio,
2670 3000 2835 3056 quam
2873 2983 3005 3040 dum
3039 2986 3230 3040 volunt
3264 2985 3477 3052 delere,

1894 3075 2181 3132 mutationi
2199 3089 2313 3132 sua:
2330 3074 2570 3130 latebras
2589 3075 2645 3127 in
2665 3073 2961 3131 calumniis
2979 3077 3183 3131 nostris
3205 3088 3477 3146 quarunt.

1896 3167 2019 3223 Non
2049 3167 2196 3223 enim
2231 3167 2476 3221 fatentur
2516 3180 2575 3221 se
2603 3164 2894 3235 paenitere,
2930 3167 3076 3235 quod
3108 3168 3310 3222 tradito
3344 3169 3481 3240 ipsis

1896 3270 1929 3314 a
1959 3273 2047 3314 me
2078 3257 2266 3313 libello
2297 3254 2766 3326 subscripserint:
2799 3254 2897 3310 sed
2926 3254 3061 3308 mihi
3091 3253 3337 3310 inferunt
3366 3257 3480 3311 cri-

1896 3350 2045 3405 mina
2076 3347 2374 3419 impietatis
2401 3388 2415 3411 ,
2457 3347 2562 3401 rati
2588 3346 2866 3401 neminem
2908 3345 3117 3414 videre,
3152 3354 3475 3417 praetextum

1895 3458 2021 3499 esse
2054 3442 2299 3511 ipsorum
2333 3454 2365 3493 a
2403 3454 2493 3494 me
2522 3438 2983 3509 disjunctionem;
3013 3446 3069 3491 at
3101 3453 3289 3494 revera
3324 3455 3421 3496 eos
3449 3456 3478 3494 a

1898 3537 2003 3591 fide
2045 3533 2337 3600 defecisse,
2384 3547 2550 3603 quam
2603 3547 2747 3602 saape
2799 3545 2983 3586 coram
3036 3531 3225 3587 multis
3270 3532 3480 3603 scripto

1896 3625 2157 3698 professi,
2189 3624 2408 3678 tandem
2443 3631 2497 3677 et
2526 3638 2556 3676 a
2588 3637 2678 3676 me
2708 3621 2963 3675 traditam
2998 3628 3384 3690 susceperunt,
3416 3638 3480 3675 ac

1895 3718 1966 3774 iis
1991 3715 2465 3784 subscripserunt,
2506 3728 2628 3783 qua:
2660 3711 2918 3767 omnibus
2952 3711 3131 3781 legere
3156 3713 3300 3777 licet,
3327 3722 3380 3767 et
3411 3714 3481 3768 ab

1897 3809 2037 3880 ipsis
2071 3807 2292 3877 scriptis
2320 3804 2538 3860 edoceri
2571 3805 2877 3859 veritatem.
2917 3800 3267 3858 Manifestum
3297 3814 3479 3858 autem

1898 3902 2118 3956 illorum
2146 3903 2251 3954 erit
2292 3897 2658 3968 propositum,
2695 3896 2741 3952 si
2772 3896 2900 3967 quis
2945 3904 3070 3965 post
3113 3896 3482 3967 subscriptio-

1897 4009 2044 4058 nem,
2071 4006 2234 4062 quam
2271 3990 2430 4045 nobis
2452 3988 2617 4061 344
2643 3988 2933 4053 dederunt,
2966 3989 3109 4059 legat
3133 3989 3290 4044 fidem
3316 4005 3480 4061 quam

1897 4084 2117 4140 Gelasio
2161 4081 2474 4144 tradidere,
2508 4088 2563 4134 et
2588 4078 3006 4150 .animadvertat
3043 4087 3314 4148 quantum
3361 4082 3478 4135 haec

202 4182 525 4254 προαίρεσις
548 4220 563 4243 ,
603 4182 698 4235 ἐάν
725 4198 810 4244 τις
857 4179 996 4251 μετά
1019 4178 1118 4251 τὴν
1147 4180 1474 4253 ὑπογραφὴν
1495 4220 1510 4244 ,
1551 4181 1618 4252 ἢν
1659 4183 1792 4253 ἡμῖν

1897 4177 1968 4232 ab
1998 4176 2089 4230 illa
2129 4172 2410 4229 confessio
2446 4168 2685 4226 differat.
2727 4167 3001 4236 Quocirca
3035 4171 3127 4241 qui
3170 4179 3280 4225 tam
3323 4169 3483 4227 facile

201 4273 488 4327 ἐπέδωκαν
533 4273 645 4342 (55)
672 4313 687 4337 ,
736 4271 955 4343 ἀναγνῷ
1003 4271 1104 4343 τὴν
1146 4270 1328 4327 πίστιν
1363 4311 1379 4337 ,
1426 4272 1492 4344 ὴν
1550 4273 1792 4345 Γελασίῳ

1897 4270 1955 4325 in
1982 4267 2261 4323 contraria
2285 4270 2598 4328 vertuntur,
2630 4276 2699 4316 ne
2723 4270 3039 4317 scrutentur
3064 4263 3275 4319 alienas
3307 4262 3483 4319 festu~

203 4365 486 4419 ἐπέδωκαν
509 4406 526 4432 ,
556 4366 651 4419 καὶ
688 4363 802 4436 γνῴ
842 4364 1009 4417 πόσον
1049 4362 1111 4415 τὸ
1133 4361 1391 4433 διάφορον
1436 4363 1656 4435 ἐκείνης
1692 4365 1792 4436 τῆς

1898 4379 2032 4418 cas:
2076 4360 2171 4417 sed
2204 4358 2414 4414 trabem
2448 4357 2504 4411 in
2542 4371 2644 4412 suo
2683 4357 2932 4426 ipsorum
2977 4355 3140 4409 oculo
3184 4355 3482 4414 haerentem

201 4457 497 4529 ὁμολογίας
544 4456 681 4523 πρὸς
724 4453 951 4527 ταύτην.
997 4455 1061 4508 Oi
1117 4454 1298 4507 τοίνυν
1332 4453 1506 4518 οὕτως
1551 4454 1792 4519 εὐκόλως

1896 4454 2123 4525 ejiciant
2149 4450 2216 4507 “.
2248 4449 2522 4504 Cazterum
2552 4448 2770 4515 plenius
2794 4446 2850 4501 in
2876 4447 2981 4501 alia
3004 4447 3234 4518 epistola
3266 4449 3336 4504 de
3361 4465 3484 4505 om-

203 4550 343 4622 πρὸς
395 4549 466 4603 τὰ
519 4548 736 4602 ἐναντία
771 4545 1237 4619 μετατρεπόμενοι
1295 4546 1369 4617 μὴ
1428 4545 1497 4599 τὰ
1534 4545 1793 4618 ἀλλότρια

1897 4548 2062 4602 nibus
2087 4541 2489 4614 respondemus
2517 4548 2573 4595 et
2600 4538 2868 4594 docemus
2895 4558 2907 4593 :
2934 4555 3054 4609 qua:
3075 4541 3293 4610 quidem
3324 4543 3483 4612 plura

204 4646 391 4715 κάρφη
426 4641 890 4712 διερευνάτωσαν’
941 4636 1078 4691 ἀλλά
1125 4636 1224 4708 τὴν
1283 4634 1437 4689 δοκόν
1468 4635 1570 4708 τὴν
1608 4639 1664 4690 ἐν
1715 4636 1793 4709 τῷ

1897 4634 2349 4695 desiderantibus
2380 4629 2711 4686 satisfaciet.
2742 4627 2855 4685 Vos
2887 4640 3070 4685 autem
3101 4632 3157 4686 in
3188 4634 3482 4702 praisentia

203 4736 393 4806 οἰκείῳ
419 4732 685 4803 ὀφθαλμῷ
715 4730 1150 4785 ἐκϐαλλέτωσαν.
1200 4728 1607 4800 Ἐντελέστερον
1637 4728 1697 4782 δὲ
1725 4730 1792 4784 δι’

1896 4733 2141 4802 acceptis
2175 4730 2261 4785 his
2293 4728 2429 4783 meis
2465 4725 2664 4781 litteris
2686 4764 2701 4789 ,
2743 4724 3025 4779 tristitiam
3061 4741 3280 4780 omnem
3314 4726 3479 4797 depo-

203 4826 373 4898 ἄλλης
398 4824 695 4895 ἐπιστολῆς.
719 4825 850 4896 περὶ
886 4822 1105 4877 πάντων
1127 4822 1222 4875 καὶ
1254 4820 1671 4891 ἀπολογούμεθα
1698 4824 1794 4877 καὶ

1898 4829 2033 4890 nite,
2059 4834 2112 4880 et
2134 4824 2461 4880 charitatem
2490 4834 2620 4891 erga
2650 4833 2754 4873 nos
2783 4818 3187 4884 confirmate”,
3219 4819 3292 4874 ob
3317 4836 3480 4890 quam

202 4921 563 4991 διδάσκομεν,
597 4919 722 4991 ἥτις
761 4916 1171 4989 πληροφορήσει
1204 4915 1333 4978 τοὺς
1375 4915 1437 4968 τὸ
1474 4914 1639 4968 πλέον
1669 4917 1792 4969 ἐπι-

1896 4922 2056 4976 vobis
2105 4918 2366 4988 conjungi
2402 4914 2758 4969 vehementer
2811 4911 3012 4967 ambio.
3050 4911 3254 4967 Maeror
3298 4923 3481 4970 autem

204 5012 526 5085 ζητοῦντας.
573 5011 764 5083 Ὑμεῖς
811 5009 869 5063 δὲ
909 5011 967 5063 ἐν
1017 5007 1097 5078 τῷ
1134 5006 1362 5078 παρόντι
1412 5005 1587 5059 ταῦτα
1634 5008 1791 5079 ὴμῶν

1899 5014 2035 5070 mihi
2065 5012 2340 5067 maximus
2368 5016 2424 5065 et
2451 5007 2612 5063 dolor
2650 5003 2837 5060 animo
2882 5004 3228 5071 insolubilis,
3268 5005 3315 5062 si
3356 5014 3480 5062 tan-

287 5133 326 5166 ³³
350 5129 541 5187 Matth.
564 5143 722 5192 χχιιι,
758 5125 850 5180 24.
926 5124 972 5156 ³⁵
1001 5122 1196 5178 Matth.
1225 5138 1324 5186 vn,
1354 5121 1410 5177 4.
1487 5123 1532 5155 ³⁸
1565 5121 1611 5176 ll
1647 5124 1776 5183 Cor.
1810 5146 1871 5202 ιι,
1910 5132 1963 5187 8.

287 5224 512 5300 (28)__‘H_
543 5222 600 5278 el
642 5217 1092 5300 rara._}_'pcnlam
1143 5217 1193 5268 εί
1233 5213 1418 5300 addidi
1454 5230 1519 5299 ex
1543 5213 1702 5300 'Harl.
1734 5225 1791 5273 et

1897 5223 2439 5300 dus-{pauitantem

205 5284 350 5355 Med.
376 5284 552 5350 Paulo
579 5301 705 5361 post
755 5288 888 5345 editi
927 5289 1006 5351 είς
1036 5285 1320 5340 κοινωνίαν
1353 5284 1395 5407 η
1431 5285 1790 5362 εὐχήνκτιόε

205 5385 321 5407 ωας
410 5368 492 5407 εἶθ
543 5361 827 5407 κοινιιινίαε
879 5358 1063 5407 εὐνήν.
1115 5355 1310 5407 Melius
1352 5354 1504 5407 lari.
1533 5364 1587 5407 et
1616 5359 1788 5407 cois]-

1970 5284 2083 5365 (5i
2130 5284 2464 5361 Ὑπογραφὴ
2493 5289 2700 5344 αὐτοῦ.
2733 5289 2810 5344 ita
2841 5295 2957 5344 tres
2988 5287 3350 5344 vetustissimi
3388 5303 3483 5345 co-

1896 5362 2065 5407 dippe,
2103 5362 2245 5407 Eilili
2278 5360 2573 5407 ὑπονοαεοὴ
2598 5360 2801 5407 αὐτῶν-
3082 5374 3089 5380 “

204 5354 342 5426 ιιιεε.
410 5368 492 5429 είς
543 5354 827 5424 κοινωνίας
879 5358 1086 5432 εὐχήν.-
1115 5355 1310 5411 Melius
1352 5354 1587 5409 Harl.et
1616 5354 1788 5415 Coisl.

1896 5354 2076 5419 dices:
2103 5362 2246 5417 Editi
2277 5354 2575 5432 ὅπογραφὴ
2598 5360 2821 5432 αὐτῶνη
3011 5427 3049 5432 _
3073 5374 3089 5432 _‘

205 5426 694 5513 primustQuosin
728 5426 1089 5513 textunsectui
1129 5441 1348 5513 sumus.
1637 5495 1703 5513 η
1752 5498 1765 5513 θ

2113 5435 2179 5513 δέ
2203 5426 2696 5513 πᾷσινῖιιιὶνιῐιεξ.
2730 5427 3154 5510 qui_nque.Editi
3188 5426 3253 5513 ἃς
3288 5430 3475 5513 assiste.

279 5509 401 5581 (29)Δ
428 5494 558 5581 "fo'u
572 5502 691 5581 μὲν
715 5497 1293 5581 οῇιςκυιιίιιιιὶχοειιια
1328 5494 1511 5581 ξιξόίιέ
1539 5511 1603 5551 ex
1620 5495 1788 5581 ροισι.

1966 5494 2077 5581 (55)
2113 5502 2474 5581 Ἐπέδωκαν.
2504 5499 2713 5581 __Harl_._
2749 5494 2928 5581 prima
2976 5514 3141 5581 manu
3195 5499 3476 5581 etntloﬁsl.

202 5590 259 5658 et
284 5565 480 5658 ‘Coisl.
515 5565 717 5658 primo.
757 5570 963 5658 ibidem
994 5568 1140 5638 ,editi
1177 5565 1559 5636 συντιθέμεθα.
1617 5567 1787 5623 [idem

1896 5565 2469 5658 ρι’ἱίιιιὶεηάπέδωκαν.
2503 5570 2624 5627 Mox
2666 5565 2806 5626 Med.
2835 5584 2962 5625 cum
3001 5570 3179 5625 tribus
3220 5567 3347 5627 aliis
3378 5569 3481 5622 Γε-

204 5651 319 5706 duo
342 5643 568 5703 codices
591 5651 653 5697 ut
680 5644 735 5697 in
759 5649 932 5697 textu.
1347 5704 1371 5706 _

1896 5643 2066 5702 λασίω
2101 5643 2326 5699 ἔδωκαν.

280 5720 391 5794 (50)
421 5713 828 5787 Γραμματίου.
867 5709 1038 5767 Coisl.
1070 5717 1318 5779 uterque,
1346 5704 1549 5778 Regius
1586 5722 1786 5764 secun-
