3862 6220
414 295 518 349 Si?)
1723 277 1776 334 S.
1815 273 2062 332 BASILII
2104 274 2318 331 MAGNI
3568 269 3677 326 8“

409 408 659 466 narrabit
685 403 1043 467 desiderium,
1075 415 1185 473 quo
1213 415 1310 456 vos
1346 395 1757 469 prosequimur,
1788 411 1852 450 ac
1879 396 1992 451 sol-
2021 399 2039 455 Α

2146 415 2183 450 ιν
2215 393 2699 468 συμπρεσὸύτερον
2719 433 2734 459 ,
2776 391 2837 457 ὃς
2863 391 3187 464 διηγήσεται
3239 390 3369 461 ὒμῖν
3411 386 3504 441 τὸν
3538 386 3679 457 ἠμέ-

413 503 753 559 licitudinem
796 498 991 554 animae
1038 504 1272 551 nostrae:
1310 491 1511 565 quippe
1543 505 1668 545 cum
1714 497 1883 543 noctu
1926 501 1991 541 ac

2146 501 2248 550 pov
2279 483 2442 536 πόθον
2478 483 2538 537 ὃν
2579 482 2776 553 ἔχομεν
2819 483 2904 550 ἐφ’
2937 481 3099 551 ὑμῖν,
3141 479 3236 533 καὶ
3262 477 3361 549 τὴν
3401 477 3678 547 μέριμναν

415 594 653 650 interdiu
680 590 973 646 Dominum
998 600 1254 658 rogemus
1279 585 1346 651 ",
1362 591 1431 637 .ut
1452 581 1665 653 probati
1686 587 1740 636 et
1761 579 1992 651 spectati

2146 575 2200 628 ὒν
2229 574 2420 646 ψυχῶν
2451 571 2611 645 ἡμῶν
2635 571 2779 644 (45),
2804 572 2883 626 ὅτι
2923 571 3114 634 νυκτὸς
3161 571 3257 624 καὶ
3305 569 3516 640 ἡμέρας
3562 565 3682 617 δεό-

385 706 388 754 j
418 688 562 749 sitis,
597 693 658 740 ut
685 693 737 740 et
773 697 874 737 nos
921 656 1221 734 habeamus
1253 675 1513 731 ﬁduciam
1556 675 1614 728 in
1647 672 1736 729 die
1777 672 1994 735 Domini

2146 666 2236 720 εθα
2271 664 2366 719 τοῦ
2392 663 2593 736 Κυρίου
2645 663 2775 734 περὶ
2803 664 2904 734 τῆς
2940 662 3095 733 ὑμῶν
3124 660 3550 730 εὐδοκιμήσεως,
3587 656 3683 709 ἵνα

421 746 596 833 nostri
621 774 752 830 Jesu
773 770 980 828 Christi
1001 770 1074 824 ob
1095 774 1331 824 vestram
1363 766 1618 830 salutem,
1646 772 1700 820 et
1722 778 1821 819 vos
1843 761 1998 817 etfui-

2146 759 2189 811 ι).
2217 759 2381 828 ἡμεῖς
2410 756 2624 826 ἔχωμεν
2666 754 2979 826 παρρησίαν
3025 754 3084 805 ὲν
3119 755 3184 823 τῇ
3228 751 3411 822 ἡμέρᾳ
3433 746 3530 801 τοῦ
3561 749 3684 801 Κυ-

380 840 391 878 'l
420 867 595 937 geatis
622 866 676 918 in
719 862 1012 933 splendore
1041 865 1384 920 sanctorum,
1415 872 1542 911 cum
1566 870 1710 925 opus
1750 861 1994 911 vestrum

2146 850 2216 904 ἴου
2246 849 2402 920 ήμῶν
2448 846 2625 918 Ἰησοῦ
2653 844 2892 917 Χριστοῦ
2927 844 3017 898 διὰ
3047 844 3147 913 τῆς
3173 842 3325 912 ὑμῶν
3359 840 3472 910 (46)
3507 856 3687 904 σωτη-

424 931 529 1014 sub
575 931 872 1028 justo—Dei
915 952 1123 1024 judicio
1174 949 1535 1020 expendetur.
1585 947 1762 1002 Simul
1818 955 1997 1000 autem

2146 940 2256 1004 ἰας,
2290 938 2383 993 καὶ
2423 941 2583 1010 ὑμεῖς
2621 937 2937 1009 ἐκλάμψητε
2971 937 3030 990 ἐν
3063 938 3128 1006 τῇ
3172 933 3521 1004 λαμπρότητι
3568 931 3686 982 τῶν

425 1021 658 1107 munem
693 1047 854 1103 nobis
893 1021 1279 1100 sollicitudinis
1319 1041 1494 1110 injicit
1538 1038 1823 1110 praesentis
1863 1045 2000 1092 lem-

2146 1030 2270 1098 γίων
2293 1070 2310 1095 ,
2347 1029 2775 1101 δοκιμαζομένου
2813 1027 2967 1099 ὑμῶν
2998 1025 3094 1098 τοῦ
3129 1025 3291 1096 ἔργου
3324 1023 3430 1076 ὑπὸ
3458 1023 3558 1092 τῆς
3603 1021 3689 1074 δι-

423 1140 578 1211 poris
615 1137 934 1198 difficultas,
968 1135 1025 1188 in
1063 1147 1174 1203 quo
1206 1131 1465 1186 Ecclesiae
1493 1144 1685 1185 omnes
1715 1135 2003 1183 commotae

2146 1121 2444 1192 αιοκρισίας
2489 1120 2584 1174 τοῦ
2620 1119 2778 1174 Θεοῦ.
2813 1119 2965 1190 ’Ἅμα
3015 1118 3072 1170 δὲ
3112 1117 3245 1188 ἡμῖν
3279 1112 3478 1184 πολλὴν
3527 1112 3690 1183 μέρι-

429 1237 580 1293 sunt,
613 1236 666 1282 et
694 1242 886 1282 omnes
911 1225 1106 1278 anima:
1133 1222 1468 1276 cribrantur.
1492 1220 1841 1290 Aperuerunt
1855 1216 2001 1271 enim

2147 1232 2241 1268 ναν
2269 1215 2490 1285 ἐμποιεῖ
2520 1211 2615 1266 τοῦ
2660 1212 3026 1282 κατασχόντος
3061 1207 3254 1280 καιροῦ
3287 1205 3479 1259 τούτου
3523 1207 3556 1275 ή
3584 1221 3693 1274 χα-

430 1321 681 1377 nonnulli
728 1317 1021 1373 immodice
1071 1329 1170 1370 ora
1220 1327 1320 1368 sua
1370 1313 1632 1366 adversus
1681 1321 2000 1364 conservos.

2146 1306 2335 1376 επότης
2361 1344 2376 1368 ,
2419 1307 2476 1357 ἐν
2505 1297 2549 1371 ᾧ
2593 1305 2764 1357 πᾶσαι
2799 1303 2899 1373 μὲν
2941 1299 3258 1371 Ἐκκλησίαι
3292 1296 3691 1367 ἐσαλεύθησαν,

430 1413 773 1468 Praedicatur
833 1409 1006 1464 libere
1079 1404 1468 1466 mendacium,
1519 1402 1721 1458 veritas
1782 1400 2008 1454 abscon-

2146 1400 2276 1452 ‘acat
2330 1398 2388 1451 δέ
2437 1396 2608 1467 ψυχαὶ
2660 1393 3012 1457 σινιάζονται.
3068 1387 3323 1454 Ἤνοιξαν
3373 1389 3483 1459 γάρ
3543 1403 3693 1449 τινες

432 1506 606 1561 ditur.
657 1502 720 1556 Et
778 1497 1024 1554 accusati
1096 1494 1320 1566 quidem
1380 1492 1820 1548 condemnamur
1887 1491 2006 1546 sine

2146 1489 2341 1560 φειδῶς
2375 1489 2623 1560 στόματα
2657 1484 2800 1540 κατὰ
2827 1484 2934 1538 τῶν
2968 1481 3294 1554 ὁμοδούλων.
3327 1481 3587 1534 Λαλείται
3630 1477 3694 1530 τὸ

431 1596 662 1667 judicio,
724 1587 1142 1647 accusatoribus
1217 1600 1350 1640 vero
1402 1583 1648 1640 creditur
1707 1583 1826 1637 sine
1877 1596 2011 1636 exa-

2150 1581 2299 1644 εῦδος
2331 1580 2547 1650 ἀφόϐως
2569 1595 2583 1610 ·
2620 1580 2654 1649 ή
2688 1578 2913 1648 ἀλήθεια
2969 1575 3435 1643 συγκεκάλυπται.
3480 1570 3596 1623 Καὶ
3643 1569 3696 1621 οἱ

436 1686 605 1741 mine.
655 1681 807 1738 Unde
849 1687 905 1736 et
951 1692 1053 1748 ego
1095 1691 1222 1731 cum
1263 1674 1541 1730 audissem
1583 1672 1785 1726 multas
1821 1670 1878 1724 in
1921 1683 2009 1722 me

2146 1670 2215 1724 ιέν
2248 1667 2714 1741 κατηγορούμενοι
2753 1663 3210 1723 καταδικάζονται
3239 1662 3480 1732 ἀκρίτως
3505 1675 3518 1688 ·
3551 1659 3601 1711 οἱ
3635 1657 3696 1709 δέ

438 1776 784 1833 circumferri
821 1734 1114 1844 epistcilas,
1160 1783 1284 1839 quae
1325 1772 1575 1837 pungunt
1619 1771 1676 1819 et
1717 1761 2012 1818 decantant

2146 1759 2546 1832 ιατηγοροῦντες
2573 1756 2918 1810 πιστεύονται
2941 1753 3329 1818 ἀνεξετάστως.
3351 1749 3516 1802 Ὅθεν
3538 1745 3698 1815 κάγὼ

439 1881 494 1925 et
533 1869 602 1924 de
644 1867 809 1922 rebus
856 1841 1201 1927 insimulant,
1241 1874 1342 1930 pro
1383 1857 1585 1928 quibus
1619 1863 1809 1926 parata
1851 1853 2012 1908 nobis

2146 1852 2387 1916 κούσας,
2431 1851 2513 1903 ὅτι
2559 1848 2751 1902 πολλαὶ
2795 1847 2916 1900 κατ’
2966 1845 3101 1915 ἐμοῦ
3147 1845 3532 1915 περιφέρονται
3577 1841 3700 1891 ἐπι-

440 1960 585 2035 apud
633 1957 884 2016 veritatis
930 1954 1170 2011 tribunal
1219 1950 1501 2014 defensio,
1541 1957 1724 2003 tacere
1758 1945 2013 2017 equidem

442 2052 660 2119 statui;
705 2049 857 2121 quod
904 2059 958 2104 et
1001 2044 1256 2118 praestiti.
1308 2040 1529 2098 Tertius
1583 2039 1728 2093 enim
1766 2038 1878 2107 jam
1926 2036 2015 2089 hic

443 2161 621 2202 annus
663 2152 767 2208 est,
809 2157 876 2197 ex
923 2129 1034 2210 quo
1096 2138 1417 2193 verberatus
1461 2131 1756 2189 calumniis
1805 2129 2016 2200 ﬂagella

445 2234 817 2294 accusationis
853 2231 1072 2304 perfero
1106 2249 1123 2298 ;
1165 2234 1460 2284 contentus
1509 2223 1657 2296 quod
1699 2221 2015 2287 Dominum,

445 2333 540 2404 qui
581 2343 784 2385 arcana
821 2326 1008 2391 novit,
1049 2322 1340 2378 calumniae
1379 2326 1577 2374 testem
1622 2317 1876 2370 habeam.
1913 2310 2020 2367 Sed

447 2402 574 2494 quia
620 2419 782 2477 video
843 2417 1048 2472 multos
1101 2414 1215 2484 jam
1283 2410 1564 2466 silentium
1625 2413 1877 2461 nostrum
1951 2402 2019 2456 ad

448 2513 851 2570 calumniarum
897 2504 1368 2563 confirmationem
1413 2499 1715 2569 accepisse,
1759 2511 1860 2551 nec
1919 2510 2022 2550 nos

449 2604 717 2677 patientia
759 2599 1109 2656 existimasse
1163 2593 1432 2648 adductos
1487 2590 1671 2652 silere,
1721 2585 1819 2642 sed
1875 2584 2024 2656 quod

453 2676 646 2751 contra
692 2690 978 2748 veritatem
1029 2687 1242 2742 hiscere
1291 2698 1403 2738 non
1454 2681 1772 2752 possimus;
1819 2676 2025 2732 idcirco

452 2788 695 2844 scribere
727 2785 884 2841 vobis
920 2793 1213 2852 aggressus
1256 2790 1411 2840 sum,
1449 2774 1750 2830 obsecrans
1785 2780 2025 2828 vestram

454 2883 512 2935 in
572 2878 797 2935 Christo
856 2871 1228 2934 dilectionem,
1277 2875 1339 2922 ut
1388 2866 1748 2922 concinnatas
1795 2863 1864 2917 ab
1917 2875 2028 2916 una

455 2981 613 3044 parte
668 2967 974 3024 calumnias
1022 2979 1136 3017 non
1197 2960 1423 3017 omnino
1473 2956 1777 3012 admittatis
1826 2964 1889 3009 ut
1937 2969 2030 3008 ve-

2115 1940 2317 2004 στολαὶ,
2363 1938 2639 2003 στίξουσαι
2671 1936 2820 2006 ἡμᾶς
2854 1933 2949 1988 καὶ
2987 1930 3398 2002 στηλιτεύουσαι
3430 1925 3526 1980 καὶ
3553 1939 3698 1978 κατ-

2113 2031 2409 2106 ηγοροῦσαι
2457 2031 2549 2086 ἐπὶ
2586 2031 2902 2102 πράγμασιν
2953 2027 3065 2097 (47)
3091 2064 3105 2089 ,
3146 2017 3220 2077 ὧν
3263 2021 3361 2092 τὴν
3400 2018 3702 2086 ἀπολογίαν

2117 2127 2342 2196 ἑτοίμην
2370 2123 2568 2195 ἔχομεν
2611 2122 2705 2176 ἐπὶ
2737 2121 2832 2174 τοῦ
2877 2117 3232 2189 δικαστηρίου
3277 2115 3376 2185 τῆς
3417 2111 3702 2182 ἀληθείας,

2117 2217 2355 2289 ὥρμησα
2386 2215 2485 2285 μὲν
2517 2213 2832 2283 σιωπῆσαι,
2882 2210 2911 2263 ὃ
2945 2211 3039 2263 καὶ
3073 2207 3306 2276 ἐποίησα
3328 2221 3342 2234 ’
3372 2202 3554 2273 τρίτον
3590 2200 3706 2273 γὰρ

2117 2309 2220 2380 ἥδη
2254 2306 2414 2360 τοῦτο
2443 2305 2561 2369 ἔτος
2591 2305 2737 2357 ἐστὶν
2754 2343 2769 2368 ,
2804 2304 2862 2357 ἐν
2890 2296 2934 2370 ᾧ
2960 2299 3294 2369 τυπτόμενος
3321 2294 3430 2365 (48)
3461 2292 3566 2345 ὑπὸ
3592 2291 3710 2345 τῶν

2119 2399 2381 2454 διαϐολῶν
2410 2397 2562 2469 φέρω
2591 2397 2689 2459 τὰς
2735 2395 2834 2464 τῆς
2871 2391 3204 2463 κατηγορίας
3243 2389 3546 2460 μάστιγας,
3599 2385 3711 2454 ἀρ⁴

2121 2489 2420 2560 κούμενος,
2467 2487 2552 2540 ὃτι
2589 2485 2697 2554 έχω
2725 2483 2964 2556 Κύριον,
3001 2482 3091 2534 τὸν
3127 2480 3236 2533 τῶν
3271 2476 3532 2549 κρυπτῶν
3557 2473 3711 2542 γνώσέ

2125 2598 2285 2650 στην,
2339 2579 2593 2651 μάρτυρα
2636 2577 2736 2646 τῆς
2794 2574 3161 2643 συκοφαντίας
3186 2590 3200 2602 ·
3238 2570 3428 2642 ἐπειδὴ
3464 2569 3522 2622 δέ
3569 2567 3710 2637 ὁρῶ,

2124 2676 2205 2728 ὅτι
2239 2673 2424 2727 πολλοὶ
2453 2672 2554 2743 ἤδη
2595 2671 2694 2740 τὴν
2733 2667 2942 2739 σιωπὴν
2976 2666 3133 2738 ἡμῶν
3166 2667 3246 2728 είς
3278 2662 3564 2734 βεϐαίωσιν
3596 2659 3716 2713 τῶν

2124 2769 2383 2825 διαϐολῶν
2413 2766 2778 2841 παρεδέξαντο
2797 2805 2812 2829 ,
2841 2765 2935 2818 καὶ
2963 2765 3022 2818 οὐ
3053 2762 3142 2816 διὰ
3175 2758 3558 2833 μακροθυμίαν
3589 2756 3717 2808 ὲνόσ

2132 2879 2293 2933 μισαν
2334 2861 2482 2932 ἡμᾶς
2515 2859 2763 2929 σιωπᾷν,
2808 2855 2946 2910 ἀλλά
2990 2855 3081 2908 διὰ
3127 2854 3189 2907 τὺ
3229 2852 3304 2924 μὴ
3337 2851 3482 2921 ἐχειν
3525 2849 3723 2920 διᾶραι

2132 2955 2307 3024 στόμα
2332 2952 2468 3023 πρὸς
2501 2951 2600 3021 τὴν
2632 2947 2891 3019 ἀλήθειαν
2915 2963 2928 2977 ·
2957 2945 3149 2998 τούτου
3179 2943 3367 2998 ἕνεκεν
3414 2940 3719 3011 ἐπειράθην

456 3081 549 3121 ras
593 3082 608 3118 :
653 3056 1138 3133 quandoquidem,
1184 3063 1247 3108 ut
1293 3052 1561 3122 scriptum
1605 3063 1710 3115 est,
1755 3047 2026 3102 neminem

2146 3045 2429 3099 επιστεῖλαι
2459 3044 2610 3114 ὑμῖν,
2641 3039 2976 3111 παρακαλῶν
3011 3038 3112 3108 τὴν
3153 3039 3211 3090 ἐν
3238 3034 3460 3107 Χριστῷ
3487 3033 3722 3102 ἀγάπην

456 3159 544 3211 lex
583 3154 818 3225 judicat.
859 3149 970 3205 nisi
1011 3148 1167 3218 prius
1214 3145 1424 3214 audiat,
1459 3152 1515 3199 et
1556 3146 1850 3213 cognoscat
1878 3139 2032 3212 {quid

459 3250 667 3306 fecerit.

517 3534 591 3586 2.
621 3529 949 3600 Quanquam
1000 3539 1156 3595 aequo
1185 3523 1406 3594 quidem
1433 3520 1604 3592 judici
1636 3536 1725 3576 res
1757 3519 1888 3590 ipsa
1916 3518 2036 3575 suf-

465 3625 658 3679 ficiunt
698 3620 768 3675 ad
804 3615 1194 3674 declarandam
1241 3614 1545 3670 veritatem.
1598 3610 1780 3678 Quare
1819 3611 2036 3668 etiamsi

464 3729 569 3771 nos
619 3721 920 3776 taceamus,
980 3708 1108 3762 licet
1165 3706 1322 3760 vobis
1365 3703 1640 3774 respicere
1693 3701 1763 3756 ad
1819 3717 1883 3757 ea
1919 3716 2040 3771 quae

468 3806 625 3860 fiunt.
665 3801 772 3869 Qui
819 3801 966 3856 enim
1015 3814 1118 3854 nos
1157 3796 1424 3854 doctrinae
1468 3809 1650 3866 pravae
1698 3793 2038 3858 insimulant,

471 3898 526 3950 hi
577 3909 723 3949 nunc
786 3899 972 3962 aperte
1015 3889 1120 3944 visi
1166 3894 1296 3943 sunt
1349 3886 1738 3942 haereticorum
1790 3884 2041 3955 partibus

470 3980 718 4052 adjuncti
752 3999 766 4034 :
798 3979 892 4050 qui
927 3993 1030 4034 nos
1075 3977 1148 4032 ob
1191 3977 1369 4032 aliena
1407 3976 1611 4044 scripta
1645 3975 2039 4038 condemnant,

469 4073 912 4130 confessionibus
941 4070 1080 4134 suis,
1114 4085 1253 4140 quas
1284 4069 1444 4124 nobis
1478 4069 1712 4138 scriptas
1746 4068 2042 4131 tradidere,

470 4164 750 4222 adversari
788 4162 1223 4234 comperiuntur.
1283 4160 1642 4217 Considerate
1691 4160 2047 4215 consuetudi-

470 4274 597 4314 nem
631 4273 846 4321 eorum,
892 4257 987 4325 qui
1025 4254 1141 4308 haec
1185 4253 1425 4320 audent;
1457 4267 1577 4307 mos
1622 4251 1767 4306 enim
1806 4251 1915 4306 iliis
1961 4259 2046 4306 est

471 4361 690 4416 semper
742 4345 811 4399 ad
865 4343 1229 4414 potentiorem
1284 4353 1495 4412 partem
1548 4340 1937 4412 transfugere,
1990 4349 2046 4397 et

474 4437 805 4492 infirmiores
869 4434 1089 4505 quidem
1151 4433 1359 4488 amicos
1433 4433 1801 4498 conculcare,
1864 4432 2044 4488 colere
2075 4415 2121 4473 ι)

477 4538 657 4584 autem
701 4533 970 4597 potentes.
1010 4524 1149 4578 Nam
1185 4524 1279 4594 qui
1330 4523 1720 4579 celeberrimas
1769 4523 1894 4580 illas
1933 4523 2049 4595 epi-

553 4729 599 4758 ³⁸
627 4725 842 4782 Coloss.
877 4739 918 4789 ι,
949 4725 1002 4778 9.

557 4865 921 4954 (45)”Ηέιᾶη·.
979 4879 1139 4954 De_est
1188 4879 1245 4932 in
1294 4876 1730 4954 edi_tis;__leg_itur
1781 4878 1838 4954 i_n
1879 4877 2050 4954 Coisl.

483 4945 740 5019 utroque,
769 4945 911 5006 Med.
950 4959 1006 5004 et
1038 4949 1172 5019 Reg.
1197 4948 1458 5005 secundo.
1492 4945 1642 5002 Harl.
1672 4955 1731 5002 et
1777 4947 1912 5019 Reg.
1941 4949 2058 5018 pri.-

487 5038 610 5078 mus
631 5019 828 5078 habent
859 5019 1013 5092 ὑμῶν

561 5113 674 5185 (46)
707 5114 813 5168 Διὰ
838 5114 948 5185 τῆς
976 5110 1163 5181 ὑμῶν.
1185 5110 1269 5185 _l_ta
1298 5109 1810 5185 tres_yetustissir_ni
1842 5110 2060 5185 codices

487 5195 544 5238 et
569 5177 666 5238 alii
703 5177 952 5238 nonnulli
982 5177 1106 5236 cum
1135 5181 1373 5235 editione
1420 5177 1626 5249 Hagan.
1659 5189 1712 5235 et
1741 5177 1916 5235 Paris.
1972 5195 2060 5235 se-

490 5254 689 5309 cunda.
745 5253 878 5307 Aliae
930 5251 1201 5306 editiones
1248 5250 1337 5305 διὰ
1375 5249 1474 5318 τῆς
1503 5249 1680 5320 ήμῶν.
1721 5249 1893 5304 Paulo
1938 5259 2062 5320 post

490 5323 803 5444 Πηιμὲῦν
825 5321 919 5374 τοῦ
944 5321 1126 5391 ἔργου,
1157 5322 1299 5390 quod
1329 5320 1571 5390 quinque
1593 5334 1727 5374 mss.
1757 5336 1859 5389 ope
1880 5335 2064 5374 emen-

532 5408 761 5450 avrmus.

566 5483 679 5552 (47)
729 5483 884 5553 Ἑπίᾲ
916 5481 1280 5553 πράγμασιν.
1313 5481 1390 5536 ita
1416 5479 1610 5553 μω,
1647 5479 1803 5553 _Vat.,
1860 5480 2065 5551 Regius

495 5550 728 5622 ntérque
760 5561 815 5608 et
859 5550 1365 5622 Coisl.'secundus.
1412 5550 1555 5606 Editi
1588 5551 1772 5622 minus
1813 5550 2066 5607 accurate

498 5623 590 5676 ἐπὶ
612 5620 961 5694 γράμμασινέ
976 5621 1091 5676 Etsi
1115 5623 1263 5694 enim
1291 5637 1359 5694 ei;
1380 5621 1600 5694 scriptis
1623 5620 1946 5694 Apollinarii
1977 5637 2063 5675 an-

499 5689 880 5762 sam'arripuit
922 5691 1260 5759 Eustathius,
1294 5689 1361 5745 ad
1397 5689 1904 5748 invidiam’Basilio
1935 5706 2060 5748 con-

2134 3135 2287 3208 ὑμῶν
2315 3135 2456 3188 ὥστε
2499 3132 2600 3196 τάς
2651 3131 2711 3198 ἐξ
2757 3131 2875 3194 ἐνὸς
2911 3129 3110 3201 μέρους
3142 3126 3434 3197 γινομένας
3463 3123 3722 3186 διαϐολὰς

2137 3229 2212 3300 μὴ
2261 3227 2438 3298 πάντη
2486 3223 2890 3296 παραδέχεσθαι
2939 3223 3014 3285 ὼς
3057 3220 3308 3291 ἀληθεῖς·
3342 3218 3495 3284 διότι,
3533 3216 3724 3278 καθὼς

2133 3319 2480 3390 γέγραπται,
2514 3315 2704 3369 οὐδένα
2744 3314 2921 3386 κρίνει
2970 3314 2998 3366 ὁ
3024 3313 3218 3383 νόμος,
3253 3309 3348 3364 ἐὰν
3396 3309 3470 3380 μὴ
3503 3306 3726 3378 πρῶτον

2136 3409 2347 3481 ἀκούσῃ
2381 3408 2475 3463 καὶ
2505 3407 2620 3479 γνῷ
2652 3406 2705 3459 τί
2734 3408 2899 3459 ποιεῖ.

2208 3523 2266 3578 2.
2295 3520 2486 3574 Καίτοι
2514 3517 2819 3590 εὐγνώμονι
2862 3519 3024 3588 κριτῇ
3067 3516 3230 3587 ἀρκεῖ
3268 3512 3409 3567 αὐτὰ
3459 3512 3531 3565 τὰ
3576 3513 3729 3585 πρά-

2138 3632 2326 3686 γματα
2351 3613 2488 3686 πρὸς
2520 3612 2620 3682 τὴν
2639 3611 2737 3681 τῆς
2770 3609 3030 3680 ἀληθείας
3051 3606 3379 3678 φανέρωσιν.
3405 3604 3589 3666 Ὥστε,
3625 3603 3731 3656 κᾶν

2138 3709 2302 3778 ἡμεῖς
2361 3703 2727 3774 σιωπήσωμεν
2772 3700 2886 3772 (49)
2916 3739 2931 3762 ,
2987 3699 3197 3764 ἔξεστιν
3253 3697 3380 3768 ὑμῖν
3438 3694 3732 3764 διαϐλέψαι

2142 3797 2280 3869 πρὸς
2322 3796 2392 3850 τὰ
2428 3795 2709 3865 γινόμενα.
2746 3795 2810 3846 Οἱ
2862 3793 2972 3864 γὰρ
2998 3793 3157 3862 ’ἡμῖν
3201 3787 3521 3854 κακοδοξίαν
3557 3788 3734 3856 ἐγκα-

2141 3888 2360 3952 λοῦντες
2389 3888 2665 3958 ἐφάνησαν
2697 3884 2793 3939 νῦν
2826 3887 2892 3938 ἐκ
2936 3883 3030 3938 τοῦ
3082 3880 3395 3955 προφανοῦς
3445 3882 3511 3950 τῇ
3549 3878 3736 3951 μερίδι

2141 3980 2252 4034 τῶν
2289 3977 2582 4050 αἱρετικῶν
2635 3974 3049 4046 προστιθέμενοι
3075 3989 3088 4002 ·
3126 3973 3178 4025 οἱ
3228 3969 3368 4040 ὑπὲρ
3428 3966 3738 4037 ἀλλοτρίων

2147 4070 2542 4141 συνταγμάτων
2588 4067 2700 4138 (50)
2741 4066 2892 4137 ἡμᾶς
2939 4062 3360 4133 κατακρίνοντες
3410 4061 3530 4122 ταῖς
3572 4056 3742 4120 ἰδίαις

2145 4161 2456 4234 ὁμολογίαις
2473 4199 2488 4226 ,
2523 4159 2590 4223 ἃς
2611 4159 2906 4230 ἐγγράφως
2934 4155 3047 4225 (51)
3073 4155 3204 4225 ἡμῖν
3231 4150 3520 4206 κατέθεντο
3537 4190 3553 4215 ,
3581 4151 3743 4203 ἐναυ-

2147 4256 2419 4326 τιούμενοι
2477 4253 2778 4323 φαίνονται.
2834 4249 3086 4318 Νοήσατε
3137 4246 3236 4317 τὴν
3285 4242 3577 4315 συνήθειαν
3630 4243 3743 4294 τῶν

2148 4345 2320 4398 ταῦτα
2359 4339 2682 4413 τολμώντων
2707 4381 2720 4406 ,
2753 4340 2835 4392 ὅτι
2883 4337 3003 4400 ἔθος
3035 4337 3218 4399 αὐτοῖς
3250 4335 3338 4388 ἀεὶ
3367 4333 3507 4404 πρὸς
3541 4331 3609 4384 τὸ
3650 4331 3745 4385 δυ-

2156 4434 2313 4490 νατὸν
2356 4431 2739 4506 μετατίθεσθαι
2782 4431 2946 4501 μέρος
2968 4470 2982 4494 ,
3019 4429 3112 4483 καὶ
3142 4428 3268 4490 τοὺς
3305 4426 3406 4497 μέν
3446 4425 3744 4479 ἀσθενοῦν-

2157 4545 2255 4592 τας
2303 4527 2411 4582 τῶν
2469 4525 2637 4597 φίλων
2664 4524 3020 4598 ⁸καταπατεῖν
3057 4562 3074 4588 ,
3133 4519 3456 4593 θεραπεύειν
3507 4517 3566 4572 δὲ
3614 4519 3745 4580 τοὺς

2163 4860 2420 4985 ίιὲἓςίξῐξιί
2469 4874 2582 4914 non
2613 4866 2798 4914 tamen
2841 4857 2946 4911 hoc
2978 4868 3204 4910 unicum
3249 4851 3513 4922 nequitia:
3569 4853 3743 4908 telum

2165 4947 2196 4985 a
2275 4947 2290 4984 ι
2335 4946 2385 4984 ui
2417 4968 2433 4984 .

2165 4946 2433 4985 aODIDUIl}.

2237 5023 2350 5093 (48)
2388 5021 2778 5090 Ὶὶθπτόμενος.
2812 5027 2892 5073 Ita
2919 5033 3054 5074 mss.
3088 5016 3349 5088 quinque.
3390 5013 3540 5069 Editi
3573 5018 3743 5068 τυπόο

2212 5111 2329 5147 ενος
2334 5130 2349 5145 ο

2212 5111 2300 5147 ενο
2334 5130 2349 5145 ο

2170 5110 2351 5255 simi)
2386 5181 2804 5255 Euoagﬁowygr.
2830 5179 2909 5255 ita
2947 5187 3060 5234 tres
3105 5177 3464 5255 vetustissimi
3496 5177 3739 5255 codices.

2169 5249 2682 5322 Εάῖιῖσιωπῶμεν.
2715 5249 2885 5304 Paulo
2932 5258 3057 5322 post
3108 5249 3241 5304 editi
3288 5249 3740 5316 dveyxaloﬁweq,

2169 5326 2447 5393 ἐφάνησαν
2473 5318 2585 5375 οὖν’.
2616 5319 2718 5375 Sex
2752 5335 2882 5375 mss.
2911 5318 3045 5372 utin
3075 5326 3247 5374 textu.

2242 5414 2356 5484 (50)
2383 5410 2840 5500 βυντατμάτων.
2873 5409 3025 5465 Harl.
3058 5418 3112 5464 et
3153 5409 3322 5464 Coisl.
3365 5408 3586 5480 primus
3616 5423 3743 5474 συγ-

2171 5500 2532 5607 γραέιματων.

2243 5555 2261 5621 (
2304 5554 2355 5619 1)
2402 5551 2759 5621 Ἐτπράφωᾳ
2800 5549 2878 5605 lla
2927 5560 3039 5607 tres
3090 5548 3454 5606 vetustissimi
3504 5545 3740 5603 codices.

2175 5622 2322 5680 Editi
2349 5623 2678 5691 ἐγγράφους.
