3862 6220
267 283 371 335 κιδ

1160 287 1646 343 EPISTULAR'UM
1686 287 1974 344 CLASSIS
2011 289 2074 346 ll.
2113 290 2330 345 EPIST.
2372 291 2651 348 CCXXVI.

3417 303 3522 358 846

266 402 625 471 κρατοῦντας.
656 406 718 457 Οἱ
745 405 853 477 γὰρ
881 406 978 470 τὰς
1003 407 1469 478 πολυθρυλλήτους
1489 408 1602 479 (52)
1634 407 1833 470 ὲκείνας

1948 408 2118 464 stolas
2163 418 2354 464 contra
2391 407 2700 464 Eudoxium
2741 417 3017 482 totamque
3061 411 3185 483 ejus
3230 411 3520 473 factionem

269 495 560 560 ἐπιστολὰς
591 497 732 550 κατὰ
778 499 1027 565 Εὐδοξίου
1065 501 1160 552 καὶ⁴
1188 502 1370 572 πάσης
1403 501 1585 555 αὐτῶν
1621 505 1720 572 τῆς
1750 519 1848 572 με-

270 586 417 649 ρίδος
468 590 874 658 συγγράφοντες
900 629 914 653 ,
961 591 1060 642 καὶ
1111 592 1551 662 περιπέμποντες
1580 591 1693 661 (55)
1743 591 1848 644 πά-

270 693 390 740 σαις
423 681 542 740 ταῖς
575 680 898 752 άδελφότησι
920 721 936 744 ,
963 681 1057 734 καὶ
1100 681 1593 754 διαμαρτυράμενοι
1624 683 1846 752 φεύγειν

268 772 369 842 τὴν
409 774 693 826 κοινωνίαν
737 774 914 827 αὐτῶν
953 774 1030 836 ὡς
1077 773 1296 846 ὄλεθρον
1349 774 1459 828 τῶν
1491 775 1716 845 ψυχῶν,
1751 776 1845 828 καὶ

266 862 356 916 διὰ
388 863 544 916 τοῦτο
574 865 647 936 μὴ
681 865 1104 937 καταδεξάμενοι
1137 868 1236 930 τὰς
1272 869 1364 920 ἐπὶ
1397 867 1714 939 καθαιρέσει
1743 869 1843 921 αὺ-

266 955 376 1006 τῶν
429 956 796 1027 ἐξενεχθείσας
834 957 1086 1028 ψήφους,
1128 958 1314 1029 ἐπειδὴ
1366 961 1498 1030 παρ’
1552 961 1842 1030 αἱρετικῶν

264 1040 405 1115 ἦσαν
444 1047 762 1118 γενόμεναι,
802 1049 879 1108 ὡς
921 1049 1136 1102 ἔπειθον
1169 1052 1318 1120 ἡμᾶς
1357 1051 1476 1103 τότε
1497 1088 1512 1112 ,
1548 1043 1692 1104 οὗτοι
1727 1051 1840 1116 νῦν,

265 1137 485 1191 πάντων
529 1138 908 1210 ἐπιλαθόμενοι
935 1181 950 1206 ,
1005 1141 1122 1211 μετ’
1169 1141 1348 1194 αὐτῶν
1405 1141 1678 1209 γεγόνασι.
1733 1144 1844 1196 Καὶ

262 1228 490 1299 οὐδεμία
523 1231 706 1294 αὐτοῖς
739 1231 966 1303 ἄρνησις
1000 1234 1382 1286 καταλείπεται
1403 1251 1416 1264 ·
1450 1234 1698 1304 φανερῶς
1734 1235 1842 1306 γὰρ

262 1320 620 1390 ἀπεκάλυψαν
671 1323 878 1376 ἑαυτῶν
930 1325 1028 1395 τὴν
1078 1325 1431 1396 προαίρεσιν,
1483 1328 1541 1378 ἐν
1601 1328 1843 1398 Ἀγκύρῃ

259 1413 362 1476 τὰς
384 1416 503 1466 κατ’
528 1410 673 1467 οἶκον
707 1415 884 1485 αὐτῶν
908 1419 1192 1480 κοινωνίας
1219 1419 1838 1490 κατασπαζόμενοιβει),

262 1505 449 1577 ἐπειδὴ
491 1507 570 1569 εἰς
618 1507 678 1560 τὸ
708 1507 883 1561 κοινὸν
917 1509 1008 1560 ὑπ’
1059 1509 1239 1562 αὐτῶν
1279 1512 1502 1565 ἐκείνων
1533 1511 1684 1565 οὔπω
1729 1513 1838 1583 (55)

261 1594 577 1664 ἐδέχθησαν.
621 1597 962 1668 Ἐρωτήσατε
989 1596 1082 1653 οὖν
1106 1601 1325 1664 αὐτοὺς,
1361 1604 1410 1654 εξ
1439 1602 1716 1673 ὀρθὸδοξος
1743 1603 1838 1656 νῦν

260 1684 578 1756 Βασιλείδης
611 1688 640 1739 ὁ
667 1689 980 1750 κοινωνικὸς
1033 1692 1300 1744 Ἐκδικίου
1322 1733 1336 1756 ,
1373 1693 1462 1748 διὰ
1493 1694 1578 1758 τί,
1607 1696 1714 1748 ἀπὸ
1739 1698 1838 1768 τῆς

1948 500 2418 570 conscripserunt,
2451 512 2504 556 et
2533 502 2600 555 ad
2636 517 2828 558 omnes
2858 502 3230 562 fraternitates
3265 511 3520 563 transmi-

1947 606 2089 656 sere,
2140 593 2344 662 quique
2389 594 2645 649 ohtestati
2684 604 2836 662 sunt,
2893 607 2953 652 ut
3000 615 3191 656 eorum
3234 603 3518 673 fugeretur

1947 685 2284 752 communio,
2333 694 2596 756 tanquam
2649 689 2958 745 animarum
2999 693 3293 761 pernicies,
3339 695 3407 750 ad
3441 696 3520 750 id-

1947 776 2097 831 circo
2136 777 2278 832 latas
2308 778 2376 832 de
2421 793 2522 832 sua
2554 778 2902 850 depositione
2938 787 3240 842 sententias
3273 801 3385 842 non
3426 786 3517 842 ad-

1947 865 2242 929 miserunt,
2274 881 2342 920 eo
2370 866 2516 936 quod
2545 867 2708 939 347
2740 869 2807 924 ab
2837 871 3114 929 haereticis
3154 875 3278 930 lata:
3310 886 3515 936 essent.

1946 957 2024 1009 uti
2073 963 2205 1010 tunc
2269 957 2431 1013 nobis
2483 959 2928 1028 persuadebant;
2984 963 3023 1016 ii
3072 979 3218 1020 nunc
3272 968 3515 1022 omnium

1945 1047 2120 1114 obliti,
2165 1063 2274 1102 una
2313 1064 2436 1104 cum
2479 1050 2616 1121 ipsis
2651 1063 2963 1109 versantur.
3004 1055 3190 1128 Neque
3232 1059 3378 1116 ullus
3410 1061 3514 1119 illis

1944 1140 2272 1208 relinquitur
2318 1141 2552 1210 negandi
2586 1143 2740 1200 locus
2784 1164 2798 1200 :
2836 1145 3128 1203 manifeste
3165 1150 3310 1206 enim
3345 1154 3514 1209 nuda-

1945 1235 2073 1279 runt
2104 1243 2266 1282 suum
2316 1228 2562 1298 ipsorum
2604 1234 2967 1303 propositum,
3017 1251 3144 1292 cum
3184 1239 3412 1313 Ancyra:
3462 1246 3513 1299 in

1943 1318 2194 1373 domibus
2241 1323 2660 1379 communiones
2703 1340 2896 1381 eorum
2958 1331 3196 1399 amplexi
3247 1342 3399 1400 sunt,
3453 1352 3512 1393 ec

1942 1409 2087 1478 quod
2130 1411 2348 1480 publice
2395 1413 2464 1468 ab
2493 1415 2604 1472 illis
2640 1419 2883 1475 nondum
2915 1425 3120 1493 recepti
3158 1425 3291 1482 sint.
3326 1427 3511 1499 itaque

1940 1514 2036 1555 eos
2095 1501 2462 1574 interrogate,
2520 1507 2568 1561 si
2619 1524 2767 1566 nunc
2831 1514 3174 1572 orthodoxus
3243 1517 3510 1579 Basilides

1943 1590 2151 1648 Ecdicii
2193 1598 2660 1666 communicator,
2691 1617 2795 1658 cur
2820 1620 2887 1660 ex
2924 1605 3197 1664 Dardania
3238 1621 3512 1670 reverten-

1941 1692 2046 1745 tes,
2099 1685 2294 1740 altaria
2349 1687 2498 1745 illius
2543 1691 2599 1745 in
2650 1693 3066 1765 Gangrenorum
3113 1701 3336 1773 regione
3379 1707 3508 1763 sub~

257 1775 558 1844 Δαρδανίας
591 1778 938 1840 ἐπανιόντες,
992 1778 1061 1831 τά
1105 1778 1466 1851 θυσιαστήρια
1519 1781 1727 1834 ἐκείνου
1779 1785 1833 1836 ὲν

1937 1776 2220 1840 verterint,
2243 1785 2300 1832 et
2323 1794 2540 1837 mensas
2563 1783 2669 1852 ipsi
2703 1801 2832 1842 suas
2855 1792 3143 1856 posuerint
3179 1812 3192 1848 :
3224 1808 3325 1849 cur
3347 1798 3508 1851 etiam

254 1867 324 1934 τῇ
354 1864 506 1937 χώρᾳ.
546 1865 654 1918 τῶν
695 1867 1030 1937 Γαγγρηνῶν
1065 1868 1462 1941 κατέστρεφον,
1494 1871 1587 1924 καὶ
1628 1872 1835 1925 ἑαυτῶν

254 1956 538 2025 τραπέζας
567 1957 814 2011 ἐτίθεσαν
842 1976 856 2023 ;
891 1959 977 2012 διὰ
1011 1960 1064 2012 τί
1097 1961 1193 2014 καὶ
1225 1961 1386 2032 μέχρι
1412 1961 1506 2015 νῦν
1529 1963 1639 2034 (56)
1674 1964 1838 2035 ἐπέρ-

253 2061 442 2112 χονται
469 2049 589 2109 ταῖς
634 2047 980 2118 Ἐκκλησίαις
1018 2050 1118 2120 τῆς
1169 2051 1462 2121 Ἀμασείας
1501 2053 1594 2105 καὶ
1626 2054 1832 2123 Ζήλων,

251 2137 352 2188 καὶ
385 2137 512 2208 παρ’
537 2139 750 2191 ἑαυτῶν
786 2139 1154 2208 ὲγκαθιστῶσι
1179 2142 1583 2214 πρεσϐυτέρους
1610 2145 1703 2197 καὶ
1727 2144 1836 2198 δια-

250 2226 480 2292 κόνους;
517 2230 582 2282 Εἰ
615 2230 713 2300 μὲν
738 2231 846 2301 γὰρ
870 2231 946 2294 ὼς
983 2231 1284 2302 ὀρθοδόξοις
1315 2234 1653 2297 κοινωνοῦσι,
1691 2235 1835 2300 τίνος

249 2319 439 2371 ἕνεκεν
484 2320 560 2384 ὡς
614 2323 908 2392 αἰρετικοῖς
939 2323 1293 2394 ἐπέρχονται,
1339 2327 1387 2378 εί
1438 2325 1494 2378 δὲ
1528 2325 1605 2389 ὡς
1629 2327 1832 2397 αἱρετι-

248 2414 382 2476 toi);
411 2412 522 2482 (57)
568 2414 936 2485 ὑπειλήφασι,
980 2416 1096 2480 πῶς
1157 2415 1257 2487 τὴν
1310 2419 1593 2472 κοινωνίαν
1652 2420 1832 2473 αὐτῶν

244 2503 352 2556 οὐκ
401 2504 799 2575 ὲκτρέπονται;
861 2506 1044 2560 Ταῦτα
1078 2508 1200 2577 οὐχὶ
1243 2509 1338 2562 καὶ
1372 2510 1591 2581 παιδικῇ
1625 2511 1833 2584 διανοίᾳ

241 2593 386 2662 δῆλά
434 2597 614 2659 ἐστιν,
661 2596 880 2664 ἀδελφοὶ
907 2596 1266 2668 τιμιώτατοι,
1307 2600 1390 2652 ὅτι
1444 2601 1532 2652 ἀεὶ
1583 2601 1723 2671 πρὸς
1770 2603 1830 2654 τὸ

248 2684 379 2737 ἴδιον
434 2688 713 2758 συμφέρον
767 2688 1056 2758 βλέποντες
1111 2690 1144 2761 ἢ
1200 2690 1510 2744 διαϐάλλειν
1561 2692 1713 2756 τινὰς
1735 2733 1749 2749 .
1793 2695 1826 2764 ἢ

247 2784 506 2852 συνιστᾷν
534 2784 907 2854 ὲπιχειροῦσι;
954 2786 1064 2838 Καὶ
1096 2784 1256 2856 ἡμῶν
1288 2785 1466 2840 τοίνυν
1490 2787 1825 2858 ἀπέστησαν,

242 2871 369 2926 οὔτε
417 2875 894 2947 ἀγανακτήσαντες
919 2917 933 2936 ,
986 2879 1067 2930 ὅτι
1117 2878 1217 2930 οὐκ
1259 2878 1675 2950 ἀντεγράψαμεν
1713 2881 1825 2951 (58)

243 2965 424 3032 (τοῦτο
456 2965 566 3036 γάρ
601 2969 748 3020 ἐστιν
780 2969 864 3036 ἐφ’
911 2961 971 3020 οὗ
1019 2967 1252 3038 μάλιστα
1280 2968 1498 3038 λέγουσι
1543 2971 1828 3042 παρωξύν-

241 3059 395 3129 θαι),
434 3058 559 3112 οὔτε
607 3061 690 3113 ὅτι
735 3062 862 3124 τοὺς
915 3063 1362 3134 χωρεπισκόπους
1387 3102 1402 3125 ,
1441 3062 1536 3128 οὒς
1573 3063 1821 3132 λέγουσιν
1849 3103 1890 3147 Π

239 3152 644 3207 ἀπεσταλκέναι
663 3193 678 3219 ,
713 3155 814 3207 οὐκ
843 3154 1164 3225 ἐδεξάμεθα.
1196 3156 1388 3209 Καίτοι
1411 3155 1639 3210 δώσουσι
1665 3157 1820 3226 λόγον
1858 3137 1890 3160 Ἀ

235 3243 320 3310 τῷ
339 3243 530 3315 Κυρίῳ
576 3246 626 3297 οἱ
671 3245 831 3298 τοῦτο
881 3245 1404 3310 κατασκευάζοντες.
1447 3242 1544 3310 Εἷς
1582 3248 1691 3320 γάρ
1737 3266 1820 3313 τις

236 3336 559 3400 Εὐστάθιος,
578 3337 921 3402 ἀποσταλεὶς,
953 3339 1046 3390 καὶ
1068 3338 1376 3409 γράμματα
1390 3337 1602 3402 διαδοὺς
1629 3341 1693 3410 τῇ
1716 3339 1816 3392 τά-

231 3425 318 3491 ξει
349 3426 443 3479 τοῦ
463 3429 754 3499 Οὐικαρίου
774 3429 1071 3499 (59),τρεῖς
1091 3429 1307 3500 ἡμέρας
1339 3431 1572 3499 ποιήσας
1601 3431 1693 3482 ἐπὶ
1719 3431 1818 3502 τῆς

310 3599 420 3672 (52)
446 3604 1010 3671 Πολυθρυλλήτους.
1041 3601 1191 3656 Harl.
1220 3615 1273 3657 et
1292 3601 1462 3658 Coisl.
1493 3604 1703 3672 primus
1725 3623 1814 3660 πο-

232 3669 624 3744 λυθρυλήτους.
644 3669 857 3744 ibidem
884 3673 1013 3744 Reg.
1049 3673 1327 3728 secundus
1355 3680 1409 3728 et
1430 3669 1599 3728 Coisl.
1622 3690 1815 3731 secun-

231 3739 353 3794 ουδ’
381 3739 474 3794 καῖ
501 3743 680 3811 πάσης
710 3743 896 3797 αὐτοῦ.

315 3812 429 3879 (55)
463 3813 960 3880 Περιπέμποντες.
996 3811 1071 3866 Ita
1109 3821 1222 3867 tres
1253 3813 1612 3868 vetustissimi
1659 3817 1812 3870 codi-

230 3898 481 3955 ceshcum
511 3884 627 3936 Vat.
651 3890 705 3937 et
733 3883 900 3955 [legio
927 3884 1123 3955 primo.
1153 3883 1294 3936 Editi
1323 3885 1807 3955 παραπέμποντες.

307 3953 417 4022 (54)
452 3950 990 4021 Κατασπαζόλὶενοι.
1017 3950 1097 4006 Ita
1129 3962 1240 4008 tres
1271 3950 1625 4009 vetustissimi
1654 3957 1808 4011 codi—

229 4021 344 4078 ces.
375 4021 518 4074 Editi
549 4023 937 4092 ἀσπαζόμενοι.

307 4092 419 4162 (55)
465 4092 748 4162 Ἐκείνων
787 4094 972 4147 οὔπω.
1003 4093 1081 4146 Ita
1113 4099 1320 4161 septem
1363 4107 1497 4148 mss.
1532 4093 1671 4149 Editi
1717 4097 1808 4148 ὑπ’

229 4157 413 4214 astato
445 4161 645 4225 οὔπως.
681 4163 942 4216 Codicum
987 4177 1119 4217 mss.
1156 4157 1319 4217 lectio
1359 4164 1714 4218 confirmatur
1742 4185 1806 4221 ex

227 4233 398 4300 epist.
438 4231 564 4296 257,
612 4232 705 4286 ubi
749 4233 826 4285 ait
880 4232 1114 4289 Basilius
1162 4233 1405 4287 nondum
1462 4233 1806 4291 Eustathium

229 4301 454 4356 admitti
498 4301 566 4355 ad
603 4311 948 4373 peroptatam,
986 4303 1318 4356 Arianorum
1365 4306 1805 4362 communionem

227 4373 494 4442 potuisse.

305 4441 415 4510 (56)
443 4441 553 4494 Καὶ
587 4441 765 4511 μέχρι
794 4442 930 4497 νῦν.
965 4441 1205 4497 Nimium
1250 4442 1439 4498 stricte
1473 4443 1587 4497 haec
1633 4445 1804 4499 inter-
1837 4437 1881 4491 Ι)

226 4519 480 4583 pretatur
501 4511 903 4574 Tillemontius,
937 4522 1068 4567 tom.
1090 4513 1181 4574 ιχ,
1207 4529 1329 4583 pag.
1357 4512 1479 4583 2.756.
1517 4513 1801 4570 Existimat

224 4581 375 4636 enim
410 4581 770 4644 Eustathium,
803 4593 914 4636 tum
947 4599 1070 4637 cum
1097 4581 1364 4638 acerrime
1387 4581 1644 4636 Basilium
1674 4599 1803 4639 exa-

226 4653 430 4721 gitaret
467 4667 610 4723 anno
651 4651 776 4714 575,
809 4653 1040 4723 Arianos
1068 4654 1258 4708 harum
1287 4652 1651 4708 Ecclesiarum
1682 4656 1800 4723 epi-

227 4736 431 4789 scopos
471 4722 797 4777 insectatum
837 4722 980 4785 esSe,
1031 4731 1092 4776 ut
1121 4723 1444 4777 catholicam
1487 4724 1696 4791 plebem
1717 4722 1798 4779 ad

225 4809 287 4846 se
311 4795 587 4857 alliceret,
639 4801 694 4846 et
728 4808 757 4845 a
798 4792 1002 4862 Basilio
1054 4793 1432 4857 abstraheret;
1485 4801 1648 4862 atque
1699 4793 1800 4850 hos

222 4879 350 4917 esse
380 4871 584 4923 motus,
614 4878 755 4931 quos
787 4863 855 4917 ab
880 4861 1166 4918 Eustathio
1193 4865 1245 4916 in
1277 4861 1571 4916 Dazimone
1601 4865 1801 4918 excita-

224 4943 316 4987 tos
335 4932 584 5001 queritur
601 4932 837 4987 Basilius
858 4933 912 4985 in
948 4935 1178 5002 epistola
1198 4933 1322 4986 216.
1343 4932 1449 4986 Sed
1468 4933 1521 4985 l°
1550 4932 1798 4987 Dazimo-

223 5018 351 5056 nem
383 5018 493 5056 non
529 5003 869 5071 perturbavit
909 5002 1226 5057 Eustathius
1266 5003 1601 5058 insectandis
1633 5005 1796 5056 Aria-

222 5073 332 5134 nis,
364 5072 459 5125 scd
511 5073 838 5141 exagitando
870 5073 1072 5128 Basilio
1105 5081 1158 5128 et
1183 5073 1473 5127 calumniis
1499 5088 1562 5128 ac
1595 5089 1797 5142 oppro-

221 5143 360 5196 briis
395 5145 779 5213 cooperiendo.
814 5151 874 5196 ut
905 5159 972 5198 ex
1009 5145 1239 5213 epistola
1269 5143 1375 5195 205
1408 5145 1647 5212 perspici
1693 5160 1792 5212 po-

219 5220 350 5266 test.
386 5211 445 5264 2°
473 5211 780 5267 Verisimile
825 5229 933 5266 non
982 5211 1057 5266 fit
1087 5213 1452 5273 Eustathium,
1505 5211 1793 5282 pestquam

218 5283 480 5361 discessit
513 5298 542 5334 a
565 5284 951 5363 communione
977 5282 1185 5363 Basilii,
1216 5299 1280 5338 ac
1300 5285 1488 5363 gratiae
1519 5286 1670 5363 apud
1688 5283 1794 5363 Εμ-

215 5354 403 5404 zoium
431 5353 679 5406 ineunda:
707 5355 996 5408 consilium
1021 5355 1183 5423 cepit,
1215 5362 1325 5406 tam
1349 5353 1618 5422 insignem
1645 5355 1792 5406 Aria-

213 5429 306 5475 nis
332 5424 722 5476 contumeliam
752 5425 968 5485 fecisse,
995 5425 1131 5478 utin
1158 5423 1442 5485 Ecclesiis,
1467 5439 1604 5492 quas
1639 5424 1792 5476 inva-

214 5501 426 5564 serant,
461 5494 762 5564 catholicos
803 5497 1149 5564 presbyteros
1186 5503 1239 5549 et
1272 5494 1790 5564 diaconosrordinai-

214 5571 320 5616 ret.
359 5560 474 5613 Hoc
524 5563 571 5615 ei
617 5560 870 5632 magnum
931 5560 1117 5617 vitium
1165 5565 1364 5625 inerat,
1408 5563 1551 5632 quod
1602 5579 1659 5617 se
1718 5563 1784 5616 ad

212 5645 436 5685 omnem
467 5639 774 5700 temporum
822 5641 875 5687 et
908 5635 1350 5688 vicissitudinum
1390 5634 1627 5687 colorem
1688 5635 1786 5686 lin-

213 5713 390 5766 geret,
422 5715 488 5755 ac
533 5703 758 5757 mutatis
807 5705 970 5759 rebus
1001 5711 1144 5762 totus
1181 5706 1562 5759 immutaretur
1607 5707 1675 5758 ab
1719 5720 1784 5759 eo

1934 1865 2202 1923 hactenus
2237 1870 2492 1927 insectati
2533 1875 2644 1929 sint
2687 1876 2962 1936 Ecclesias
2986 1888 3235 1941 Amaseze
3263 1894 3316 1942 et
3356 1888 3505 1946 Zelo-

1934 1974 2077 2024 rum,
2108 1974 2171 2014 ac
2203 1975 2304 2030 per
2351 1979 2411 2019 se
2444 1965 2551 2034 ipsi
2587 1968 2936 2040 presbyteros
2984 1973 3096 2030 illic
3133 1989 3199 2031 ac
3247 1977 3505 2037 diaconos

1934 2053 2366 2109 constituerint?
2415 2057 2629 2114 Etenim
2664 2063 2710 2116 si
2759 2073 2817 2118 ut
2861 2081 2987 2122 cum
3015 2070 3338 2129 orthodoxis
3367 2089 3491 2130 com

1934 2145 2242 2211 municant,
2291 2163 2393 2203 cur
2435 2159 2495 2206 ut
2543 2153 2834 2212 haereticos
2867 2159 3250 2218 insectantur?
3288 2166 3374 2221 sin
3414 2183 3503 2223 au-

1933 2243 2042 2291 tem
2111 2237 2399 2298 hereticos
2477 2245 2834 2316 existimant,
2891 2266 2993 2307 cur
3058 2261 3499 2317 communionem

1932 2345 2121 2385 eorum
2173 2348 2285 2389 non
2325 2340 2691 2394 aversantur?
2734 2339 2929 2399 Nonne
2969 2344 3093 2411 hoc,
3127 2347 3321 2408 fratres
3353 2369 3496 2408 cum.

1930 2421 2126 2489 primis
2162 2425 2413 2492 colendi,
2448 2427 2535 2482 vel
2573 2430 2731 2498 pueri
2777 2433 2927 2489 clare
2966 2439 3326 2508 perspiciant.
3363 2456 3480 2498 sem

1931 2529 2027 2581 per
2065 2530 2162 2570 eos
2204 2521 2512 2589 compendii
2545 2538 2714 2580 causa
2759 2525 2959 2596 facere,
3004 2541 3064 2586 ut
3098 2533 3310 2604 aliquos
3343 2551 3501 2592 accu-

1931 2612 2072 2670 sent,
2107 2613 2200 2661 aut
2233 2611 2660 2667 commendent?
2689 2614 2756 2671 Et
2798 2632 2828 2670 a
2872 2620 3032 2676 nobis
3073 2623 3257 2694 itaque
3289 2625 3502 2682 defece-

1928 2701 2078 2761 runt,
2097 2712 2274 2768 neque
2297 2699 2350 2755 id
2373 2700 2742 2773 indignantes,
2761 2709 2907 2778 quod
2927 2726 3036 2767 non
3057 2716 3502 2786 rescripserimus

1930 2784 2087 2852 (illud
2127 2787 2275 2843 enim
2324 2799 2412 2847 est
2455 2809 2566 2864 quo
2613 2812 2674 2852 se
2725 2801 2960 2858 maxime
3015 2784 3254 2863 offensos
3311 2807 3501 2865 dicunt

1929 2875 2174 2947 fuisse),
2224 2895 2402 2952 neque
2450 2887 2598 2956 quod
2645 2888 3074 2964 chorepiscopos
3123 2911 3264 2966 quos
3311 2913 3371 2954 se
3406 2899 3483 2954 mi

1928 2970 2070 3022 sisse
2115 2969 2292 3035 aiunt,
2330 2988 2442 3028 non
2473 2978 2878 3046 exceperimus.
2915 2979 3115 3038 Verum
3153 2983 3385 3042 Domino
3407 3003 3500 3043 ra-

1925 3061 2132 3116 tionem
2171 3064 2422 3132 reddent,
2466 3069 2563 3138 qui
2603 3069 2708 3124 hoc
2747 3073 3263 3131 comminiscuntur.
3298 3077 3499 3136 Missus

1923 3153 2068 3206 enim
2108 3170 2255 3211 unus
2295 3157 2500 3229 aliquis
2528 3157 2871 3229 Eustathius,
2912 3181 3038 3220 cum
3077 3167 3288 3224 litteras
3329 3171 3498 3224 tradi.

1919 3240 2092 3298 disset
2128 3245 2342 3301 cohorti
2391 3247 2615 3315 Vicarii,
2655 3267 2720 3308 ac
2758 3253 2876 3310 dies
2915 3263 3029 3313 tres
3079 3258 3134 3313 in
3184 3261 3320 3317 urbe
3349 3276 3498 3317 com-

1919 3342 2166 3392 moratus
2206 3349 2396 3406 esset;
2437 3342 2506 3397 ad
2535 3359 2635 3399 sua
2681 3362 3028 3416 reversurus,
3070 3351 3242 3409 multo
3262 3352 3376 3422 jam
3405 3369 3498 3410 ve-

1918 3439 2102 3493 spere,
2149 3427 2462 3488 dormiente
2516 3447 2625 3500 me,
2681 3434 2886 3491 dicitur
2951 3438 3021 3492 ad
3077 3447 3298 3498 nostras
3351 3443 3496 3502 aedes

1915 3605 2008 3672 qui
2043 3613 2202 3661 antea
2227 3607 2380 3664 visus
2411 3609 2590 3667 fuerat
2618 3630 2634 3668 :
2671 3614 2763 3669 sed
2799 3615 3027 3670 nimium
3069 3618 3235 3674 rebus
3269 3621 3384 3676 suis
3411 3631 3494 3678 at-

1917 3683 2100 3749 tentus
2133 3685 2269 3742 erat,
2300 3695 2464 3749 quam
2508 3690 2569 3735 ut
2595 3684 2816 3740 Arianis
2864 3687 3061 3741 bellum
3111 3691 3370 3746 audacter
3404 3693 3493 3747 in-

1916 3744 2100 3831 ferret.
2133 3744 2412 3831 lllﬂl‘CI—llfn
2435 3766 2660 3831 _eorum_
2685 3757 2873 3831 gratia:
2901 3758 3062 3831 vilem
3107 3775 3166 3831 se
3211 3744 3490 3831 captorent

1913 3816 2196 3896 praeberet.
2225 3818 2282 3896 5°
2315 3819 2448 3873 Illud
2476 3823 2570 3874 καὶ
2596 3816 2755 3896 μὲχνρι
2783 3825 2898 3889 νῦν,
2930 3828 3088 3880 etiam
3121 3816 3390 3895 hactenus,
3411 3816 3484 3890 de

1914 3886 2121 3964 iis-dici
2154 3895 2354 3955 potest,
2397 3906 2518 3959 quae
2547 3886 2644 3947 sua
2667 3886 2892 3964 sponte
2916 3897 3050 3952 satis
3091 3911 3318 3964 remota,
3357 3886 3484 3958 cum

1913 3955 2034 4027 aliis
2057 3969 2390 4027 comparata.
2414 3955 2656 4016 recentia
2685 3955 2955 4021 videntur.
2994 3967 3083 4023 Sic
3104 3969 3156 4021 in
3188 3955 3484 4027 comment.

1917 4027 1971 4108 in
2002 4024 2229 4108 Isaiam,
2264 4045 2318 4108 ρ.
2367 4030 2474 4084 252
2509 4052 2537 4108 ε
2566 4033 2629 4086 Ἡ
2678 4035 2772 4088 νῦν
2826 4037 3324 4108 παραϐλαστήσασα

1925 4095 2214 4175 ςΑνομρίων
2230 4099 2470 4175 αἵρεσις.
2494 4102 2641 4175 γρααξλ
2661 4121 2798 4158 nunc
2815 4095 3094 4175 pullulavit
3115 4095 3484 4167 Anoniworum

1911 4163 2145 4246 horrebis.
2177 4171 2235 4246 In
2258 4163 2431 4238 epist.
2451 4163 2572 4246 169,
2599 4173 2776 4246 τὸ-νῢν
2805 4163 3087 4246 ἀνακύψαν
3116 4178 3223 4232 τῶν
3255 4163 3340 4234 ἀεὶ

1910 4239 2154 4317 νοτομεζν
2202 4239 2621 4317 ἐπιχειρούντων
2656 4244 2895 4317 ζήτημα,
2946 4239 3102 4301 Nunc
3131 4250 3375 4317 prodiens
3415 4255 3481 4311 ab

1909 4304 2453 4382 Izatnin_ibu§__s_éntper
2484 4314 2603 4366 nam"
2635 4304 2834 4382 aliquid
2883 4304 3141 4371 inducere,
3170 4304 3480 4378 conantibus

1910 4377 2146 4462 latitatio.
2171 4376 2313 4462 Alide
2344 4376 2523 4462 ‘potas
2549 4383 2668 4462 ,ρά-
2689 4376 2970 4462 epistolam
3017 4387 3142 4442 257.
3176 4389 3301 4462 Ideo
3349 4376 3481 4462 ergo

1913 4443 2142 4517 Basilius
2171 4447 2514 4504 Eustathium
2545 4443 2818 4508 Ecclesias
2852 4455 3104 4511 Zelorum
3141 4469 3194 4512 et
3234 4443 3481 4517 Ainasfte

1904 4515 2067 4598 etiam
2099 4516 2348 4598 hactenus
2378 4521 2720 4598 _insectatur_n
2756 4539 2880 4579 esse
2913 4527 3067 4591 dicit,
3107 4529 3237 4598 quia
3277 4530 3380 4584 hoc
3411 4515 3478 4586 il;

1905 4584 2242 4667 lius_factu_r_n
2281 4591 2452 4667 multo
2474 4594 2771 4667 _re_centius
2799 4604 2916 4667 erat
2963 4584 3064 4660 iis,
3089 4584 3210 4667 quae
3237 4614 3305 4653 ex
3339 4584 3478 4654 Dar-

1902 4655 2064 4738 dania
2101 4659 2316 4738 rediens
2347 4659 2790 4738 s‘thulianoin
2811 4655 3221 4738 Gangrenorum
3255 4670 3478 4738 regione

1901 4724 2307 4800 designaverat.
2340 4729 2460 4800 Sed
2491 4734 2744 4800 quamvis
2778 4736 2884 4788 hoc
2925 4724 3137 4791 facinus
3165 4724 3346 4793 altera
3382 4724 3474 4795 re;

1901 4795 2114 4850 centius
2145 4797 2236 4861 sit,
2265 4799 2477 4874 videtur
2507 4795 2698 4874 tamen
2719 4804 2852 4859 illud
2872 4807 3107 4862 edidisse
3129 4806 3472 4874 Eustathius,

1900 4873 2192 4948 antequa‘m
2218 4884 2252 4948 _a
2284 4867 2487 4948 Basilio
2518 4873 2843 4948 discederet,
2864 4877 2952 4948 vel
2977 4877 3141 4931 etiam
3173 4867 3470 4948 antequam

1899 4944 2084 5018 aucta.
2135 4935 2738 5018 \lalentisprmsentia,
2783 4935 3112 5001 Arianorum
3167 4935 3471 5005 auctoritas

1899 5014 2100 5058 metum
2129 5012 2178 5060 ei
2211 5012 2555 5066 inculssisset.

1968 5075 2098 5158 (57‘)?
2131 5077 2607 5158 togafpsttxozﬁc.
2636 5079 2797 5158 Deest
2817 5085 3010 5140 vocula
3040 5086 3094 5140 in
3117 5084 3287 5158 Regio
3308 5096 3472 5144 utro-

1895 5159 2021 5213 que.
2055 5145 2176 5199 Vat.
2202 5153 2255 5199 et
2283 5145 2451 5207 Coisl.
2478 5145 2739 5206 secundo.

1968 5215 2077 5284 (58)
2113 5215 2244 5268 Ὅτι
2295 5221 2417 5292 οὺχ,
2452 5219 2928 5292 ἀντεγράψαμεν.
2978 5223 3105 5280 Hanc
3161 5225 3344 5283 addita
3400 5245 3469 5285 ex

1894 5293 2098 5365 septem
2140 5286 2508 5365 mss._lbidem
2559 5286 2762 5360 Regius
2791 5286 3023 5365 uterque
3064 5306 3120 5351 et
3158 5295 3327 5354 Coisl.
3380 5313 3470 5355 sco

1892 5355 2103 5427 cundus
2133 5354 2551 5427 παροξύνεσθαι.

1961 5424 2088 5511 (59)π
2245 5426 2357 5511 γάρ
2377 5447 2554 5511 τις...
2608 5433 2714 5488 τοῦ
2741 5436 3226 5511 ῌΟρικαρίουε-Ιιε
3258 5449 3466 5511 septem

1891 5494 2022 5578 mss.
2051 5494 2193 5578 Editi
2217 5494 2299 5578 εἷς
2320 5494 2432 5571 γάρ
2465 5494 2770 5578 ἐστιζητοῦ
2805 5494 3059 5578 Ἰκαρίου.
3098 5494 3466 5566 Ibidem'editi

1888 5565 2081 5687 gloss;
2113 5566 2279 5643 Harl.
2311 5565 2540 5642 aterque
2577 5573 2748 5632 Coisl.
2778 5586 2833 5632 et
2868 5565 3099 5648 uterque
3121 5577 3323 5651 Regius
3350 5565 3469 5635 δια-

1919 5652 2030 5687 Ουε.

1919 5652 2030 5702 ους.
