3856 6224
368 299 471 356 847

1752 271 1806 327 S.
1844 265 2098 322 BASlLll
2139 265 2350 323 MAGNI

3493 258 3605 312 8&8

365 412 600 469 venisse.
651 405 719 461 At
760 395 999 460 dormire
1048 416 1136 456 me
1179 406 1303 456 cum
1344 395 1606 457 audisset,
1639 392 1794 452 abiit,
1831 398 1932 438 nec

2057 384 2239 447 πόλεως
2259 425 2274 449 ,
2305 382 2399 436 καὶ
2440 379 2649 451 μέλλων
2687 375 2941 450 ἀπαίρειν
2971 375 3064 430 ἐπὶ
3093 373 3163 428 τὰ
3193 373 3330 437 ἴδια,
3362 371 3608 443 ἑσπέρας

366 506 478 575 jam
509 499 772 572 postridie
797 497 862 551 ad
889 510 975 550 me
1007 494 1240 550 accessit
1269 507 1280 542 :
1321 488 1416 546 sed
1447 487 1513 542 ad
1537 487 1681 540 hunc
1707 481 1927 538 modum

366 611 468 651 suo
507 607 634 664 erga
687 604 790 647 nos
837 587 1015 644 olIicio
1063 585 1434 656 perfunctorie
1471 580 1707 651 expleto,
1744 575 1926 633 rediit.

364 687 540 756 Atque
569 684 672 740 hoc
717 691 802 737 est
839 681 1069 744 crimen,
1115 676 1260 748 quod
1300 689 1402 728 nos
1441 671 1840 733 commisimus,
1875 675 1932 722 et

365 779 634 850 patientes
696 775 775 829 illi
829 773 1080 827 homines
1135 769 1391 824 delictum
1455 763 1590 819 illud
1658 761 1930 833 praeterita

370 881 556 926 nostra
600 867 882 933 servitute,
913 879 1076 935 quam
1124 863 1256 933 ipsis
1297 860 1353 914 in
1390 858 1680 912 dilectione
1713 851 1934 909 servivi-

369 976 514 1024 mus,
556 974 667 1014 non
711 961 1137 1027 compensarunt
1172 972 1184 1007 :
1217 951 1312 1007 sed
1359 951 1494 1005 iram
1537 949 1593 1001 in
1638 961 1738 1000 nos
1777 958 1930 999 suam

368 1067 542 1122 usque
581 1051 717 1106 adeo
769 1048 1131 1105 incenderunt
1174 1046 1246 1100 ob
1287 1046 1387 1098 hoc
1431 1051 1693 1103 erratum,
1740 1046 1799 1092 ut
1833 1052 1932 1092 nos

369 1145 438 1200 ab
456 1143 710 1200 omnibus
737 1143 886 1197 orbis
917 1150 1186 1196 terrarum
1219 1137 1500 1200 Ecclesiis,
1534 1136 1728 1190 saltem
1753 1148 1934 1204 quan-

369 1244 484 1290 tum
522 1236 576 1290 in
606 1235 740 1306 ipsis
779 1233 900 1296 fuit,
932 1230 1396 1287 excommunicari
1434 1227 1684 1284 fecerint.

441 1490 494 1545 5.
521 1490 588 1546 At
618 1503 806 1544 revera
838 1503 946 1542 non
983 1501 1047 1542 ea
1076 1494 1160 1541 est
1188 1484 1398 1540 dissidii
1432 1497 1600 1539 causa
1631 1501 1643 1536 :
1676 1481 1773 1536 sed
1805 1496 1937 1551 quia

371 1582 752 1642 existimarunt
783 1587 897 1634 tum
929 1579 1145 1634 demum
1187 1592 1247 1633 se
1288 1575 1492 1630 Euzoio
1523 1575 1810 1645 probatum
1847 1573 1936 1636 iri,

373 1673 420 1728 si
440 1673 542 1744 ipsi
569 1687 628 1727 se
651 1687 682 1725 a
710 1671 866 1726 nobis
890 1670 1284 1733 abalienarent,
1315 1668 1438 1721 illas
1461 1667 1565 1722 sibi
1582 1665 1718 1736 ipsis
1741 1678 1938 1719 causas

375 1766 839 1834 excogitaverunt,
873 1769 931 1817 ut
980 1762 1220 1832 aliquam
1251 1760 1393 1830 apud
1442 1759 1564 1813 illos
1592 1756 1932 1812 commenda-

378 1856 579 1911 tionem
608 1869 673 1908 ex
707 1853 846 1908 bello
874 1851 1032 1906 nobis
1080 1850 1289 1905 indicto
1338 1848 1660 1918 reperirent.
1701 1845 1766 1898 Hi
1793 1859 1943 1899 nunc

375 1955 430 2004 et
457 1948 527 2002 de
552 1945 772 2001 Nicaana
805 1943 1099 2002 detrahunt
1127 1941 1295 2013 348
1328 1940 1468 2004 ﬁde,
1503 1954 1715 2009 nosque
1743 1943 1942 1992 vocant

375 2039 826 2101 homoousiastas,
872 2034 1001 2106 quia
1032 2033 1207 2090 in'illa
1251 2032 1352 2088 ﬁde
1381 2032 1718 2103 unigenitum
1747 2029 1942 2084 Filium

379 2126 490 2183 Deo
539 2134 594 2182 et
647 2125 795 2180 Patri
852 2123 1194 2178 homoousion
1243 2123 1587 2186 conﬁtemur,
1641 2137 1750 2176 non
1798 2121 1944 2191 quod

377 2235 488 2275 una
523 2219 762 2275 essentia
791 2219 848 2272 in
878 2217 988 2271 duo
1024 2215 1264 2270 fraterna
1294 2216 1366 2270 sit
1396 2215 1592 2278 divisa,
1627 2214 1803 2270 absit!
1837 2231 1944 2270 non

383 2315 526 2371 enim
558 2313 612 2368 id
643 2312 905 2383 cogitavit
935 2317 1124 2367 sancta
1173 2310 1269 2364 illa
1319 2324 1384 2364 ac
1413 2308 1525 2365 Deo
1557 2308 1755 2365 dilecta
1781 2323 1947 2380 syno-

381 2405 506 2466 dus,
550 2401 644 2460 sed
677 2403 805 2473 quia
831 2402 978 2472 quod
1004 2407 1092 2456 est
1113 2399 1275 2455 Pater
1297 2399 1598 2456 secundum
1627 2401 1942 2462 essentiam,

381 2497 486 2552 hoc
517 2503 570 2552 et
611 2493 786 2550 Filius
817 2492 1049 2563 intelligi
1084 2491 1267 2548 debet.
1321 2491 1414 2546 Sic
1458 2491 1605 2547 enim
1657 2491 1817 2547 nobis
1867 2490 1946 2544 illi

381 2592 772 2658 exposuerunt,
799 2599 922 2640 cum
955 2583 1211 2638 dixerunt
1243 2601 1256 2635 :
1288 2580 1486 2634 Lumen
1515 2580 1580 2635 de
1611 2580 1824 2635 lumine.
1851 2579 1948 2635 Est

382 2687 561 2734 autem
609 2676 827 2732 Nicmna
875 2675 1033 2740 ﬁdes,
1069 2673 1232 2728 allata
1274 2673 1342 2728 ab
1378 2673 1513 2742 ipsis
1553 2687 1620 2727 ex
1653 2672 1949 2727 Occidente

383 2767 636 2830 formula,
663 2780 825 2837 quam
856 2764 1129 2836 Tyanensi
1159 2763 1366 2834 synodo
1394 2762 1756 2830 tradiderunt,
1782 2777 1811 2816 a
1841 2778 1949 2834 qua

382 2867 438 2913 ct
479 2856 717 2927 suscepti
763 2862 907 2910 sunt.
943 2853 1049 2910 Sed
1088 2853 1288 2909 habent
1325 2853 1628 2922 sapientem
1657 2853 1949 2924 quamdam

383 2947 626 3018 regulam
681 2945 750 3000 ad
803 2958 932 3001 suas
981 2943 1252 3013 ejusmodi
1297 2945 1661 3010 mutationes,
1713 2953 1772 2999 ut
1825 2944 1947 3001 ﬁdei

2027 478 2128 549 ήδη
2163 475 2414 546 βαθείας,
2462 471 2776 527 καθεύδοντί
2808 488 2897 542 μοι
2936 469 3154 538 λέγεται
3183 466 3480 538 πλησιάσαι
3521 462 3610 534 τῷ

2028 571 2285 642 οἰκήματι
2331 567 2510 640 ήμῶν.
2557 564 2820 628 Ἀκούσας
2856 563 2951 629 δὲ,
2991 563 3072 615 ὃτι
3108 559 3382 624 καθεύδω,
3432 557 3608 611 ἀπελ-

2026 662 2176 725 θὼν,
2227 661 2409 715 οὐκέτι
2445 661 2512 731 τῇ
2570 655 2832 727 ὑστεραίᾳ
2873 657 3006 726 ἡμῖν
3041 655 3446 725 προσήγγισεν,
3487 647 3612 702 ἀλλ’

2029 754 2201 816 οὕτως
2233 753 2680 822 ἀφοσιωσάμενος
2706 747 2767 800 τὸ
2800 746 2922 800 καθ’
2963 746 3110 816 ἡμᾶς
3129 783 3145 807 ,
3175 740 3463 812 ἐπανῆλθε.
3494 738 3616 791 Καὶ

2030 847 2188 902 τοῦτό
2233 848 2348 899 ἐστι
2380 843 2442 897 τὸ
2498 843 2748 912 ἔγκλημα
2769 881 2784 904 ,
2839 839 2876 891 ὂ·
2905 837 3244 907 ἠδικήσαμεν
3277 835 3435 906 ἡμεῖς
3455 871 3470 894 ,
3510 831 3615 882 καὶ

2033 943 2081 995 oi
2114 937 2454 1011 μακρόθυμοι
2478 937 2578 988 οὐκ
2603 932 3052 1002 ἁντεστάθμησαν
3087 928 3197 998 (60)
3225 925 3324 997 τὴν
3353 923 3460 996 πρὸ
3483 922 3618 976 τού-

2032 1051 2126 1088 του
2155 1031 2396 1086 δουλείαν
2423 1029 2608 1101 ήμῶν,
2646 1027 2715 1098 ἢν
2748 1023 3138 1092 ἐδουλεύσαμεν
3167 1021 3350 1082 αὐτοῖς
3382 1019 3438 1070 ὲν
3473 1015 3618 1084 ἀγά-

2036 1143 2110 1197 πῃ
2135 1164 2149 1189 ,
2181 1122 2258 1195 τῷ
2295 1121 2595 1191 πταίσματι
2628 1116 2805 1188 τούτῳ
2829 1133 2843 1146 '
2891 1113 3027 1168 ἀλλὰ
3060 1111 3313 1167 τοσοῦτον
3339 1109 3618 1180 ὲὸάρυναν

2033 1218 2132 1288 τὴν
2165 1214 2284 1269 καθ’
2311 1212 2466 1284 ήμῶν
2490 1209 2658 1283 ὀργὴν
2704 1210 2797 1262 ἐπὶ
2823 1206 2998 1278 ταύτῃ
3042 1207 3107 1276 τῇ
3135 1200 3381 1274 ἁμαρτίᾳ
3405 1240 3421 1264 ,
3467 1197 3617 1252 ὥστε

2035 1287 2238 1369 πάσαις
2297 1307 2416 1367 ταῖς
2470 1301 2613 1356 κατά
2640 1300 2740 1371 τὴν
2776 1296 3097 1367 οἰκουμένην
3141 1289 3520 1361 Ἐκκλησίαις,
3551 1287 3619 1342 τό

2037 1414 2100 1465 γε
2136 1397 2214 1460 είς
2250 1395 2446 1457 αὐτοὺς
2483 1388 2617 1466 ἦκον
2637 1431 2652 1457 ,
2685 1387 3063 1461 ὲκκηρύκτους
3083 1387 3230 1456 ἡμᾶς
3253 1382 3498 1452 ποιῆσαι.

2107 1490 2160 1543 5.
2191 1491 2264 1541 Οὐ
2310 1486 2414 1558 μὴν
2465 1483 2603 1554 αὕτη
2639 1483 2703 1552 γέ
2745 1485 2861 1536 ἐστι
2900 1479 3041 1534 κατὰ
3086 1475 3342 1547 ἀλήθειαν
3376 1472 3487 1545 (61)
3514 1471 3618 1540 τῆς

2038 1582 2370 1643 διαστάσεως
2401 1581 2435 1650 ἡ
2459 1577 2605 1630 αίτία
2630 1592 2644 1605 ⁸
2680 1569 2794 1628 ἀλλ’
2827 1570 3015 1641 ἐπειδὴ
3038 1569 3294 1639 ἐνόμισαν
3325 1564 3621 1633 εὐδοκιμή-

2044 1691 2157 1728 σειν
2205 1673 2325 1726 τότε
2359 1669 2512 1742 παρά
2557 1666 2634 1738 τῷ
2669 1664 2915 1735 Εὺζωῖῳ,
2949 1660 3173 1731 είήμῶν
3203 1657 3428 1718 ἑαυτοὺς
3457 1653 3621 1706 ἀλλο-

2042 1766 2354 1838 τριώσειαν,
2396 1761 2606 1823 ὲκείνας
2643 1759 2858 1818 ἑαυτοῖς
2910 1751 3211 1823 ἐπενόησαν
3260 1748 3362 1810 τὰς
3400 1744 3620 1816 προφά-

2046 1873 2177 1919 σεις,
2205 1856 2292 1908 ἵνα
2337 1850 2537 1922 εὕρωσι
2585 1865 2707 1902 τινα
2741 1845 3000 1899 σύστασιν
3027 1842 3156 1912 παρ’
3186 1839 3370 1900 αὐτοῖς
3388 1837 3478 1890 διὰ
3520 1833 3620 1887 τοῦ

2043 1948 2180 2020 πρὸς
2229 1945 2376 2016 ἡμᾶς
2423 1941 2676 2011 πολέμου.
2719 1930 2880 1991 Οὗτοι
2909 1932 3002 1989 νῦν
3036 1931 3148 2003 (62)
3176 1930 3270 1984 καὶ
3296 1929 3394 1999 τὴν
3431 1929 3490 1980 ὲν
3514 1927 3620 1979 Νι-

2043 2018 2175 2107 κάιᾳ
2229 2033 2573 2088 διαϐάλλουσι
2629 2029 2833 2092 πίστιν,
2883 2026 2977 2080 και
3025 2019 3419 2094 ὁμοουσιαστάς
3470 2018 3622 2089 ἡμᾶς

2043 2125 2407 2182 ἀποκαλοῦσι·
2439 2123 2526 2176 διὰ
2563 2121 2625 2174 τὸ
2688 2120 2746 2172 ὲν
2797 2116 2980 2187 ἐκείνῃ
3019 2116 3086 2184 τῇ
3119 2112 3299 2165 πίστει
3329 2108 3421 2162 τὸν
3463 2123 3624 2177 μονο-

2043 2217 2176 2289 γενῆ
2206 2215 2332 2270 Υἱὺν
2351 2213 2428 2285 τῷ
2450 2212 2569 2283 Θεῷ
2594 2213 2688 2264 καὶ
2711 2207 2886 2278 Πατρὶ
2901 2203 3182 2277 ὁμοούσιον
3205 2195 3583 2272 ὁμολογεῖσθαι
3604 2211 3618 2224 ·

2044 2285 2270 2377 οὑχ-ὼς
2311 2303 2418 2359 ἀπὸ
2476 2304 2602 2373 μιᾶς
2634 2300 2745 2369 (65)
2796 2297 2982 2358 οὐσίας
3020 2290 3369 2364 μερισθείσης
3401 2289 3482 2350 είς
3526 2285 3624 2338 δύο

2045 2399 2270 2469 ἀδελφὰ,
2314 2397 2387 2468 μὴ
2423 2394 2634 2463 γένοιτο
2662 2409 2676 2423 ο
2725 2389 2787 2442 οὐ
2813 2387 2922 2457 γὰρ
2964 2384 3122 2438 τοῦτο
3159 2383 3376 2452 ἐνόησεν
3407 2382 3440 2450 ἡ
3489 2378 3624 2446 ἁγία

2046 2493 2227 2562 ἐκείνη
2259 2490 2352 2544 καὶ
2379 2486 2632 2556 θεοφιλὴς
2651 2482 2887 2544 σύνοδος,
2917 2479 3028 2533 ἀλλ’
3057 2477 3152 2542 ὡς,
3183 2477 3320 2545 ὅπερ
3340 2473 3455 2526 ἐστὶ
3480 2470 3624 2525 κατά

2045 2585 2142 2656 τὴν
2165 2583 2352 2638 οὐσίαν
2382 2582 2411 2634 ὁ
2460 2577 2669 2648 Πατὴρ,
2713 2574 2873 2628 τοῦτο
2906 2570 3210 2639 ὀφείλοντος
3253 2564 3488 2620 νοεῖσθαι
3526 2564 3623 2616 καὶ

2047 2676 2140 2732 τοῦ
2168 2674 2320 2729 Υἱοῦ.
2356 2671 2514 2726 Οὕτω
2557 2669 2666 2739 γὰρ
2711 2667 2818 2738 (64)
2848 2667 2982 2736 ἡμῖν
3029 2663 3226 2715 ἐκεῖνοι
3255 2659 3406 2712 αὐτοὶ
3437 2658 3624 2728 ἡρμή-

2053 2785 2248 2825 νευσαν
2270 2766 2534 2828 είπόντες,
2569 2760 2697 2826 Φῶς
2720 2761 2789 2814 ἐκ
2819 2757 3032 2827 φωτός.
3076 2755 3232 2807 Ἔστι
3261 2753 3318 2805 δὲ
3350 2753 3384 2824 ή
3422 2752 3481 2804 ὲν
3524 2751 3626 2803 Νι-

2049 2862 2180 2932 καίᾳ⁴
2231 2859 2431 2921 πίστις,
2483 2857 2516 2926 ἡ
2564 2853 2692 2926 παρ’
2747 2847 2924 2905 αὐτῶν
2972 2847 3080 2900 ἀπὸ
3106 2847 3204 2916 τῆς
3237 2845 3443 2906 δύσεως
3464 2860 3627 2912 κομι-

2052 2955 2259 3017 σθεῖσα,
2293 2952 2360 3023 ἣν
2406 2949 2684 3002 ἐπέδωκαν
2725 2949 2791 3017 τῇ
2823 2945 3024 3014 συνόδῳ
3051 2945 3117 3012 τῇ
3165 2943 3221 2993 ὲν
3252 2937 3502 3000 Τυάνοις,
3531 2937 3623 3005 ὑφ’

384 3039 588 3105 verbis,
621 3053 731 3092 non
762 3051 921 3092 secus
959 3051 1024 3091 ac
1055 3034 1272 3102 medici,
1302 3042 1530 3092 utantur
1550 3052 1650 3107 pro
1679 3045 1946 3108 tempore,

2057 3043 2117 3120 ἧς
2161 3045 2256 3099 καὶ
2303 3041 2731 3114 παρεδέχθησαν.
2775 3037 2913 3090 Ἀλλ’
2955 3032 3137 3121 ξχουσί
3165 3049 3218 3084 τι
3250 3028 3413 3098 σοφὸν
3447 3027 3628 3096 δόγμα

385 3133 543 3186 aliter
584 3131 720 3185 alias
758 3144 882 3184 sese
919 3127 985 3183 ad
1028 3129 1338 3198 propositos
1377 3129 1599 3184 morbos
1634 3144 1944 3185 accommo-

386 3223 603 3279 dantes.
651 3220 822 3291 Cujus
865 3220 1222 3290 sophismatis
1267 3220 1694 3279 imbecillitatem
1725 3238 1836 3278 non
1865 3239 1953 3279 me

387 3328 638 3384 arguere,
664 3312 758 3369 sed
789 3326 887 3367 vos
911 3312 1067 3368 decet
1094 3311 1415 3382 intelligere.
1446 3311 1606 3367 Dabit
1627 3315 1773 3368 enim
1801 3313 1952 3370 vobis

387 3405 652 3462 Dominus
678 3403 1087 3473 intelligentiam
1116 3404 1182 3468 ³⁷,
1210 3411 1269 3457 ιιι
1297 3405 1641 3476 cognoscatis
1663 3420 1784 3475 quae
1807 3413 1955 3461 recta

386 3499 461 3554 sit
491 3495 763 3561 doctrina,
796 3503 863 3561 et,
895 3511 1017 3566 quae
1057 3496 1276 3567 obliqua
1305 3512 1369 3552 ac
1404 3513 1680 3568 perversa.
1717 3499 1773 3554 Si
1807 3500 1953 3555 enim

389 3589 552 3644 aliam
582 3589 719 3644 alias
752 3587 874 3643 ﬁdei
908 3588 1199 3642 formulam
1243 3589 1487 3646 scribere
1515 3589 1695 3655 decet,
1734 3599 1788 3646 et
1829 3607 1955 3646 cum

389 3693 634 3752 tempore
681 3680 993 3744 immutari,
1045 3679 1182 3735 falsa
1229 3689 1312 3736 est
1363 3683 1634 3737 sententia
1672 3683 1954 3740 dicentis:

396 3772 541 3829 Unus
590 3771 876 3839 Dominus,
923 3789 1032 3828 una
1061 3773 1222 3842 ﬁdes,
1256 3791 1417 3828 unum
1449 3775 1710 3844 baptisma
1749 3777 1816 3832 ³⁸.
1861 3776 1958 3832 Sin

392 3866 507 3921 haec
547 3880 675 3919 vera
722 3871 884 3928 sunt,
935 3879 1096 3920 nemo
1144 3880 1242 3920 vos
1291 3865 1531 3936 decipiat
1578 3869 1836 3926 inanibus
1873 3869 1958 3925 his

391 3957 575 4014 verbis
609 3957 674 4012 ".
707 3957 818 4012 Nos
865 3957 1008 4013 enim
1043 3958 1470 4023 calumniantur,
1514 3962 1670 4030 quasi
1701 3961 1828 4016 novi
1859 3962 1962 4022 ali-

393 4047 523 4119 quid
576 4047 858 4102 tradamus
907 4047 975 4102 de
1027 4047 1235 4118 Spiritu
1287 4056 1501 4103 sancto.
1554 4048 1762 4121 Rogata
1793 4052 1961 4121 igitur

393 4153 642 4208 quaenam
682 4138 774 4193 illa
816 4139 1048 4194 novitas.
1085 4137 1424 4194 Conﬁtemur
1470 4142 1615 4195 enim
1651 4158 1780 4207 nos,
1816 4143 1962 4213 quod

394 4241 449 4286 et
475 4230 808 4301 accepimus,
844 4245 968 4285 cum
997 4229 1158 4285 Patre
1184 4236 1238 4285 et
1268 4229 1408 4286 Filio
1436 4234 1796 4301 conjunctum
1838 4250 1963 4290 esse

393 4321 759 4388 Paracletum,
797 4337 899 4377 nec
941 4337 1064 4377 cum
1096 4330 1350 4378 creatura
1381 4328 1684 4382 numerari.
1730 4327 1868 4383 Nam
1905 4329 1961 4383 in

465 4506 509 4538 ³⁷
547 4504 587 4558 ll
615 4503 758 4558 Tim.
798 4519 856 4568 ιι,
887 4504 940 4558 7.
1019 4505 1062 4536 ³⁸
1099 4503 1300 4575 Ephes.
1346 4521 1420 4568 Iv,
1453 4506 1505 4561 5.
1586 4507 1629 4540 ³⁸
1667 4507 1868 4578 Ephes.
1895 4525 1950 4575 v,
1985 4509 2040 4564 6.

2047 3140 2131 3200 εἰς
2164 3136 2262 3198 τὰς
2295 3131 2548 3195 τοιαύτας
2567 3129 2776 3184 ἑαυτῶν
2809 3119 3107 3198 μεταϐολάς
3129 3139 3143 3153 ·
3167 3123 3248 3175 ὅτι
3276 3121 3388 3182 τοῖς
3418 3119 3629 3189 ῥήμασι

2050 3230 2148 3300 τῆς
2176 3227 2410 3290 πίστεως
2432 3225 2507 3288 ὡς
2524 3223 2698 3293 ἰατροὶ
2719 3222 3014 3293 κέχρηνται
3038 3215 3180 3271 κατὰ
3196 3211 3408 3284 καιρὸν,
3435 3209 3630 3264 ἄλλοτε

2051 3319 2226 3383 ἄλλως
2275 3318 2411 3390 πρὸς
2461 3315 2529 3369 τὰ
2570 3313 2905 3385 ὑποκείμενα
2954 3309 3100 3380 πάθη
3136 3303 3628 3378 μεθαρμοζόμενοι.

2053 3412 2255 3466 Τούτου
2288 3409 2344 3464 δὲ
2390 3407 2483 3462 τοῦ
2523 3407 2854 3478 σοφίσματος
2894 3404 2956 3457 τὸ
2991 3402 3186 3474 σαθρὸν
3212 3401 3313 3452 οὐκ
3354 3396 3456 3469 ἐμὲ
3480 3396 3634 3464 ἐλέγ-

2053 3522 2168 3577 χειν
2221 3502 2520 3574 προσῆκεν,
2554 3500 2666 3554 ἀλλ’
2713 3499 2860 3569 ὑμᾶς
2892 3498 3050 3550 νοεῖν.
3086 3491 3386 3560 Δώσειγάρ
3429 3489 3559 3558 ὑμῖν
3603 3489 3632 3540 ό

2054 3595 2258 3668 Κύριος
2306 3593 2520 3646 σύνεσιν
2554 3591 2690 3663 πρὸς
2731 3589 2794 3642 τὸ
2843 3586 3148 3658 γνωρίζειν,
3181 3583 3263 3646 τίς
3291 3582 3387 3652 μὲν
3412 3581 3440 3633 ὁ
3467 3578 3632 3646 εὐθὴς

2055 3683 2211 3753 λόγος
2246 3682 2380 3754 (65),
2406 3683 2491 3746 τίς
2518 3681 2575 3734 δὲ
2625 3683 2654 3733 ὁ
2703 3677 2915 3740 σκολιὸς
2955 3676 3048 3729 καὶ
3087 3669 3538 3744 διεστραμμένος.
3569 3668 3629 3719 Ei

2057 3777 2165 3849 γὰρ
2197 3775 2386 3830 ἄλλοτε
2416 3773 2578 3836 ἄλλας
2622 3772 2701 3825 δεῖ
2756 3769 2965 3831 πίστεις
2993 3765 3346 3837 συγγράφειν,
3371 3761 3466 3814 καὶ
3499 3759 3632 3830 μετὰ

2056 3869 2164 3923 τῶν
2218 3868 2421 3940 καιρῶν
2474 3863 2838 3927 ἀλλοιοῦσθαι,
2893 3858 3164 3930 ψευδὴςὴ
3221 3854 3500 3921 ἀπόφασις
3538 3853 3632 3906 τοῦ

2059 3960 2334 4024 εἰπόντος·
2371 3954 2474 4026 Εἷς
2508 3957 2744 4024 Κύριος,
2789 3953 2898 4023 μία
2940 3950 3166 4013 πίστις.
3196 3945 3267 3999 ἐν
3293 3944 3630 4013 βάπτισμα.

2059 4051 2123 4103 Εί
2169 4049 2227 4103 δὲ
2265 4051 2450 4102 ἐκεῖνα
2501 4044 2700 4116 ἀληθῆ,
2758 4040 2944 4113 μηδεὶς
2987 4038 3130 4108 ὑμᾶς
3161 4030 3490 4100 ἐξαπατάτω
3524 4032 3633 4093 τοῖς

2061 4146 2240 4205 κενοῖς
2277 4139 2391 4212 (66)
2447 4137 2663 4201 τούτοις
2712 4135 2912 4204 λόγοις.
2965 4125 3318 4183 Διαϐάλλουσι
3370 4122 3484 4192 (67)
3529 4119 3634 4212 γὰρ

2061 4237 2210 4307 ἡμᾶς
2254 4233 2329 4296 ὠς
2371 4227 2829 4300 καινοτομοῦντας
2880 4224 3006 4293 περὶ
3047 4219 3141 4273 τοῦ
3195 4215 3514 4285 Πνεύματος
3541 4211 3632 4264 τοῦ

2065 4305 2240 4398 ἀγίου.
2308 4325 2653 4397 Ἐρωτήσατε
2697 4314 2788 4373 οὖν
2843 4316 2931 4380 τίς
2959 4317 2993 4386 ὴ
3037 4307 3379 4380 καινοτομία.
3445 4305 3636 4376 Ἡμεῖς

464 4661 579 4745 (60)
637 4656 1190 4745 laneat'éopno'ar‘.
1219 4658 1643 4745 (Eoisl.r‘prir_nus
1677 4665 1733 4745 et
1763 4659 1952 4745 Regius

2070 4656 2236 4739 Frob.
2262 4655 2407 4745 Iheb;
2417 4653 2527 4745 1δύο
2559 4647 2793 4719 ἀδελφώ.
2821 4647 3092 4745 Sexnmss.
3123 4649 3197 4724 ,ιιι
3224 4641 3277 4724 in
3321 4635 3637 4745 textgt'oc;

394 4707 606 4803 primus
646 4707 1654 4803 avengeaﬂivi'b‘auié'ﬂisigilii?)
1681 4707 1967 4784 amisii;
2001 4707 2040 4719 ν
2072 4707 2524 4803 ibin—mgnus
2571 4707 3136 4803 eoru'm__ca.villationi
3171 4712 3300 4782 qui,
3347 4707 3549 4803 utfit...
3583 4708 3639 4760 in

395 4799 588 4876 ἀγάπῃ
616 4800 805 4876 πολλῇ.
839 4799 1000 4876 Deest
1027 4807 1299 4876 postrema
1342 4815 1446 4854 vox
1498 4800 1552 4852 in
1587 4811 1790 4870 septem
1827 4816 1962 4856 mss.

397 4870 455 4928 et
483 4870 874 4927 vetustioribus
915 4870 1264 4924 editionibus.

471 4943 582 5015 (61)
611 4940 772 4996 Κατὰ
801 4939 1108 5015 ἀλήθειαφς.
1127 4938 1351 5015 Ἐόίῑί-ιὴ
1385 4937 1526 5015 κατὰ
1553 4938 1808 5015 ἀλήθειαν
1822 4953 1967 5015 con-

403 5007 490 5069 tra
517 5007 761 5080 veterum
788 5007 1036 5065 codicum
1073 5009 1252 5080 ﬁdem.
1278 5007 1447 5063 Paulo
1477 5018 1608 5080 post
1628 5007 1756 5080 editi
1811 5009 1967 5063 ἀλλο-

401 5083 676 5156 τριώσειν.
703 5079 850 5156 Harl.
883 5088 938 5134 et
959 5080 1138 5156 ‘Coisl.
1165 5079 1378 5156 primus
1412 5078 1539 5156 cuin
1579 5078 1792 5135 duobus
1821 5080 1965 5156 _aliis

403 5147 463 5208 u't
493 5155 546 5208 in
577 5161 744 5208 textu.
781 5151 873 5205 Sic
901 5151 1065 5206 etiam
1111 5147 1264 5205 vetus
1296 5148 1464 5204 editio
1493 5147 1866 5220 Haganoensis
1912 5157 1967 5204 et

404 5224 578 5279 Paris.
610 5223 873 5278 secunda.

475 5294 587 5376 (6?)
622 5288 978 5376 ρῦτοι
1028 5289 1109 5374 lta
1161 5289 1330 5376 Harl.
1368 5297 1422 5376 et
1474 5286 1962 5376 Regium-primus.

408 5356 548 5418 Editi
568 5356 771 5418 τοίνυν.
820 5362 987 5420 Coisl.
1028 5361 1240 5430 primus
1264 5359 1426 5430 Auro).
1454 5356 1652 5412 τοίνυν.
1681 5356 1837 5430 _Med._
1852 5359 1969 5430 Αὑ-

406 5435 487 5556 10)
526 5433 642 5488 νῦν.
706 5432 840 5504 Reg.
889 5421 1162 5488 secundus
1189 5439 1244 5486 et
1283 5429 1451 5486 Coisl.
1494 5427 1768 5484 secundus
1808 5421 1968 5480 Οὗτοι

406 5521 468 5556 το
489 5521 602 5556 νυν.

406 5521 582 5558 τοινυν
589 5543 602 5557 ο

477 5573 590 5643 (6'5)
636 5572 790 5643 una
819 5571 981 5643 mag.
1041 5568 1362 5643 Praepositio
1397 5568 1595 5643 addita
1646 5582 1714 5643 ex
1764 5573 1972 5643 septem

411 5635 543 5709 mss.
575 5635 628 5697 et
670 5635 904 5709 editione
931 5635 1137 5709 Hagan.
1163 5635 1248 5709 ἐι
1277 5636 1522 5709 Froben.
1563 5639 1613 5709 1.
1646 5635 1765 5709 Mox
1807 5635 1974 5690 editio

412 5707 648 5770 Froben.
690 5712 727 5765 ‘2
769 5720 824 5766 et
877 5705 1049 5764 Paris.
1102 5710 1182 5772 είς
1229 5707 1342 5774 δύο,
1395 5707 1632 5776 ἀδελφοί.
1675 5705 1881 5776 llagan.
1920 5711 1974 5759 et

2073 4778 2246 4868 ἑρἱέιῖ
2289 4778 2389 4858 Ῠ51,
2429 4778 2913 4848 consubstantialis
2949 4778 3225 4868 vocenet
3279 4778 3639 4868 substantiam

2074 4847 2450 4925 communem,
2463 4871 2517 4918 et
2543 4875 2759 4930 eaquae
2785 4874 2848 4912 ex
2878 4855 3186 4930 substantia
3214 4861 3332 4930 orta
3365 4847 3641 4930 ξορρ-,ἀε-

2073 4915 2577 5007 ξῖέξίξίηῑὲὸίἐὶιέὴιῖ
2605 4915 2758 4984 Unde
2784 4935 3115 5007 sequeretur‘
3133 4922 3347 5007 Patrem
3371 4927 3425 4971 et
3447 4915 3638 5007 ilium

2073 4987 2373 5060 ῖὲῖὶιὲἰιὶάιὶι
2405 4987 2549 5058 inter
2594 5017 2653 5055 sc
2685 4987 3063 5067 cognationem
3102 4993 3334 5053 habere;
3383 4987 3510 5055 quia
3538 5027 3552 5048 ,
3587 4993 3648 5067 ut

2071 5076 2272 5130 ibidem
2323 5075 2432 5137 ait,
2471 5075 2708 5142 fraterna
2728 5066 2865 5142 sunt
2893 5068 3028 5119 inter
3047 5081 3120 5142 ἐς
3139 5077 3265 5142 gum.
3300 5073 3364 5142 ea.)
3393 5074 3499 5110 uno
3520 5066 3648 5138 ~(arta

2072 5126 2506 5213 εῖιῆι-,ΠἋδελφᾶ
2545 5141 2696 5213 ffa‘tp"
2715 5137 2962 5207 ἀλλήλοις
3004 5133 3072 5187 τὰ
3191 5126 3644 5213 ὲνὸςᾼὺτφεστῶτα.

2145 5197 2256 5284 (6i)
2299 5197 2462 5284 Οϋτώ
2484 5197 2802 5284 γάῥ.’ναι.,
2837 5197 3067 5275 uterque
3109 5203 3244 5273 Reg.
3275 5209 3329 5254 et
3354 5197 3527 5252 Coisl.
3565 5213 3646 5250 se-

2073 5285 2284 5339 cundus
2310 5283 2478 5336 Τοῦτο
2506 5283 2632 5353 γάρ.

2147 5355 2258 5424 (65)
2302 5355 2363 5406 '0
2396 5341 2820 5424 scaliger“.
2847 5346 2940 5424 _|At_a
2993 5343 3164 5424 Harl”
3195 5341 3366 5396 Coisl.
3420 5346 3648 5407 uterque

2081 5415 2252 5480 etalii
2280 5415 2716 5476 nonnulliIEditi
2748 5421 2776 5470 ό
2809 5416 2967 5477 εὐθὺς
3014 5415 3190 5482 λόγος.

2154 5495 2264 5564 (66)
2309 5493 2436 5558 Τοῖς
2474 5490 2699 5564 κενοῖς.
2737 5487 2918 5543 Codex
2943 5481 3231 5540 MediCaeus
3264 5483 3379 5543 τοῖς
3423 5481 3645 5542 καινοῖς,

2082 5565 2226 5617 novis
2248 5562 2598 5617 sermonibus.

2153 5633 2262 5702 (67)
2299 5628 2836 5702 Amé’dllqvo‘trdp
2871 5625 3049 5702 ἡμᾶς.
3072 5622 3288 5702 _chius
3324 5632 3558 5689 uterque
3599 5627 3650 5672 et

2081 5697 2253 5758 Coisl.
2273 5703 2547 5759 secundus
2575 5698 2950 5753 διαϐάλλουσιν
2982 5697 3126 5765 ἡμᾶς
