3856 6224
225 274 325 332 849

1138 278 1629 338 EPISTULARUM
1666 282 1950 340 CLASSIS
1983 283 2045 338 ll.
2089 283 2310 340 EPIST.
2363 285 2638 342 CCXXW.

3377 285 3482 340 850

233 394 332 460 γὲιρ
359 389 726 461 ὁμολογοῦμεν
759 389 786 443 ὃ
839 391 934 444 καὶ
974 394 1381 468 παρελάϐομεν,
1416 399 1555 470 μετὰ
1599 400 1839 472 Πατρὸς

1928 402 2124 459 9atrem
2164 411 2218 459 et
2255 401 2452 457 Filium
2489 410 2544 458 et
2586 400 2847 472 Spiritum
2895 407 3148 456 sanctum
3181 398 3480 463 credimus,

231 483 320 534 καὶ
375 482 507 536 Υίοῦ
555 482 809 552 τετάχθαι
861 483 953 538 τὸν
1009 485 1390 559 Παράκλητον,
1429 491 1490 542 ού
1539 489 1676 561 μετὰ
1704 491 1804 562 τῆς

231 575 457 639 κτίσεως
491 574 859 646 ἀριθμεῖσθαι.
902 576 997 640 El;
1031 577 1140 649 γὰρ
1187 580 1408 650 Πατέρα
1439 582 1533 635 καὶ
1563 582 1687 636 Υίὺν
1713 584 1806 635 καὶ

230 664 382 734 ἅγιον
415 667 638 737 Πνεῦμα
667 668 1143 740 πεπιστεύκαμεν·
1200 673 1293 725 καὶ
1323 673 1700 745 βαπτιζόμεθα
1727 677 1808 739 εἰς

231 757 287 810 τὸ
303 756 473 828 ὄνομα
495 759 588 812 τοῦ
612 760 822 831 Πατρὸς
845 761 940 814 καὶ
963 759 1056 814 τοῦ
1082 761 1210 816 Υίοῦ
1227 764 1321 817 καὶ
1345 764 1436 818 τοῦ
1461 765 1615 834 ἁγίου
1635 764 1808 818 Πνεύ-

233 867 418 921 ματος.
446 851 546 905 Διὰ
570 851 728 905 τοῦτο
753 852 1005 906 οὐδέποτε
1038 853 1139 924 τῆς
1179 855 1318 925 πρὸς
1342 857 1432 910 τὸν
1466 857 1686 929 Πατέρα
1715 857 1810 911 καὶ

231 942 358 996 Υίὺν
415 945 706 1013 συναφείας
757 944 846 998 τὸν
908 945 1266 1018 Παράκλητον
1314 948 1672 1019 ἁποσπῶμεν.
1751 949 1808 1002 ’0

231 1032 340 1104 γὰρ
367 1032 490 1096 νοῦς
511 1033 670 1103 ἡμῶν
692 1032 1058 1104 φωτιζόμενος
1079 1036 1183 1088 ὑπὸ
1201 1037 1295 1090 τοῦ
1323 1037 1462 1092 Πνεύ
1473 1056 1641 1108 ματος
1674 1039 1810 1112 πρὸς

230 1123 361 1176 Υίὺν
410 1123 724 1186 ἀναϐλέπει,
774 1125 869 1178 καὶ
912 1127 970 1179 ἐν
1004 1126 1152 1196 αὐτῷ
1189 1127 1265 1191 ὡς
1309 1129 1365 1182 ὲν
1394 1130 1563 1182 εἰκόνι
1618 1129 1814 1202 θεωρεῖ

231 1214 321 1268 τὸν
352 1216 588 1286 Πατέρα.
622 1214 760 1268 υῦτε
790 1211 882 1270 οὖν
909 1217 1148 1288 ὀνόματα
1172 1220 1302 1290 παρ’
1333 1219 1541 1273 ἑαυτῶν
1561 1220 1810 1273 ἐπινοοῦ-

233 1323 356 1376 μεν,
397 1306 535 1360 ἀλλὰ
581 1308 802 1379 Πνεῦμα
832 1308 986 1377 ἅγιον
1025 1311 1119 1363 καὶ
1152 1310 1512 1382 Παράκλητον
1553 1309 1814 1381 ὀνομάζο-

233 1417 354 1471 μεν,
379 1399 502 1455 ούτε
539 1402 639 1474 τὴν
662 1403 1018 1476 ὀφειλομένην
1049 1405 1196 1475 αὐτῷ
1211 1405 1367 1471 δόξαν
1395 1405 1606 1459 ἀθετεῖν
1639 1422 1813 1459 κατα-

231 1491 516 1563 δεχόμεθα.
557 1495 744 1550 Ταῦτά
776 1498 893 1550 ἐστι
930 1498 997 1550 τὰ
1028 1497 1272 1569 ἡμέτερα
1305 1496 1446 1568 μετὰ
1473 1499 1652 1570 πάσης
1681 1497 1813 1569 ἀλη-

232 1581 405 1646 θείας.
451 1585 574 1639 Ἐπὶ
626 1587 835 1651 τούτοις
895 1591 924 1642 ὁ
967 1588 1289 1659 κατηγορῶν
1331 1589 1737 1660 κατηγορείτω·
1790 1590 1819 1642 ὁ

1906 507 2071 568 atque
2101 498 2159 553 in
2194 499 2416 553 nomine
2460 496 2641 552 Patris
2685 502 2740 550 et
2785 493 2910 548 Filii
2933 501 2988 550 et
3029 492 3268 563 Spiritus
3307 492 3482 549 sancti

1907 590 2268 661 baptizamur.
2325 589 2671 660 Quapropter
2718 601 2998 658 nunquam
3037 585 3382 640 Paracletum
3415 584 3484 640 ab

1909 682 2059 737 illius
2090 696 2215 736 cum
2258 679 2420 736 Patre
2452 688 2508 736 et
2555 679 2694 734 Filio
2741 678 3130 748 conjunctione
3173 677 3480 732 avellimus.

1911 773 2063 830 Mens
2101 773 2245 828 enim
2290 779 2475 829 nostra
2510 788 2540 826 a
2577 771 2786 844 Spiritu
2840 771 3117 826 illustrata
3167 765 3236 824 ad
3285 767 3483 823 Filium

1911 865 2155 936 respicit,
2187 864 2324 920 etin
2375 865 2470 921 illo
2511 864 2663 920 velut
2712 865 2768 918 in
2800 861 3040 933 imagine
3066 859 3282 916 Patrem
3310 859 3482 915 videt.

1914 955 2100 1027 Neque
2119 957 2283 1028 igitur
2313 957 2533 1012 nomina
2550 972 2618 1011 ex
2649 955 2809 1010 nobis
2841 953 2976 1025 ipsis
2993 951 3485 1014 comminiscimur,

1916 1049 2012 1105 sed
2067 1046 2333 1118 Spiritum
2387 1058 2640 1104 sanctum
2695 1045 3046 1100 Paracletum
3098 1043 3488 1108 nominamus,

1915 1155 2092 1210 neque
2117 1138 2355 1194 debitam
2382 1140 2431 1195 ei
2464 1139 2692 1209 gloriam
2715 1137 3005 1193 destruere
3035 1137 3314 1192 volumus.
3349 1132 3492 1188 Vere

1916 1231 2139 1287 omnino
2184 1230 2299 1286 haec
2340 1238 2531 1286 nostra
2563 1239 2713 1285 sunt.
2756 1227 2966 1284 Horum
2995 1229 3174 1300 gratia
3200 1227 3295 1298 qui
3331 1239 3495 1280 accu.

1917 1331 2035 1387 sat,
2080 1329 2303 1377 accuset
2335 1341 2349 1377 ε
2386 1322 2481 1393 qui
2528 1336 2630 1377 nos
2669 1321 3044 1392 persequitur,
3073 1325 3436 1390 persequatur
3476 1336 3489 1370 :

1919 1411 2012 1482 qui
2038 1410 2196 1466 Iidem
2228 1411 2390 1466 habet
2417 1410 2708 1467 calumniis
2738 1411 2942 1480 quibus
2967 1409 3301 1479 impetimur,
3336 1419 3495 1476 para-

1920 1507 2010 1553 tus
2038 1498 2110 1554 sit
2135 1498 2200 1553 ad
2229 1499 2521 1569 judicium.
2555 1497 2822 1556 Dominus
2852 1513 3022 1570 prope
3051 1506 3155 1563 est,
3185 1495 3323 1552 nihil
3349 1494 3497 1551 solli-

1922 1589 2016 1643 citi
2051 1604 2245 1645 sumus
2274 1589 2342 1644 ⁸ο.

232 1676 443 1731 διώκων
466 1679 614 1750 ἡμᾶς
660 1680 904 1735 διωκέτω
923 1697 936 1711 ⁸
975 1683 1004 1734 ὁ
1036 1681 1306 1736 πιστεύων
1336 1684 1454 1746 ταῖς
1504 1682 1627 1735 καθ’
1655 1681 1812 1754 ἡμῶν
1849 1683 2122 1746 διαϐολαῖς
2152 1681 2527 1753 ἑτοιμαζέσθω
2556 1684 2693 1754 πρὸς
2719 1682 2818 1754 τὴν
2866 1679 3227 1736 διαδικασίαν.
3290 1677 3349 1732 '0
3391 1674 3498 1729 Κύ-

237 1782 352 1837 ριος
371 1766 538 1836 ἐγγύς
561 1786 576 1799 ο
619 1770 785 1841 μηδὲν
819 1769 1196 1841 μεριμνῶμεν.

304 1859 359 1912 4.
382 1861 450 1912 EE
498 1865 596 1924 τις
625 1863 682 1913 ὲν
721 1861 890 1932 Συρίᾳ
942 1863 1271 1933 συγγράφει,
1299 1861 1459 1916 τοῦτο
1498 1863 1652 1916 οὐδὲν
1682 1862 1818 1934 πρὸς

1986 1859 2040 1914 4.
2074 1857 2132 1913 Si
2160 1858 2284 1930 quis
2312 1857 2366 1912 in
2404 1856 2562 1930 Syria
2603 1858 2818 1923 scribit,
2845 1858 2951 1914 hoc
2984 1857 3122 1912 nihil
3151 1856 3218 1912 ad
3249 1873 3372 1913 nos.
3415 1858 3499 1912 Ea:

229 1951 406 2021 ἡμᾶς.
455 1952 547 2004 Ἐκ
569 1951 681 2021 τὰρ
705 1952 823 2006 τῶν
853 1956 1052 2022 λόγων
1083 1967 1198 2006 σου
1229 1953 1620 2024 δικαιωθήσῃ,
1663 1956 1818 2026 φησὶ,

232 2042 334 2096 καί
389 2043 458 2097 ἐκ
506 2043 625 2097 τῶν
675 2047 875 2113 λόγων
937 2062 1053 2098 σου
1122 2044 1613 2114 καταδικασθήσῃ
1683 2045 1816 2117 (68).

234 2132 301 2186 Οἱ
360 2134 483 2205 ἐμοὶ
524 2133 670 2204 λόγοι
705 2138 804 2207 ἐμὲ
859 2136 1192 2207 κρινέτωσαν
1215 2155 1228 2167 ο
1265 2137 1405 2208 ὑπὲρ
1439 2137 1495 2190 δὲ
1525 2137 1820 2210 ἀλλοτρίων

233 2225 385 2296 ἡμᾶς
423 2225 754 2297 σφαλμάτων
808 2228 997 2299 μηδεὶς
1046 2228 1476 2293 καταδικαζέτω,
1540 2231 1675 2302 μηδὲ
1721 2229 1820 2293 τὰς

233 2314 344 2385 πρὸ
394 2315 598 2369 εἴκοσιν
646 2315 782 2370 ὲτῶν
830 2317 1136 2385 γραφείσας
1175 2319 1304 2389 παρ’
1343 2317 1502 2389 ἡμῶν
1533 2318 1821 2384 ἐπιστολὰς

233 2409 318 2470 εἰς
348 2407 620 2475 ἀπόδειξιν
647 2407 1034 2480 προϐαλλέσθω
1058 2409 1152 2462 τοῦ
1179 2409 1274 2464 νῦν
1296 2412 1645 2474 κοινωνικοὺς
1672 2411 1823 2482 ἡμᾶς

236 2496 380 2553 εἶναι
410 2501 523 2562 τοῖς
551 2500 735 2553 ἐκεῖνα
777 2499 1175 2570 συγγράψασιν.
1223 2501 1413 2572 Ἡμεῖς
1445 2502 1552 2574 γὰρ
1581 2503 1688 2574 πρὸ
1715 2503 1823 2557 τῶν

237 2591 708 2662 συγγραμμάτων,
736 2590 913 2644 λαῖκοὶ
953 2592 1102 2655 ὄντες
1131 2592 1266 2663 πρὸς
1297 2593 1518 2656 λαῖκοὺς
1570 2592 1824 2645 ὲπεστέλ-

233 2683 406 2749 λομεν
433 2681 567 2753 (69),
600 2682 706 2754 πρὸ
745 2682 837 2736 τοῦ
868 2681 990 2736 τινὰ
1023 2683 1117 2736 καὶ
1139 2683 1395 2737 ὑπόνοιαν
1421 2681 1673 2753 τοιαύτην
1700 2686 1824 2736 κατ’

236 2773 420 2827 αὐτῶν
471 2773 736 2827 κινεῖσθαι
762 2791 776 2804 ·
828 2775 925 2828 καὶ
971 2775 1363 2846 ὲπεστέλλομεν
1399 2763 1548 2831 οὐδὲν
1583 2776 1710 2849 περὶ
1732 2775 1824 2828 πί-

241 2879 434 2930 στεως,
469 2864 578 2917 οὐδ’
610 2860 700 2919 οἷα
717 2863 811 2918 νῦν
844 2865 938 2917 ἐπὶ
966 2868 1031 2935 τῇ
1061 2866 1184 2918 καθ’
1212 2865 1370 2937 ἡμῶν
1419 2866 1636 2938 διαϐολῇ
1669 2883 1824 2937 περι-

240 2955 501 3027 φέρουσιν
541 2951 715 3022 οὗτοι,
762 2955 896 3010 ἀλλὰ
924 2955 1086 3028 ψιλὰς
1129 2960 1521 3030 προσηγορίας,
1557 2959 1831 3031 ἀγαπητι-

241 3050 348 3121 κὴν
372 3047 756 3121 προσφώνησιν
799 3049 1242 3121 ἀποπληρούσας.
1279 3051 1474 3121 Ἡμεῖς
1500 3049 1609 3121 γὰρ
1625 3049 1827 3121 ὁμοίως

241 3143 339 3195 καί⁸
366 3143 492 3204 τοὺς
505 3140 575 3194 τὰ
601 3139 889 3194 Σαϐελλίου
919 3141 1228 3207 νοσοῦντας,
1248 3143 1343 3196 καὶ
1367 3142 1493 3206 τοὺς
1523 3141 1590 3195 τὰ
1620 3142 1826 3214 Ἀρείου

1921 1947 2024 2002 tuis
2059 1948 2228 2014 enim,
2262 1947 2476 2016 inquit,
2515 1946 2682 2001 verbis
2715 1947 3134 2017 justiﬁcaberis,
3161 1958 3211 2003 et
3247 1964 3310 2003 ea:
3333 1949 3498 2003 verbis

1920 2039 2024 2092 tuis
2054 2036 2485 2092 condemnaberis
2512 2037 2578 2091 “.
2607 2036 2724 2092 Mea
2759 2052 2846 2093 me
2878 2037 3042 2093 verba
3063 2036 3349 2106 judicent;
3372 2052 3500 2108 pro-

1919 2137 2041 2201 pter
2085 2131 2295 2185 alienos
2341 2145 2474 2185 vero
2521 2145 2742 2186 errores
2800 2145 2961 2185 nemo
3009 2143 3113 2186 nos
3151 2127 3503 2193 condemnet,

1919 2237 2097 2291 neque
2123 2228 2251 2277 ante
2280 2221 2477 2292 viginti
2503 2237 2680 2278 annos
2712 2222 2951 2294 scriptas
2986 2237 3016 2276 a
3046 2222 3205 2277 nobis
3238 2221 3500 2292 epistolas

1918 2309 2163 2382 proferat
2181 2349 2198 2375 ,
2235 2319 2296 2365 ut
2325 2311 2668 2368 demonstret
2698 2327 2848 2368 nunc
2877 2311 3373 2367 communicatores
3399 2325 3502 2369 nos

1920 2419 2044 2460 esse
2077 2419 2268 2458 eorum
2300 2403 2394 2474 qui
2439 2404 2547 2459 ista
2592 2404 2956 2474 scripserunt.
2987 2402 3100 2460 Nos
3128 2403 3274 2459 enim
3295 2443 3311 2469 ,
3343 2412 3503 2458 ante-

1920 2511 2084 2566 quam
2129 2495 2243 2550 haac
2276 2495 2623 2558 scriberent,
2670 2495 2798 2550 laici
2833 2496 2902 2551 ad
2948 2496 3122 2552 laicos
3154 2495 3501 2566 scripsimus,

1923 2595 2218 2658 antequam
2257 2588 2340 2642 vel
2371 2587 2741 2657 suspicionem
2786 2587 3059 2658 ejusmodi
3103 2588 3398 2658 quisquam
3447 2587 3505 2642 in

1923 2679 2047 2734 illos
2095 2686 2368 2744 moveret;
2403 2694 2504 2734 nec
2561 2678 2628 2733 de
2671 2677 2776 2733 ﬁde
2828 2679 3129 2749 quidquam
3181 2679 3505 2749 scripsimus

1923 2785 2025 2825 nec
2063 2770 2246 2840 qualia
2290 2769 2368 2822 illi
2403 2784 2552 2823 nunc
2592 2769 2660 2824 ad
2697 2769 2955 2825 invidiam
2997 2769 3160 2824 nobis
3203 2769 3503 2824 creandum

1925 2860 2342 2929 circumferunt,
2373 2861 2468 2916 sed
2503 2861 2863 2917 salutationes
2891 2861 3092 2924 nudas,
3120 2877 3242 2932 quae
3270 2863 3506 2936 amicam

1927 2955 2402 3025 compellationem
2434 2953 2840 3024 persolvebant.
2871 2952 3036 3025 349
3066 2952 3180 3009 Nos
3225 2954 3370 3009 enim
3411 2968 3508 3024 pa-

1926 3039 2061 3100 riter
2083 3051 2136 3100 et
2165 3060 2260 3101 eos
2284 3046 2379 3114 qui
2414 3043 2637 3100 Sabellii
2671 3045 2864 3101 morbo
2891 3047 3164 3109 laborant,
3192 3053 3247 3100 et
3277 3061 3377 3101 cos
3410 3044 3508 3115 qui

1927 3137 2043 3192 Arii
2074 3136 2328 3208 dogmata
2362 3143 2607 3202 tuentur,
2638 3143 2700 3191 ut
2739 3136 2938 3208 impios
2968 3135 3234 3207 fugimus,
3270 3143 3324 3191 et
3369 3149 3501 3190 anas

238 3232 493 3303 δόγματα
529 3231 899 3300 ὲκδικοῦντας,
941 3234 1018 3297 ὼς
1051 3235 1290 3297 ἀσεϐεῖς,
1325 3233 1710 3304 ἁποφεύγομεν
1733 3234 1826 3287 καὶ

1929 3229 2372 3286 thematizamus.
2405 3227 2464 3288 Si
2498 3228 2624 3299 quis
2672 3228 2928 3284 eumdem
2980 3227 3194 3283 Patrem
3255 3227 3387 3282 dicit
3445 3242 3509 3281 ac

240 3323 734 3394 ἀναθεματίξομεν.
787 3323 856 3377 Εῖ
878 3341 962 3385 τις
991 3323 1081 3377 τὸν
1115 3324 1278 3378 αὑτὸν
1317 3323 1538 3396 Πατέρα
1560 3323 1706 3391 λέγει
1732 3325 1826 3376 καὶ

243 3414 373 3467 Υἱὸν
399 3413 494 3467 κα)⁸
519 3412 675 3483 ἆγιον
706 3413 950 3483 Πνεῦμα,
977 3413 1072 3465 καὶ
1106 3412 1164 3466 ἒν
1200 3414 1434 3485 πρᾶγμα
1475 3411 1825 3484 πολυώνυμον

245 3505 582 3571 ὑποτίθεται,
629 3504 722 3558 καὶ
781 3504 911 3576 μίαν
950 3505 1249 3558 ὑπόστασιν
1292 3504 1395 3557 ὑπὸ
1431 3503 1599 3576 τριῶν
1652 3520 1822 3574 προσ-

244 3597 488 3669 ηγοριῶν
547 3595 986 3669 ἐκφωνουμένην,
1022 3596 1112 3650 τὸν
1149 3595 1390 3650 τοιοῦτον
1450 3598 1614 3667 ἡμεῖς
1653 3597 1710 3649 ὲν
1757 3598 1824 3666 τῇ

251 3689 429 3762 μερίδι
458 3687 568 3742 τῶν
639 3688 905 3743 Ἰουδαίων
932 3689 1226 3760 τάσσομεν.
1275 3689 1506 3759 Ὁμοίως
1552 3688 1646 3741 καὶ
1667 3689 1720 3741 εῐ
1747 3705 1828 3751 τις

246 3781 499 3851 ἀνόμοιον
536 3779 683 3848 λέγει
724 3780 867 3834 κατὰ
898 3779 996 3850 τὴν
1029 3777 1220 3832 οὐσίαν
1247 3778 1339 3831 τὸν
1370 3779 1495 3831 Υίὸν
1527 3777 1605 3850 τῷ
1627 3777 1824 3849 Πατρὶ,

247 3871 283 3943 ἢ
310 3873 389 3936 είς
415 3870 622 3941 κτίσμα
652 3871 881 3940 κατάγει
908 3871 967 3924 τὸ
997 3869 1222 3939 Πνεῦμα
1249 3870 1309 3923 τὸ
1343 3870 1518 3938 ἆγιον,
1553 3869 1830 3940 ἀναθεμα-

246 3961 487 4031 τίζομεν,
551 3961 646 4014 καὶ
697 3961 865 4030 ἐγγὺς
908 3956 1046 4015 εἶναι
1066 3959 1165 4031 τῆς
1211 3958 1830 4032 Ἑλληνικῆςὶτιθέμεθα

247 4053 478 4124 πλάνης.
536 4053 696 4106 Ἀλλὰ
731 4051 802 4106 τὰ
834 4053 932 4123 μὲν
969 4052 1214 4124 στόματα
1235 4052 1343 4105 τῶν
1375 4051 1830 4123 κακηγορούντων

250 4142 398 4214 ἡμᾶς
446 4143 800 4214 ἐπισχεθῆναι
867 4142 955 4196 διὰ
1011 4143 1120 4196 τῶν
1163 4143 1444 4215 ἡμετέρων
1491 4142 1830 4213 γραμμάτων

247 4235 562 4305 ἀμήχανον·
624 4234 823 4306 μᾶλλον
885 4235 982 4305 μὲν
1026 4229 1118 4288 οὖν
1163 4235 1310 4299 εἰκὸς
1356 4235 1451 4288 καὶ
1494 4235 1832 4308 ἐρεθίζεσθαι

247 4328 448 4390 αὐτοὺς
475 4325 570 4378 ὲπὶ
621 4328 741 4390 ταῖς
789 4326 1108 4396 ἀπολογίαις
1157 4327 1334 4398 ἡμῶν,
1358 4329 1453 4381 καὶ
1481 4327 1700 4399 μείζονα
1739 4329 1833 4381 καὶ

247 4416 604 4488 χαλεπώτερα
636 4417 756 4470 καθ’
802 4415 959 4488 ήμῶν
998 4419 1431 4483 κατασκευάζειν
1456 4437 1470 4451 ·
1515 4421 1614 4485 τὰς
1651 4421 1833 4491 μέντοι

247 4509 526 4579 ὑμετέρας
578 4507 746 4571 ἀκοὰς
801 4508 1141 4579 φυλαχθῆναι
1181 4511 1241 4563 ού
1295 4511 1551 4581 χαλεπόν.
1579 4512 1766 4574 Ὥστε,
1805 4511 1834 4564 ὃ

248 4603 401 4653 ἐστιν
433 4601 519 4668 ἐφ’
553 4599 704 4669 ὑμῖν,
735 4598 894 4653 τοῦτο
923 4602 1204 4672 ποιήσατε.
1252 4603 1540 4674 Ἀκεραίαν
1573 4605 1706 4674 ἡμῖν
1739 4604 1834 4657 καὶ
1866 4592 1916 4645 Ῑ)

247 4690 601 4762 ἀπρόληπτον
627 4691 747 4753 ταῖς
790 4689 1062 4755 διαϐολαῖς
1098 4692 1196 4763 τὴν
1234 4693 1458 4763 καρδίαν
1480 4692 1632 4764 ὑμῶν
1665 4693 1833 4763 φυλά-

247 4783 379 4850 ξατε
402 4798 416 4812 ⁸
445 4783 542 4835 καὶ⁵
570 4782 706 4854 πρὸς
758 4783 827 4836 τὰ
874 4783 1286 4855 προϐαλλόμενα
1315 4786 1638 4856 ἐγκλήματα
1667 4788 1834 4840 ἀπαι-

244 4878 394 4928 τεῖτε
425 4875 574 4945 ἡμᾶς
595 4874 693 4937 τὰς
716 4873 962 4938 εὐθύνας.
993 4875 1104 4929 Καὶ
1129 4877 1177 4928 εί
1207 4877 1306 4943 μὲν
1328 4876 1525 4947 εὕρητε
1543 4877 1670 4947 παρ’
1697 4879 1830 4947 ἡμῖν

245 4969 350 5039 τὴν
395 4968 680 5038 ἀλήθειαν,
735 4967 992 5042 μὴ’δῶτε
1041 4969 1223 5042 χώραν
1268 4970 1347 5042 τῷ
1391 4970 1607 5040 ψεύδει·
1645 4971 1740 5024 ἐὰν
1776 4971 1838 5025 δὲ

243 5059 586 5114 ἁτονούντων
609 5061 763 5133 ἡμῶν
792 5063 928 5132 πρὸς
953 5062 1051 5134 τὴν
1080 5064 1376 5131 ἀπολογίαν
1404 5063 1684 5134 αἴσθησθε,
1712 5063 1834 5117 τότε

245 5152 585 5206 πιστεύσατε
637 5157 750 5218 τοῖς
791 5157 1116 5226 κατηγόροις
1151 5155 1309 5228 ήμῶν
1347 5155 1422 5220 ὡς
1454 5155 1838 5227 ἀληθεύουσιν..

259 5244 664 5314 Ἀγρυπνοῦσιν
717 5247 914 5299 ἐκεῖνοι
966 5247 1103 5318 πρὸς
1145 5249 1208 5301 τὸ
1235 5249 1382 5318 ἡμᾶς
1433 5247 1829 5318 κακοποιῆσαι*

243 5334 413 5388 τοῦτο
447 5337 578 5413 παρ’
613 5337 766 5404 ὑμῶν
799 5339 900 5390 οὐκ
932 5337 1317 5401 ἐπιζητοῦμεν.
1365 5340 1695 5412 Ἐμπορικὺν
1720 5339 1835 5408 βίον

325 5489 372 5521 ⁸⁸
417 5488 650 5547 ¹διιὶιίυι).
686 5507 763 5548 tv.
817 5493 874 5558 5,
906 5493 959 5548 6.
1035 5493 1079 5525 “
1123 5487 1316 5550 Matth.
1346 5511 1444 5564 xu,
1493 5493 1582 5548 '57.
1646 5479 1659 5487 ’

291 5609 994 5752 ρὶἓῗζξίαταδικασθήσῃ.
1035 5615 1113 5669 lta
1145 5630 1277 5670 mss.
1331 5630 1445 5669 sex.
1481 5612 1618 5668 Edit.
1660 5629 1826 5666 κατα-

246 5698 514 5751 κριυησῃ.

1927 3320 2128 3376 Filium
2157 3328 2212 3376 et
2244 3320 2508 3392 Spiritum
2541 3329 2794 3379 sanctum
2814 3362 2830 3385 .
2875 3335 2940 3375 ac
2986 3335 3100 3375 rem
3125 3335 3289 3375 unam
3323 3319 3510 3377 multis

1929 3413 2246 3469 nominibus
2275 3411 2615 3483 designatam
2636 3427 2762 3469 esse
2784 3413 3003 3477 statuit,
3036 3426 3313 3482 unamque
3336 3412 3509 3483 hypo-

1931 3507 2124 3561 stasim
2173 3505 2354 3560 tribus
2407 3504 2873 3576 appellationibus
2927 3518 3280 3575 expressam;
3343 3504 3506 3560 talem

1931 3613 2032 3652 nos
2056 3597 2112 3652 in
2153 3596 2468 3653 Judatorum
2519 3607 2675 3667 parte
2706 3610 3083 3652 numeramus.
3117 3594 3208 3650 Sic
3235 3596 3422 3661 etiam,
3461 3597 3507 3652 si

1931 3689 2056 3760 quis
2089 3687 2290 3743 Filium
2317 3687 2466 3742 Patri
2510 3687 2813 3744 secundum
2846 3687 3142 3743 essentiam
3180 3686 3506 3743 dissimilem

1933 3781 2087 3849 dicit,
2116 3787 2210 3834 aut
2235 3780 2304 3835 ad
2334 3787 2646 3835 creaturam
2673 3778 2914 3834 detrahit
2946 3776 3212 3849 Spiritum
3235 3785 3506 3844 sanctum,

1935 3871 2484 3937 anathematizamus,
2513 3878 2568 3926 et
2596 3886 2625 3924 a
2654 3870 2941 3939 gentilium
2983 3886 3172 3927 errore
3200 3885 3310 3926 non
3350 3871 3508 3942 longe

1935 3963 2129 4017 abesse
2157 3961 2430 4017 ducimus.
2471 3959 2578 4015 Sed
2617 3975 2717 4014 ora
2767 3969 3152 4016 accusatorum
3191 3969 3508 4016 nostrorum

1937 4053 2222 4124 comprimi
2250 4053 2448 4108 litteris
2483 4053 2692 4108 nostris
2717 4067 2827 4107 non
2871 4059 3139 4122 possunt;
3171 4053 3283 4108 imo
3311 4053 3509 4109 verisi—

1936 4146 2064 4200 mile
2087 4153 2194 4211 est,
2221 4144 2346 4201 illos
2375 4145 2540 4200 etiam
2575 4145 2993 4201 defensionibus
3035 4137 3244 4200 nostris
3274 4145 3516 4211 irrita‘ri,

1937 4245 1993 4292 ct
2021 4236 2229 4307 majora
2252 4252 2318 4292 ac
2361 4237 2615 4308 graviora
2651 4237 2706 4292 in
2740 4253 2842 4292 nos
2876 4237 3204 4292 machinari.
3236 4236 3509 4293 Caeterum

1939 4345 2100 4384 aures
2143 4337 2357 4385 vestras
2389 4329 2658 4386 custodiri
2707 4345 2819 4385 non
2852 4328 3088 4385 diﬂicile.
3139 4328 3321 4396 Quare
3361 4331 3512 4400 quod

1939 4421 1995 4475 in
2039 4421 2198 4477 vobis
2245 4420 2413 4476 situm
2456 4429 2575 4486 est,
2624 4426 2898 4492 praestate.
2934 4417 3224 4476 Sincerum
3265 4421 3426 4477 nobis
3459 4429 3513 4476 et

1938 4515 2161 4571 minime
2193 4523 2635 4586 praeoccupatum
2671 4515 2963 4571 calumniis
2994 4529 3090 4569 cor
3119 4524 3361 4571 vestrum
3398 4531 3515 4572 ser-

1938 4615 2056 4660 vate
2085 4627 2096 4662 :
2125 4615 2288 4678 atque
2335 4608 2674 4678 objectorum
2724 4606 2881 4662 nobis
2913 4605 3210 4662 criminum
3240 4608 3512 4662 rationem

1940 4715 1970 4753 a
1994 4700 2154 4756 nobis
2176 4701 2472 4770 postulate.
2501 4699 2581 4754 Ac
2603 4701 2886 4755 veritatem
2910 4701 3132 4771 quidem
3163 4698 3208 4754 si
3239 4697 3383 4768 apud
3414 4714 3516 4751 nos

1938 4789 2290 4854 inveneritis,
2329 4804 2398 4844 ne
2445 4789 2587 4845 dctis
2634 4789 2818 4844 locum
2853 4788 3160 4844 mendacio.
3200 4787 3296 4842 Sin
3331 4799 3512 4843 autem

1937 4896 2040 4936 nos
2067 4881 2134 4936 ad
2175 4880 2554 4938 defensionem
2605 4883 2854 4940 inﬁrmos
2887 4882 3196 4947 senseritis,
3227 4891 3360 4937 tunc
3393 4896 3510 4936 crc-

1938 4973 2051 5027 dite
2103 4975 2523 5030 accusatoribus
2578 4975 2820 5039 nostris,
2875 4979 2936 5028 ut
2993 4988 3124 5029 vera
3177 4973 3508 5028 dicentibus.

1939 5061 2181 5134 Vigilant
2223 5063 2322 5124 illi,
2370 5063 2530 5119 nobis
2573 5071 2636 5117 ut
2671 5071 2945 5120 noceant:
2987 5063 3090 5119 hoc
3127 5077 3158 5116 a
3196 5063 3352 5118 vobis
3400 5078 3511 5116 non

1940 5156 2310 5226 exposcimus.
2333 5155 2729 5211 Nundinariam
2769 5157 2937 5210 vitam
2969 5163 3212 5226 agentes,
3244 5163 3510 5210 structam

1940 5247 2100 5302 nobis
2129 5247 2456 5302 calumniam
2482 5247 2550 5301 ad
2580 5249 2718 5302 lucri
2743 5248 3118 5303 accessionem
3140 5253 3508 5301 convertunt:

1940 5355 2038 5394 vos
2092 5348 2275 5393 autem
2328 5340 2708 5404 adhortamur,
2761 5346 2820 5393 ut
2870 5341 3140 5394 maneatis
3197 5339 3378 5404 domi,
3447 5352 3512 5392 ac

2008 5608 2120 5732 (ἓξ)
2175 5605 2674 5675 Ἐπεστέλλομεν.
2705 5601 2873 5660 Εοὶεὶ.
2915 5602 3124 5673 primus
3149 5614 3198 5659 et
3223 5600 3361 5657 Med.
3385 5602 3511 5652 tm-

2009 5697 2032 5732 Ξ
2089 5693 2249 5732 αμεν.

1943 5693 2121 5733 στειΑα
2130 5693 2249 5748 μεν.
