3856 6224
202 261 310 319 853

1089 263 1577 322 EPISTOLARUM
1616 264 1904 323 CLASSIS
1941 262 2004 318 ll.
2051 260 2267 317 EPIST.
2311 260 2615 321 CCXXVII.

3352 263 3457 322 δεδι

199 376 338 430 Θεοῦ
374 375 442 428 τὰ
469 379 588 440 ταῖς
633 375 980 448 Ἐκκλησίαις
1000 381 1401 451 διατυπούμενα
1438 386 1503 454 τῇ
1538 383 1627 436 τοῦ
1656 383 1788 436 Θεοῦ

1891 397 1990 452 pro
2037 387 2211 444 certo,
2249 395 2344 434 eos
2382 379 2476 449 qui
2527 395 2615 434 res
2656 379 2711 433 in
2744 377 3006 435 Ecclesiis
3054 393 3084 433 a
3129 377 3224 434 Dei
3270 379 3458 435 electis

201 466 431 536 διαταγῇ
477 466 844 522 ἀνθίστανται.
899 469 990 540 Μὴ
1041 470 1460 539 δικαιολογεῖσθε
1513 473 1649 544 πρὸς
1688 473 1784 544 τὴν

204 558 419 630 μητέρα
453 560 606 629 ὑμῶν
633 560 730 631 τὴν
750 562 1115 616 ὲνΝικοπόλει
1156 565 1500 636 Ἐκκλησίαν.
1532 566 1623 638 Μὴ
1654 584 1786 638 τρα-

199 650 426 719 χύνεσθε
463 651 601 722 πρὸς
653 653 780 716 τοὺς
827 654 936 707 τῶν
987 655 1172 725 ψυχῶν
1227 655 1380 727 ὑμῶν
1425 657 1782 726 ἀναδεδεγμέ-

201 758 327 804 νους
357 742 466 812 (79)
495 744 594 814 τὴν
631 744 920 815 μέριμναν.
960 746 1048 798 Ἐν
1075 750 1184 817 γὰρ
1222 745 1300 816 τῷ
1328 746 1395 800 τὰ
1422 747 1521 817 τῆς
1544 747 1784 800 Νικοπό-

200 830 337 894 λεως
368 834 688 886 συνεστάναι
722 835 1024 904 πράγματα
1061 836 1155 887 καὶ
1183 835 1245 888 τὸ
1282 835 1404 889 καθ’
1444 837 1588 907 ὑμᾶς
1620 838 1784 908 μέρος

202 923 698 996 συνδιασωθήσεται
735 925 881 996 (80)’
933 925 1028 980 ἐὰν
1079 927 1136 980 δέ
1189 927 1408 998 ἐκείνης
1457 927 1660 1000 ἅψηταί
1702 945 1786 991 τις

201 1015 384 1079 σάλος,
429 1015 534 1070 κᾶν
575 1017 800 1088 μυρίους
840 1017 1001 1089 ἔχητε
1049 1019 1176 1082 τοὺς
1209 1019 1582 1088 φυλάσσοντας
1615 1021 1778 1091 ὑμᾶς,

202 1108 836 1179 συμπαραναλωθήσεται
894 1109 973 1180 τῷ
1025 1110 1304 1183 κεφαλαίῳ
1346 1112 1439 1165 καὶ
1491 1111 1552 1164 τὸ
1597 1113 1782 1183 μέρος.

211 1201 302 1264 Ὠς
350 1197 444 1254 οὗν
494 1202 543 1254 oi
595 1203 708 1265 τοῖς
759 1205 1021 1271 ποταμοῖς
1077 1202 1503 1276 παροικοῦντες,
1564 1204 1784 1258 ἐπειδὰν

199 1289 352 1342 ῐδωσί
415 1307 566 1354 τινας
631 1290 916 1362 πόρρωθεν
980 1291 1312 1366 ὀχυρώματα
1379 1291 1785 1363 καταϐαλλομέ-

197 1395 325 1440 νους
352 1378 461 1447 (8|)
499 1380 611 1442 τοῖς
649 1378 934 1449 ῥεύμασιν,
966 1377 1166 1443 ἴσασιν,
1214 1379 1297 1431 ὅτι
1328 1379 1509 1442 αὐτοῖς
1549 1379 1785 1450 προδιοι-

199 1469 422 1522 κοῦνται
464 1470 562 1540 τὴν
589 1469 904 1538 ἀσφάλειαν,
935 1469 1030 1533 τὰς
1052 1469 1349 1542 ἐπιδρομὰς
1367 1468 1476 1522 τῶν
1501 1469 1784 1541 ῥευμάτων

198 1561 658 1633 ἀποκρουόμενοι·
694 1560 836 1614 οὕτω
863 1561 960 1614 κα)⁷
987 1563 1035 1614 οἱ
1065 1561 1161 1617 νῦν
1185 1561 1246 1614 τὸ
1273 1561 1436 1633 βάρος
1474 1561 1576 1631 τῆς
1621 1577 1784 1632 φρον-

198 1651 343 1715 τίδος
373 1652 481 1706 τῶν
519 1651 852 1722 Ἐκκλησιῶν
883 1653 996 1724 (82)
1035 1653 1420 1724 ἀναδεξάμενοι
1457 1654 1516 1706 ἐν
1563 1655 1629 1724 τῇ
1674 1653 1785 1706 τῶν

198 1742 376 1796 ἄλλων
408 1743 620 1814 φυλακῇ
663 1744 764 1816 τὴν
807 1744 929 1797 καθ’
985 1745 1130 1814 ὑμᾶς
1186 1744 1370 1798 ἄδειαν
1418 1744 1776 1798 διοικοῦνταν

199 1833 295 1886 καὶ
346 1834 405 1886 ἐν
453 1832 628 1904 σκέπῃ
667 1834 959 1904 γενήσεσθε
1017 1835 1198 1905 πάσης
1255 1834 1518 1906 ταραχῆς,
1579 1835 1778 1906 ἐτέρων

198 1924 608 1995 ὑποδεχομένων
642 1924 736 1978 τοῦ
782 1924 1018 1996 πολέμου
1051 1925 1150 1989 τὰς
1180 1925 1502 1997 προσϐολάς.
1537 1926 1682 1998 Πρὸς
1722 1925 1780 1979 δέ

195 2020 421 2070 κάκεῖνο
461 2016 571 2088 (85)
616 2017 964 2086 ἐνθυμεῖσθαι
1009 2017 1154 2087 ὑμᾶς
1199 2017 1507 2088 προσῆκεν,
1555 2018 1638 2070 ὅτι
1682 2016 1780 2086 οὐχ

198 2107 344 2175 ὑμᾶς
372 2104 661 2170 ἀπέϐαλεν,
693 2105 808 2158 ἀλλ’
846 2105 1064 2176 ἐτέρους
1105 2104 1457 2176 προσέλαὸεν.
1498 2105 1572 2158 Οὐ
1606 2105 1778 2176 δήπου

197 2196 308 2266 γὰρ
337 2195 593 2266 βάσκανοί
630 2195 775 2260 τινές
819 2199 984 2267 ἐσμεν
1010 2198 1191 2267 ἡμεῖς,
1234 2195 1373 2249 ὥστε
1411 2196 1504 2250 τὸν
1551 2197 1781 2267 δυνάμε-

196 2306 288 2341 νον
332 2289 427 2341 καὶ
470 2287 650 2351 ἄλλοις
685 2289 792 2341 τῶν
835 2286 1025 2340 ἐαυτοῦ
1057 2287 1414 2358 χαρισμάτων
1447 2287 1780 2358 μεταδιδόναι

196 2377 528 2450 ἀναγκάζειν
558 2381 684 2450 ὑμῖν
719 2379 828 2451 (84)
857 2378 1225 2432 ἐναποκλείειν
1257 2378 1355 2450 τὴν
1386 2379 1564 2450 χάριν,
1599 2378 1694 2431 καὶ
1720 2376 1781 2430 τὸ

195 2471 319 2526 καθ’
350 2473 496 2543 ὑμᾶς
547 2471 693 2542 μόνῳ
736 2471 920 2543 χωρίῳ
978 2475 1347 2543 στενοχωρεῖν.
1403 2470 1540 2524 Οὔτε
1591 2471 1700 2541 γὰρ
1752 2472 1780 2523 6

196 2563 382 2634 πηγὴν
415 2563 824 2633 περιφράσσων,
859 2565 953 2617 καὶ
995 2562 1188 2627 ὓδατος
1229 2563 1404 2630 ἔξοδον
1448 2562 1780 2632 λυμαινόμε-

197 2672 308 2718 νος,
347 2653 470 2707 οὔτε
512 2656 541 2708 ό
593 2654 942 2708 διδασκαλίαν
981 2655 1180 2726 διαρκῆ
1217 2653 1440 2708 κωλύων
1479 2653 1570 2706 ἐπὶ
1598 2652 1780 2707 πλεῖον

194 2747 394 2816 χωρεῖν
425 2745 532 2812 ἔξω
554 2743 648 2798 τοῦ
681 2745 886 2810 πάθους
918 2747 1016 2818 τῆς
1057 2745 1352 2815 βασκανίας
1381 2744 1550 2797 ἐστίν.
1579 2743 1782 2814 Ἐχέτω

191 2837 375 2891 τοίνυν
401 2839 495 2890 καῖ
531 2837 630 2908 τὴν
665 2837 1012 2900 Νικοπόλεως
1048 2837 1337 2908 μέριμναν,
1369 2836 1464 2889 καὶ
1499 2835 1560 2889 τὸ
1584 2835 1780 2906 ὑμέτε-

190 2947 289 3000 ρον
327 2929 613 3001 προσθήκη
636 2929 776 2982 ἐστω
799 2929 908 2983 τῶν
938 2932 1054 2982 ἐκεῖ
1086 2928 1521 3000 φροντισμάτων.
1550 2926 1642 2998 Τῷ
1683 2928 1781 2998 μὲν

192 3021 304 3092 γὰρ
333 3021 488 3092 ἀνδρὶ
523 3021 720 3074 πλείων
749 3021 1051 3093 προσῆλθεν
1093 3020 1204 3093 (85)
1231 3021 1260 3072 6
1293 3021 1482 3085 κόπος,
1525 3019 1679 3090 ὑμῶν
1725 3019 1783 3072 δὲ

1891 473 2227 529 constitutas
2274 487 2385 527 non
2429 472 2743 536 admittunt,
2787 469 2882 525 Dei
2943 470 3275 526 ordinatioui
3322 471 3460 525 resi-

1889 573 2054 620 stere.
2101 565 2303 619 Cavete
2340 564 2564 636 litigatis
2610 577 2736 617 cum
2768 569 2952 617 vestra
2990 569 3168 616 matre
3211 561 3458 617 Ecclesia

1885 655 2302 726 Nicopolitana;
2336 669 2439 710 nec
2473 655 2716 709 animum
2768 653 2822 708 in
2856 668 2972 718 eos,
3015 654 3107 723 qui
3147 661 3458 709 vestrarum

1886 751 2194 804 animarum
2273 763 2462 802 curam
2531 761 2861 817 suscepere,
2920 755 3262 816 exasperate.
3318 745 3456 799 Dum

1885 842 2032 896 enim
2086 855 2177 896 res
2233 839 2627 910 Nicopolitanae
2667 840 3006 903 consistent,
3058 843 3243 892 vestra
3292 839 3454 894 etiam

1885 948 2016 1003 pars
2044 933 2211 988 simul
2257 931 2569 987 servabitur
2597 949 2612 997 ;
2651 931 2748 986 sed
2781 930 2828 985 si
2856 930 3001 983 illam
3037 929 3218 999 aliqua
3247 935 3456 997 tempe-

1885 1031 2002 1078 stas
2039 1023 2299 1094 attigerit,
2333 1020 2550 1076 etiamsi
2586 1020 2769 1076 adsint
2807 1020 2965 1076 vobis
2998 1017 3258 1072 custodes
3303 1016 3460 1071 innu-

1884 1112 2046 1174 meri,
2099 1125 2230 1180 pars
2274 1125 2496 1180 quoque
2542 1125 2650 1164 una
2703 1124 2827 1164 cum
2879 1109 3060 1178 capite
3114 1108 3454 1162 absumetur.

1885 1200 2354 1268 Quemadmodum
2406 1200 2570 1269 igitur
2615 1199 2709 1268 qui
2759 1198 2828 1253 ad
2872 1197 3069 1252 ﬂuvios
3099 1196 3368 1260 habitant,
3410 1195 3456 1250 si

1884 1304 2024 1360 quos
2076 1287 2266 1359 procul
2317 1286 2542 1342 videant
2600 1286 2776 1341 valida
2816 1286 3068 1354 praesidia
3108 1284 3266 1354 aquis
3316 1283 3480 1352 obji-

1885 1395 2030 1444 cere,
2081 1378 2399 1448 intelligunt
2465 1377 2752 1432 securitati
2811 1391 2926 1431 suae
2973 1375 3273 1445 provideri,
3326 1373 3457 1428 dum

1887 1471 2144 1526 incursus
2177 1483 2444 1540 aquarum
2484 1468 2866 1538 repelluntur;
2893 1468 2966 1520 ita
2998 1468 3161 1521 etiam
3185 1465 3280 1535 qui
3311 1480 3459 1519 nunc

1885 1560 2100 1630 pondus
2163 1558 2554 1615 sollicitudinis
2612 1557 2984 1614 Ecclesiarum
3039 1557 3338 1623 sustinent,
3401 1559 3458 1611 in

1886 1653 2119 1707 aliorum
2143 1651 2398 1708 custodia
2431 1651 2712 1707 securitati
2759 1659 2956 1706 vestra:
2987 1652 3293 1721 provident,
3325 1651 3457 1705 tuti-

1815 1742 1854 1796 B
1882 1759 1991 1814 que
2032 1744 2187 1800 eritis
2233 1744 2302 1797 ab
2341 1743 2491 1795 omni
2532 1744 2791 1808 tumultu,
2849 1742 2974 1798 aliis
3018 1740 3146 1796 belli
3195 1741 3457 1811 impetum

1884 1835 2302 1890 sustinentibus.
2351 1835 2430 1890 Ad
2473 1835 2588 1888 haec
2633 1833 2766 1888 illud
2805 1833 2969 1888 etiam
3014 1832 3172 1888 vobis
3204 1832 3458 1889 conside-

1881 1926 2117 1981 randum
2149 1933 2256 1988 est,
2299 1941 2407 1982 non
2445 1941 2546 1981 vos
2589 1925 2658 1979 ab
2701 1941 2769 1980 eo
2808 1923 3148 1995 repudiatos,
3189 1923 3286 1979 sed
3319 1924 3460 1978 alios

1883 2027 2212 2091 assumptos.
2264 2017 2384 2074 Non
2432 2017 2578 2073 enim
2639 2016 2809 2072 invidi
2857 2017 3081 2087 quidam
3129 2031 3341 2079 sumus,
3398 2025 3459 2069 ut

1880 2112 1974 2181 qui
2021 2125 2120 2166 sua
2162 2111 2306 2168 dona
2348 2109 2514 2165 etiam
2558 2123 2684 2162 cum
2727 2109 2852 2164 aliis
2882 2107 3293 2163 communicare
3326 2121 3459 2176 pos-

1882 2203 1975 2267 sit,
2021 2217 2144 2257 eum
2187 2216 2450 2272 cogamus
2500 2201 2732 2270 gratiam
2781 2200 2924 2254 inter
2970 2214 3070 2254 vos
3106 2199 3455 2258 concludere.

1880 2298 1935 2346 et
1977 2292 2109 2346 solis
2154 2291 2260 2346 loci
2309 2291 2480 2346 vestri
2527 2289 2730 2344 ﬁnibus
2769 2305 3141 2346 coerceamus.
3186 2289 3322 2345 Nam
3357 2306 3459 2346 nec

1880 2380 1975 2448 qui
2016 2379 2221 2436 fontem
2256 2379 2633 2449 circumsepit,
2681 2387 2736 2434 et
2777 2395 3047 2450 aquarum
3077 2382 3283 2435 exitum
3309 2381 3459 2436 labe-

1881 2469 2071 2534 factat,
2123 2485 2226 2526 nec
2259 2472 2352 2541 qui
2395 2470 2700 2526 doctrinam
2731 2471 2954 2526 uberem
2995 2471 3250 2542 prohibet
3292 2473 3458 2528 latius

1881 2560 2070 2642 ﬂuere,
2126 2569 2282 2616 extra
2320 2561 2540 2616 invidiae
2579 2563 2788 2616 crimen
2819 2573 2923 2617 est.
2963 2559 3246 2633 Suscipiat
3273 2561 3460 2633 itaque

1881 2661 1934 2708 et
1988 2651 2266 2724 Nic0polis
2312 2669 2523 2721 curam,
2579 2664 2633 2709 et
2676 2655 2741 2710 ad
2785 2655 2998 2712 futuras
3041 2655 3156 2710 illic
3194 2655 3460 2711 sollicitu-

1881 2744 2039 2801 dines
2081 2746 2248 2800 vestri
2288 2760 2418 2800 cura
2456 2747 2705 2802 accedat.
2739 2746 2819 2802 llli
2867 2748 3013 2803 enim
3057 2747 3180 2818 plus
3225 2747 3461 2801 accessit

1881 2834 2039 2905 35];
2088 2835 2314 2899 laboris,
2363 2835 2458 2891 sed
2509 2835 2576 2891 de
2631 2836 2800 2892 vestri
2840 2851 2972 2890 cura
3005 2836 3144 2890 nihil
3200 2833 3456 2890 decessit.

1883 2926 1998 2981 Hoc
2030 2935 2212 2982 autem
2241 2927 2374 2982 mihi
2414 2935 2469 2982 et
2498 2929 2736 2983 maxime
2764 2929 2962 2995 doluit,
2991 2936 3047 2984 et
3073 2928 3294 2983 modum
3323 2925 3460 2981 mihi

1883 3021 2063 3074 visum
2092 3030 2177 3076 est
2203 3020 2491 3086 excedere,
2522 3019 2670 3091 quod
2702 3020 2957 3076 videlicet
2987 3019 3209 3076 dixistis
3248 3038 3261 3072 :
3303 3026 3463 3074 voto-

190 3115 346 3168 οὐδὲν
396 3113 711 3169 ἐλαττοῦται
757 3115 792 3184 ἡ
831 3113 1140 3184 ἐπιμέλεια.
1189 3113 1394 3166 Ἐκεῖνο
1441 3112 1497 3165 δέ
1535 3128 1602 3183 με
1637 3111 1778 3165 πάνυ

1887 3127 2004 3166 rum
2039 3119 2321 3182 compotes
2356 3113 2404 3166 si
2441 3127 2553 3166 non
2586 3127 2800 3177 sumus,
2835 3096 2902 3166 ad
2927 3110 3178 3182 judicum
3210 3109 3460 3165 tribuna-

191 3204 454 3274 ἐλύπησε,
506 3205 600 3258 καὶ
642 3203 748 3270 ἐξω
794 3202 965 3274 ἐφάνη
1011 3201 1104 3255 τοῦ
1147 3202 1370 3273 μέτρου,
1405 3200 1466 3253 τὸ
1506 3199 1776 3272 εἰρῆσθαι,

190 3297 296 3359 ὅτι,
332 3296 695 3366 ἀποτυχόντες
745 3294 855 3348 τῶν
913 3293 1377 3364 ἐπιζητουμένων,
1413 3292 1482 3346 τὰ
1525 3293 1782 3364 δικαστή-

193 3406 286 3460 ρια
320 3387 768 3460 καταληψόμεθα,
800 3389 894 3441 καὶ
924 3388 1290 3458 ἐπιστήσομεν
1318 3385 1432 3454 (86)
1461 3384 1780 3459 ἀνθρώπους

188 3482 305 3543 τοῖς
333 3481 679 3549 πράγμασιν,
721 3473 802 3542 οἷς
843 3480 877 3550 ἡ
919 3479 1269 3550 καταστροφὴ
1297 3478 1404 3530 τῶν
1447 3475 1781 3548 Ἐκκλησιῶν

189 3570 358 3640 εὐχῆς
385 3571 502 3622 ἐστι
534 3569 595 3622 τὸ
633 3568 946 3638 κεφάλαιον.
987 3569 1078 3639 Μή
1138 3584 1268 3621 ποτε
1315 3563 1408 3621 οὖν
1441 3568 1639 3639 ἄφρονι,
1690 3566 1781 3620 θυ-

193 3659 282 3731 μῷ
309 3660 597 3732 φερόμενοί
623 3660 733 3731 (87)
757 3676 903 3723 τινες
930 3659 1346 3731 παραπείσωσιν
1373 3659 1520 3729 ὑμᾶς
1550 3657 1784 3728 φθέγξα-

265 3813 380 3886 (79)
433 3814 974 3886 Ἀναδεδεγμένους.
1018 3814 1188 3870 Coisl.
1252 3818 1464 3886 primus
1511 3816 1782 3870 ἀναδεδει-

192 3884 449 3954 γμένους.
482 3885 654 3941 Paulo
690 3894 817 3956 post
857 3885 1145 3941 Medicaaus
1187 3884 1357 3941 codex
1391 3885 1610 3940 ἑστάναι
1641 3887 1783 3958 πρά-

311 3971 401 4008 τα.

192 3971 1001 4095 Συνδιασωθήσεται.
1033 4025 1204 4082 Coisl.
1241 4025 1453 4094 primus
1484 4025 1782 4079 συνδιασώ-

195 4093 370 4157 ζεται.
396 4094 539 4149 Infra
570 4095 719 4157 Vat.,
759 4095 891 4162 Reg.
935 4093 1439 4159 secundus,’Coisl.
1482 4097 1776 4162 secundus,

195 4163 464 4236 Parisiet
501 4166 570 4220 ad
615 4166 918 4236 marginem
959 4166 1200 4222 Clarom.
1241 4165 1319 4236 τῷ
1362 4165 1643 4236 κεφαλαίῳ
1686 4167 1780 4220 καὶ

192 4235 257 4286 τὸ
274 4235 570 4306 μέτερον.
604 4237 692 4299 Ὠς
725 4233 838 4290 οὖν.

263 4303 375 4378 (81)
421 4303 1019 4378 Καταϐαλλομένους.
1070 4305 1212 4362 Med.
1263 4307 1438 4361 Codex
1497 4323 1777 4378 προκατα-

199 4374 365 4445 ϐαλλο
372 4376 584 4445 μένους.

1883 3203 1956 3257 lia
2005 3203 2317 3266 abibimus,
2366 3217 2431 3256 ac
2485 3217 2574 3258 res
2625 3203 2944 3258 hominibus
3007 3201 3456 3261 committemus,

1881 3294 2080 3362 quibus
2117 3292 2484 3348 Ecclesiarum
2544 3295 2760 3349 eversio
2813 3301 2979 3363 caput
3046 3301 3133 3347 est
3180 3299 3456 3346 votorum.

1881 3384 2081 3441 Cavete
2129 3386 2298 3456 igitur
2348 3401 2417 3441 ne
2460 3387 2554 3456 qui
2596 3401 2836 3454 unquam
2881 3385 3078 3438 insano
3118 3382 3302 3438 furore
3352 3383 3458 3435 acti

1880 3478 2037 3533 vobis
2062 3478 2454 3548 persuadeant,
2481 3485 2544 3532 ut
2572 3477 2870 3548 quidquam
2901 3475 3044 3545 apud
3075 3475 3293 3544 publica
3325 3473 3458 3528 sub-

1882 3570 2032 3626 sellia
2066 3570 2375 3640 proferatis,
2409 3580 2572 3640 atque
2601 3570 2730 3625 inde
2768 3569 2949 3638 aliqua
2984 3567 3196 3622 accidat
3221 3565 3457 3628 eversio.

1881 3662 2041 3732 cujus
2066 3662 2280 3732 pondus
2306 3661 2362 3715 in
2388 3675 2580 3716 eorum
2609 3661 2809 3730 capita,
2833 3659 2927 3729 qui
2959 3671 3181 3712 causam
3211 3655 3459 3724 praebue-

1881 3819 2167 3874 niensibus
2191 3819 2409 3889 proprie
2433 3824 2765 3889 servaretur,
2786 3814 3041 3889 indicant
3058 3826 3458 3889 quae_sequun-

1883 3897 1972 3944 tur
2009 3889 2126 3944 :Ad
2164 3881 2458 3944 h'tec'illud
2489 3889 2649 3941 etiam
2685 3886 2825 3940 vobis
2861 3881 3305 3939 considerandum
3353 3892 3456 3946 est,

1882 3977 1985 4014 non
2028 3976 2115 4012 vos
2157 3959 2220 4012 ab
2269 3977 2329 4013 eo
2381 3955 2842 4027 repudiatos,_sed
2896 3954 3030 4008 alios
3087 3960 3453 4027 assumptos...

1883 4029 2153 4099 Suscipiat
2195 4031 2370 4098 itaque
2418 4022 2468 4082 et
2515 4025 2788 4095 Nicopolis
2824 4041 3028 4099 curam.
3062 4033 3110 4078 et
3140 4022 3209 4076 ad
3245 4023 3457 4099 iuturus

1882 4100 1994 4154 illic
2039 4092 2420 4154 sollicitudines
2459 4099 2616 4152 vestri
2650 4092 2778 4150 cura
2815 4095 3050 4154 accedat,
3092 4101 3198 4148 etc.
3243 4092 3457 4147 Similia

1883 4171 2138 4239 leguntur
2165 4169 2222 4224 in
2251 4169 2484 4239 epistola
2505 4166 2866 4239 sequenti,_in
2897 4181 3003 4239 qua
3031 4163 3266 4239 Basilius
3295 4161 3459 4218 0010-

1881 4234 2103 4294 ηἱέηεοε
2127 4234 2483 4309 magistratus
2504 4234 2680 4307 rogat,
2705 4245 2765 4290 ut
2789 4234 2930 4291 boni
2947 4234 3096 4290 vasis
3125 4247 3284 4288 usum
3307 4249 3459 4309 com-

1882 4325 2102 4364 munem
2136 4304 2342 4363 habere
2365 4323 2488 4363 cum
2528 4304 2721 4362 vicinis
2754 4321 2861 4360 non
2910 4311 3196 4368 recusent;
3239 4317 3304 4356 ac
3346 4304 3458 4357 Eu»

1882 4379 2175 4448 pbronium
2206 4378 2446 4434 Coloniae
2476 4385 2531 4434 et
2571 4377 2848 4447 Nicopolis
2875 4389 3220 4448 communem
3239 4384 3458 4448 patrem

267 4441 383 4516 (82)
426 4445 561 4519 Τῶνῂ
587 4445 1068 4519 ἐκκλησιῶν.-Ιιο
1110 4446 1280 4519 Co_isl.
1332 4453 1585 4519 uterque,
1613 4445 1776 4519 Med,
1811 4447 1856 4501 D
1881 4441 2128 4503 futurum
2155 4449 2464 4519 pollicetur.
2497 4441 2750 4502 Ridicul'a
2782 4461 2916 4502 sane
2951 4453 3006 4500 et
3051 4441 3290 4519 absurda
3327 4460 3458 4519 pro-

195 4511 651 4587 Re'ga'secundus
671 4525 723 4570 et
755 4511 929 4587 Paris.
955 4517 1096 4572 Editi
1132 4516 1240 4587 τῶν
1280 4511 1765 4587 ἐκκλησίαστικῷν.

269 4586 382 4653 (85)
427 4585 578 4654 Πρὸς
626 4585 694 4639 δὲ
745 4586 1007 4653 κάκεῖνο,
1055 4596 1160 4642 cte.
1215 4585 1541 4639 Dubitar’unt
1570 4586 1768 4639 eruditi

193 4655 322 4720 viri,
360 4663 544 4726 utrum
581 4655 950 4726 Euphronius,
1003 4657 1196 4711 relicta
1236 4655 1550 4726 Coloniensi
1581 4654 1771 4710 Eccle—

195 4727 302 4785 sia,
331 4725 401 4780 ad
436 4725 871 4796 Nlcopolitanam
899 4729 1204 4782 translatus
1233 4725 1416 4796 fuerit,
1463 4741 1534 4781 an
1565 4735 1772 4779 utram-

195 4811 302 4863 que
325 4797 508 4867 isimul
552 4795 843 4866 regendam
875 4799 1201 4867 susceperit.
1235 4795 1522 4851 Utrumvis
1564 4795 1770 4849 factum

195 4866 383 4929 tuerit,
415 4881 539 4920 cum
581 4869 647 4920 ad
674 4881 942 4922 summam
987 4866 1247 4922 Ecclesia:
1272 4867 1560 4920 utilitatem
1590 4881 1773 4920 neces-

196 4935 632 5007 sariogtemp‘ore
688 4937 888 4989 factum
935 4939 1036 5004 sit,
1074 4939 1308 5007 maxima
1358 4935 1522 5007 laude
1547 4935 1768 5007 dignum

192 5004 392 5069 videri,
430 5005 740 5075 etSpiritui
795 5015 988 5060 sancto
1031 5007 1254 5061 attribui
1283 5005 1462 5060 debet.
1487 5004 1770 5075 iSed'per-

195 5075 410 5142 spicere
440 5074 570 5128 mihi
602 5076 810 5138 videor,
840 5075 913 5128 ita
945 5093 1058 5132 rem
1089 5077 1444 5131 constitutam
1477 5074 1662 5131 fuisse
1713 5084 1771 5129 ut

195 5144 342 5217 alius
364 5143 628 5217 Coloniae,
676 5155 870 5215 prater
914 5146 1308 5217 Euphronium,
1339 5145 1630 5217 episcopus
1659 5162 1769 5199 non

195 5215 444 5269 daretur.
505 5214 781 5270 Promittit
831 5214 1442 5271 enim'Coloniensibus
1488 5215 1766 5278 Basilius,

195 5291 395 5358 esset
433 5299 774 5340 communem
827 5302 951 5340 cum
998 5288 1120 5342 aliis
1166 5286 1462 5358 provinciae
1505 5285 1768 5358 Ecclesiis

196 5352 492 5427 utilitatem
516 5363 891 5427 percepturos,
916 5365 970 5411 et
1002 5352 1381 5427 Euphronium,
1404 5357 1473 5409 ab
1502 5357 1610 5411 illis
1640 5372 1769 5425 pro-

198 5425 316 5493 prie
355 5425 608 5491 regendis
642 5442 750 5480 non
795 5425 1191 5481 discessurum.
1237 5425 1303 5479 In
1329 5426 1558 5478 aliorum
1595 5436 1770 5480 custo-

196 5493 318 5566 dia,
337 5495 551 5566 inquit,
578 5497 850 5549 securitati
892 5508 1074 5551 vestrae
1113 5496 1400 5559 provident,
1431 5498 1626 5566 tutique
1661 5497 1769 5550 eri-

201 5565 271 5616 tis
311 5564 550 5634 abiiomni
591 5567 837 5626 tumultu.
871 5566 992 5620 aliis
1023 5567 1141 5621 belli
1190 5569 1440 5634 impetum
1470 5564 1770 5620 sustinenti-

201 5637 319 5688 bus.
367 5633 488 5688 Haec
537 5636 847 5689 communia
916 5633 1335 5692 Coloniensib’us
1383 5644 1540 5690 erant
1586 5635 1769 5690 futura

196 5719 324 5759 cum
359 5705 485 5761 aliis
527 5705 819 5762 provinciae
865 5704 1139 5764 Ecclesiis.
1189 5707 1329 5766 Ouid
1378 5714 1568 5763 autem
1609 5705 1768 5762 Colo~

1879 4520 2072 4589 missa,
2106 4513 2171 4573 si'
2193 4518 2572 4589 Euphronium
2619 4519 2844 4573 Colonia
2875 4531 2992 4589 non
3023 4529 3146 4589 cum
3185 4513 3456 4589 Nicopoli,

1875 4588 1969 4658 sed
2003 4604 2128 4644 cum
2164 4584 2296 4644 aliis
2318 4589 2582 4644 Ecclesiis
2617 4587 3021 4658 episcopalibus
3052 4584 3302 4654 Nicopoli
3328 4587 3461 4639 Sllll-

1868 4657 2031 4728 jcctis
2057 4674 2400 4729 communem
2431 4657 2782 4729 patrem’erat
2810 4657 3086 4711 habitura.

1945 4729 2057 4799 (84)
2109 4728 2298 4797 Ὑμῖν.
2346 4723 2604 4799 Ita-mss.
2639 4742 2856 4782 summo
2881 4739 3179 4799 consensu,
3203 4731 3264 4799 et
3295 4723 3460 4799 paulo

1909 4793 1996 4853 οει
2038 4793 2120 4870 τῷ
2152 4793 2273 4870 καθ’
2322 4800 2488 4870 ὑμᾶς.
2533 4798 2698 4870 Εᾱίιίγ
2727 4800 2859 4868 ἡμῖν
2901 4803 2956 4870 et
2993 4793 3070 4870 τῷ
3115 4793 3244 4870 καθ’
3283 4793 3452 4863 ἡμᾶς.

1917 4845 2042 4921 aulo
2054 4845 2070 4852 ⁷
2078 4845 2223 4940 post
2233 4845 2313 4922 ’λυ
2663 4845 2678 4852 ’
3146 4845 3154 4847 ξ
3166 4845 3457 4940 postrema

1870 4954 1978 4993 vox
2036 4932 2209 4992 multo
2271 4932 2681 4994 melius'deest
2743 4938 2799 4990 in
2859 4934 3144 4990 codicibus
3180 4932 3336 4987 'Med.
3401 4940 3458 4984 et

1869 5008 2038 5130 Ciiisl.
2073 5009 2269 5078 primo.
2302 5009 2507 5064 Ibidem
2543 5008 2713 5064 Coisl.
2744 5003 3212 5078 ρι’ἱωυεκωλύων
3252 5002 3328 5074 μὴ
3361 5003 3455 5055 ἐπὶ

1871 5095 1913 5130 π
1946 5095 2073 5130 ειον.

1871 5095 1971 5131 πλε
1978 5095 2073 5131 ιον.

1944 5148 2304 5220 (85)Πλείων
2328 5147 2698 5220 προᾳῆλᾷεν.
2713 5146 2881 5202 Coisl.
2914 5145 3125 5220 primus
3151 5142 3451 5220 προῆλθεν.

1871 5216 2011 5272 Med.
2039 5213 2236 5271 ’πλεῖον
2269 5213 2559 5293 προῆλθεν.
2591 5213 3094 5293 Ρουιοιροειῖιοεει
3115 5215 3176 5268 τὸ
3285 5213 3454 5293 quin-

1870 5305 1978 5360 que
2008 5283 2326 5360 mss._ante'
2345 5283 2619 5360 εἰρῆσθαι,
2646 5303 2757 5343 non
2790 5283 2982 5341 tamen
3008 5285 3162 5340 deest
3200 5285 3258 5338 in
3279 5283 3450 5339 Coisl.

1871 5359 2046 5428 primo
2070 5368 2123 5413 et
2155 5358 2292 5413 Med.

1944 5427 2073 5498 (86)
2107 5427 2569 5498 Ἐπιστήσομεν.
2602 5427 2768 5482 Coisl.
2804 5427 3014 5498 primus
3051 5423 3450 5498 ἐπεισείσομεν.

1873 5496 2022 5619 Va£t.,
2041 5495 2251 5566 ’Paris.,
2274 5495 2447 5553 Coisl.
2475 5499 2750 5556 secundus
2780 5495 2835 5553 et
2860 5496 2996 5566 Reg.
3025 5495 3300 5551 secundus
3330 5497 3454 5547 ἐπι-

1876 5586 1934 5619 σε
1963 5584 2148 5619 σομεν.

1876 5584 2148 5623 σεισομεν.

1948 5587 2453 5717 (ἒῗῖἓῑεᾍερόίιενοιε
2511 5638 2680 5717 Coisl.
2741 5641 2952 5717 primus
3009 5638 3450 5717 περιφερόμενοι.

1875 5709 2047 5766 Paulo
2091 5717 2222 5767 post
2256 5707 2408 5768 deest
2442 5709 2498 5766 in
2547 5707 2970 5769 eodem’codice
3015 5707 3163 5768 ct'in
3199 5707 3456 5765 Medicam
