3856 6224
419 273 526 332 855

1653 284 1712 341 S.
1755 285 1836 340 BA
1847 280 1994 342 SlLll
2033 288 2222 345 MAGN
2231 290 2254 343 ι

3563 287 3670 344 83.6

417 396 553 457 rint,
607 399 980 446 convertatur.
1034 391 1143 448 Sed
1157 395 1416 465 ‘recipite
1455 406 1509 451 et
1550 399 1845 454 consilium
1889 415 1976 455 no-

2093 401 2212 455 σθαί
2241 420 2295 456 τι
2347 403 2427 466 είς
2473 401 2534 456 τό
2565 402 2843 474 δημόσιον,
2892 403 2984 457 καί
3032 403 3256 473 γένηται
3305 402 3403 472 μέν
3444 418 3526 466 τις
3585 407 3668 456 ἐν·

419 484 617 545 strulﬁ,
671 482 816 551 quod
855 483 1014 540 vobis
1063 484 1120 539 in
1168 487 1412 556 paternis
1441 487 1748 544 visceribus
1771 490 1988 555 damus,

417 585 473 625 et
513 572 1046 642 religiosissimorum
1082 578 1466 650 episcoporum
1503 579 1995 652 diSpensationem,

416 677 538 731 quae
587 665 890 720 secundum
930 665 1024 722 Dei
1064 670 1395 725 voluntatem
1436 670 1585 727 facta
1617 682 1721 729 est.
1759 673 1902 740 Quin
1935 681 1990 730 et

415 761 735 824 exspectate
781 772 917 822 nos,
969 761 1062 830 qui
1109 761 1200 816 ubi
1255 761 1673 831 advenerimus,
1723 767 1771 821 si
1827 767 1989 823 nobis

417 843 686 901 Dominus
717 846 934 912 faverit,
966 865 1310 922 quaecunque
1342 862 1578 909 vestram
1614 855 1868 925 pietatem
1891 872 1989 926 per

411 934 705 1004 epistolam
743 953 1092 998 commonere
1129 959 1237 998 non
1265 945 1440 1010 licuit,
1475 961 1539 1000 ea
1567 961 1752 1001 coram
1785 964 1981 1020 sugge-

414 1041 624 1095 remus,
653 1037 708 1086 et
743 1031 863 1101 ipsa
897 1046 956 1088 re
986 1041 1041 1089 et
1069 1049 1253 1105 opere,
1277 1045 1543 1107 quantum
1573 1038 1628 1093 in
1667 1039 1826 1094 nobis
1855 1041 1982 1104 erit,

412 1129 514 1174 Vos
539 1124 706 1177 solari
736 1126 1082 1181 conabimur.

2097 491 2286 544 τεῦθεν
2315 491 2665 562 καταστροφὴ
2689 490 2822 563 (88),
2848 493 3158 562 περιτραπῇ
3196 490 3253 542 δὲ
3294 489 3402 542 τῶν
3444 490 3674 560 γιιιομέ-

2097 601 2204 638 νων
2237 583 2298 638 τὸ
2338 583 2503 656 βάρος
2539 586 2661 647 ταῖς
2707 582 2970 652 κεφαλαῖς
2999 583 3108 636 τῶν
3147 582 3246 653 τὴν
3285 579 3465 633 αἰτίαν
3497 597 3676 652 παρα-

2098 677 2398 747 σχομένων.
2441 675 2602 729 Ἀλλά
2637 674 2859 740 δέξασθε
2891 676 2986 729 καὶ
3009 673 3110 746 τὴν
3138 673 3410 745 ἡμετέραν
3438 672 3677 742 συμϐου-

2095 765 2192 837 λὴν
2221 768 2278 818 ἐν
2312 770 2596 838 πατρικοῖς
2624 767 2752 838 ὑμῖν
2780 766 3106 836 σπλάγχνοις
3122 764 3564 837 προσαγομένην,
3583 765 3676 816 καὶ

2094 857 2193 928 τὴν
2226 857 2334 912 τῶν
2359 859 2784 927 θεοφιλεστάτων
2813 858 3126 916 ἐπισκόπων
3163 856 3495 927 οίκονομίαν,
3532 855 3676 908 κατὰ

2092 948 2345 1018 βούλησιν
2385 949 2521 1004 Θεοῦ
2563 950 2859 1021 γενομένην
2895 949 3026 1019 (89).
3070 950 3181 1004 Καὶ
3215 948 3545 1019 ἀναμείνατε
3581 947 3676 998 καῖ

2093 1042 2260 1111 ἡμᾶς,
2299 1041 2350 1094 οἳ
2399 1043 2851 1114 παραγενόμενοι,
2881 1041 2976 1095 ἐὰν
3027 1041 3055 1093 ὁ
3095 1037 3297 1111 Κύριος
3343 1041 3475 1110 ἡμῖν
3549 1053 3676 1090 συν·

2093 1133 2333 1206 εργήσῃ,
2366 1135 2466 1188 ὅσα
2495 1135 2592 1188 οὐκ
2625 1133 2881 1206 ἐνεχώρει
2919 1132 3009 1187 διὰ
3036 1133 3137 1204 τῆς
3173 1132 3460 1203 ἐπιστολῆς
3488 1145 3674 1200 παρα·

410 1215 636 1272 καλέσαι
667 1219 766 1291 τὴν
797 1221 1081 1276 εὐλάϐειαν
1115 1222 1287 1294 ὑμῶν,
1317 1225 1384 1278 δι’
1427 1224 1632 1278 ἑαυτῶν
1666 1226 2088 1298 παραινέσομεν,
2118 1229 2209 1282 καὶ
2236 1229 2333 1300 τὴν
2389 1230 2751 1301 ἐνδεχομένην
2807 1228 3157 1300 παραμυθίαν
3217 1226 3285 1280 δι’
3335 1223 3519 1280 αὐτῶν
3562 1222 3674 1275 τῶν

411 1309 588 1382 ἔργων
613 1312 910 1381 ἐπαγαγεῖν
948 1316 1074 1386 ὑμῖν
1099 1317 1492 1388 πειρασόμεθα.

834 1465 1171 1525 EPlSTOLA
1209 1470 1559 1529 CCXXVIII'.

2599 1470 2947 1526 ΕΠΙΣΤΟΛΗ
2981 1473 3171 1533 ΣΚΗἌῗ

407 1619 597 1691 Laudat
618 1619 829 1700 Colonia:
849 1621 1174 1684 magistratus,
1211 1625 1339 1687 quod
1364 1639 1444 1700 res
1475 1627 1822 1698 ecclesiasticas
1848 1641 1942 1678 non
1973 1624 2220 1700 negligant
2238 1639 2257 1676 :
2290 1631 2540 1700 maerentes
2571 1624 2785 1700 discessu
2807 1624 3023 1700 episcopi
3056 1626 3139 1700 sui
3171 1626 3407 1700 hortatur,
3435 1635 3487 1699 ut
3520 1630 3684 1700 matrs”

470 1681 698 1746 Nicopoli
719 1681 1278 1754 gqmmun‘ergpareiuém
1298 1689 1499 1754 cedant,
1511 1688 1594 1754 qui
1618 1702 1699 1754 eos
1718 1702 1885 1750 regere
1907 1703 2001 1739 non
2033 1681 2236 1754 desinet,
2260 1702 2316 1754 ac
2338 1694 2608 1754 temporum
2633 1681 2912 1751 diﬂicultute
2935 1681 3252 1754 considerata,
3266 1681 3505 1754 episcopis
3533 1690 3676 1754 igno-

469 1743 732 1807 scant'._qui
751 1744 839 1794 hoc
861 1743 1116 1794 consilium
1137 1747 1414 1799 necessitate

468 1804 677 1867 dederit,
703 1814 752 1855 ut
773 1807 839 1856 ad
856 1819 938 1856 eos
958 1807 1130 1858 veniat.

842 1951 1076 2009 Colonia:
1118 1959 1541 2027 magistratibus.

475 2084 679 2156 Accepi
719 2087 929 2146 litteras
988 2093 1273 2164 dignitatis
1311 2105 1526 2163 vestraa,
1565 2105 1621 2155 et
1648 2109 1854 2169 gratias
1894 2099 1978 2170 egi

405 2173 518 2232 Deo
569 2179 950 2243 sanctissimo,
1001 2186 1148 2255 quod
1197 2201 1382 2244 rerum
1432 2190 1777 2260 publicarum
1829 2193 1979 2247 curis

404 2269 680 2338 occupati,
719 2271 1127 2332 ecclesiasticas
1171 2276 1318 2333 haud
1353 2279 1510 2348 parvi
1549 2281 1788 2350 penditis
1825 2299 1840 2348 ;
1882 2282 1978 2337 sed

404 2357 473 2416 de
512 2361 583 2416 iis
631 2364 1014 2435 unusquisque
1062 2367 1212 2424 velut
1261 2373 1329 2425 de
1363 2372 1613 2441 proprio
1660 2374 1880 2444 negotio
1923 2382 1979 2428 et

403 2465 471 2504 ex
504 2465 618 2522 quo
644 2453 754 2508 vita
794 2469 896 2510 sua
930 2457 1201 2526 pendeat,
1230 2459 1306 2514 ita
1337 2462 1560 2517 solliciti
1602 2461 1785 2518 fuistis
1816 2463 1977 2517 mihi-

402 2556 511 2610 que
571 2543 878 2615 scripsistis
938 2557 1237 2606 mmrentes
1279 2551 1533 2608 discessu
1578 2553 1975 2623 religiosissimi

402 2631 644 2703 episcopi
669 2637 837 2691 vestri
859 2637 1159 2708 Euphronii
1191 2661 1204 2695 :
1237 2657 1400 2711 quem
1426 2659 1532 2699 non
1565 2644 1790 2700 abstulit
1817 2645 1976 2703 vobis

401 2715 702 2788 Nicopolis,
757 2724 856 2779 sed
905 2726 952 2782 si
990 2743 1056 2783 ex
1086 2728 1213 2798 jure
1257 2742 1463 2801 ageret,
1497 2748 1659 2790 suum
1695 2736 1976 2806 proprium

401 2812 679 2881 recepisse
712 2830 774 2872 se
816 2818 1057 2888 diceret;
1103 2823 1200 2878 sed
1236 2823 1521 2883 liberalius
1553 2841 1742 2897 agens,
1781 2844 1976 2884 vocem

400 2899 528 2956 edet
563 2911 766 2960 tenera:
807 2909 970 2964 matri
1003 2910 1282 2982 decoram,
1323 2930 1385 2971 se
1414 2931 1760 2974 communem
1792 2920 1978 2978 vobis-

400 3007 530 3048 cum
555 3003 766 3065 patrem
819 2999 1154 3071 habituram,
1180 3007 1273 3077 qui
1319 3023 1386 3064 ex
1429 3019 1584 3079 parte
1630 3013 1880 3084 utrisque
1909 3016 1977 3070 de

401 3097 503 3139 sua
547 3088 976 3147 communicabit
1036 3097 1208 3165 gratia
1248 3116 1262 3152 :
1296 3114 1474 3168 neque
1505 3100 1630 3157 illos
1679 3103 1976 3173 quidquam

399 3176 515 3244 pati
541 3176 687 3233 sinet
718 3179 788 3236 ab
820 3182 1262 3243 adversariorum
1293 3189 1636 3260 incursibus,
1668 3208 1847 3264 neque
1877 3211 1974 3251 vos

397 3278 668 3326 consueta
723 3273 1095 3334 sollicitudine
1133 3280 1388 3350 privabit.
1426 3280 1597 3353 lgitur
1627 3290 1682 3338 et
1708 3286 1974 3356 temporis
2001 3309 2042 3367 ρ

399 3357 777 3420 dilIicultatem
803 3369 1219 3427 considerantes
1239 3412 1255 3435 ,
1287 3380 1345 3428 et
1381 3376 1702 3430 oeconomiae
1732 3379 1974 3433 necessi-

399 3459 569 3509 tatem
598 3457 896 3526 prudenter
936 3462 1324 3534 intelligcntes,
1367 3467 1642 3537 episcopis
1682 3468 1972 3540 ignoscite,

399 3545 496 3616 qui
551 3547 696 3606 hanc
738 3553 882 3607 viam
920 3553 989 3609 ad
1043 3556 1486 3613 constituendum
1536 3558 1753 3615 Domini
1797 3562 1975 3617 nostri

394 3636 531 3696 Jesu
563 3640 771 3700 Christi
802 3645 1177 3704 Eccleslarum
1214 3650 1464 3707 ordinem
1495 3653 1738 3709 inierunt
1770 3673 1785 3721 ;
1817 3655 1977 3712 vobis

400 3741 584 3789 autem
641 3737 745 3807 ipsi
800 3755 864 3795 ea
917 3743 1211 3814 suggerite,
1268 3760 1390 3815 quae
1439 3746 1574 3803 viris
1631 3754 1686 3803 et
1733 3748 1976 3818 perfecta

397 3826 623 3896 propria
653 3829 1011 3902 intelligentia
1046 3835 1309 3904 praeditis,
1341 3847 1394 3892 et
1419 3840 1716 3894 amantium
1745 3842 1976 3897 consilia

398 3914 470 3969 ad
498 3933 634 3974 usus
673 3935 808 3978 suos
835 3924 1131 3994 adjungere
1171 3927 1473 3986 scientibus
1502 3939 1824 4003 congruant.
1863 3931 1974 3989 Vos

397 4009 547 4064 enim
579 4011 877 4068 verisimile
907 4022 994 4071 est
1023 4017 1194 4072 multa
1234 4033 1428 4074 eorum
1462 4036 1586 4090 quae
1619 4037 1972 4079 commoven-

397 4111 492 4157 tur
537 4103 816 4174 ignorare,
865 4121 934 4162 eo
977 4109 1122 4178 quod
1171 4110 1295 4166 sitis
1338 4112 1395 4165 in
1439 4120 1685 4168 extrema
1713 4113 1974 4170 Armenia

397 4198 685 4252 constituti
711 4211 723 4247 :
751 4214 852 4254 nos
877 4216 1010 4255 vero
1042 4201 1136 4272 qui
1157 4204 1352 4261 mediis
1385 4203 1442 4259 in
1472 4207 1637 4262 rebus
1663 4221 1972 4273 versamur,

395 4296 453 4342 et
487 4305 722 4359 quorum
753 4307 916 4349 aures
948 4295 1190 4366 undique
1246 4313 1576 4368 unoquoque
1618 4297 1707 4354 die
1754 4315 1974 4356 rumore

395 4393 715 4436 eversarum
756 4385 1115 4441 ecclesiarum
1164 4390 1569 4458 percutiuntur,
1611 4391 1774 4447 valde
1825 4393 1972 4446 anxii

397 4486 612 4537 sumus,
649 4489 719 4530 ne
752 4473 894 4532 forte
930 4483 1241 4537 communis
1287 4481 1450 4552 352
1481 4482 1655 4539 hostis
1699 4484 1972 4540 diuturnae

394 4564 522 4619 vitae
548 4573 747 4622 vestrae
772 4571 1156 4641 tranquillitati
1196 4574 1472 4639 invidens,
1509 4577 1565 4630 in
1592 4578 1788 4632 vestris
1832 4594 1968 4647 quo-

1540 1749 1635 1800 ucti
1657 1748 1900 1814 ceperunt.
1926 1748 2175 1800 Promiuit
2197 1751 2354 1812 majus
2385 1748 2614 1799 sciatium
2644 1748 2812 1799 eorum
2839 1762 2949 1812 qua:
2969 1748 3096 1812 facta
3125 1748 3334 1814 (iterant,
3365 1752 3409 1802 si
3428 1748 3674 1805 "Dominus

2433 1964 2924 2033 Πολιτευομένοις
2955 1965 3303 2033 Κολωνείας.

2162 2098 2458 2170 Ἐδεξαμην
2501 2111 2567 2152 τα
2613 2100 2916 2171 γράμματα
2952 2100 3054 2172 τῆς
3092 2101 3448 2174 κοσμιότητος
3485 2104 3668 2175 ὑμῶν,

2078 2193 2174 2244 καὶ
2222 2191 2590 2262 εὐχαρίστησα
2635 2191 2713 2262 τῷ
2769 2193 3020 2264 παναγίῳ
3073 2192 3222 2264 Θεῷ,
3276 2194 3395 2259 ὅτι,
3447 2197 3672 2266 ἄσχολοι

2077 2285 2228 2348 ὄντες
2256 2285 2384 2355 περὶ
2425 2285 2524 2353 τὴν
2550 2284 2822 2355 μέριμναν
2852 2284 2958 2338 τῶν
2992 2285 3287 2356 δημοσίων,
3311 2289 3411 2340 οὐκ
3438 2290 3494 2341 ἐν
3525 2306 3674 2360 παρ-

2079 2374 2226 2445 ἐργῳ
2256 2373 2471 2427 τίθεσθε
2499 2374 2569 2428 τὰ
2612 2373 2720 2428 τῶν
2755 2375 3120 2447 Ἐκκλησιῶνο
3165 2377 3280 2431 ἀλλ’
3310 2378 3559 2443 ἕκαστος,
3588 2379 3673 2445 ὡς

2079 2466 2218 2536 ὑπὲρ
2246 2465 2355 2537 (90)
2390 2466 2520 2519 ἰδίου
2551 2466 2876 2537 πράγματος
2905 2467 2998 2521 καὶ
3030 2468 3345 2539 συνέχοντος
3369 2470 3535 2524 αὐτοῦ
3564 2472 3674 2542 τὴν

2079 2557 2258 2628 ζωὴν,
2317 2555 2490 2620 οὕτως
2543 2557 2912 2629 ἐμερίμνησε,
2965 2560 3060 2612 καὶ
3120 2560 3470 2616 ἐπεστείλατε
3527 2565 3669 2634 ⁴ἡμῖν

2078 2647 2364 2718 ἀνιώμενοι
2413 2649 2506 2702 ἐπὶ
2533 2649 2610 2719 τῷ
2655 2650 2919 2722 χωρισμῷ
2965 2651 3057 2704 τοῦ
3093 2651 3509 2722 θεοφιλεστάτου
3539 2658 3668 2708 ἐπι-

2080 2739 2282 2791 σκόπου
2333 2739 2486 2810 ὑμῶν
2539 2741 2864 2812 Εὐφρονίου’
2910 2741 2968 2794 όν
3011 2743 3112 2797 οὐκ
3145 2745 3396 2815 ἀφείλετο
3437 2749 3589 2819 ὑμῶν
3629 2752 3665 2819 ἡ

2076 2827 2390 2897 Νικόπολις,
2437 2829 2573 2884 ἀλλὰ
2613 2830 3090 2905 δικαιολογουμένη
3141 2837 3237 2906 μὲν
3265 2838 3408 2892 εἴποι
3447 2839 3537 2904 ἂν,
3577 2841 3668 2894 ὃτι

2076 2921 2167 2971 τὸν
2217 2922 2413 2974 οἰκεῖον
2469 2922 2750 2976 ἀπέλαϐεο
2797 2923 3210 2998 θεραπευομένη
3262 2929 3319 2982 δὲ
3369 2930 3666 3000 φθέγξεται

2077 3010 2206 3080 ὑμῖν
2243 3012 2426 3084 φωνὴν
2453 3014 2620 3087 μητρὶ
2650 3013 2987 3088 φιλοστόργῳ
3011 3017 3349 3089 πρέπουσαν,
3375 3021 3457 3075 ὅτι
3484 3024 3668 3077 κοινὸν

2075 3101 2186 3168 ἕξει
2218 3103 2354 3175 πρὸς
2382 3104 2527 3175 ὑμᾶς
2567 3105 2658 3160 τὸν
2705 3106 2938 3178 πατέρα,
2971 3107 3029 3172 ὃς
3073 3109 3132 3161 ἐν
3176 3110 3332 3182 μέρει
3377 3113 3667 3185 ἑκατέροις

2076 3190 2177 3260 τῆς
2207 3191 2403 3246 ἑαυτοῦ
2440 3194 2741 3263 μεταδώσει
2794 3195 3046 3266 χάριτος,
3087 3196 3211 3251 οὔτε
3255 3199 3498 3266 ἐκείνους
3546 3202 3663 3273 (91)

2077 3282 2225 3336 ἐάσει
2256 3301 2308 3337 τι
2342 3284 2535 3339 παθεῖν
2561 3289 2626 3339 ἐκ
2652 3286 2749 3358 τῆς
2782 3287 2889 3341 τῶν
2923 3289 3181 3344 ἐναντίων
3208 3291 3534 3364 ἐπιδρομῆς,
3563 3295 3666 3348 καὶ

2077 3374 2221 3444 ὑμᾶς
2265 3375 2363 3446 τῆς
2415 3376 2677 3448 συνήθους
2726 3379 3051 3450 κηδεμονίας
3101 3382 3200 3437 οὐκ
3264 3383 3662 3458 ἀποστερήσει.

2075 3463 2180 3517 Τοῦ
2208 3481 2267 3517 τε
2296 3459 2389 3519 οὖν
2416 3465 2609 3538 καιροῦ
2653 3466 2750 3539 τὴν
2781 3469 3127 3540 χαλεπότητα
3160 3470 3531 3544 λογισάμενοι,
3561 3476 3666 3530 xal.

2073 3559 2135 3611 τὸ
2165 3559 2263 3629 τῆς
2289 3560 2597 3630 οἰκονομίας
2641 3561 2938 3631 ἀναγκαῖον
2983 3563 3218 3636 σώφρονι
3266 3569 3463 3642 γνώμῃ
3486 3587 3650 3623 κατα-

2079 3649 2360 3719 μαθόντες,
2391 3650 2668 3720 σύγγνωτε
2710 3653 2808 3724 μέν
2843 3657 2956 3718 τοῖς
2985 3657 3304 3723 ἐπισκόποις
3330 3661 3424 3715 ἐπὶ
3452 3661 3661 3733 ταύτην

2075 3740 2289 3794 ἐλθοῦσι
2331 3741 2431 3813 τὴν
2477 3743 2596 3796 ὁδὸν
2627 3741 2730 3814 τῆς
2753 3749 3135 3814 καταστάσεως
3175 3750 3284 3806 τῶν
3317 3749 3668 3824 Ἐκκλησιῶν

2073 3830 2168 3884 τοῦ
2218 3831 2424 3902 Κυρίου
2469 3833 2624 3904 ἡμῶν
2665 3835 2840 3906 Ἰησοῦ
2881 3840 3149 3911 Χριστοῦ·
3184 3843 3552 3914 παραινέσατε
3597 3848 3660 3900 δὲ

2075 3922 2305 3986 ἑαυτοῖς,
2355 3922 2384 3976 δ
2435 3924 2638 3994 πρέπει
2684 3926 2911 4001 ἀνδράσι
2946 3931 3152 3986 τέλειον
3185 3933 3286 4004 μὲν
3329 3934 3421 3989 τὸν
3456 3937 3659 3991 οἰκεῖον

2074 4011 2196 4064 νοῦν
2228 4015 2602 4084 κεκτημένοις,
2634 4017 2795 4073 είδόσι
2823 4020 2880 4074 δὲ
2913 4023 3007 4074 καὶ⁵
3045 4022 3142 4086 τὰς
3183 4024 3334 4095 παρά
3373 4025 3484 4080 τῶν
3517 4028 3661 4095 ἀγα-

2074 4102 2299 4157 πώντων
2323 4106 2604 4178 ὑποθήκας
2627 4113 2967 4182 προσίεσθαι.
3005 4115 3178 4186 Ὑμᾶς
3225 4117 3324 4188 μὲν
3362 4117 3474 4189 γὰρ
3506 4118 3660 4184 εἰκὸς

2074 4193 2244 4248 πολλὰ
2295 4195 2402 4250 τῶν
2453 4201 2787 4272 κινουμένων
2827 4205 3061 4273 ἀγνοεῖν,
3103 4205 3193 4260 διὰ
3228 4208 3289 4260 τὸ
3328 4209 3384 4262 ἐν
3425 4211 3660 4283 ἐσχατιᾷ

2071 4283 2175 4353 τῆς
2210 4287 2498 4358 Ἀρμενίας
2541 4293 2822 4364 τετάχθαιο
2858 4297 3019 4366 ἡμεῖς
3060 4296 3118 4350 δὲ
3166 4299 3216 4351 οἱ
3268 4299 3455 4370 μέσοις
3492 4303 3659 4372 ἐμϐε-

2073 4375 2301 4446 ϐηκότες
2329 4383 2440 4444 τοῖς
2468 4384 2776 4455 πράγμασι,
2810 4387 2904 4440 καὶ
2933 4390 3264 4460 πανταχόθεν
3297 4392 3382 4460 ἐφ’
3412 4394 3660 4468 ἑκάστης

2070 4468 2283 4539 ἡμέρας
2314 4470 2414 4535 τὰς
2437 4473 2603 4538 ἀκοὰς
2649 4476 2965 4549 βαλλόμενοι
2993 4480 3105 4548 (92)
3124 4481 3251 4535 ,τῶν
3276 4499 3658 4554 καταστρεφο-

2077 4559 2249 4629 μένων
2289 4562 2591 4634 ἐκκλησιῶν
2636 4568 2692 4620 ἐν
2737 4569 2919 4640 πολλῷ
2951 4570 3123 4638 ἀγῶνί
3151 4572 3338 4641 ἐσμεν,
3375 4575 3591 4644 μήποτε
3626 4579 3660 4630 ὁ

396 4672 504 4726 que
554 4659 692 4716 locis
737 4676 836 4718 sua
873 4663 1046 4734 ipsius
1085 4665 1296 4721 zizania
1343 4683 1525 4724 serere
1563 4669 1757 4740 possit,
1789 4669 1973 4726 cedat.

2084 4649 2252 4712 κοινὸς
2283 4650 2493 4722 ἐχθρὸς,
2530 4657 2594 4725 τῇ
2631 4659 2815 4728 μακρᾷ
2848 4660 3037 4730 εἰρήνῃ
3069 4659 3163 4712 τοῦ
3205 4660 3319 4730 βίου
3540 4666 3656 4737 (95)
3712 4712 3736 4732 ι

396 4765 505 4820 que
553 4760 608 4807 et
658 4753 1044 4811 Armeniorum
1090 4759 1240 4826 regio
1288 4759 1344 4814 in
1391 4775 1572 4816 escam
1622 4762 1970 4818 adversariis.

400 4841 506 4899 Sed
549 4861 699 4901 nunc
729 4847 951 4916 quidem
990 4851 1273 4920 tranquilli
1319 4861 1372 4908 et
1417 4854 1587 4924 quieti
1627 4854 1770 4917 sitis,
1806 4854 1974 4909 veluti

393 4935 523 4990 boni
573 4936 720 4994 vasis
766 4952 929 4993 usum
964 4953 1310 4997 communem
1356 4943 1558 4999 habere
1603 4959 1727 4998 cum
1775 4944 1971 5000 vicinis

394 5026 595 5084 vestris
655 5043 768 5083 non
825 5045 1168 5089 recusantes.
1227 5034 1399 5091 Paulo
1476 5043 1600 5106 post
1659 5045 1862 5102 autem,
1919 5040 1968 5094 si

399 5203 530 5340 ’ἑτερέ
576 5203 806 5276 τούτων,
854 5207 1004 5278 quod
1034 5208 1092 5263 in
1149 5209 1314 5268 editis
1342 5211 1620 5282 legebatur
1649 5221 1773 5283 post
1806 5214 1972 5284 φθέγ-

432 5289 500 5325 ασ
536 5289 611 5328 αι.

432 5289 611 5328 ασυαι.

470 5344 676 5418 ἶᾼᾼιίειε
708 5345 909 5418 CCXC.
939 5345 1154 5418 Scripta
1185 5364 1329 5406 anno
1352 5351 1476 5406 575.

467 5410 581 5480 (88;
633 5415 966 5470 Ἐντεῦθεν.
999 5410 1135 5473 Tres
1175 5436 1307 5477 mss.
1352 5420 1684 5477 recentiores
1715 5422 1970 5478 ἐνταῦθα.

468 5481 588 5563 (89)_
606 5485 973 5563 Γενομένης.
1001 5487 1172 5563 _Coisl.
1190 5502 1426 5563 uterque
1451 5501 1506 5546 et
1535 5492 1663 5563 Reg.
1694 5494 1970 5549 secundus

397 5553 709 5632 γινομένην.
741 5556 887 5632 Infra
902 5553 1086 5632 ‘Qoisl.
1123 5553 1350 5626 primus-
1365 5562 1614 5632 ἐγχωρεῖ.

622 5619 716 5703 ’ρς
743 5627 924 5703 ὺπέρ..
950 5628 1025 5680 Ita
1053 5619 1242 5703 omnes
1289 5619 1587 5703 mssZ'Eriiti
1625 5632 1832 5703 ὥσπερ.

471 5687 584 5762 (91)
625 5687 773 5749 Οὔτε
800 5687 1091 5762 ἐκείνους.
1132 5699 1312 5756 Codex
1350 5701 1634 5758 Medicaeus
1671 5687 1792 5757 οὔτέ
1829 5703 1970 5757 ἐκεί-

2077 4739 2371 4812 βασκήνας,
2421 4745 2736 4820 ἐπισπείραι
2794 4751 2992 4823 δυνηθῇ
3048 4752 3115 4806 τὰ
3181 4755 3374 4808 ἑαυτοῦ
3433 4756 3656 4820 ζιζάνια

2075 4832 2168 4886 καὶ
2199 4836 2311 4898 τοῖς
2346 4835 2468 4888 καθ’
2502 4838 2646 4907 ὑμᾶς
2688 4841 2893 4906 τόποις,
2927 4843 3019 4896 καὶ
3064 4843 3288 4915 γένηται
3336 4847 3430 4900 καὶ
3453 4849 3517 4901 τὺ
3543 4849 3654 4904 τῶν

2085 4923 2381 4993 Ἀρμενίων
2405 4926 2569 4997 μέρος
2595 4930 2934 5002 κατάὸρωμα
2959 4933 3068 4986 τῶν
3096 4935 3452 4991 ὑπεναντίων.
3491 4939 3654 4994 Ἀλλά

2073 5015 2166 5068 νῦν
2207 5018 2304 5087 μὲν
2337 5019 2664 5089 ἡσυχάσατε,
2699 5021 2888 5093 ὥσπερ
2930 5024 3157 5089 σκεύους
3198 5027 3404 5096 ἀγαθοῦ
3454 5032 3654 5103 χρῆσιν

2073 5231 2204 5279 νοις.
3671 5261 3677 5277 ε

2149 5283 2260 5359 (92)
2313 5286 2422 5352 Τὰς
2455 5288 2644 5356 ἀκοὰς
2677 5291 3070 5356 eamagema.
3113 5294 3248 5352 Tres
3295 5298 3516 5356 codices
3558 5319 3648 5359 re-

2071 5356 2344 5430 centiores
2369 5360 2488 5430 ταῖς
2516 5361 2702 5424 ἀκοαῖς
2743 5361 3080 5430 βαλλόμενοι.

2147 5425 2256 5506 (95)
2289 5426 2622 5511 ιφοῦ-,βίου
2667 5425 2851 5511 ὑμῶν.
2888 5425 3135 5511 Quatuor
3186 5451 3319 5492 mss.
3360 5439 3470 5511 3:06
3532 5441 3646 5511 βίου

2074 5493 2252 5570 ἡμῶν.
2289 5493 2592 5570 Sedﬁqisl.
2631 5493 2841 5570 primus
2864 5493 2930 5557 οἶ
2950 5502 3090 5559 Med.
3131 5521 3256 5559 cum
3311 5507 3474 5564 editis
3515 5493 3647 5565 66.3;

2074 5565 2338 5649 sentiunt“.
2376 5566 2518 5622 Nihil
2573 5565 2918 5649 mutandum“
2947 5588 3070 5628 esse
3108 5575 3236 5649 inde
3276 5585 3448 5646 patet,
3498 5582 3643 5649 quod

2074 5634 2236 5712 longa
2263 5637 2370 5712 il|a_
2394 5653 2496 5705 pax
2533 5655 2641 5694 non
2666 5641 2732 5694 ad
2756 5641 3040 5712 Basilium,
3079 5646 3172 5712 qui
3220 5634 3642 5712 in'ipso‘incen;

2074 5705 2164 5761 dio
2196 5707 2537 5775 versabatur,
2565 5712 2658 5767 scd
2691 5712 2757 5772 ad
2786 5705 3069 5769 Coloniam
3094 5705 3375 5772 referenda
3399 5718 3496 5774 sit.
