3856 6224
136 290 239 346 857

1033 294 1525 354 EPISTOLARUM
1565 297 1850 356 CLASSIS
1887 301 1949 360 ll.
1993 303 2215 359 EPIST.
2259 303 2539 360 CCXXIX.

3289 310 3389 367 838

131 406 320 478 κοινὴν
370 407 515 480 ἔχειν
563 410 700 483 πρὸς
748 413 875 477 τοὺς
923 414 1171 482 γείτονας
1221 415 1373 487 ὑμῶν
1422 416 1720 482 καταδεξὰ-

1832 419 2092 477 Dominus
2133 421 2343 478 dederit
2382 431 2442 477 ut
2487 422 2556 478 ad
2592 439 2690 479 vos
2738 427 2971 493 veniam,
3008 428 3184 500 majus
3227 429 3388 482 etiam

136 515 317 568 μενοι·
357 499 550 571 μικρὸν
585 500 640 554 δέ
674 500 918 573 ὕστερον,
961 503 1026 556 ἂν
1055 506 1130 576 δῷ
1163 507 1192 558 ό
1240 507 1439 578 Κύριος
1466 506 1564 577 τὴν
1593 509 1716 560 ὲπι-

131 590 334 660 δημίαν
393 591 547 662 ήμῶν
571 631 587 656 ,
640 595 735 648 καὶ
790 594 1123 668 τελεωτέραν
1187 598 1541 668 παραμυθίαν
1605 599 1712 652 τῶν

132 682 442 752 γενομένων
473 683 755 751 ἐκδέξεσθε
785 684 918 758 (94),
949 687 1044 740 ἐὰν
1075 688 1232 741 τοῦτο
1260 690 1389 760 ὑμῖν
1419 690 1712 759 ἀναγκαῖον

134 775 447 844 καταφανῇ.

660 867 1010 922 ΕΠΙΣΤΟΛΗ
1042 869 1214 926 ΣΚΘ.

1821 529 2010 568 eorum
2065 529 2186 583 qua:
2237 513 2380 569 facta
2453 523 2580 568 sunt
2654 516 2906 570 solatium
2980 520 3288 590 accipietis.
3343 520 3387 573 si

1818 605 1979 662 modo
2009 606 2062 660 id
2088 606 2248 662 vobis
2282 607 2655 662 necessariqu
2679 608 2971 664 videbitur.

2249 865 2590 920 EPISTOLA
2626 865 2928 922 CCXXIX.‘.

136 975 354 1042 Spiritus
375 985 524 1029 sancti
546 978 748 1049 consilio
771 981 946 1049 facturn
967 996 1191 1049 essenon
1213 981 1416 1049 dubitat,
1439 984 1568 1049 quod
1593 983 1725 1049 apud
1749 993 1830 1049 eos
1853 978 2044 1049 factam.
2056 978 2232 1049 fuerat.
2268 977 2451 1049 [πατὴρ
2475 975 2713 1049 Romani
2743 977 3049 1049 prudentiam
3071 987 3116 1030 et
3139 995 3188 1032 in
3217 990 3393 1044 rema-

463 1050 550 1090 ttm
573 1039 868 1105 perﬁcienda
889 1043 1220 1108 fortitudinem
1267 1039 1500 1096 Hortator
1523 1061 1581 1097 ne
1607 1039 1910 1098 Colonienses
1954 1039 2144 1091 irriient
2170 1053 2188 1090 :
2220 1051 2355 1103 Spem
2373 1039 2507 1103 eﬂ'ert
2533 1053 2583 1090 se
2605 1039 2670 1087 ad
2693 1053 2774 1089 eos
2797 1047 3062 1091 venturum.

476 1148 605 1216 Τοῖς
637 1152 950 1220 κληρικοῖς
985 1154 1383 1222 Νικοπόλεως.

213 1281 261 1335 Ι.
294 1283 404 1336 Kal.
439 1285 569 1354 παρ’
611 1283 728 1348 ἐνὸς
779 1285 1038 1350 εὖλαϐοῦς
1076 1288 1172 1341 καὶ
1206 1287 1459 1359 δευτέρου
1493 1288 1720 1360 γενόμε-

135 1391 224 1428 νον
247 1373 408 1446 ἔργον
445 1375 778 1446 πληροφορεί
805 1378 950 1447 ἡμᾶς
978 1381 1046 1448 τῇ
1082 1379 1385 1450 συμσουλίᾳ
1425 1379 1519 1432 τοῦ
1548 1380 1719 1433 Πνεύ-

138 1483 308 1535 ματος
353 1467 655 1535 γίγνεσθαι.
699 1468 868 1522 Ὅταν
919 1469 1029 1540 γὰρ
1081 1471 1250 1540 μηδὲν
1379 1469 1718 1542 ἀνθρώπινον

136 1561 244 1631 πρὸ
286 1561 578 1632 ὀφθαλμῶν
613 1562 883 1630 κείμενον,
933 1565 1067 1635 μηδὲ
1112 1564 1303 1636 σκοπῷ
1342 1566 1548 1629 οἰκείας
1582 1567 1718 1619 ἁπο-

132 1648 378 1712 λαύσεως
426 1651 562 1722 πρὸς
605 1654 705 1716 τὰς
750 1653 1030 1725 ἐνεργείας
1061 1657 1304 1725 ὁρμῶσιν
1329 1657 1379 1709 οι
1410 1657 1545 1709 ὅσιοι
1581 1655 1712 1727 (95).

131 1741 248 1794 ἀλλ’
288 1743 317 1794 ὃ
349 1759 401 1795 τι
427 1743 716 1816 εὐάρεστον
751 1745 830 1817 τῷ
869 1745 991 1816 Θεῷ
1035 1746 1379 1817 προθέμενοι,
1414 1745 1591 1818 δῆλον,
1634 1747 1716 1799 ὅτι

129 1833 341 1904 Κύριός
385 1835 532 1889 ἐστιν
588 1837 618 1889 ό
671 1838 770 1901 τὰς
817 1838 1046 1910 καρδίας
1107 1839 1285 1892 αὐτῶν
1347 1839 1714 1893 κατευθύνων.

133 1926 312 1978 Ὅπου
373 1926 430 1980 δέ
481 1928 671 1999 ἄνδρες
725 1931 1087 2000 πνευματικοὶ
1161 1930 1270 1984 τῶν
1337 1930 1718 2001 βουλευμάτων

128 2018 502 2088 κατάρχουσιν
522 2058 537 2082 ,
569 2019 759 2073 ἕπεται
790 2021 847 2074 δὲ
871 2021 1080 2084 τούτοις
1104 2021 1230 2086 λαὸς
1259 2023 1464 2092 Κυρίου
1500 2025 1558 2077 ἐν
1585 2040 1720 2094 συμ-

129 2107 311 2177 φωνία
351 2107 451 2179 τῆς
490 2108 735 2180 γνώμης,
775 2111 859 2174 τίς
921 2111 1220 2180 ἀμφιϐαλεῖ
1253 2112 1326 2184 μὴ
1355 2114 1473 2184 οὐχ).
1503 2115 1567 2184 τῇ
1603 2131 1718 2167 κοι-

129 2199 300 2270 νωνία
322 2199 416 2254 τοῦ
441 2201 646 2272 Κυρίου
676 2201 832 2272 ἡμῶν
862 2203 1035 2275 Ἰησοῦ
1064 2203 1325 2275 Χριστοῦ,
1357 2204 1452 2259 τοῦ
1483 2205 1544 2257 τὸ
1569 2200 1713 2276 αἷμα

129 2292 299 2348 αὐτοῦ
353 2293 492 2366 ὑπὲρ
519 2293 626 2347 τῶν
686 2295 1019 2366 Ἑκκλησιῶν
1079 2297 1370 2367 ἐκχέαντος
1425 2298 1566 2366 (96),
1621 2299 1717 2368 τὴν

133 2382 333 2453 βουλὴν
353 2383 679 2455 γεγενῆσθαι
702 2401 716 2451 ;
751 2384 912 2438 Ὅθεν
939 2386 1034 2439 καὶ
1063 2387 1217 2440 αὐτοὶ
1257 2387 1436 2451 καλῶς
1465 2388 1718 2442 εἰκάσατε

129 2471 224 2525 τὸν
270 2472 676 2543 θεοφιλέστατον
713 2474 941 2544 ἀδελφὸν
971 2476 1130 2547 ἡμῶν
1175 2477 1270 2531 καὶ
1313 2477 1720 2550 συλλειτουργόν

131 2567 423 2637 Ποιμένιον
453 2565 563 2636 (97)
589 2567 726 2619 κατὰ
753 2567 885 2622 Θεὸν
922 2567 1268 2638 κεκινῆσθαι,
1295 2568 1354 2632 ὃς
1389 2569 1482 2622 καὶ
1518 2569 1719 2640 ἐπέστη

131 2659 264 2728 ὑμῖν
286 2659 345 2710 ἐν
369 2657 566 2729 καιρῷ,
611 2659 706 2712 καὶ
743 2654 906 2729 ἦλθεν
949 2659 1045 2712 ἐπὶ
1078 2659 1167 2712 τὸν
1189 2659 1390 2733 τρόπον
1411 2659 1598 2714 τοῦτον
1621 2661 1720 2729 τῆς

129 2749 510 2822 παραμυθίας.
551 2743 626 2803 Ui)
679 2750 789 2819 ἐγὼ
829 2751 948 2821 οὐχὶ
995 2751 1096 2821 τὴν
1149 2750 1366 2824 εὕρεσιν
1415 2751 1575 2822 μόνον
1626 2750 1719 2805 τοῦ

133 2842 508 2912 συμφέροντος
540 2841 768 2907 ἐπαινῶ,
801 2841 936 2896 ἀλλὰ
981 2843 1076 2896 καὶ
1111 2843 1174 2896 τὸ
1207 2843 1306 2912 τῆς
1339 2842 1564 2914 γνώμης
1594 2860 1714 2912 γεν·

127 2936 284 2988 ναῖον
327 2933 616 3005 θαυμάζω,
643 2935 747 2998 ὅτι,
805 2933 881 3005 μὴ
929 2937 1008 2998 είς
1057 2935 1378 3007 ὑπερθέσεις
1413 2934 1636 3004 ἀγαγὼν
1660 2934 1722 2988 τὸ

128 3027 394 3098 πρᾶγμα,
426 3025 641 3091 ἐξέλυσε
688 3027 785 3097 μὲν
828 3026 928 3098 τὴν
981 3027 1217 3099 σπουδὴν
1248 3027 1357 3081 τῶν
1407 3027 1724 3098 ἐπιζητούν-

2277 1148 2501 1203 Clericis
2539 1147 2947 1206 Nicooolitanis.

1896 1310 1946 1342 ι.
1983 1300 2141 1352 guou
2186 1301 2272 1341 ve.
2322 1300 2392 1340 ao
2440 1300 2550 1339 uno
2573 1294 2668 1338 aut
2699 1287 2874 1340 altero
2917 1286 3136 1344 homine
3183 1291 3273 1360 pio
3313 1289 3396 1345 fa-

1819 1384 1971 1431 ctum
2001 1383 2112 1438 est,
2156 1375 2212 1429 id
2259 1373 2418 1430 nobis
2461 1381 2614 1429 certo
2645 1375 2964 1444 persuadet,
3010 1392 3125 1431 rem
3164 1380 3396 1434 consilio

1823 1467 2063 1538 Spiritus
2095 1466 2231 1522 fieri.
2265 1464 2480 1521 Etenim
2516 1465 2612 1519 ubi
2661 1466 2798 1519 nihil
2841 1466 3064 1521 humani
3093 1469 3164 1522 ob
3205 1469 3396 1525 oculos

1822 1559 2087 1629 positum,
2120 1572 2300 1627 neque
2331 1557 2514 1612 studio
2569 1558 2774 1627 proprii
2819 1559 3092 1613 commodi
3131 1560 3197 1614 ad
3227 1576 3397 1632 agen-

1820 1650 1949 1704 dum
2003 1649 2179 1704 sancti
2225 1649 2514 1712 feruntur,
2572 1649 2666 1703 sed
2706 1649 2853 1719 quod
2897 1648 3009 1704 Deo
3038 1658 3250 1721 gratum
3287 1661 3392 1707 est.

1818 1740 1920 1794 sibi
1959 1746 2310 1809 proponunt;
2347 1739 2518 1809 liquet
2552 1739 2840 1795 Dominum
2877 1757 3024 1806 esse,
3067 1743 3159 1812 qui
3203 1759 3394 1798 eorum

1819 1834 1986 1888 corda
2034 1833 2239 1904 dirigit.
2286 1832 2423 1887 Cum
2476 1840 2658 1888 autem
2705 1834 3022 1903 spirituales
3064 1836 3167 1889 viri
3210 1839 3396 1891 consi-

1819 1926 2016 1978 liorum
2059 1932 2314 1979 auctores
2349 1932 2502 1986 sunt,
2539 1939 2742 1994 eosque
2805 1927 3053 1996 sequitur
3090 1928 3242 1996 plebs
3283 1927 3394 1982 Do-

1819 2014 1953 2068 mini
1983 2014 2244 2069 concordi
2273 2016 2565 2080 sententia,
2598 2015 2722 2085 quis
2758 2017 3050 2082 dubitabit,
3079 2019 3211 2088 quin
3244 2034 3396 2075 com-

1821 2106 2200 2161 municatione
2238 2105 2455 2161 Domini
2486 2107 2662 2162 nostri
2691 2105 2820 2162 Jesu
2848 2108 3075 2172 Christi,
3107 2111 3198 2179 qui
3235 2125 3395 2166 suum

1821 2200 2141 2270 sanguinem
2176 2216 2274 2271 pro
2305 2200 2571 2258 Ecclesiis
2599 2202 2814 2268 effudit,
2843 2207 3139 2260 consilium
3172 2217 3396 2278 captum

1820 2293 1925 2350 sit?
1949 2291 2102 2348 Unde
2130 2301 2186 2348 et
2207 2293 2312 2364 ipsi
2347 2303 2496 2350 recte
2533 2295 2894 2354 existimastis
2921 2299 3396 2369 religiosissimum

1821 2385 2045 2441 fratrem
2110 2397 2363 2442 nostrum
2435 2395 2490 2441 et
2547 2388 2991 2444 comministrum
3057 2389 3396 2446 Pmmenium

1821 2480 2089 2535 divinitus
2138 2477 2315 2535 fuisse
2357 2487 2664 2549 permotum
2721 2499 2734 2534 :
2786 2482 2881 2550 qui
2927 2492 2982 2537 et
3017 2481 3193 2536 adfuit
3244 2484 3400 2538 vobis

1825 2581 2152 2642 opportune,
2187 2579 2241 2626 et
2291 2571 2432 2625 hanc
2486 2572 2808 2627 consolandi
2857 2574 3124 2628 rationem
3167 2575 3395 2628 invenit.

1821 2664 1994 2730 Quem
2023 2663 2246 2734 quidem
2278 2679 2378 2734 ego
2403 2679 2513 2718 non
2539 2665 2716 2720 solum
2746 2665 2820 2720 ob
2851 2681 2965 2718 rem
3008 2667 3200 2720 utilem
3233 2681 3401 2721 exco-

1821 2757 2048 2827 gitatam
2092 2755 2280 2820 laudo,
2329 2757 2427 2812 sed
2475 2758 2644 2810 animi
2673 2757 2839 2811 etiam
2887 2756 3264 2812 fortitudinem
3303 2758 3401 2812 ad-

1822 2848 1992 2900 miror
2021 2865 2035 2915 ;
2070 2847 2216 2917 quod
2247 2863 2621 2918 nequaquam,
2643 2848 3002 2903 dilationibus
3037 2864 3150 2904 rem
3185 2857 3402 2919 protra-

1822 2937 1982 3000 bens,
2030 2937 2399 2993 debilitaverit
2457 2938 2868 3008 eﬂlagitantium
2925 2939 3188 3000 studium.
3239 2941 3404 2995 dede-

1823 3029 2007 3100 ritque
2079 3040 2294 3102 tempus
2346 3031 2679 3086 adversariis
2739 3031 2844 3085 sibi
2923 3031 3281 3102 providendi,
3339 3047 3404 3088 ac

125 3135 260 3181 των,
291 3117 462 3172 ἔδωκε
497 3117 554 3172 δὲ
582 3118 772 3189 καιρὸν
802 3119 1049 3190 φυλακῆς
1087 3122 1204 3184 τοῖς
1230 3123 1719 3193 ἀντιποιουμένοις,

1832 3121 2220 3178 insidiatorum
2257 3123 2484 3179 insidias
2509 3125 2950 3191 exsuscitaverit,
2985 3123 3080 3179 sed
3110 3125 3402 3180 confestim

128 3211 396 3281 ἐπήγειρε
438 3209 495 3263 δὲ
537 3209 636 3272 τὰς
690 3209 982 3273 ἐπιϐουλὰς
1015 3211 1125 3264 τῶν
1155 3211 1574 3283 ἐφεδρευόντων,
1606 3213 1718 3267 ἀλλ’

129 3299 294 3364 εὐθὺς
349 3299 429 3372 τῷ
492 3299 642 3372 καλῷ
701 3301 1028 3372 βουλεύματι
1095 3302 1160 3356 τὺ
1212 3303 1364 3367 τέλος
1422 3305 1717 3376 ἐπήγαγεν.

136 3396 236 3446 Ὃν
287 3394 575 3448 πανέστιον
598 3393 709 3466 (98)
751 3395 1034 3464 φυλάξειεν
1089 3397 1119 3449 ό
1166 3396 1372 3468 Κύριος
1413 3398 1479 3467 τῆ
1527 3397 1720 3450 ἐαυτοῦ

131 3487 318 3557 χάριτι
349 3485 481 3557 (99),
503 3485 645 3540 ὥστε
685 3485 784 3558 τὴν
824 3486 1152 3558 Ἐκκλησίαν
1183 3485 1377 3558 ὁμοίαν
1404 3488 1572 3559 ἑαυτῇ
1604 3488 1724 3541 δια-

138 3581 322 3649 μεῖναι
350 3579 408 3631 ἐν
442 3580 508 3649 τῇ
548 3578 795 3648 ὁμοτίμῳ
832 3577 928 3630 τοῦ
962 3577 1328 3648 προλαϐόντος
1350 3577 1592 3650 διαδοχῇ,
1627 3578 1724 3632 καὶ

140 3671 214 3740 μὴ
245 3669 429 3723 δοῦναι
458 3668 642 3740 χώραν
684 3669 762 3740 τῷ
797 3669 1038 3740 πονηρῷ,
1082 3670 1142 3734 ὃς
1186 3670 1304 3734 νῦν,
1359 3671 1516 3743 εἴπερ
1570 3671 1720 3736 ποτέ,

137 3762 202 3830 τῇ
234 3759 571 3813 καταστάσει
600 3759 707 3812 τῶν
745 3759 1080 3831 εΕκκλησιῶν
1107 3761 1470 3832 δυσχεραίνει.

206 3851 262 3905 2.
309 3846 448 3914 Τοὺς
478 3851 536 3904 δὲ
576 3853 633 3905 ἐν
674 3851 955 3924 Κολωνείᾳ
999 3851 1264 3922 ἀδελφοὺς
1297 3853 1472 3906 πολλὰ
1506 3852 1605 3923 μὲν
1629 3853 1725 3906 καὶ

137 3943 302 4011 ἡμεῖς
352 3942 817 4014 παρεκαλέσαμεν
869 3943 958 3997 διὰ
1005 3945 1384 4015 γραμμάτων-
1425 3946 1519 3998 καὶ
1567 3945 1725 4014 ὑμεῖς

137 4033 194 4088 δέ
242 4034 598 4104 ἀποδέχεσθαι
619 4035 800 4090 αὐτῶν
841 4036 1082 4106 ὀφείλετε
1115 4037 1214 4108 τὴν
1258 4037 1496 4091 διάθεσιν
1527 4037 1725 4108 μᾶλλον

138 4128 173 4200 ἢ
215 4127 542 4200 παροξύνειν
577 4130 798 4196 αὐτοὺς,
825 4132 900 4193 ὡς
932 4129 1020 4183 διὰ
1053 4130 1390 4201 σμικρότητα
1422 4129 1727 4200 παροφθέν-

135 4237 261 4283 τας,
297 4219 430 4289 μηδὲ
455 4222 519 4290 τῇ
562 4221 954 4291 κοταφρονήσει
985 4220 1244 4290 προάγειν
1284 4220 1483 4283 αὐτοὺς
1517 4221 1598 4282 εἰς
1639 4236 1728 4288 φι-

139 4307 429 4363 λονεικίαν.
478 4310 622 4362 Διότι
670 4309 944 4378 πεφύκασί
1009 4327 1127 4373 πως
1189 4310 1240 4362 οἱ
1299 4308 1726 4378 φιλονεικοῦντες

139 4399 489 4472 ἀϐουλότεροι
511 4402 778 4468 γίνεσθαι,
802 4401 897 4453 καὶ
930 4400 1098 4454 πολλὰ
1123 4399 1231 4453 τῶν
1256 4399 1399 4452 ἰδίων
1419 4401 1602 4463 κακῶς
1621 4399 1730 4451 δια-

1826 3214 2154 3284 praeclarum
2183 3214 2476 3268 consilium
2508 3214 2576 3269 ad
2604 3215 2812 3270 exitum
2858 3216 3197 3286 perduxerit.
3228 3216 3402 3284 Quem

1821 3303 2042 3373 quidem
2106 3318 2233 3358 cum
2301 3305 2451 3359 omni
2524 3305 2731 3360 familia
2800 3307 3077 3360 custodiat
3139 3307 3404 3362 Dominus

1821 3395 1999 3463 gratia
2045 3408 2166 3457 sua,
2222 3399 2282 3447 ut
2332 3393 2578 3448 Ecclesia
2625 3395 2712 3450 sui
2755 3395 2950 3450 similis
2989 3404 3306 3465 permaneat
3345 3397 3403 3450 in

1824 3483 2179 3538 successione
2249 3497 2360 3536 non
2417 3482 2688 3553 degenere
2745 3483 2814 3537 ab
2868 3485 3241 3541 antecessoris
3298 3486 3405 3538 vir-

1825 3578 1972 3636 tute,
2039 3587 2142 3626 nec
2197 3571 2359 3626 detur
2413 3571 2567 3626 locus
2619 3572 2902 3640 maligno,
2957 3573 3051 3642 qui
3117 3591 3296 3640 nunc,
3355 3572 3408 3630 si

1825 3674 2067 3730 unquam
2108 3660 2268 3728 alias,
2314 3674 2459 3731 aegre
2505 3660 2613 3716 fert
2659 3662 2984 3731 praeclarum
3027 3661 3402 3722 Ecclesiarum

1825 3762 2028 3810 statum
2039 3795 2053 3808 .

1893 3847 1948 3902 2.
1981 3844 2202 3902 Fratres
2239 3853 2424 3902 autem
2463 3845 2556 3916 qui
2598 3846 2652 3900 in
2695 3845 2923 3902 Colonia
2971 3855 3121 3911 sunt,
3151 3849 3401 3919 pluribus

1825 3937 2044 4008 quidem
2084 3947 2141 3992 et
2186 3952 2288 3993 nos
2332 3937 2610 3993 adhortati
2651 3953 2844 3994 sumus
2889 3955 2986 4010 per
3016 3941 3226 3997 litteras
3256 3961 3270 3996 :
3306 3943 3402 3998 sed

1825 4038 1880 4085 et
1927 4045 2026 4084 vos
2073 4028 2283 4085 debetis
2341 4044 2533 4083 eorum
2586 4029 2829 4084 studium
2897 4033 3131 4100 probare
3201 4035 3397 4103 magis,

1826 4136 1989 4190 quam
2015 4119 2172 4190 quasi
2207 4120 2278 4175 oh
2309 4119 2629 4175 tenuitatem
2665 4130 3010 4191 contemptos
3045 4124 3280 4190 irritare,
3307 4133 3404 4179 aut

1826 4217 2144 4279 contemptu
2208 4209 2277 4264 ad
2349 4209 2758 4264 contentionem
2823 4225 3143 4280 provocare.
3214 4209 3404 4266 Solent

1827 4302 1972 4357 enim
2016 4301 2107 4370 qui
2152 4299 2515 4362 contendunt,
2570 4300 2936 4355 inconsultius
2992 4316 3053 4354 se
3089 4315 3296 4370 gerere,
3349 4308 3405 4356 et

1831 4392 2014 4446 multis
2047 4392 2214 4446 rebus
2267 4394 2384 4446 suis
2433 4391 2574 4445 male
2623 4391 2936 4454 consulere,
2988 4399 3048 4445 ut
3096 4391 3403 4446 molestiam

138 4491 387 4544 τίθεσθαι
415 4491 554 4560 ὑπὲρ
581 4489 673 4543 τοῦ
711 4491 948 4561 λυπῆσαι
979 4491 1103 4552 τοὺς
1134 4491 1594 4560 ἐναντιουμένους.
1620 4490 1725 4542 Οὑ-

1832 4483 2120 4539 exhibeant
2163 4481 2518 4537 adversariis.
2565 4480 2736 4536 Nemo
2775 4489 2956 4535 autem
3013 4481 3150 4536 adeo
3201 4495 3406 4551 parvus

141 4582 257 4644 δεὶς
284 4581 341 4634 δὲ
361 4579 504 4634 οὕτω
527 4580 721 4652 μικρὸς
738 4579 814 4644 ὡς
837 4579 912 4651 μὴ
933 4579 1190 4633 δύνασθαι
1223 4579 1320 4632 νῦν
1353 4578 1538 4633 κακῶν
1568 4579 1732 4649 μεγά-

140 4674 251 4726 λων
280 4672 534 4744 ἀφορμὴν
555 4674 856 4744 παρασχεῖν
888 4674 1001 4734 τοῖς
1035 4671 1304 4724 ἐθέλουσιν
1327 4671 1596 4740 ἀφορμήν.
1628 4668 1731 4722 Καὶ

142 4745 302 4818 τοῦτο
343 4765 404 4818 ού
437 4763 818 4834 στοχαζόμενοι
850 4763 1118 4832 λέγομεν,
1152 4761 1286 4815 ἀλλὰ
1327 4760 1492 4831 πείρᾳ
1545 4761 1728 4813 κακῶν

141 4859 358 4911 οἰκείων
382 4856 768 4926 δεδιδαγμένοι,
786 4854 822 4909 ἃ
852 4854 1161 4925 παραγάγοι
1191 4856 1217 4907 ὁ
1239 4853 1370 4917 Θεὸς
1396 4856 1516 4917 ταῖς
1542 4851 1733 4923 ὑμετέ-

144 4961 272 5015 ραις
304 4947 633 5014 προσευχαῖς
663 4943 758 5014 (l).
789 4941 1122 5008 Συνεύξασθε
1151 4943 1207 4995 δὲ
1229 4944 1324 4996 καὶ
1357 4944 1488 5014 ἡμῖν
1508 4941 1605 5013 τὴν
1642 4942 1734 4994 εύ-

219 5095 336 5166 (94)
377 5095 500 5149 Τῶν
546 5095 900 5164 γενομένων.
957 5094 1080 5148 Haec
1127 5095 1439 5166 addidimus
1469 5111 1533 5166 ej:
1588 5110 1722 5150 mss.

142 5164 430 5239 quinque.
470 5166 894 5239 Cois|.__pr_imus
946 5166 1168 5239 illidemg
1195 5164 1728 5239 6é§s_cils.__Quatuor

145 5235 241 5291 5m
287 5236 599 5301 ὲκδέξασθε.
641 5236 929 5289 Μεόὶεαᾱυε
982 5235 1225 5301 δέξασθε.
1285 5236 1478 5290 Solatii
1542 5246 1726 5289 autem

143 5307 372 5362 nomine
403 5307 490 5359 his
519 5306 578 5358 in
608 5306 746 5360 locis
771 5305 1096 5374 intelligitur
1125 5307 1424 5360 remedium
1451 5306 1725 5375 quoddam

144 5389 199 5433 et
235 5385 760 5444 temperamentum,
811 5385 871 5428 ut
917 5378 972 5429 in
1031 5375 1342 5431 dillicilibus
1387 5385 1441 5430 et
1483 5377 1728 5430 molestis

145 5448 333 5502 rebus.
370 5445 500 5499 Vide
530 5445 696 5500 Notas
719 5445 783 5498 ad
809 5447 970 5515 epist.
1006 5445 1128 5501 126.

219 5517 437 5588 (95)οί
487 5515 665 5588 defiat.
700 5515 778 5569 lta
836 5513 970 5588 [ηδε.
1015 5531 1229 5588 omnes,
1283 5531 1399 5588 uno
1441 5513 1728 5588 Bigotiano

144 5586 402 5654 excepto,
463 5586 555 5654 qui
603 5586 668 5640 ad
715 5586 1237 5654 marginemihabet
1281 5588 1328 5639 οἱ
1375 5587 1535 5650 ὅσιοι,
1583 5596 1636 5640 et
1672 5587 1730 5640 in

144 5653 610 5726 textu,‘_utgediti
646 5656 696 5708 οί
735 5653 1146 5726 ἆγιοιηιῦἰόριιι
1207 5655 1408 5726 Paris..
1459 5655 1632 5726 Bigot.
1675 5667 1726 5711 et

147 5725 279 5782 Vat.
310 5723 475 5796 ἀλλ’ἢ
505 5725 598 5779 τοῦ
633 5724 1028 5797 εὐαρεστεύειν.
1065 5724 1182 5783 Duo
1205 5726 1297 5782 alii
1327 5725 1441 5782 ἀλλ’
1473 5726 1508 5796 ἢ
1528 5723 1596 5780 τὸ
1638 5725 1722 5778 εὐ-

1833 4585 1936 4638 est,
1995 4575 2090 4644 qui
2146 4589 2295 4628 nunc
2354 4588 2462 4626 non
2529 4573 2702 4641 possit
2767 4587 3085 4643 magnorum
3138 4573 3404 4628 malorum

1833 4668 2184 4721 occasionem
2262 4665 2684 4720 subministrare
2740 4665 2841 4729 iis,
2903 4664 2995 4734 qui
3058 4664 3404 4719 occasionem

1834 4766 2106 4828 quaerunt.
2160 4756 2346 4826 Neque
2401 4756 2454 4810 id
2498 4772 2563 4811 ex
2615 4756 2946 4824 conjecturis
2993 4754 3257 4816 dicimus,
3309 4753 3407 4809 sed

1835 4849 2175 4918 experientia
2255 4849 2601 4918 pr0priorum
2679 4848 2946 4902 malorum
3019 4847 3227 4911 edocti,
3287 4861 3410 4916 qua:

1839 4939 2002 5010 353
2043 4939 2186 4996 Deus
2219 4939 2717 5010 precibusvestris
2759 4946 2985 4994 avertat.
3024 4937 3200 4993 Simul
3226 4947 3408 4994 autem

1829 5094 2173 5169 αρε-στεύῃν.
2209 5094 2495 5169 Consentit
2527 5110 2652 5148 cum
2683 5095 2842 5149 editis
2872 5094 3326 5169 Coisl._primus._
3385 5157 3395 5169 υ

1901 5166 2014 5237 (96)
2059 5167 2426 5234 Ἐκχέαντος.
2465 5165 2540 5218 lta
2574 5181 2708 5220 mss.
2755 5172 2984 5234 septem.
3026 5167 3170 5219 Edit.
3201 5165 3414 5236 ἐκχέον-

1825 5253 2014 5374 τοῖξΠ)
2056 5303 2394 5374 Ποιμένιον.
2427 5305 2754 5360 Addidimus
2795 5305 2899 5360 hoc
2942 5319 3139 5358 nomen
3173 5321 3241 5359 ex
3285 5315 3413 5360 octo

1833 5390 2019 5514 ms($9.8)
2055 5445 2409 5500 Πανέστιον.
2444 5445 2581 5499 Male
2617 5441 3245 5514 inlerpres_Panestium.

1927 5447 2019 5514 98)
2055 5447 2409 5500 Πανέστιον.
2444 5447 2581 5499 Male
2617 5447 2886 5514 interpres
2919 5447 3245 5499 Panesn'um.

1904 5447 2020 5586 £99)
2060 5514 2279 5582 Χάριτι.
2327 5515 2495 5572 Coisl.
2549 5515 2849 5580 secundus,
2879 5512 3014 5583 Reg.
3055 5516 3330 5571 secundus
3359 5524 3415 5571 et

1836 5585 2012 5655 Bigot.
2041 5587 2390 5655 χρηστότητι.

1908 5653 1988 5727 (ll
2017 5653 2431 5727 Προσευχαῒςι
2460 5653 2628 5709 Coisl.
2670 5653 2978 5727 primusmet
3030 5654 3168 5712 Med.
3204 5655 3411 5727 εὐχαῖς.

1907 5724 1927 5748 ’⁵
1965 5725 2114 5782 Alias
2133 5724 2361 5783 CXCIII.
2399 5724 2615 5798 Scripta
2646 5739 2794 5781 anno
2821 5725 2944 5782 575.
