3856 6224
446 298 550 354 859
1755 298 1812 356 S.
1854 298 2094 356 BASILII
2138 299 2350 358 MAGNI
3601 304 3705 362 860

406 491 413 501 μ
446 423 503 469 et
539 414 697 469 nobis
729 428 1055 486 prosperum
1086 414 1191 471 iter
1218 415 1544 487 precemini,
1589 423 1651 470 ut
1678 416 2030 473 advenientes

2156 419 2276 472 δίαν
2302 419 2399 488 (2),
2453 418 2540 472 ἵνα
2593 418 3024 490 παραγενόμενοι
3079 416 3407 488 ἐφησθῶμεν
3458 416 3536 489 (5)
3582 417 3708 489 ὕμιν

408 502 413 513 ’
447 506 726 561 vobiscum
766 509 1101 578 gaudeamus
1128 509 1196 564 de
1249 509 1498 578 praesenti
1533 517 1772 578 pastore,
1813 525 2025 580 nosque

2156 510 2227 563 ιπὶ
2258 509 2338 581 τῷ
2362 510 2589 583 παρόντι
2621 509 2861 581 ποιμένι,
2894 510 2989 563 καὶ
3022 508 3578 580 συμπαρακληθῶμεν
3616 508 3709 563 ἐπὶ

450 606 639 655 mutuo
658 597 725 655 de
740 601 894 655 obitu
929 602 1235 656 communis
1258 601 1430 670 patris
1458 601 1631 657 nostri
1652 603 2021 658 consolemur.

883 751 1220 809 EPISTOLA
1256 749 1539 810 CCXXX'.

2130 606 2197 674 τῇ
2228 603 2568 673 ἀναχωοήσει
2598 601 2693 656 τοῦ
2722 601 2902 656 κοινοῦ
2933 601 3139 673 πατρὸς
3169 603 3203 673 ἡ
3213 601 3347 671 μῶν.

2663 756 3012 810 ΕΠΙΣΤΟΛΗ
3041 756 3163 809 EA’.

452 868 771 935 Magistratus
793 867 1044 931 Nicopolis
1060 868 1278 918 hortatur
1303 877 1371 929 ut,
1396 883 1504 919 cum
1534 868 1784 935 impletum
1808 867 2019 935 sitquod
2039 883 2183 931 penes
2199 867 2447 935 episcopos
2468 875 2590 929 erat,
2608 873 2716 935 1am
2742 867 2838 935 ipsi
2865 867 3145 935 conﬁrment
3166 866 3219 917 id
3242 869 3371 935 quod
3397 868 3458 935 ob

514 929 818 1001 constitution
835 929 929 989 est,
950 938 1206 1001 eaeor-unt
1226 944 1392 995 opera,
1430 929 1644 1001 muniunt
1663 938 1708 982 et
1731 930 1784 1001 in
1805 929 1920 1001 urbe
1939 939 1985 1001 et
2009 929 2124 1001 rure
2146 929 2400 1001 consensus
2424 932 2475 1000 in
2506 929 2812 1001 suscipiendo
2833 929 3057 992 episcopo
3095 935 3141 980 et
3179 929 3468 1001 repetundis
3501 929 3718 1001 auritis

512 992 843 1056 tentatianibus
866 992 1120 1054 conspiret.
1146 992 1400 1042 Summum
1421 992 1720 1044 desiderium
1740 992 1982 1056 signiﬁcat
2004 992 2269 1044 invisenda:
2288 992 2518 1044 Ecclesiw
2545 992 2917 1055 Nisopolitanw,
2940 1003 3085 1056 quam
3111 992 3255 1043 recta?
3273 992 3509 1044 doctrina:
3536 998 3715 1043 metro-

515 1052 663 1117 potim
700 1060 851 1104 vocat.

808 1154 1216 1227 Magistratibus
1259 1155 1674 1226 Nicopolitanis.

527 1268 927 1324 Ecclesiasticae
983 1270 1305 1325 mconomiae
1354 1270 1423 1324 ab
1471 1270 1540 1325 iis
1593 1268 1818 1339 quidem
1867 1269 2027 1333 Iiunt,

456 1360 662 1430 quibus
692 1359 1062 1415 Ecclesinrum
1094 1354 1391 1416 commissa
1422 1368 1553 1415 sunt
1594 1358 1967 1429 gubernacula
2014 1378 2028 1413 :

459 1451 555 1505 sed
586 1465 619 1505 a
661 1452 820 1521 plebe
849 1451 1262 1508 conﬁrmantur.
1306 1452 1487 1518 Quare
1527 1452 1674 1521 quod
1708 1465 1876 1520 penes
1904 1450 2033 1506 reli-

458 1542 801 1612 giosissimos
834 1542 1126 1613 episcopos
1165 1553 1303 1608 erat,
1356 1543 1638 1613 impletum
1695 1553 1780 1598 est
1834 1542 2036 1612 :.quod

460 1640 644 1687 autem
686 1633 957 1702 reliquum
988 1642 1093 1698 est,
1123 1635 1235 1705 jam
1271 1634 1338 1688 ad
1378 1648 1476 1689 vos
1521 1640 1754 1705 spectat,
1782 1635 1829 1688 si
1854 1634 2037 1689 velitis

464 1732 718 1792 prompto
749 1726 934 1778 animo
966 1726 1257 1794 complecti
1282 1724 1468 1780 datum
1499 1726 1657 1780 vobis
1689 1725 2031 1796 episcopum,

2397 1156 2889 1227 Πολιτευομένοις
2924 1156 3308 1222 Νικοπόλεως
3350 1152 3446 1226 (4).

2205 1271 2271 1323 Ai
2319 1270 2449 1342 περὶ
2484 1269 2583 1334 τὰς
2622 1269 2947 1341 Ἐκκλησίας
2991 1270 3292 1342 οἰκονομίαι
3334 1270 3576 1339 γίνονται
3617 1269 3715 1340 μὲν

2137 1360 2290 1433 παρὰ
2341 1362 2448 1414 τῶν
2496 1361 2943 1432 πεπιστευμένων
2991 1360 3089 1433 τὴν
3135 1361 3475 1433 προστασίαν
3513 1359 3725 1423 abstini;

2138 1450 2477 1520 βεϐαιοῦνται
2515 1451 2572 1505 δὲ
2606 1450 2757 1523 παρὰ
2801 1451 2910 1506 τῶν
2949 1450 3115 1506 λαῶν.
3149 1452 3314 1505 Ὥστε
3342 1450 3419 1520 (5)
3453 1450 3483 1503 ὃ
3517 1450 3619 1521 μὲν
3647 1445 3721 1520 ἦν

2133 1544 2227 1596 ἐπὶ
2280 1544 2394 1607 τοῖς
2446 1542 2881 1613 θεοφιλεστάτοις
2936 1544 3273 1609 ἐπισκόποις,
3322 1543 3714 1613 πεπλήρωται’

2132 1634 2193 1687 τὸ
2235 1633 2290 1687 δὲ
2324 1633 2640 1705 λειπόμενον
2671 1634 2770 1706 ἠδη
2824 1634 2961 1706 πρὸς
3003 1635 3148 1705 ὑμᾶς
3198 1633 3405 1704 βλέπει,
3445 1633 3724 1689 ἐὰννκατ-η

2133 1724 2401 1795 αξιώσητε
2427 1724 2682 1796 ἐκθύμως
2703 1725 2778 1796 (6)
2799 1725 3145 1798 περιέχεσθαι
3167 1724 3261 1779 τοῦ
3285 1725 3568 1797 δεδομένου
3589 1726 3716 1797 ὑμῖν

462 1823 518 1869 et
573 1816 906 1871 tentationes
952 1826 1209 1872 externas
1259 1824 1483 1872 strenue
1538 1818 1821 1887 repellere.
1889 1817 2034 1872 Nihil

2156 1816 2458 1880 μπισκόπου,
2498 1816 2593 1869 καὶ
2627 1815 2729 1880 τὰς
2765 1817 2917 1886 παρὰ
2945 1816 3054 1871 τῶν
3090 1815 3290 1884 ἔξωθεν
3329 1816 3530 1887 πείρας
3565 1818 3718 1887 ἰσχυ-

459 1909 605 1961 enim
640 1909 776 1963 adeo
812 1907 1075 1978 pudorem
1123 1908 1322 1963 incutit
1359 1908 1475 1964 sive
1504 1908 1894 1978 potestatibus,
1920 1909 2036 1964 sive

463 1999 713 2070 reliquis,
759 2001 1073 2071 quicunque
1120 2000 1363 2055 invident
1399 2008 1597 2056 vestrae
1623 2001 2031 2070 tranquillitati,

464 2100 523 2144 ut
554 2106 790 2148 concors
838 2093 893 2146 in
936 2094 1123 2147 datum
1165 2094 1486 2163 episcopum
1517 2107 1692 2157 amor,
1728 2106 1783 2147 et
1818 2092 1875 2147 in
1902 2094 2038 2148 resi-

463 2187 660 2242 stendo
705 2187 957 2242 ﬁrmitas.
1011 2188 1069 2242 Id
1127 2188 1275 2242 enim
1316 2187 1441 2242 illos
1493 2188 1549 2241 in
1594 2187 2037 2257 desperationem

464 2279 695 2348 conjicit
729 2278 925 2333 nefarii
959 2280 1139 2334 omnis
1166 2286 1419 2346 conatus,
1454 2278 1501 2334 si
1532 2278 1769 2334 viderint
1807 2279 2039 2333 artiﬁcia

463 2385 564 2426 sua
611 2386 792 2440 neque
843 2387 874 2426 a
916 2372 1067 2427 clero
1122 2387 1301 2442 neque
1352 2387 1381 2426 a
1424 2372 1583 2440 plebe
1620 2371 1857 2426 admitti.
1917 2371 2038 2438 Quo

462 2476 594 2532 ergo
632 2460 689 2515 in
730 2461 933 2516 bonum
980 2462 1114 2517 estis
1145 2462 1351 2526 animo,
1381 2460 1509 2515 date
1551 2475 1797 2539 operam,
1838 2467 1899 2514 ut
1946 2474 2041 2514 eo-

464 2552 588 2607 dem
641 2552 842 2609 civitas
898 2555 1227 2619 animetur;
1290 2562 1345 2607 et
1415 2559 1532 2606 tum
1600 2551 1865 2621 populos,
1922 2557 2039 2605 tum

464 2658 658 2699 omnes
702 2658 831 2698 rure
884 2644 1147 2713 degentes
1173 2683 1190 2708 ,
1244 2653 1306 2697 ut
1351 2658 1452 2713 par
1495 2653 1608 2706 est,
1650 2642 2042 2713 alloquimini;

464 2736 609 2790 bona
657 2750 847 2791 eorum
899 2736 1180 2807 proposita
1231 2735 1578 2802 roborantes,
1627 2733 1764 2790 adeo
1809 2744 1869 2789 ut
1912 2749 2042 2790 vera

467 2838 647 2882 vestra
710 2829 765 2882 in
811 2827 980 2883 Deum
1034 2828 1278 2883 charitas
1315 2827 1562 2884 omnium
1606 2826 1752 2882 fama
1798 2828 2043 2884 celebre-

465 2929 576 2975 tur.
612 2919 831 2974 Utinam
882 2927 1064 2975 autem
1111 2936 1212 2974 nos
1255 2934 1476 2991 quoque
1520 2918 1666 2990 digni
1716 2920 2037 2986 babeamur,

467 3012 560 3082 qui
613 3013 900 3067 veniamus
948 3012 1243 3082 aliquando
1304 3010 1373 3065 ad
1431 3026 1565 3076 vos,
1625 3018 1680 3065 et
1737 3010 2040 3067 Ecclesiam

394 3100 399 3107 ’
472 3085 693 3173 pietatis
767 3102 1014 3156 altricem
1081 3101 1384 3157 invisamus
1440 3119 1453 3156 :

466 3195 733 3249 doetrinaa
803 3193 1152 3264 metropolim
1213 3207 1564 3258 veneramur,
1627 3193 1777 3263 quod
1830 3193 2043 3263 jamdu-

469 3288 599 3342 dum
652 3301 683 3340 a
720 3287 858 3342 viris
904 3301 1166 3356 perquam
1203 3286 1554 3350 venerandis,
1595 3293 1651 3341 et
1691 3284 1787 3341 Dei
1832 3287 2044 3354 electis,

468 3389 633 3450 atque
656 3378 1106 3448 amplectentibus
1126 3392 1250 3432 eum
1294 3378 1388 3447 qui
1406 3378 1707 3433 secundum
1734 3377 2040 3433 doctrinam

468 3480 576 3534 est.
626 3470 837 3527 ﬁdelem
884 3486 1228 3536 sermonem,
1275 3470 1612 3539 gubernetur
1659 3487 1672 3524 :
1720 3470 1921 3540 quibus
1955 3470 2040 3524 di-

2136 1906 2245 1980 ρῶς
2286 1907 2709 1979 ἀποκρούεσθαι.
2760 1908 2927 1962 Οὐδὲν
2969 1908 3078 1980 γὰρ
3122 1907 3266 1963 οὕτω
3310 1909 3551 1963 δυσωπεῖ
3594 1908 3716 1963 οὔτε

2134 2001 2397 2073 ἄρχοντας
2423 2000 2546 2055 οὔτε
2572 2004 2701 2065 τοὺς
2729 2001 2967 2067 λοιποὺς,
3001 2003 3116 2056 ὅσοι
3151 2002 3541 2073 βασκαίνουσιν
3565 2004 3730 2075 ὑμῶν.

2134 2095 2199 2164 τῇ
2227 2094 2472 2164 εἰρηνικῇ
2499 2093 2850 2157 καταστάσει,
2884 2094 2961 2158 ὡς
2993 2093 3444 2167 σύμφωνονιπερὶ
3481 2095 3583 2167 τὴν
3623 2094 3721 2148 τοῦ

2134 2183 2416 2255 δεδομένου
2437 2185 2677 2257 ἀγάπην,
2697 2186 2792 2239 καὶ
2817 2184 2880 2238 τὸ
2909 2185 3127 2256 ἰσχυρὸν
3155 2185 3255 2256 τῆς
3281 2185 3591 2248 ἐνστάσεως
3617 2184 3719 2255 (7).

2148 2274 2480 2343 ’Δπόγνωσιν
2509 2276 2618 2347 γὰρ
2643 2279 2862 2347 ἐμποιεῖ
2894 2277 3077 2341 αὐτοῖς
3118 2276 3299 2348 πάσης
3326 2278 3738 2348 ἐπιχειρήσεως

2138 2368 2402 2438 πονηρᾶς,
2432 2365 2527 2420 ἐὰν
2560 2366 2710 2420 ἴδωσι
2750 2369 2896 2439 μήτε
2917 2367 3115 2439 κλῆρον
3152 2368 3288 2439 μήτε
3334 2367 3463 2422 λαὸν
3492 2368 3593 2432 τὰς
3624 2368 3727 2422 αύ-

2138 2458 2246 2513 τῶν
2279 2458 2517 2522 ἐπινοίας
2544 2458 2999 2531 παραδεχόμενον.
3041 2459 3144 2512 Ἦν
3190 2453 3282 2512 οὖν
3305 2458 3532 2530 γνώμην
3568 2458 3724 2530 ἔχετε

2138 2550 2267 2622 περὶ
2314 2549 2409 2603 τοῦ
2453 2549 2641 2614 καλοῦ,
2679 2551 2883 2618 ταύτην
2914 2548 3099 2621 κοινὴν
3139 2549 3441 2620 ποιήσασθε
3480 2549 3583 2619 τῆς
3620 2550 3726 2604 πό-

2137 2642 2273 2707 λεως
2293 2659 2310 2672 ³
2355 2643 2449 2696 καὶ
2490 2644 2600 2706 τοῖς
2646 2642 2859 2713 δήμοις,
2906 2642 3001 2696 καὶ
3047 2643 3180 2695 πᾶσι
3212 2644 3326 2706 τοῖς
3368 2641 3581 2696 οἰκοῦσι
3622 2642 3729 2714 τὴν

2139 2734 2322 2807 χώραν
2346 2734 2663 2805 διαλέχθητε
2696 2732 3096 2806 ἐπιρῤὠσοντες
3124 2733 3202 2805 (8)
3225 2733 3405 2788 αὐτῶν
3430 2734 3529 2799 τὰς
3555 2735 3728 2800 καλὰς

2140 2829 2506 2901 προαιρέσεις,
2530 2826 2671 2881 ὥστε
2693 2827 3045 2898 διαϐοηθῆναι
3072 2828 3227 2901 παρὰ
3250 2829 3384 2882 πᾶσι
3414 2828 3479 2882 τὸ
3502 2828 3732 2899 γνήσιον

2140 2921 2295 2992 ὑμῶν
2335 2919 2436 2990 τῆς
2477 2921 2560 2983 εἰς
2600 2919 2732 2973 Θεὸν
2774 2918 3013 2991 ἀγάπης.
3070 2919 3195 2973 Ἐὰν
3233 2918 3291 2973 δὲ
3322 2919 3399 2990 (9)
3426 2921 3526 2975 κα)⁵
3570 2921 3731 2974 αὐτοὶ

2141 3009 2562 3082 καταξιωθῶμέν
2604 3027 2735 3063 ποτε
2759 3009 3165 3082 παραγενέσθαι
3200 3011 3296 3065 καὶ
3326 3012 3730 3083 ἐπισκέψασθαι

1519 3114 1684 3169 quam
1750 3109 1811 3155 ut
1874 3112 2039 3157 rectae

2156 3103 2237 3175 rip)
2274 3102 2597 3173 Ἐκκλησίαν
2640 3101 2739 3173 τὴν
2782 3103 2978 3173 τροφὸν
3024 3103 3124 3174 τῆς
3173 3103 3503 3169 εὐσεϐείας,
3549 3105 3619 3176 ἢν
3651 3106 3729 3168 ὡς

2147 3193 2476 3265 μητρόπολιν
2509 3194 2608 3264 τῆς
2646 3192 2952 3265 ὀρθοδοξίας
2993 3192 3266 3266 τιμῶμεν,
3291 3195 3383 3249 διὰ
3424 3196 3490 3250 τὸ
3520 3199 3586 3251 ἐκ
3619 3216 3731 3251 πα·

2141 3284 2294 3338 λαιοῦ
2322 3284 2426 3338 ὑπὸ
2450 3284 2795 3355 τιμιωτάτων
2825 3285 2941 3356 (10)
2972 3284 3184 3357 ἀνδρῶν
3213 3288 3308 3340 καὶ
3338 3287 3611 3341 ἐκλεκτῶν
3635 3289 3731 3342 τοῦ

2144 3376 2280 3431 Θεοῦ
2303 3375 2702 3446 οἰκονομεῖσθαι
2730 3375 2898 3448 αὐτὴν
2930 3376 3306 3449 ἀντεχομένων
3330 3377 3426 3432 τοῦ
3458 3378 3603 3432 κατὰ
3630 3380 3733 3450 τὴν

2143 3468 2358 3540 διδαχὴν
2400 3467 2593 3521 πιστοῦ
2638 3468 2819 3538 λόγου,
2862 3462 2938 3522 ὧν
2981 3466 3131 3533 ἄξιον
3173 3464 3312 3523 εἶναι
3362 3469 3456 3524 τὸν
3494 3470 3590 3524 νῦν
3615 3471 3735 3542 (II)

469 3579 637 3634 gnum
693 3578 815 3618 esse
889 3578 1050 3626 eum,
1101 3563 1196 3632 qui
1252 3552 1400 3616 nunc
1456 3561 1772 3633 designatus
1817 3571 1932 3625 est,
1982 3571 2038 3615 et

2156 3564 2485 3631 ὶναφανέντα
2517 3563 2609 3616 καὶ
2651 3562 2807 3632 ὑμεῖς
2855 3561 3236 3633 ἐδοκιμάσατε,
3276 3563 3371 3615 καὶ
3409 3565 3573 3633 ἡμεῖς
3609 3581 3739 3617 σνν-

470 3672 571 3712 vos
611 3656 939 3728 judicastis,
981 3664 1037 3712 et
1079 3670 1181 3710 nos
1221 3655 1630 3711 consensimus.
1669 3653 1904 3708 Tantum
1944 3651 2041 3708 Dei

2156 3654 2402 3725 εθέμεθα.
2435 3654 2615 3709 Μόνον
2667 3653 3026 3724 φυλαχθείητε
3055 3654 3167 3723 (12)
3200 3653 3352 3726 παρὰ
3388 3653 3490 3725 τῆς
3511 3655 3740 3726 χάριτος

471 3747 650 3818 gratia
718 3746 1130 3809 custodiamini,
1194 3746 1288 3815 qui
1352 3754 1408 3799 et
1479 3759 1645 3814 prava
1694 3743 2041 3798 inimicorum

2156 3746 2242 3799 τοῦ
2292 3745 2449 3810 Θεοῦ,
2491 3745 2857 3818 παραλύοντος
2884 3745 2993 3817 (15)
3032 3747 3129 3817 μὲν
3156 3745 3224 3799 τὰ
3268 3746 3483 3815 πονηρὲ
3513 3746 3739 3815 βουλεύ-

472 3839 705 3894 consilia
734 3838 1018 3901 dissolvat,
1044 3846 1101 3892 et
1143 3837 1311 3891 robur
1350 3851 1413 3890 ac
1452 3837 1816 3891 constantiam
1845 3837 2046 3891 vestris

475 3930 676 3986 animis
720 3930 790 3985 ad
828 3945 914 3995 ea,
953 3945 1076 4000 qua:
1117 3929 1381 3999 praeclare
1413 3929 1635 3984 decreta
1664 3936 1815 3996 sunt,
1848 3928 2048 3983 tuenda

473 4022 724 4093 inspiret.

539 4161 561 4183 ‘
589 4161 738 4216 Alias
763 4156 989 4214 CXCIV.
1027 4157 1240 4228 Scripta
1269 4174 1414 4213 anno
1437 4158 1559 4214 575.

540 4229 618 4303 (2)
664 4231 1071 4303 Threbodlar.
1103 4229 1269 4303 Coisl.
1304 4230 1514 4303 primus
1532 4229 1644 4303 τὴν
1681 4229 1894 4303 ύγεζαν.
1923 4228 2046 4284 Cla-

474 4297 746 4371 roinﬁc'hv
762 4301 958 4371 ὑγείαν
990 4299 1085 4352 καὶ
1133 4297 1231 4371 τὴν
1270 4297 1497 4353 εὖοδίαν.
1530 4299 1736 4354 Ibidem
1761 4300 2048 4356 Medicaaus

474 4368 929 4439 2oved€dcﬁedei_
957 4386 1044 4439 μοι
1184 4368 1334 4436 ὑμῖν.

547 4443 624 4512 (5)
675 4437 1086 4512 Ἐφησθῶμεις.
1127 4438 1296 4512 Coisl.
1369 4446 1633 4512 uterque,
1689 4439 1854 4512 Med,
1891 4438 2039 4500 Vat..

474 4503 618 4591 Reg.
646 4503 917 4591 secundus
941 4503 1002 4562 ἐι
1032 4508 1213 4591 Bigot.
1233 4503 1608 4591 δρμισθῶμεν,
1626 4510 2039 4591 acquiescdmus.

505 4643 508 4647 λ
547 4577 624 4707 g4)
649 4580 1045 4643 Νικοπόλεως.
1075 4577 1217 4631 Editi
1248 4577 1513 4648 et'plures
1544 4594 1677 4634 mss.
1702 4577 2045 4660 recentiores

476 4651 543 4707 ad
587 4658 684 4705 unt
711 4650 798 4703 διὰ
834 4650 924 4701 τὸν
948 4648 1401 4720 χειροτονηθέντα
1447 4647 1762 4720 ἐπίσκοπον,
1811 4651 2047 4704 ordinati

476 4666 684 4707 auount
711 4666 798 4703 οια
834 4666 924 4701 τον
941 4666 1401 4772 ἔειροτονηυεντα
1447 4666 1762 4711 επισκοπον,
1811 4666 2045 4704 oramau

476 4739 640 4776 causa
660 4720 906 4789 episcopi.
982 4719 1046 4790 ed
1085 4718 1426 4790 Iiaeemelius
1456 4718 1652 4790 desunt
1682 4721 1735 4772 in
1766 4722 2045 4790 antiquio-

478 4794 633 4847 ribus
656 4786 958 4846 codicibus.
989 4786 1594 4860 NonAenimprdinatus
1623 4788 1724 4842 l'uit
1757 4786 2047 4860 episcopus

477 4861 847 4933 Euphronius,
884 4860 975 4928 qui
1024 4857 1229 4933 dudum
1270 4856 1510 4933 Coloniae
1554 4856 1854 4933 Ecclesiam
1902 4856 2049 4930 rege-

477 4927 590 4987 bat'.
624 4931 825 4986 Scribit
876 4927 1055 4983 autem
1110 4928 1176 4981 ad
1235 4930 1587 4996 magistratus
1637 4927 1896 4995 Basilius,
1938 4927 2045 4984 non

479 5004 656 5058 solum
718 5002 846 5069 quia
900 4998 1192 5069 plurimum
1252 5004 1504 5067 poterant
1566 4998 1620 5052 in
1680 5001 2049 5069 temperandis

480 5073 663 5143 populi
690 5068 913 5143 animis,
936 5069 1029 5123 sed
1059 5070 1220 5122 etiam
1255 5068 1380 5137 quia
1410 5082 1601 5143 eorum
1633 5068 1697 5121 ad
1728 5068 2047 5143 electionem

478 5136 907 5197 conﬁrmandam
953 5136 1705 5205 consensns’requirebatur.
1750 5136 1901 5194 Unde
1935 5141 2052 5194 Coe-

480 5213 711 5266 Iestinus
753 5224 893 5279 papa
945 5208 1014 5279 in_
1030 5208 1304 5279 _epist.i7r:r
1340 5206 1572 5270 Nullus,
1628 5209 1836 5277 inquit,
1871 5211 2049 5264 invitis

477 5283 633 5335 detur
663 5277 951 5348 episcopus.
976 5277 1138 5341 Cleri,
1171 5278 1333 5348 plebis
1357 5287 1407 5348 et
1435 5279 1634 5348 ordinis
1663 5295 1966 5343 consensus,
2001 5291 2051 5334 et

480 5346 799 5431 desiderium
836 5346 1482 5431 requiratu_r.’_(‘}regorins
1512 5346 1769 5431 Theologi
1802 5357 1956 5431 pater
1992 5351 2049 5431 i_n

482 5424 642 5489 epist.
682 5420 773 5482 22,
803 5433 966 5489 quam
1004 5418 1225 5488 scripsit
1278 5427 1507 5472 vacante
1549 5419 1677 5473 sede
1703 5418 2049 5483 Caesariensi,

483 5490 750 5567 Basiliam
759 5489 1152 5567 presbyterum
1169 5487 1517 5567 commendat
1537 5493 1706 5553 clero,
1741 5488 2048 5555 honoratis,

484 5568 538 5613 et
566 5557 979 5635 curialibus,_a_c
1007 5559 1107 5635 _t0ti_
1127 5557 1344 5635 populo.

566 5572 882 5624 cunalmus,
916 5573 979 5611 ac
1007 5572 1344 5680 ιοιιίροριιιο.

560 5629 855 5710 (5)110“.
1044 5626 1110 5681 ad
1139 5635 1250 5710 lum
1265 5627 1492 5710 Fat-V731).
1514 5625 1620 5710 ξος)
1645 5627 2051 5710 haecrdesuntjn

486 5695 742 5754 omnibus
758 5712 890 5754 mss.
909 5697 1109 5753 Ibidem
1135 5696 1302 5753 Coisl.
1337 5706 1389 5754 et
1420 5696 1557 5753 Med.
1587 5696 1616 5750 ὂ
1640 5699 1738 5764 μὲν
1754 5695 1820 5764 ἦν
1843 5702 1898 5755 ὲν
1915 5704 2047 5762 τοῖς.

2156 3854 2301 3908 ματα
2325 3837 2433 3892 τῶν
2461 3836 2692 3909 ἐχθρῶν,
2727 3839 2879 3908 ισχὺν
2910 3837 2966 3891 δὲ
2998 3838 3091 3890 καὶ
3123 3837 3365 3892 εὐτονίαν
3397 3837 3539 3910 πρὸς
3566 3840 3742 3907 φυλα-

2153 3927 2255 3997 κὴν
2285 3926 2395 3981 τῶν
2440 3928 2622 3994 καλῶς
2671 3929 3005 4001 δεδογμένων
3047 3931 3166 3994 ταῖς
3214 3928 3412 4000 ψυχαῖς
3442 3930 3601 4001 ὑμῶν
3637 3932 3742 4003 ἐμ-

2156 4037 2433 4082 ποιουντος
2439 4059 2454 4075 .

2225 4164 2303 4231 (6)
2356 4164 2675 4233 Ἐκθύμως.
2706 4162 2787 4216 Ita
2813 4170 3015 4232 septem
3054 4159 3363 4233 mssLEditi
3396 4162 3586 4225 εὐθύς.

2228 4230 2302 4305 (7)
2345 4230 2736 4305 Ἑνστᾷσεως,
2771 4230 2887 4286 etc.
2916 4234 2991 4286 Ita
3020 4248 3153 4288 mss.
3186 4230 3327 4286 Editi
3356 4233 3739 4299 ἀναστάσεως.

2165 4302 2415 4374 Ἐμποιεῖ
2440 4302 2586 4374 γοῦν
2604 4303 2936 4370 ἀπόγνωσιν.

2075 4393 2119 4447 ι)
2219 4371 2296 4447 (8)
2346 4371 2837 4447 ΪΕπίιῤῥῴοζον-τες.
2878 4375 2953 4426 Ita
2983 4371 3151 4437 Μαίη
3205 4371 3376 4427 Coisl.
3416 4374 3641 4443 primus
3691 4384 3745 4431 et

2145 4453 2197 4499 et
2234 4443 2411 4514 Paris.
2455 4440 2599 4514 Editi
2630 4440 3058 4514 ἐπιρῤὡσαντες.

2219 4513 2296 4583 (9)
2350 4514 2486 4583 Ἐὰν
2515 4512 2604 4578 δέ,
2640 4510 2776 4583 etc."
2801 4515 2876 4583 Ita
2904 4523 3112 4582 septem
3152 4527 3287 4583 mss.
3324 4510 3469 4583 Editi
3512 4513 3647 4567 Εἴθε
3686 4514 3743 4567 δὲ

2146 4578 2819 4653 καταξιωθείημεν,ν(ιίιοι1
2865 4578 3057 4653 eodem
3110 4582 3272 4638 redit.
3319 4582 3429 4637 Sed
3475 4585 3745 4638 videntur

2148 4652 2702 4724 typographihimio
2756 4652 3129 4724 grammatica:
3186 4653 3369 4708 studio
3412 4663 3743 4709 contextum

2150 4724 2492 4778 immutasse.

2217 4794 2328 4867 (In)
2364 4791 2745 4867 Τιμιωιίάτωχ.
2776 4790 2945 4867 Cois].
2996 4791 3206 4867 primus
3237 4800 3291 4846 et
3311 4789 3485 4867 Med-
3512 4793 3741 4863 τιμίων.

2216 4860 2325 4932 (ii)
2359 4860 2470 4917 Τόν
2506 4861 2644 4916 νῦν.
2679 4861 2960 4917 Posterior
2998 4860 3204 4916 vocula
3258 4860 3444 4915 addita
3494 4860 3589 4917 ex'
3615 4873 3744 4916 octo

2148 4947 2283 4989 mss.

2220 5002 2332 5073 (12)
2370 5001 2793 5073 Φυλαχθείητεξ.
2839 4999 3027 5073 CoisI._
3052 5000 3264 5073 primus
3302 5007 3359 5054 et
3397 4998 3541 5055 Med.
3576 5001 3740 5073 φυλα-

2150 5069 2327 5143 χθείη,
2355 5069 2708 5143 custodiatur.
2740 5069 3120 5143 Quinquidem
3153 5071 3529 5143 scripturaeo
3548 5069 3741 5143 magis

2151 5140 2378 5203 arridet,
2412 5144 2559 5211 quod
2594 5141 2738 5196 idem
2779 5140 3013 5211 Basilius
3046 5140 3115 5194 de
3151 5140 3470 5209 Euphronio
3502 5142 3640 5195 dicit
3666 5140 3738 5196 'in

2151 5213 2382 5282 epistola
2415 5209 2762 5282 praecedenti.
2804 5209 2910 5264 Sed
2944 5218 3128 5265 tamen
3154 5211 3293 5263 nihil
3327 5210 3738 5265 immutandum

2152 5283 2304 5337 duxi.
2340 5283 2467 5337 auia
2521 5296 2643 5337 quae
2690 5289 3016 5337 sequuntur.
3071 5294 3186 5334 non
3241 5279 3315 5335 ad
3358 5278 3738 5337 Pmmenium.

2154 5294 2304 5347 duxi,
2381 5299 2467 5335 uia
2521 5296 2643 5352 quae
2690 5294 3016 5350 sequuntur,
3071 5294 3186 5334 non
3241 5294 3315 5335 ad
3358 5294 3738 5348 ramentum,

2154 5354 2247 5408 sed
2272 5298 2779 5422 aquicOpolitanos
2809 5350 3142 5422 re[eruntur.
3438 5418 3465 5422 Ᾱ

2227 5423 2337 5493 (15)
2375 5418 2817 5493 Ιζᾳρὰλύοντος.
2871 5418 3077 5493 Regius
3130 5427 3381 5493 uterque,
3425 5418 3605 5493 CoisI.
3655 5437 3737 5477 se-

2153 5490 2386 5558 cundus,
2417 5490 2563 5557 ναι,
2591 5490 2768 5545 Paris.
2789 5498 2868 5562 _et
2911 5490 3106 5562 Bigot._
3144 5491 3285 5562 alter
3319 5492 3738 5562 παραλύοντες,

2154 5563 2404 5641 et__paulo
2433 5572 2555 5641 post
2585 5558 2960 5641 ἐμποιοῦντες.
2984 5558 3197 5617 “Ibidem
3234 5558 3663 5633 Coislfprimus
3684 5574 3740 5616 et

2156 5629 2260 5688 alii
2294 5629 2543 5690 nonnulli
2577 5629 2778 5702 ψυχαῖς
2810 5629 2990 5701 ἡμῶν.
