3856 6224
72 331 163 384 SGl
953 323 1440 380 EPISTOLARUM
1481 322 1765 380 CLASSIS
1799 322 1863 380 ll.
1908 324 2126 380 EPIST.
2169 321 2451 379 CCXXXI.
3231 324 3344 377 862’

587 440 931 494 ΕΠΙΣΤΟΛίί
958 443 1128 496 ΣΛΑ’.

2113 439 2278 512 354
2318 437 2654 493 EPISTOLA
2695 437 2992 493 CCXXXI‘.

71 555 283 626 Bssilius
305 551 957 626 4mphiloch§ocortinierrdat
978 555 1245 626 Elpidium,
1283 557 1469 626 nuntiat
1491 559 1552 610 de
1573 557 1756 626 'l'ratris
1790 559 1922 626 fuga,
1963 558 2241 626 defusgdiis
2285 556 2592 626 inimicorum
2634 570 2851 626 sacram,
2891 563 2934 607 et
2974 555 3036 626 de
3070 556 3339 626 Donrormn

152 615 789 727 'perturbutioue.
835 615 1071 668 Hortatur
1110 626 1160 669 ut
1200 615 1252 670 se
1296 619 1498 682 invisat,
1538 615 1866 684 pfomittit'se'
1898 615 2031 672 brevi
2071 620 2338 672 missurum
2379 633 2498 682 opus
2534 617 2595 669 de
2631 616 2820 681 Spiritu
2840 615 3034 678 sancto,
3069 618 3195 680 quod
3233 623 3339 668 erat

356 791 735 861 Ἀμφιλοχίῳ,
768 793 1076 862 ἐπισκόπῳ
1117 797 1381 852 Ἰκονίου.
1680 807 1729 863 Α

1680 807 1729 863 Α
2109 795 2499 867 Amphilochia,
2534 793 2704 848 Iconii
2734 795 2995 864 episcopo.

153 906 370 974 Ὀλίγας
401 906 640 976 εὑρίσκω
671 907 762 959 τοῦ
788 908 1020 978 γράφειν
1053 910 1188 981 πρὸς
1220 911 1318 981 τὴν
1347 910 1656 964 θεοσέϐειάν

1830 911 2044 966 Paucas
2084 909 2304 964 invenio
2356 908 2635 964 scribendi
2701 906 2890 977 pietati
2947 914 3052 958 tuae
3098 903 3341 958 occasio-

75 1015 168 1051 σου
193 999 293 1062 τὰς
324 999 597 1068 ἀφορμὰς,
633 999 726 1052 καὶ
779 999 940 1053 λυπεῖ
975 1018 1043 1070 με
1090 1000 1250 1056 τοῦτο
1279 1002 1338 1056 οὐ
1385 1003 1598 1074 σμικρῶ

1809 1019 1881 1068 es,
1923 1003 2088 1073 idque
2132 1017 2219 1057 me
2270 1001 2423 1072 angit
2470 1015 2580 1055 non
2631 999 2846 1054 leviter.
2906 997 3141 1053 Perinde
3185 997 3332 1050 enim

75 1091 300 1159 Ὅμοιον
326 1089 452 1160 γὰρ,
502 1089 692 1161 ῶσπερ
739 1089 806 1143 ἂν
845 1091 894 1143 εί
937 1092 1033 1144 καὶ
1079 1091 1197 1156 ἐξὸν
1242 1092 1499 1155 πολλάκις
1523 1094 1598 1164 ὁρ‹

1817 1104 1867 1158 .t,
1907 1110 1973 1150 ac
2009 1096 2056 1150 si
2098 1094 2285 1149 videre
2324 1102 2378 1149 te
2412 1109 2556 1164 saepe
2583 1109 2707 1147 eum
2747 1107 2985 1162 possem,
3022 1101 3180 1160 teque
3209 1089 3340 1148 frui,

74 1197 132 1232 σε
162 1182 258 1232 καὶ
289 1181 581 1233 ἀπολαύειν
614 1198 729 1244 σου,
761 1181 1007 1250 ὀλιγάκις
1045 1183 1258 1237 ἐποίουν
1291 1185 1472 1239 τοῦτο.
1518 1185 1597 1238 Ἀ)

1816 1203 1887 1242 iro
1931 1188 2038 1242 hoc
2095 1186 2355 1242 facerem.
2406 1183 2512 1239 Sed
2554 1184 2800 1240 scribere
2853 1183 2985 1236 mihi
3030 1197 3140 1235 non
3181 1181 3339 1244 licet,

71 1272 171 1324 οὐκ
213 1271 390 1336 ἒξεστί
446 1288 534 1342 μοι
577 1272 812 1342 γράφειν
859 1273 923 1326 δι’
975 1275 1207 1346 ἀπορίαν
1254 1276 1361 1330 τῶν
1410 1275 1594 1328 ὲντεῦθ

1877 1279 2024 1350 quod
2068 1277 2270 1342 desint,
2323 1277 2414 1347 qui
2468 1277 2595 1331 hinc
2629 1275 2698 1329 ad
2743 1291 2844 1330 vos
2884 1274 3340 1345 proficiscantur;
3381 1257 3385 1262 ’

73 1365 211 1434 πρὸς
277 1365 422 1434 ὑμᾶς
486 1365 934 1434 ἀφικνουμένων·
983 1368 1107 1420 ἐπεὶ
1174 1368 1326 1421 οὐδὲν
1395 1367 1596 1421 ἐκώλυε

1820 1373 2031 1443 quidem
2084 1370 2223 1424 nihil
2273 1369 2581 1438 impediret,
2635 1367 2935 1438 quominus
2985 1363 3151 1420 veluti
3201 1378 3343 1432 quae-

69 1455 236 1507 οἱονεὶ
265 1455 567 1526 ἐφημερίδα
599 1455 690 1509 τοῦ
727 1455 862 1526 ὲμοῦ
904 1455 1019 1527 βίου
1057 1456 1125 1510 τά
1153 1458 1455 1528 γράμματα
1490 1453 1592 1510 slva

1823 1479 1889 1518 im
1942 1464 2064 1517 vitae
2119 1475 2254 1515 mea;
2313 1459 2626 1529 ephemeris
2685 1465 2873 1512 essent
2929 1455 3161 1520 litterae,
3222 1468 3346 1523 qua:

68 1547 136 1599 τὰ
206 1547 329 1599 καθ’
377 1547 612 1618 ἑκάστην
674 1548 888 1618 ἡμέραν
959 1548 1338 1619 συμπίπτοντα
1405 1549 1591 1618 διαγγέ

1817 1553 2009 1609 ιοιὶιιίθ
2071 1551 2398 1620 contingunt
2458 1549 2779 1604 nuntiantes
2857 1546 3138 1602 dilectioni
3214 1553 3340 1598 tuae.

68 1638 182 1690 λειν
217 1637 332 1706 (14)
365 1654 455 1690 σου
509 1641 576 1708 τῇ
629 1638 836 1710 ἀγάπῃ.
883 1638 1037 1708 Ἐμοί
1085 1655 1144 1691 τε
1202 1639 1312 1710 γὰρ
1360 1657 1591 1710 κουφισμ

1822 1663 1897 1700 an)
1933 1653 1988 1700 et
2031 1645 2164 1699 mihi
2213 1644 2468 1699 solatium
2503 1643 2660 1696 affert
2694 1642 2762 1696 de
2792 1642 2958 1696 rebus
2989 1641 3126 1694 meis
3161 1645 3345 1692 tecum

69 1731 226 1802 φέρει
253 1731 314 1783 τὸ
339 1730 751 1784 ἀνακοινοῦσθαί
783 1749 865 1784 σοι
897 1732 964 1785 τά
990 1731 1110 1786 καθ’
1145 1734 1312 1802 ἡμᾶς,
1351 1732 1410 1784 σέ
1449 1748 1506 1784 τε
1544 1729 1592 1784 οἷ

1818 1736 2172 1790 unmunicare
2209 1753 2222 1790 :
2257 1743 2419 1802 teque
2453 1733 2579 1787 novi
2626 1731 2763 1786 nihil
2813 1731 2986 1802 magis
3033 1736 3341 1791 curantem,

67 1822 223 1874 οὐδὲν
250 1820 392 1874 οὕτω
434 1821 802 1892 μεριμνῶντα,
850 1823 924 1886 ὡς
953 1822 1024 1876 τά
1055 1824 1322 1893 ἡμέτερα.
1365 1822 1526 1876 Ἀλλά
1564 1841 1590 1876 ν

1815 1845 1924 1882 iam
1979 1843 2069 1882 res
2118 1841 2290 1881 meas.
2339 1824 2497 1878 Nunc
2540 1833 2724 1878 autem
2774 1822 3024 1893 Elpidius
3066 1822 3134 1875 ad
3179 1836 3338 1876 suum

80 1915 374 1978 Ἐλπίδιος,
404 1915 537 1986 πρὸς
585 1915 678 1968 τὸν
725 1915 919 1968 ἑαυτοῦ
964 1915 1230 1986 δεσπότην
1284 1915 1603 1984 ἐπειγόμενο

1824 1935 1953 1974 :rum
1986 1919 2285 1982 festinans,
2331 1925 2391 1970 ut
2438 1917 2721 1988 propulset
2767 1917 3074 1972 calumnias
3117 1916 3223 1970 sibi
3278 1917 3347 1970 ab

67 2007 162 2060 τοῦ
213 2006 588 2062 ἀποδύσασθαι
635 2007 734 2071 τὰς
787 2007 1039 2072 διαϐολάς
1089 2007 1189 2071 τὰς
1241 2007 1454 2078 ψευδῶς
1509 2009 1590 2060 αὑ¹

1829 2011 2007 2066 imicis
2041 2009 2322 2064 nonnullis
2359 2015 2625 2072 structas,
2657 2006 2812 2077 petiit
2842 2021 2873 2059 a
2903 2022 2990 2061 me
3033 2007 3345 2075 epistolam.

67 2098 227 2167 παρά
255 2115 415 2150 τινων
441 2097 653 2169 ἐχθρῶν
681 2098 1244 2163 κατασκευασθείσας,
1279 2098 1482 2170 ᾔτησεν
1513 2101 1590 2169 ἡμ

1823 2121 1872 2158 3r
1887 2119 2048 2174 quem
2081 2110 2136 2157 et
2168 2111 2316 2155 tuam
2349 2101 2529 2154 saluto
2562 2100 2818 2169 pietatem
2850 2113 2914 2152 ac
2942 2098 3039 2154 tibi
3070 2098 3346 2152 hominem

66 2155 169 2257 τὴν
198 2155 512 2260 ἐπιστολήν.
543 2155 620 2242 δι’
647 2183 708 2244 οὗ
737 2192 832 2244 καὶ
880 2155 1382 2262 προσφθεγγόμειθόί
1421 2155 1589 2243 σου

1823 2195 2108 2261 mmendo,
2153 2209 2280 2248 cum
2322 2208 2424 2248 suo
2463 2193 2590 2261 jure
2639 2192 2948 2263 patrocinio
2982 2199 3076 2245 tuo
3099 2191 3346 2262 dignum,

69 2280 384 2347 εὐλάϐειαν,
423 2282 517 2333 καὶ
568 2281 907 2352 συνιστῶμέν
948 2298 1029 2335 σοι
1057 2283 1149 2336 τὸν
1183 2281 1352 2354 ἄνδρα
1395 2282 1484 2336 διά
1514 2301 1574 2335 τε

1829 2304 1879 2341 m
1916 2295 2103 2342 nostra
2135 2301 2302 2341 causa
2337 2304 2350 2340 :
2389 2286 2478 2339 cui
2506 2285 2721 2339 etiamsi
2759 2285 2970 2337 nullum
3007 2282 3156 2337 aliud
3196 2283 3350 2337 testi-

67 2373 281 2425 δίκαιον
308 2371 457 2435 ἀξιον
479 2371 609 2425 ὅντα
637 2372 736 2441 τῆς
761 2372 911 2444 παρά
939 2372 1032 2425 σοῦ
1082 2375 1438 2444 προστασίας,
1471 2374 1565 2427 καὶ

1828 2381 2006 2436 onium
2030 2379 2163 2434 dare
2188 2392 2505 2448 possemus,
2537 2385 2592 2429 at
2619 2375 2866 2446 profecto
2891 2375 3022 2446 quia
3065 2373 3351 2445 permagni

69 2465 220 2532 ἡμᾶς
241 2479 256 2491 °
269 2463 317 2515 οἳ
333 2464 382 2515 εί
407 2462 502 2516 καὶ
521 2463 632 2532 (15)
650 2463 812 2535 μηδὲν
827 2462 954 2516 ἄλλο
965 2463 1159 2534 ἔχομεν
1179 2463 1326 2534 αὑτῷ
1341 2467 1592 2535 μαρτυρεῖ

1830 2473 1910 2535 :it,
1937 2479 1996 2526 ut
2029 2486 2180 2526 meas
2213 2470 2281 2524 ad
2331 2480 2384 2524 te
2433 2469 2651 2524 litteras
2699 2467 3000 2538 perferret,
3036 2469 3182 2522 hunc
3209 2468 3353 2522 inter

69 2554 185 2609 ἀλλ’
217 2555 301 2608 ὅτι
346 2555 474 2625 περὶ
515 2554 710 2608 πολλοῦ
755 2556 1047 2626 ἐποιήσατο
1074 2556 1418 2626 γραμμάτων
1459 2557 1592 2626 ἡμετ

1832 2564 2062 2618 miliares
2089 2576 2334 2625 recense,
2364 2560 2582 2630 meique
2607 2560 2683 2615 sis
2714 2573 2945 2622 memor,
2971 2566 3026 2613 et
3048 2573 3147 2628 pro
3169 2556 3355 2613 Eccle-

70 2667 185 2720 ρων
215 2647 472 2717 γενέσθαι
499 2648 764 2712 διάκονος,
788 2647 975 2700 τοῦτόν
997 2665 1056 2700 τε
1079 2647 1168 2717 ἔχε
1198 2650 1256 2701 ὲν
1277 2651 1390 2710 τοῖς
1418 2649 1593 2701 οἰκείοι

1826 2673 1846 2711 a
1881 2670 2132 2726 precare.
2166 2653 2366 2708 Notum
2407 2663 2590 2708 autem
2621 2652 2720 2706 tibi
2757 2651 2828 2706 sit
2867 2649 3349 2720 religiosissimum

69 2741 170 2794 καὶ
199 2738 654 2809 ήμῶν-μέμνησο,
686 2739 780 2791 καὶ
811 2739 948 2809 ὑπὲρ
980 2739 1078 2808 τῆς
1118 2739 1444 2810 Ἐκκλησίας
1474 2738 1592 2809 εὖχς

1830 2756 1994 2802 ιιτεω
2040 2761 2222 2801 meum
2272 2745 2564 2809 exsulare,
2610 2758 2735 2798 cum
2792 2742 3078 2798 molestias
3129 2741 3236 2798 sibi
3285 2741 3353 2794 ab

68 2833 319 2886 Γίνωσκε
363 2831 442 2895 δὲ,
474 2832 557 2884 ὅτι
593 2832 622 2884 ὁ
651 2831 749 2901 μὲν
778 2830 1190 2900 θεοφιλέστατος
1230 2831 1459 2900 ἀδελφὸς
1503 2832 1591 2901 ἡμι

1831 2839 2089 2894 )minibus
2150 2836 2564 2906 impudentibus
2623 2833 2902 2889 exhibitas
2961 2833 3107 2886 haud
3165 2831 3354 2886 ferret.

71 2924 371 2995 ὑπερόριός
404 2925 543 2989 ἐστι,
578 2923 676 2988 τὰς
719 2923 971 2994 ὀχλήσεις
1020 2923 1094 2995 μὴ
1134 2922 1316 2994 φέρων
1360 2921 1470 2975 τῶν
1510 2923 1594 2974 ἀνα

1835 2943 1944 2982 ητα
1980 2936 2160 2982 autem
2191 2925 2350 2980 valde
2380 2925 2749 2994 exagitantur,
2791 2932 2912 2977 ceto
2933 2922 3102 2977 obeso
3126 2936 3216 2977 res
3253 2921 3358 2976 hu-

70 3015 342 3086 σχόντων.
380 3015 559 3087 Δόαρα
603 3014 660 3067 δὲ
698 3012 1038 3086 χειμάζεται,
1072 3014 1166 3067 τοῦ
1201 3016 1398 3086 κήτους
1431 3013 1527 3067 τοῦ
1560 3033 1593 3067 τι

1835 3040 1855 3079 5
1889 3022 1994 3076 loci
2039 3019 2418 3091 perturbante.
2470 3016 2642 3074 Nobis
2673 3027 2854 3072 autem
2890 3017 3097 3071 inimici
3126 3016 3358 3071 insidias

68 3107 350 3176 λυσάρκου
371 3106 440 3165 τά
468 3107 1092 3178 ὲκεί-συνταράσσοντος.
1129 3107 1292 3178 Ἡμῖν
1313 3105 1370 3158 δὲ
1395 3106 1444 3158 οἱ
1475 3105 1591 3178 ἐχθε

1863 3115 1989 3169 aula
2036 3122 2280 3177 struunt,
2313 3118 2374 3166 ut
2415 3127 2601 3166 rerum
2637 3110 2797 3182 gnari
2827 3109 3075 3165 referunt
3113 3129 3126 3164 :
3163 3124 3359 3165 manus

68 3200 172 3262 τὰς
202 3198 499 3262 ἐπιϐουλὰς
531 3199 625 3252 ἐπὶ
660 3199 754 3251 τοῦ
790 3198 1154 3270 στρατοπέδου
1200 3197 1544 3270 τυρεύουσιν,

1833 3217 1950 3264 item
1984 3205 2201 3262 Domini
2235 3205 2504 3258 hactenus
2532 3203 2820 3258 nobiscum
2847 3209 2954 3257 est.
2975 3200 3211 3255 Tantum
3234 3216 3356 3270 pre-

71 3295 101 3345 ὁ
137 3291 250 3344 τῶν
298 3291 517 3344 εἰδότων
563 3290 754 3359 λόγος·
803 3291 836 3360 ἡ
880 3290 938 3342 δὲ
991 3290 1114 3361 χεὶρ
1158 3288 1251 3343 τοῦ
1292 3289 1497 3360 Κυρίου
1531 3289 1594 3342 τέι

1837 3315 1932 3364 re,
1966 3309 2025 3353 ut
2071 3313 2141 3352 ne
2190 3307 2453 3368 perpetuo
2502 3295 2845 3350 deserantur.
2899 3293 3036 3347 Nam
3081 3301 3137 3348 et
3188 3294 3357 3348 frater

73 3386 196 3438 ἐστὶ
249 3383 369 3454 μεθ’
423 3382 599 3454 ἡμῶν.
650 3382 827 3436 Μόνον
861 3380 1020 3451 εὔχου
1057 3381 1130 3452 μὴ
1173 3379 1596 3450 ὲγκαταλειφθῆι

1836 3393 2074 3465 anquillo
2105 3401 2192 3448 est
2230 3394 2444 3457 animo;
2491 3398 2543 3446 et
2590 3389 2769 3444 Doara
2804 3391 3091 3460 antiquum
3137 3403 3359 3458 recepea

72 3478 226 3547 ήμᾶς
257 3479 340 3539 εἰς
371 3475 545 3538 τέλος.
584 3475 694 3527 Καὶ⁸
721 3474 830 3544 γὰρ
859 3475 954 3527 καὶ
979 3475 1007 3526 ὁ
1052 3472 1281 3542 ἀδελφὸς
1329 3472 1505 3541 διάγει
1548 3472 1595 3525 an

1844 3495 1900 3542 nt
1931 3487 2271 3551 mulionem;
2303 3484 2440 3538 nihil
2489 3491 2673 3538 autem
2723 3483 2930 3537 habent
2977 3480 3216 3550 amplius
3249 3499 3262 3534 :
3295 3495 3360 3534 ac

73 3586 203 3633 τος·
264 3569 360 3622 καὶ
405 3567 582 3638 Δόαρα
628 3567 720 3619 τὸν
773 3565 1002 3619 παλαιὸν
1049 3565 1292 3618 ἀπέλαϐε
1349 3564 1596 3633 μουλίων‹

1832 3578 2002 3633 msilia
2025 3577 2376 3631 inimicorum
2407 3584 2724 3630 nostrorum
2746 3573 3040 3642 dissipabit
3065 3570 3355 3625 Dominus.

76 3662 243 3714 πλέον
289 3661 348 3714 δὲ
395 3660 508 3731 ἔχει
539 3659 725 3712 οὐδέν·
775 3661 870 3713 καὶ
918 3658 1019 3721 τὰς
1058 3657 1253 3727 βουλὰς
1298 3656 1407 3709 τῶν
1455 3655 1599 3728 ἐχθρι

1827 3685 1938 3726 )ιί·ο
1995 3668 2239 3722 omnium
2289 3675 2342 3722 et
2392 3666 2745 3737 praesentium
2799 3673 2858 3721 et
2915 3663 3350 3734 impendentium

76 3754 240 3825 ἡμῶν
260 3752 601 3806 διασκεδάσει
623 3751 732 3821 (16)
747 3749 974 3822 Κύριος.
990 3750 1212 3803 Πάντων
1241 3749 1425 3820 μέντοι
1443 3749 1536 3802 καὶ
1557 3766 1599 3800 τι

1832 3758 2140 3814 olestiarum
2199 3756 2400 3811 solutio
2447 3757 2503 3810 in
2553 3771 2619 3810 eo
2665 3757 2880 3824 posita,
2928 3761 2990 3806 ut
3034 3762 3086 3807 te
3120 3752 3355 3807 videam-

77 3847 370 3916 παρόντων
409 3844 503 3897 καὶ
548 3842 658 3896 τῶν
701 3841 1167 3913 προσδοκωμένων
1217 3839 1472 3910 λυπηρῶν
1515 3839 1600 3892 λύε

1838 3865 1956 3904 rare
1985 3847 2258 3919 siquando
2291 3847 2386 3900 tibi
2421 3846 2658 3910 licuerit,
2689 3846 2820 3900 dum
2871 3844 3050 3898 adhuc
3104 3844 3161 3897 in
3211 3850 3361 3896 terra

76 3941 214 4008 ἡμῖν
242 3937 306 3988 τὸ
334 3935 394 3988 σὲ
424 3932 745 3988 θεάσασθαι.
783 3933 966 3999 Ὥστε,
1009 3931 1106 3985 ἐὰν
1144 3931 1370 4003 γένηταί
1408 3932 1490 3984 σοί
1540 3948 1599 3983 πε

1839 3957 2074 4008 rsamur,
2133 3956 2203 3996 ne
2258 3939 2503 4010 graveris
2555 3953 2658 3993 nos
2711 3939 2972 3993 invisere.
3027 3935 3101 3991 De
3151 3934 3358 4006 Spiritu

77 4029 333 4091 δυνατὸν,
363 4028 467 4092 ἕως
498 4026 578 4079 ἔτι
606 4027 772 4096 ἐσμὲν
818 4026 960 4096 ὑπὲρ
986 4027 1111 4096 γῆς,
1155 4023 1488 4088 καταξίωσον
1520 4026 1600 4094 ήμ

1837 4047 1906 4087 ter
1935 4032 2178 4101 scriptus
2209 4028 2435 4100 quidem
2469 4045 2499 4082 a
2539 4031 2702 4085 nobis
2731 4038 2815 4084 est
2861 4037 2916 4083 et
2965 4029 3270 4090 absolutus,
3303 4035 3360 4084 ut

83 4121 236 4174 ἰδεῖν.
263 4119 338 4172 Τὸ
366 4119 494 4189 περὶ
519 4116 614 4170 τοῦ
656 4115 972 4187 Πνεύματος
1002 4115 1116 4180 (17)
1147 4113 1347 4184 βιϐλίον
1367 4113 1606 4184 γέγραπσι

1836 4140 1892 4180 se
1937 4123 2108 4178 nosti.
2158 4121 2468 4188 Quominus
2514 4128 2698 4175 autem
2737 4119 3010 4174 mitterem
3064 4119 3118 4172 in
3170 4119 3359 4172 charta

82 4213 186 4283 μὲν
210 4213 349 4281 ἡμῖν
370 4209 465 4263 καὶ
486 4208 854 4280 ἐξείργασται,
883 4207 958 4271 ὡς
983 4206 1145 4270 αὐτὸς
1165 4201 1309 4269 οἶδας
1331 4223 1343 4236 ο
1358 4206 1605 4259 ἀποστεῖλ

1834 4216 2141 4284 ascriptum,
2178 4212 2510 4282 prohibuere
2537 4211 2633 4281 qui
2680 4225 2895 4264 mecum
2950 4218 3078 4262 sunt
3124 4206 3357 4273 fratres,

79 4305 138 4358 δὲ
174 4307 235 4359 ὲν
262 4305 440 4374 χάρτῃ
470 4301 855 4373 γεγραμμένον
888 4299 1167 4354 ἐκώλυσάν
1201 4316 1269 4371 με
1306 4301 1356 4352 οἱ
1393 4300 1508 4370 μετ’
1537 4301 1602 4371 ἐμ

1839 4322 1909 4360 im
1950 4321 2011 4360 se
2043 4320 2073 4358 a
2108 4312 2160 4359 te
2186 4303 2443 4357 mandata
2471 4303 2676 4357 habere
2717 4302 2986 4364 dicerent,
3015 4307 3074 4354 ut
3108 4299 3164 4353 in
3193 4314 3362 4354 mem-

81 4397 332 4466 ἀδελφοὶ,
368 4395 616 4457 εἰπόντες
657 4392 809 4464 παρὰ
850 4393 950 4464 τῆς
997 4392 1274 4461 εὐγενείας
1317 4409 1410 4444 σου
1459 4392 1604 4444 ὲντολ

1840 4398 1968 4452 auis
2017 4395 2353 4452 describant.
2406 4393 2485 4449 Ne
2533 4394 2666 4464 quid
2721 4393 2888 4463 igitur
2927 4399 3120 4446 contra
3160 4404 3363 4460 praece-

83 4491 232 4559 ἓχειν
269 4490 328 4542 ὲν
375 4486 635 4558 σωματίῳ
674 4484 904 4556 γράψαι.
939 4485 1034 4538 ’Ίν’
1083 4480 1176 4537 οὖν
1211 4488 1283 4554 μή
1333 4501 1386 4537 τι
1439 4483 1606 4554 δόξωμ

1843 4507 1933 4545 um
1977 4500 2128 4545 tuum
2181 4488 2360 4543 facere
2409 4487 2728 4554 videamur,
2792 4499 2942 4540 nunc
2990 4483 3365 4554 procrastina-

84 4579 410 4635 ὑπεναντίον
447 4579 619 4630 ποιεῖν
666 4576 744 4647 τῷ
787 4575 1168 4647 προστάγματι
1214 4591 1329 4641 σου,
1375 4574 1607 4644 ἐπέσχομ

1839 4599 1989 4648 mus,
2027 4581 2122 4638 sed
2151 4582 2315 4651 paulo
2345 4590 2469 4651 post
2497 4581 2812 4640 mittemus,
2839 4579 2884 4633 si
2916 4593 3077 4647 quem
3108 4575 3362 4629 idoneum

84 4675 204 4736 νῦν,
256 4670 665 4742 άποστελοῦμεν
710 4671 765 4724 δὲ
817 4670 1009 4741 μικρὸν
1067 4668 1326 4740 ὕστερον,
1379 4668 1538 4739 μόνον
1584 4670 1607 4720 ὲ

1843 4675 1851 4729 l
1897 4673 2285 4744 perferendum
2331 4675 2736 4726 nanciscamur.
2773 4668 2977 4723 Valens
3021 4669 3284 4736 laetusque
3311 4675 3366 4720 et

85 4785 235 4831 τινος
259 4765 568 4837 ἐπιτηδείου
591 4763 684 4817 τοῦ
713 4763 1119 4834 διακομίζοντος
1149 4761 1518 4832 ὲπιτύχωμεν.
1561 4761 1608 4814 Ἐ

1842 4782 1884 4822 Ὀ
1919 4782 2005 4820 me
2033 4764 2175 4835 apud
2206 4763 2499 4819 Dominum
2537 4764 2864 4832 deprecator
2891 4761 3110 4816 doneris
3134 4759 3268 4813 mihi
3310 4765 3365 4813 et

90 4859 340 4932 ῥωμένος
370 4857 466 4910 καὶ
499 4854 730 4926 εὔθυμος
766 4854 1058 4925 εὐχόμενος
1094 4853 1204 4923 (18)
1229 4852 1307 4923 τῷ
1332 4851 1520 4924 Κυρίῳ
1543 4852 1613 4904 ὑπ

1432 4851 1520 4921 9hP
1543 4851 1684 4924 ὑπὲρ
1717 4873 1760 4927 ι)
1785 4857 1880 4913 Dei
1908 4857 2186 4926 Ecclesiae,
2215 4873 2312 4927 per
2344 4855 2522 4912 sancti
2558 4854 2955 4925 benignitatem

85 4950 249 5020 ἡμῶν
279 4947 599 5020 χαρισθείης
631 4963 722 5016 μοι
752 4947 847 4999 καὶ
881 4948 948 5017 τῇ
983 4944 1078 4998 τοῦ
1104 4942 1240 4997 Θεοῦ
1285 4943 1582 5014 Ἐκκλησία
1609 4945 1674 5014 τῇ

85 5043 181 5094 τοῦ
214 5043 378 5110 ἁγίου
411 5038 814 5110 φιλανθρωπίᾳ.

163 5198 278 5269 (14)
303 5196 706 5265 Διαγγέλλειν.
739 5193 835 5249 Vel
876 5191 1160 5269 legendum
1191 5191 1681 5269 sta-{yénov-ca,_ut

1842 5207 1907 5246 .se
1936 5195 2252 5269 asseverat;
2289 5185 2491 5268 nedum
2529 5201 2580 5240 et
2619 5184 2824 5265 nullum
2855 5181 3230 5269 testimonium
3268 5181 3365 5260 tri-

93 5251 344 5323 seeun'da
402 5251 566 5320 manu
604 5270 868 5336 scriptum
893 5251 1196 5336 invenitur
1249 5251 1305 5316 in
1331 5251 1544 5336 'codjce
1584 5251 1681 5336 'iu-
1785 5262 1956 5336 buere
1993 5260 2164 5329 possit
2189 5251 2892 5336 Lutuomittam.ejusmodi
2934 5251 3364 5307 commendatio-

93 5343 270 5408 signis
304 5338 562 5408 Ecclesiae
608 5324 976 5408 Parisiensis;
1023 5334 1108 5408 vel
1155 5337 1382 5388 verbum
1422 5330 1560 5408 εἷναι
1594 5335 1681 5408 de-
1786 5348 1910 5408 nein
1937 5324 2105 5408 longe
2135 5344 2164 5381 a
2197 5327 2382 5408 Basilii
2414 5324 2974 5408 ttr‘banitatehdislare.

95 5392 343 5463 le‘ndum.
376 5407 521 5460 Idem
569 5406 739 5461 codex
779 5392 974 5460 habuit
1020 5404 1197 5473 prima
1234 5419 1397 5457 manu
1438 5403 1618 5472 διαγγέ

1566 5403 1684 5472 γέλ-
1858 5400 1972 5473 (lli)
2005 5392 2567 5473 Alaqxsddo‘erLDuo
2596 5410 2696 5473 ms.
2726 5392 3089 5473 διασκεδάσαι.

95 5402 343 5463 ιεῖιάωη.
376 5407 521 5460 Idem
569 5406 739 5461 codex
779 5404 969 5460 habuit
1020 5404 1197 5473 prima
1234 5419 1397 5457 manu
1438 5403 1617 5472 διαγγέ

94 5478 224 5542 λων,
253 5478 439 5532 itidem
475 5486 536 5530 ut
572 5477 808 5531 Clarom.
853 5485 907 5528 et
933 5474 1109 5544 Bigot.
1134 5474 1303 5544 alter.
1580 5542 1595 5544 μ

1885 5402 1972 5466 lli)
2005 5402 2416 5453 Διασκεδάσει.
2449 5402 2567 5450 Duo
2596 5410 2696 5448 ms.
2726 5402 3090 5446 διασκεδασοι.

1858 5402 1981 5544 217),
2008 5471 2372 5544 Hredyatoc.
2406 5466 2548 5520 Editi
2580 5463 2790 5518 addunt
2824 5463 3003 5530 ἁγίου.
3039 5461 3144 5515 Sed
3171 5477 3232 5516 ea
3261 5477 3365 5515 vox

167 5541 283 5621 (l5)
317 5547 386 5602 Οἳ
414 5547 468 5621 εὶ
494 5548 618 5621 καί.
650 5547 728 5621 lta
756 5552 963 5621 septem
995 5541 1129 5621 mss.
1168 5542 1308 5621 Editi
1344 5545 1397 5621 εί
1422 5544 1558 5621 καίκ
1574 5542 1680 5599 Sed

1168 5542 1308 5621 Editi
1344 5545 1397 5621 εί
1422 5544 1558 5621 καίκ
1574 5542 1680 5599 Sed
1786 5541 2047 5621 nulloiq
2063 5541 2254 5621 codice
2283 5544 2689 5621 mss.nreperta.

98 5601 465 5690 ut‘plenasn
498 5601 659 5684 hujus
699 5601 1167 5690 lociiemendatio,
1211 5614 1495 5690 legendum
1535 5613 1621 5690 ἔχο

1861 5615 1880 5690 (_
1890 5611 2368 5690 l_8)’E1’2x6;_tsro.¢.
2412 5601 2616 5690 Regius
2653 5614 2902 5672 uterque,
2937 5601 3108 5673 Bigot.
3140 5603 3278 5657 alter
3312 5610 3365 5656 et

104 5676 224 5760 μεν,
273 5697 330 5742 ιιι
362 5676 864 5760 in_int_erpretando
880 5676 1316 5760 expressimus:
1339 5682 1504 5760 flung
1527 5676 1627 5738 eiii]

1227 5676 1316 5760 is:
1339 5682 1504 5760 Hunc
1527 5676 1675 5738 enim
1786 5676 2750 5760 Coisl_._secunilus"Qitepsgdpevog.

101 5743 380 5817 hominem
422 5743 1064 5830 BasiliusAmphiloc'hii
1112 5755 1414 5826 patrocinio
1455 5754 1679 5826 dignum
1863 5760 1877 5775 ·
1916 5753 2065 5809 Alias
2110 5743 2420 5806 CCCXCV’.‘
2455 5743 2667 5817 Scripta
2712 5759 2854 5800 anno
2885 5743 3008 5798 375.
