3856 6224
459 234 567 300 863

794 355 957 430 355
990 353 1323 412 EPISTOLA
1387 353 1695 411 CCXXXII'

1806 236 1865 287 S.
1901 232 2142 289 BASILII
2185 235 2402 294 MAGNI

3638 233 3739 289 εει

2677 355 3021 413 ΕΠΙΣΤΟΛΗ
3056 359 3223 413 ΣΛΒν.

464 474 750 527 Perurbane
768 475 953 541 gratias
975 471 1076 539 agit
1097 471 1308 545 Basilius
1321 471 1659 545 {impiatae/tio
1677 475 1736 524 ob
1762 473 1915 525 missa
1937 474 2003 545 ad
2016 477 2205 545 _Natale
2227 475 2420 545 Domini
2440 474 2751 545 tintinnacula.
2775 473 2982 545 Nuntiat
3001 473 3064 525 de
3084 470 3258 538 fratris
3278 468 3431 536 fuga;
3451 467 3679 521 hortatur
3699 473 3749 517 It

1168 550 1218 587 se
1244 537 1453 596 invisat;
1476 537 1618 586 mittit
1642 537 1692 587 in
1713 537 2058 590 conmtentario
2077 553 2311 604 responsa
2329 537 2658 604 Amphilochii
2680 537 3043 604 questionibus.

821 640 1206 709 Amphilochio,
1237 640 1412 696 Iconii
1436 644 1702 712 episcopo.

543 755 873 827 Quicunque
905 755 1028 812 dies
1068 754 1284 811 litteras
1323 753 1523 811 habeat
1555 762 1666 811 tua:
1700 754 1941 826 pietatis,
1981 754 2054 811 ie-

475 860 595 906 stus
629 850 763 904 mihi
803 849 922 905 dies
947 857 1053 914 est,
1085 856 1141 903 et
1184 846 1457 903 festorum
1502 846 1716 904 dierum
1767 850 2057 904 maximus.

2087 656 2137 710 Α

2442 644 2826 715 Ἀμφιλόχῳ,
2865 642 3178 706 ἐπισκόπφ
3229 640 3500 696 Ἰκονίου.

2230 756 2389 809 Πᾶσα
2452 755 2637 827 ἡμέρα
2685 753 2995 825 γράμματα
3041 752 3239 823 ἔχουσα
3280 751 3380 822 τῆς
3438 749 3756 812 Θεοσεὸείας
3810 728 3813 779 ἕ

2165 863 2258 901 σου
2300 847 2464 919 ἑορτὴ
2511 849 2645 918 ἡμῖν
2680 847 2819 910 ἔστι,
2862 844 2959 899 καὶ
2989 843 3194 915 ἑορτῶν
3220 844 3254 914 ἡ
3293 842 3551 914 μεγίστη.
3581 842 3756 895 ὀταν

477 937 618 993 Cum
666 947 849 995 autem
902 939 1175 996 accedunt
1226 940 1390 994 etiam
1433 937 1561 996 festi
1608 940 1891 1012 symbola,
1930 940 2063 1011 quid

2192 941 2221 992 ὲ
2249 941 2347 994 καὶ
2373 938 2616 1010 σύμϐολα
2645 938 2976 1009 ἐπιφέρηται
3006 938 3218 1009 ἑορτῆς,
3252 936 3305 990 τί
3336 934 3464 990 ἄλλο
3494 933 3605 1006 χρὴ
3635 934 3757 986 ὀνο-

478 1030 629 1086 aliud
679 1032 959 1103 appellare
1015 1038 1272 1103 oportet,
1329 1032 1438 1087 nisi
1495 1030 1698 1087 festum
1758 1029 2060 1097 festorum,

480 1122 935 1192 quemadmodum
960 1123 1049 1178 lex
1085 1129 1239 1178 vetus
1263 1121 1503 1177 Sabbata
1534 1122 1900 1178 Sabbatorum
1923 1125 2066 1179 sole-

2170 1032 2360 1104 μάζειν
2391 1032 2424 1104 ἢ
2459 1032 2582 1102 οὐχ).
2614 1031 2807 1103 ἑορτὴν
2851 1031 3076 1102 ἑορτῶν,
3117 1028 3306 1101 ὥσπερ
3344 1031 3377 1084 6
3406 1029 3641 1092 παλαιὸς
3668 1027 3761 1081 νό-

2171 1141 2269 1196 μος
2310 1122 2565 1177 Σάϐϐατα
2589 1122 2702 1194 (19)
2734 1121 3032 1177 Σαϐϐάτων
3063 1120 3488 1195 προσαγορεύειν
3535 1118 3759 1185 debeat;

480 1213 577 1269 bat
605 1212 911 1284 appellare?
940 1210 1052 1267 Deo
1077 1211 1246 1283 igitur
1264 1215 1474 1284 gratias
1505 1227 1630 1284 ago,
1657 1230 1726 1270 ex
1749 1229 1863 1285 quo
1897 1214 2066 1270 didici

2192 1214 2615 1287 Εὐχαριστοῦμεν
2636 1208 2730 1268 οὖν
2754 1213 2835 1285 τῷ
2867 1213 3077 1286 Κυρίῳ,
3110 1212 3391 1284 μαθόντες,
3425 1215 3510 1269 ὃτι
3539 1214 3638 1267 καὶ
3669 1213 3763 1286 ἔρ-

482 1315 539 1359 te
579 1313 635 1360 et
675 1318 910 1373 corpore
944 1304 1128 1358 valere
1151 1343 1168 1368 ,
1211 1315 1267 1359 et
1310 1302 1559 1359 Ecclesia
1598 1305 1655 1359 in
1689 1320 1824 1375 pace
1848 1304 2065 1361 'consti-

2172 1310 2345 1381 ρωσαι
2381 1308 2459 1379 τῷ
2510 1305 2745 1378 σώματι,
2797 1307 2893 1361 καὶ
2940 1304 3293 1377 εἰρηνευούσῃ
3340 1308 3408 1377 τῇ
3458 1304 3761 1376 Ἐκκλησία

484 1401 605 1449 tuta
653 1392 957 1449 salutiferae
990 1394 1430 1464 dispensationis
1480 1395 2064 1452 commemorationem

2192 1398 2271 1469 πῆς
2306 1397 2581 1471 σωτηρίου
2611 1397 2926 1468 οἰκονομίας
2973 1396 3071 1469 τὴν
3125 1396 3429 1467 ἀνάμνησιν
3477 1395 3760 1458 ὲτέλεσας.

482 1486 785 1558 peregisse.
824 1484 935 1542 Nos
965 1494 1149 1541 autem
1180 1487 1478 1540 turbarunt
1501 1485 1725 1556 quidam
1758 1487 2066 1555 tumultus;

484 1592 589 1633 nec
609 1578 730 1633 sine
770 1592 990 1633 summo
1015 1577 1209 1633 dolore
1239 1576 1468 1641 fuimus,
1495 1592 1564 1634 eo
1590 1577 1739 1648 quod
1772 1579 2068 1650 religiosis-

486 1668 663 1724 simus
698 1666 870 1724 frater
910 1674 1102 1724 noster
1131 1667 1354 1739 fugatus
1384 1669 1480 1723 sit.
1517 1668 1626 1724 Sed
1660 1684 1763 1739 pro
1794 1670 1914 1741 ipso
1946 1686 2071 1739 pre-

488 1774 640 1823 care,
688 1768 749 1815 ut
785 1758 878 1815 det
927 1759 1007 1814 illi
1058 1758 1205 1816 Deus
1239 1760 1538 1830 aliquando
1567 1758 1873 1817 Ecclesiam
1914 1776 2070 1815 suam

486 1850 675 1906 videre
724 1866 754 1905 a
801 1866 1084 1907 morsuum
1133 1851 1516 1907 haereticorum
1556 1852 1877 1908 vulneribus
1906 1867 2070 1907 cura-

491 1953 621 1999 tam.
656 1941 768 1999 Nos
800 1950 985 1998 autem
1024 1943 1190 1998 etiam
1232 1952 1397 2014 atque
1428 1943 1595 1998 etiam
1639 1944 1780 2000 velis
1810 1945 2070 2007 invisere,

2185 1488 2361 1560 Ἦμᾶς
2405 1487 2463 1541 δὲ
2515 1487 2736 1559 θόρυϐοί
2777 1503 2922 1551 τινες
2970 1486 3293 1558 διετάραξαν
3318 1500 3334 1515 ⁶
3384 1486 3451 1538 οὒ
3503 1487 3613 1558 μὴν
3656 1485 3767 1550 ἔξω

2174 1581 2478 1653 κατηφείας
2499 1582 2853 1653 διηγάγομεν,
2879 1578 2957 1651 τῷ
2979 1579 3072 1633 τὸν
3096 1577 3512 1649 θεοφιλέστατον
3534 1576 3765 1647 ἀδελφὸν

2175 1678 2208 1748 ἡ
2217 1675 2333 1747 μῶν
2365 1674 2842 1746 πεφυγαδευμένον
2872 1668 3032 1726 εἶναι.
3077 1670 3218 1724 Ἀλλ’
3252 1670 3394 1743 ὑπὲρ
3422 1670 3523 1742 μὲν
3550 1669 3763 1724 ἐκείνου

2176 1756 2502 1838 σὲροσεύχου,
2537 1765 2629 1819 ἵνα
2667 1763 2777 1835 δῴη
2826 1761 2976 1833 αὑτῷ
3020 1764 3049 1816 6
3094 1762 3228 1825 Θεός
3255 1778 3387 1815 ποτε
3431 1762 3635 1815 ἐπιδεῖν
3663 1761 3767 1830 τὴν

2177 1856 2370 1911 ἑαυτοῦ
2412 1856 2737 1928 Ἐκκλησίαν
2765 1855 2876 1910 τῶν
2904 1853 3197 1926 αἱρετικῶν
3230 1852 3528 1925 δηγμάτων
3557 1850 3671 1922 (ΞΟ)
3695 1852 3765 1905 τὰ

2178 1948 2470 2021 τραύματα
2501 1948 2779 2003 ίαθεῖσαν·
2808 1950 2956 2019 ἡμᾶς
2996 1946 3053 2000 δὲ
3099 1945 3219 1999 λίαν
3262 1946 3602 2012 καταξίωσον
3645 1946 3769 1997 ἐπι-

491 2034 621 2089 dum
649 2034 829 2089 adhuc
855 2035 911 2088 in
945 2042 1090 2090 terra
1116 2049 1423 2090 versamur.
1450 2032 1560 2088 Fac
1579 2050 1694 2089 rem
1726 2035 1825 2089 tibi
1851 2035 2071 2105 quidem

2192 2039 2503 2110 σκέψασθαι,
2539 2040 2648 2104 ἓως
2697 2039 2778 2093 ἔτι
2826 2041 2996 2111 ἐσμὲν
3029 2038 3122 2093 ἐπὶ
3167 2038 3293 2109 γῆς,
3329 2038 3567 2109 Ποίησον
3606 2036 3771 2109 ἔργον

492 2116 926 2183 consentaneam
949 2166 965 2191 ,
1001 2142 1031 2180 a
1056 2138 1144 2182 me
1192 2135 1373 2182 autem
1424 2126 1682 2182 maximis
1721 2127 1865 2181 votis
1910 2141 2075 2196 expe-

491 2219 737 2275 tendam.
782 2217 969 2274 Mirari
1019 2225 1201 2273 autem
1233 2220 1363 2274 licet
1402 2219 1579 2289 ipsam
1615 2219 1784 2273 etiam
1832 2219 2075 2289 eulogia-

493 2326 620 2366 rum
660 2312 987 2368 sententiam
1024 2329 1038 2364 :
1071 2309 1273 2380 quippe
1310 2311 1442 2381 quia
1474 2325 1572 2381 per
1615 2309 1905 2381 aenigmata
1940 2309 2077 2364 vali-

494 2403 622 2458 dam
658 2403 790 2458 mihi
817 2411 1073 2474 precatus
1100 2417 1161 2457 es
1195 2410 1558 2458 senectutem.
1592 2399 1894 2458 Ostendisti
1923 2400 2071 2455 enim

496 2502 554 2551 te
589 2509 690 2566 per
735 2495 1016 2563 lampenas
1045 2492 1115 2547 ad
1161 2493 1380 2550 labores
1428 2501 1730 2549 nocturnos
1779 2493 2070 2548 excitare:

495 2603 596 2659 per
623 2587 852 2644 bellaria
887 2601 1019 2643 vero
1048 2587 1320 2657 integram
1360 2587 1604 2657 partium
1645 2587 1890 2641 omnium
1925 2586 2076 2640 valc-

497 2679 745 2735 tudinem
780 2679 1070 2749 spondere.
1101 2677 1222 2733 Non
1254 2679 1401 2734 enim
1437 2678 1571 2733 mihi
1598 2686 1683 2734 est
1713 2686 1846 2733 setas
1887 2679 1955 2733 ad
1988 2694 2079 2733 ro-

498 2769 770 2836 dendum,
814 2784 938 2824 cum
985 2769 1315 2840 jampridem
1362 2768 1559 2825 dentes
1609 2776 1666 2824 et
1726 2777 1973 2839 tempore
2024 2776 2079 2825 et
2126 2788 2131 2793 ο

497 2858 819 2916 inﬁrmitate
885 2859 997 2914 sint
1051 2861 1264 2914 extriti.
1319 2858 1477 2926 Quod
1533 2858 1754 2929 quidem
1796 2858 1865 2913 ad
1904 2859 2080 2914 inter-

498 2957 692 3023 rogata
719 2951 916 3006 attinet
934 2989 952 3016 ,
985 2950 1142 3006 facta
1170 2958 1304 3008 sunt
1331 2951 1389 3006 in
1419 2949 1820 3006 commentario
1850 2963 2082 3021 respon-

500 3044 687 3100 siones
715 3041 996 3113 qumdam,
1039 3042 1228 3114 quales
1272 3041 1467 3113 potui,
1518 3048 1574 3096 et
1621 3046 1684 3094 ut
1711 3056 1811 3111 per
1860 3048 2080 3112 tempus

501 3134 679 3192 licuit.

925 3290 1266 3351 EPISTOLA
1301 3289 1670 3348 CCXXXIII“.

2181 2129 2362 2201 σαυτῷ
2392 2129 2493 2200 μὲν
2520 2130 2834 2195 ἀκόλουθον,
2865 2131 2999 2201 ἡμῖν
3031 2129 3087 2183 δὲ
3117 2130 3283 2201 εὐχῆς
3327 2128 3476 2193 ἄξιον
3522 2128 3627 2197 τῆς
3670 2146 3771 2198 με-

2178 2220 2391 2291 γίστης.
2428 2220 2719 2292 Θαυμάσαι
2751 2220 2807 2273 δὲ
2853 2219 2970 2273 ἔστι
3001 2219 3098 2273 καὶ
3125 2218 3225 2291 τὴν
3253 2218 3494 2273 διάνοιαν
3528 2217 3640 2270 τῶν
3680 2218 3775 2270 εὑ-

2179 2312 2376 2382 λογιῶν
2399 2330 2412 2344 ·
2449 2314 2532 2367 ὅτι
2573 2314 2643 2367 δι’
2673 2313 3013 2385 αἰνιγμάτων
3044 2311 3195 2385 ηὔξω
3228 2313 3359 2385 ἡμῖν
3391 2311 3569 2382 γῆρας
3618 2312 3774 2380 ἰσχυ-

2181 2405 2293 2477 ρόν.
2334 2404 2584 2471 Ἕδειξας
2625 2404 2754 2476 γὰρ,
2789 2405 2872 2459 ὅτι
2916 2404 3005 2458 διὰ
3048 2403 3147 2475 μὲν
3177 2403 3290 2458 τῶν
3319 2401 3626 2475 λαμπηνῶν
3660 2400 3774 2471 (21)

2181 2495 2319 2568 πρὸς
2349 2497 2475 2560 τοὺς
2522 2499 2873 2569 νυκτερινοὺς
2916 2496 3208 2570 διεγείρεις
3244 2495 3556 2567 καμάτους·
3593 2494 3687 2547 διὰ
3716 2494 3775 2547 δὲ

2180 2587 2289 2640 τῶν
2333 2588 2705 2660 τραγημάτων
2751 2588 2813 2641 τὸ
2863 2590 2996 2642 πᾶσι
3041 2590 3158 2652 τοῖς
3214 2588 3405 2661 μέρεσι
3442 2585 3776 2642 τετονῶσθαι

2184 2681 2483 2751 κατεγγυᾷ.
2518 2681 2595 2734 Οὐ
2627 2681 2737 2753 γὰρ
2778 2670 2967 2752 ἔμοιγε
3011 2680 3134 2735 καθ’
3176 2680 3392 2751 ἠλικίαν
3424 2680 3485 2734 τὸ
3515 2679 3773 2751 τρώγειν,

2184 2771 2353 2825 πάλαι
2384 2771 2493 2825 τῶν
2527 2773 2768 2827 ὀδόντωνι
2787 2772 2852 2827 ἔκ
2878 2791 2937 2827 τε
2966 2772 3059 2827 τοῦ
3089 2774 3281 2846 χρόνου
3315 2773 3411 2827 καὶ
3447 2773 3551 2844 τῆς
3592 2773 3775 2845 ἀῤῥω-

2186 2864 2340 2928 στίας
2369 2865 2856 2937 ,ὲκτετριμμένων.
2905 2864 3052 2938 Πρὸς
3100 2867 3199 2937 μὲν
3245 2861 3340 2918 οὖν
3371 2864 3443 2918 τὰ
3486 2865 3772 2935 ἐπερωτη-

2186 2954 2347 3008 θέντα
2388 2956 2645 3025 γεγόνασί
2690 2974 2835 3022 τινες
2872 2957 2933 3011 ὲν
2977 2954 3058 3027 τῷ
3111 2955 3509 3029 ὑπομνηστικῷ
3546 2957 3772 3027 ἀποκρί-

2187 3060 2320 3110 σεις,
2362 3044 2483 3110 οἵας
2523 3048 2650 3119 ἐμοὶ
2689 3048 2917 3103 δυνατὸν
2958 3044 3049 3120 ἦν,
3099 3048 3196 3102 καὶ
3240 3048 3317 3112 ὡς
3356 3049 3385 3102 6
3434 3047 3636 3121 καιρὸς
3669 3047 3769 3101 ἐδί-

2145 3124 2149 3128 ’
2184 3134 2276 3188 δου
2313 3136 2445 3209 (es).

2691 3295 3041 3350 ΕΠΙΣΤΟΛΗ
3077 3296 3243 3350 ΣΛΡ.

505 3433 685 3484 Comm
700 3429 1041 3500 Eunomianos,
1164 3426 1257 3480 sibi
1277 3426 1459 3479 divina:
1478 3433 1698 3500 essentia:
1707 3426 2191 3500 comprehensionem
2209 3431 2839 3500 arrogabant..demons_trat
2864 3430 3081 3500 Basilius
3103 3429 3273 3500 bonum
3297 3428 3541 3500 quiddam
3573 3439 3771 3482 mentem

565 3507 671 3545 csse
691 3506 748 3563 ac
764 3492 935 3563 mentis
967 3492 1311 3563 operationem,
1337 3502 1538 3563 euntque
1561 3492 1605 3563 si
1625 3492 1837 3563 Spiritui
1873 3497 2034 3540 sancto
2057 3504 2110 3541 se
2144 3492 2408 3561 tradat,'a4t
2445 3493 2537 3545 Dei
2560 3492 2882 3559 cognitionem
2916 3492 3083 3555 euelti;
3127 3494 3215 3544 sed
3250 3492 3435 3542 tantum
3471 3507 3773 3559 cognoscere,

566 3561 795 3618 quantum
816 3557 891 3619 [as
910 3562 982 3606 est
997 3548 1236 3618 inﬁnitam
1256 3548 1551 3616 maiestatem
1569 3562 1599 3601 a
1620 3548 1898 3602 tenuissimo
1931 3551 2176 3616 cognosci.

770 3661 1164 3734 Amphilochia,
1195 3660 1285 3733 qui
1322 3677 1441 3715 eum
1478 3661 1839 3718 consuluerat.

584 3780 635 3834 l.
669 3778 796 3834 Scio
833 3793 921 3833 me
948 3785 1002 3834 et
1038 3791 1101 3833 ea
1149 3775 1219 3832 de
1270 3791 1332 3831 re
1378 3775 1697 3842 audivisse,
1742 3790 1845 3831 nec
1897 3774 2092 3846 ignoro

511 3871 795 3927 hominum
833 3868 1325 3926 constructionem.
1375 3866 1519 3935 Quid
1562 3883 1694 3939 ergo
1733 3867 1983 3924 dicemus
2023 3866 2093 3921 ad

512 3963 670 4020 hanc?
696 3962 906 4034 Nempe
939 3962 1266 4032 praeclarum
1297 3959 1559 4030 quiddam
1600 3974 1757 4015 mens
1786 3967 1874 4015 est
1904 3978 1920 4014 :
1952 3966 2007 4015 et
2036 3957 2094 4013 in

513 4068 579 4109 ea
611 4052 874 4108 habemus
922 4051 979 4107 id
1027 4050 1175 4121 quod
1213 4057 1300 4106 est
1352 4049 1422 4104 ad
1477 4049 1772 4120 imaginem
1800 4049 2090 4104 creatoris.

514 4142 846 4200 Praeclarum
865 4143 1032 4199 etiam
1055 4140 1314 4213 quiddam
1341 4148 1429 4196 est
1453 4141 1653 4196 mentis
1678 4140 1950 4211 operatio,
1974 4154 2096 4210 quae

587 4317 607 4340 ⁴
637 4315 788 4372 Alias
813 4312 1129 4371 CCCXCIV.
1164 4315 1378 4383 Scripta
1409 4330 1555 4370 anno
1584 4315 1714 4371 576.

596 4388 641 4454 ξ’
671 4386 821 4442 Alias
845 4383 1163 4441 CCCXCIX.
1198 4386 1411 4454 Scripta
1438 4401 1582 4438 anno
1614 4386 1739 4440 576.

593 4453 711 4526 (19)
731 4455 1017 4526 Σάϐϐατα.
1051 4455 1203 4510 Hanc
1232 4453 1428 4526 vocem,
1453 4455 1761 4526 addidimus
1788 4469 1855 4510 ex
1888 4454 2090 4510 codici-

521 4524 629 4582 bus
663 4524 828 4590 Med.,
854 4526 1022 4580 Coisl.
1060 4527 1236 4595 primo
1270 4534 1325 4579 et
1372 4524 1612 4595 Clarom.
1644 4525 1838 4580 Plures
1870 4526 1925 4579 in
1957 4526 2098 4579 hanc

521 4596 808 4666 epistolam
861 4608 973 4649 non
1027 4592 1339 4650 habuimus.
1398 4592 1541 4650 Festi
1600 4595 1846 4667 symbola
1892 4597 2098 4665 pariter

524 4667 667 4720 apud
701 4663 860 4720 Grec.
890 4663 1001 4719 Naz
1058 4665 1112 4718 in
1146 4666 1307 4720 epist.
1343 4663 1412 4718 55
1443 4674 1498 4718 et
1541 4664 1610 4719 54
1649 4664 1718 4720 de
1758 4666 1995 4720 acceptis
2030 4666 2099 4720 ab

524 4683 553 4720 a
598 4680 667 4720 uu
701 4680 860 4736 ureg.
892 4680 1001 4719 ΜΖ
1058 4681 1112 4718 ιιι
1146 4680 1307 4734 epist.
1343 4680 1412 4718 no
1443 4680 1498 4718 et
1541 4680 1610 4719 ne
1649 4680 1718 4720 ac
1758 4680 1995 4734 acceptis
2030 4680 2098 4720 ab

524 4683 771 4792 Ι·ἶὲίίοόἱο
795 4734 1114 4791 muneribus
1143 4734 1370 4804 intelligi
1407 4734 1628 4799 debent,
1668 4750 1800 4799 non,
1838 4743 1896 4788 ut
1919 4736 2098 4791 visum

523 4814 608 4863 est
635 4805 811 4869 Bittio,
840 4805 909 4859 de
947 4805 1145 4860 litteris
1175 4818 1615 4874 quaquaversum
1654 4805 1841 4862 missis
1879 4812 1941 4858 ut
1978 4806 2099 4864 dies

526 4876 701 4932 festus
750 4876 1116 4930 nuntiaretur.
1167 4873 1666 4945 linterduinetiam
1727 4876 2095 4945 praesentibus

526 4946 744 5003 clericis
783 4945 1051 5015 ejusmodi
1094 4959 1328 5015 munera
1364 4943 1484 4997 dari
1531 4943 1798 5000 solebant.
1845 4944 2101 5015 Legimus

2524 3666 2876 3736 Ἀμφαοχίφ
2912 3664 3027 3737 (25)
3064 3663 3455 3732 ἐρωτήσαντα

2265 3781 2317 3829 1.
2357 3772 2489 3831 Οἶδα
2533 3778 2627 3831 καὶ
2674 3778 2838 3843 αὐτὸς
2867 3776 3109 3841 ἀκούσας
3132 3776 3345 3844 τούτου,
3384 3777 3483 3830 καὶ
3528 3777 3778 3850 γνωρίζω

2191 3867 2302 3921 τῶν
2351 3868 2653 3940 ἀνθρώπων
2696 3871 2797 3942 τὴν
2852 3870 3224 3942 κατασκευήν.
3273 3869 3340 3924 Τί
3393 3865 3493 3924 οὖν
3548 3870 3778 3943 ἐροῦμεν

2195 3957 2333 4029 πρὸς
2364 3957 2570 4024 ταῦτα;
2602 3959 2727 4013 Ὅτι
2768 3960 2933 4013 καλὸν
2967 3958 3067 4030 μὲν
3099 3961 3127 4013 6
3172 3958 3331 4023 νοῦς’
3364 3963 3461 4014 καὶ
3491 3961 3551 4013 ὲν
3607 3959 3778 4026 τούτῳ

2194 4048 2392 4118 ἔχομεν
2422 4049 2484 4103 τὸ
2506 4049 2627 4104 κατ’
2661 4050 2845 4104 εἰκόνα
2876 4049 2970 4103 τοῦ
3003 4050 3310 4113 κτίσαντος.
3338 4050 3451 4104 Καὶ
3484 4050 3662 4105 καλὸν
3691 4047 3777 4104 τοῦ

2194 4136 2288 4191 νοῦ
2319 4140 2352 4210 ἡ
2377 4139 2631 4211 ἐνέργεια
2647 4156 2663 4173 ·
2699 4139 2797 4194 καὶ
2823 4140 2927 4209 ὅτι,
2944 4139 3254 4211 ἀεικίνητος
3275 4138 3351 4193 ὣν
3373 4133 3550 4205 οὗτος,
3585 4139 3780 4195 πολλά-

2198 4329 2286 4370 res
2314 4314 2577 4384 prodesse
2606 4314 2895 4384 poterant?
2918 4313 3221 4386 Lampades
3249 4312 3494 4386 ergo‘vel
3519 4313 3777 4386 candelas

2198 4383 2385 4439 cereas
2415 4383 2683 4439 sententia
2718 4386 2880 4453 hujus
2921 4385 3026 4439 loci
3055 4383 3405 4454 interpretari
3443 4384 3597 4453 cogit
3633 4404 3647 4438 :
3678 4397 3776 4454 quo

2197 4469 2361 4510 sensu
2408 4455 2690 4524 lampenas
2728 4452 3000 4509 interdum
3035 4452 3292 4524 usurpari
3324 4452 3559 4524 probant
3592 4452 3775 4524 Marti—

2200 4526 2324 4579 nius
2351 4531 2405 4578 et
2434 4522 2698 4594 Cangius.
2740 4524 3082 4594 Ingeniosam
3114 4522 3566 4579 umnusculorum
3609 4522 3774 4594 expl‘if

2199 4595 2469 4666 captionem
2502 4591 2765 4651 habemus
2785 4591 2927 4665 apud
2954 4594 3343 4666 Hieronymum
3376 4597 3430 4647 in
3453 4591 3774 4666 epistolaﬁti

2201 4664 2269 4717 ad
2306 4663 2645 4729 Marcellam,
2695 4662 2970 4735 qum'cum
3019 4666 3068 4720 ei
3111 4662 3259 4735 varia
3310 4678 3564 4726 munera,
3612 4664 3671 4735 in
3700 4662 3775 4714 his

2201 4749 2419 4806 cereos,
2466 4733 2729 4806 misisset,
2778 4738 2835 4790 in
2883 4735 3114 4805 singulis
3164 4734 3531 4806 Hieronymus
3598 4733 3773 4801 aliqua

2201 4805 2460 4874 mysteria
2484 4813 2597 4859 tum
2623 4805 2727 4862 sibi
2754 4813 2868 4859 tum
2894 4806 3093 4874 virgini
3115 4806 3774 4874 convenientiaperacule

2200 4872 2458 4943 exquirit.
2490 4874 2694 4931 Cereos
2732 4883 2912 4930 autem
2940 4872 3063 4931 non
3103 4885 3163 4929 ut
3188 4874 3422 4930 Basilius
3449 4872 3519 4927 ad
3551 4880 3773 4927 noctur-

2201 4959 2302 5015 nos
2326 4945 2539 5001 labores
2570 4956 2823 5000 revocat:
2852 4945 2948 5000 sed
2974 4946 3028 4999 in
3053 4944 3263 5015 virgine
3281 4946 3425 4998 hanc
3442 4943 3557 5015 vim
3581 4943 3772 4996 habere

524 5017 672 5071 enim
721 5015 864 5085 apud
905 5013 1220 5085 Facundum
1266 5013 1369 5085 lib.
1416 5030 1468 5075 v,
1506 5029 1556 5068 c.
1587 5015 1642 5068 ‘2.
1686 5015 1835 5085 lbam
1880 5013 2099 5085 solitum
2134 5060 2175 5085 η
2203 5014 2358 5078 dicit,
2382 5016 2910 5079 utaccensolumine,
2937 5016 3118 5083 sponsi
3134 5013 3457 5081 exspectetur
3488 5013 3766 5066 adventus:

525 5102 651 5142 esse
684 5085 738 5138 in
755 5060 860 5155 fdie
899 5060 1478 5155 sanctoAPaschce,_aujt
1509 5094 1629 5138 ante
1657 5084 1818 5150 diem,
1864 5084 1995 5139 dare
2035 5084 2099 5138 de
2133 5060 2175 5114 θ
2206 5085 2262 5138 in
2294 5060 2478 5154 seipse
2511 5097 2713 5149 autem,
2760 5095 2818 5139 ut
2846 5060 3142 5155 eipiopter
3173 5060 3456 5155 norcturnos
3498 5092 3693 5145 metus,
3727 5086 3771 5131 ct

530 5171 694 5209 manu
721 5153 1193 5224 clericisqucedam
1214 5169 1313 5224 pro
1344 5153 1643 5224 festiuitate.

598 5224 712 5290 (20)
751 5223 1087 5294 Δητμάτων.
1121 5223 1223 5279 Sic
1238 5238 1346 5295 ,ope
1377 5223 1583 5295 codicis
1625 5224 1864 5283 Clarom.
1910 5239 2101 5279 emen-

527 5293 721 5366 datum
756 5292 916 5366 quod
942 5302 1197 5366 corrupte
1233 5292 1296 5366 in
1314 5292 1494 5366 _edi_ti_s
1527 5295 1822 5366 legebatur
1851 5294 2099 5366 τραυμά-

527 5381 656 5435 των.
682 5361 882 5435 Favent
904 5362 1030 5418 huic
1056 5361 1422 5419 emendationi
1445 5361 1620 5418 Coisl:
1638 5364 1851 5435 primus
1873 5361 1929 5418 et
1951 5361 2092 5418 mea.

531 5434 585 5488 in
616 5434 816 5502 quibus
847 5435 1042 5503 legitur
1065 5435 1353 5503 δειμάτων,
1393 5434 1670 5487 terrorum.

604 5504 720 5575 (2η
752 5503 1121 5575 Λαμπηνῶνε
1140 5503 1315 5575 Vertit
1341 5503 1610 5575 interpres
1637 5503 1953 5575 gestatorios
1981 5518 2095 5575 cur:

532 5587 646 5627 rus.
682 5571 1042 5629 Combeﬁsius
1074 5573 1264 5628 rhedas
1289 5571 1511 5639 nobiles,
1549 5571 1707 5629 tectos
1738 5589 1950 5627 currus.
1986 5572 2095 5626 Sed

534 5642 667 5713 quid
694 5644 960 5714 ejusmodi
989 5644 1168 5700 rhcdm
1204 5652 1258 5699 et
1285 5658 1481 5701 currus
1513 5647 1580 5701 ad
1610 5651 1910 5701 nocturnos
1944 5643 2094 5698 labo-

2207 5153 2410 5208 animos
2443 5170 2644 5223 semper
2669 5155 2810 5209 malo
2843 5153 3176 5211 conscientia:
3202 5153 3581 5225 formidantes,
3607 5163 3770 5206 cereos

2207 5240 2406 5296 quoque
2434 5225 2751 5296 accendisse
2762 5228 2828 5279 sit
2855 5235 3086 5296 gratum.

2275 5290 2387 5363 (Ξῖ)
2430 5293 2680 5350 Ἐδίδου.
2713 5290 2884 5350 (Σοίειῖ
2913 5295 3166 5348 ἐνεδίδου.
3192 5292 3334 5348 Med.
3369 5290 3641 5346 ἀνεδίδου.

2273 5365 2388 5435 (25)
2434 5365 2809 5434 Ἀμφιλοχὶῳ,
2844 5374 2950 5420 etc.
2981 5365 3138 5420 Hunc
3176 5365 3394 5435 titulum
3433 5363 3685 5435 eruimus
3709 5371 3769 5435 es

2200 5431 2499 5491 codicibus
2522 5431 2687 5505 Mem,
2701 5431 2882 5490 'Coisl.
2910 5438 3085 5505 primo
3132 5443 3187 5490 et
3228 5431 3517 5505 Vaticano.
3563 5431 3767 5505 Addunt

2200 5506 2444 5576 quinque
2481 5504 2851 5577 codicesrrlci]
2878 5502 2970 5577 τοῦ
2994 5504 3093 5577 νοῇ
3104 5505 3371 5577 ἐνέργε-ιαε
3388 5503 3481 5573 qui
3499 5502 3765 5577 quwsiergt

2199 5570 2440 5645 quianam
2460 5575 2530 5630 sit
2553 5576 2739 5631 mentis
2767 5570 3018 5645 operatio.
3052 5570 3493 5631 Editi‘b‘abebaut
3511 5570 3595 5644 τῷ
3616 5570 3764 5637 αὐτῷ.
