3856 6224
67 267 174 322 855

901 263 1397 324 EPISTOLARUM
1437 261 1727 319 CLASSIS
1765 261 1824 314 ll.
1869 261 2092 319 EI’IST.
2135 263 2471 319 CCXXXIII.

3217 263 3323 322 868

67 399 156 444 κις
191 380 290 451 μὲν
327 379 714 449 φαντασιοῦται
741 377 1002 451 περὶτῶν
1027 379 1127 431 οὐκ
1153 378 1322 431 ὄντων
1353 377 1429 440 ώς
1452 376 1643 437 ὄντων,

1748 389 1874 428 cum
1904 376 1963 430 in
1987 383 2253 447 perpetuo
2276 385 2428 432 motu
2450 385 2719 444 versetur,
2745 391 2888 448 saepe
2916 392 3085 434 vanas
3111 379 3324 449 species

67 473 328 535 πολλάκις
372 471 429 524 δὲ
477 471 782 534 εὐθυϐόλως
823 472 917 523 ἐπὶ
955 471 1050 541 τὴν
1084 469 1342 540 ἀλήθειαν
1397 469 1640 540 φέρεται.

76 562 218 615 Ἀλλ’
269 561 456 632 ἐπειδὴ
505 559 680 631 τούτῳ
718 560 890 613 διτταὶ
929 560 1188 630 δυνάμεις
1236 559 1646 630 παραπεφύκα-

66 672 117 706 σι
156 654 292 724 (ει),
327 654 468 707 κατά
495 653 592 724 τὴν
619 653 893 724 ἡμετέραν
933 650 1042 705 τῶν
1080 653 1162 714 εἰς
1189 650 1321 703 Θεὸν
1353 665 1648 703 πεπιστευ-

67 748 244 799 κότων
292 745 581 815 ὑπόληψιν,
617 746 650 816 ἡ
689 743 786 814 μὲν
837 742 1070 813 πονηρὰ,
1116 742 1150 811 ἡ
1199 741 1307 794 τῶν
1353 739 1643 811 δαιμόνων,

68 838 204 908 πρὸς
234 837 334 907 τὴν
384 836 518 889 ἰδίαν
563 834 897 889 ἀποστασίαν
924 833 1072 904 ἡμᾶς
1121 831 1579 902 συνεφελκομένη,
1609 833 1643 900 ἡ

67 931 124 982 δὲ
166 929 414 999 θειοτέρα
459 927 554 982 καὶ
587 927 768 998 ἀγαθὴ
797 926 932 996 πρὸς
975 927 1072 998 τὴν
1095 926 1190 981 τοῦ
1223 923 1358 978 Θεοῦ
1387 923 1645 994 ὁμοίωσιν

69 1023 217 1093 ἡμᾶς
244 1021 552 1089 ἀνάγουσα·
589 1019 719 1073 ὅταν
762 1019 860 1089 μὲν
888 1018 973 1087 ἐφ’
1005 1017 1196 1072 ἑαυτοῦ
1248 1017 1382 1088 μένῃ
1425 1017 1454 1068 ὁ
1499 1013 1642 1079 νοῧςν

69 1109 243 1180 μικρὰ
273 1108 482 1179 καθορᾷ
519 1109 614 1162 καὶ
654 1107 724 1160 τά
761 1106 938 1178 ἑαυτῷ
991 1107 1103 1177 (9.5)
1159 1108 1475 1178 σύμμετρα·
1517 1106 1644 1158 ὃταν

65 1203 120 1255 δὲ
152 1204 267 1264 τοῖς
301 1200 583 1255 ἀπατῶσιν
611 1200 805 1254 ἑαυτὸν
836 1199 1024 1270 ἐπιδῷ,
1055 1200 1325 1269 ἀφανίσας
1353 1199 1415 1252 τὸ
1446 1199 1644 1252 οἰκεῖον

66 1295 370 1363 κριτήριον,
401 1290 727 1360 φαντασίαις
760 1291 1006 1346 σύνεστιν
1027 1290 1353 1354 ἀλλοκότοις.
1388 1289 1521 1344 Τότε
1550 1289 1646 1342 καὶ

63 1385 126 1437 τὸ
159 1383 315 1448 ξύλον
341 1382 462 1453 οὐχὶ
511 1381 665 1447 ξύλον
711 1379 850 1438 εἶναι
887 1383 1117 1454 νομίζει,
1157 1382 1295 1436 ἀλλά
1339 1381 1504 1436 Θεόνο
1548 1382 1644 1436 καί⁵

64 1475 270 1547 χρυσὸν
297 1475 420 1545 οὐχὶ
441 1479 701 1547 χρήματα
732 1471 871 1530 εἶναι
897 1475 1097 1545 κρίνει,
1125 1473 1262 1528 ἀλλά
1301 1472 1639 1544 σεϐάσματα.

78 1566 205 1618 Ἐὰν
233 1565 292 1618 δὲ
341 1565 474 1637 πρὸς
496 1565 594 1637 τὴν
645 1565 921 1637 θειοτέραν
971 1562 1245 1635 ἀπονεύσῃ
1291 1562 1502 1634 μερίδα,
1548 1563 1644 1616 καὶ

61 1660 162 1723 1'1;
186 1659 284 1713 τοῦ
312 1657 626 1730 Πνεύματος
652 1658 976 1729 ὑποδέξηται
1015 1659 1262 1729 χάριτας,
1285 1658 1407 1711 τότε
1431 1656 1642 1725 γίνεται

1749 464 1851 519 sibi
1878 465 2083 536 elIingit
2127 465 2197 520 de
2241 466 2310 522 iis
2335 483 2458 537 quae
2485 483 2598 522 non
2628 475 2779 532 sunt,
2809 469 2968 536 quasi
2998 471 3143 534 sint;
3180 485 3326 541 saepe

1748 557 1912 610 etiam
1959 567 2107 612 recta
2153 557 2222 611 ad
2245 560 2532 614 veritatem
2576 559 2770 614 fertur.
2805 559 2910 615 Sed
2935 563 3060 630 quia
3095 562 3215 616 dum
3244 563 3326 618 iHi

1749 646 1951 702 adsunt
1980 650 2247 712 virtutes,
2295 651 2597 705 secundum
2630 659 2897 716 nostram,
2927 653 3021 721 qui
3059 652 3224 726 356
3268 653 3326 710 in

1748 737 1917 794 Deum
1946 741 2243 807 credimus,
2267 743 2614 806 sententiam,
2640 757 2808 811 prava
2834 758 2963 810 una,
2987 745 3327 814 quaedzemo.

1746 846 1877 884 num
1913 839 2017 896 est,
2045 833 2111 886 ad
2147 835 2426 904 propriam
2449 833 2812 890 defectionem
2847 852 2948 892 nos
2995 839 3321 906 attrahens;

1746 921 1987 977 divinior
2029 924 2201 979 altera
2242 933 2298 980 et
2339 925 2504 986 bona,
2536 942 2658 996 qua;
2693 943 2796 984 nos
2836 928 2906 982 ad
2943 927 3040 984 Dei
3070 929 3328 984 similitu-

1746 1013 1928 1068 dinem
1970 1014 2225 1081 deducit;
2257 1031 2412 1072 mens
2435 1018 2580 1072 intra
2604 1034 2664 1075 se
2685 1034 2813 1074 cum
2847 1021 3133 1084 manserit,
3159 1035 3327 1091 parva

1746 1105 1993 1161 intuetur
2039 1123 2103 1162 ac
2148 1124 2250 1164 suo
2283 1109 2508 1165 modulo
2539 1113 2768 1182 mqualia
2799 1130 2813 1167 :
2843 1127 2970 1168 cum
3010 1129 3141 1174 vero
3173 1113 3327 1168 deci-

1750 1197 2030 1268 pientibus
2071 1213 2131 1254 se
2156 1199 2467 1266 tradiderit,
2499 1203 2779 1273 proprium
2797 1204 3068 1272 judicium
3101 1205 3324 1260 oblitte-

1745 1303 1901 1354 rans,
1943 1289 1999 1344 in
2029 1289 2160 1345 visis
2192 1298 2448 1345 versatur
2479 1293 2755 1348 absurdis.
2794 1292 2948 1349 Tunc
2975 1294 3184 1364 lignum
3213 1308 3326 1349 non

1745 1379 1954 1450 lignum
1998 1395 2122 1436 esse
2165 1383 2465 1446 existimat,
2498 1382 2594 1438 sed
2647 1383 2817 1439 Deum
2845 1403 2860 1440 :
2887 1392 2942 1441 et
2991 1400 3184 1439 aurum
3213 1401 3326 1440 non

1745 1470 2033 1538 pecuniam
2089 1486 2215 1526 esse
2261 1472 2498 1542 judicat,
2552 1473 2648 1528 sed
2697 1490 2920 1531 numen.
2973 1473 3031 1529 Si
3078 1489 3207 1529 vero
3257 1473 3328 1529 ad

1746 1557 2070 1614 diviniorem
2114 1577 2236 1617 sese
2277 1568 2616 1618 converterit
2675 1572 2923 1633 partem,
2975 1579 3040 1619 ac
3085 1563 3326 1636 Spiritus

1748 1651 2057 1721 susceperit
2090 1654 2299 1723 gratias
2319 1695 2332 1720 ,
2371 1664 2505 1710 tunc
2553 1658 2784 1728 percipit
2813 1658 3121 1721 diviniora,
3149 1674 3327 1730 quan-

61 1751 172 1804 τῶν
208 1749 496 1820 θειοτέρων
543 1749 966 1821 καταληπτικδς,
1009 1749 1133 1803 ὅσον
1179 1748 1344 1802 αὐτοῦ
1379 1750 1444 1819 τῇ
1483 1747 1643 1818 φύσει

1748 1745 1860 1794 tum
1892 1742 2067 1814 ipsius
2088 1754 2287 1799 natura
2310 1755 2492 1815 potest
2515 1751 2805 1821 attingere.
2839 1750 2974 1808 Tres
2998 1752 3166 1822 igitur
3195 1758 3327 1807 sunt

63 1843 406 1913 σύμμετρον.
438 1842 598 1913 Τρεῖς
625 1839 718 1896 οὖν
740 1844 876 1896 εἰσιν
904 1841 1067 1896 οἱονεὶ
1096 1841 1224 1911 βίων
1251 1839 1612 1902 καταστάσεις
1630 1855 1644 1869 ο

61 1933 160 1986 καὶ
209 1930 489 2003 ίσάριθμοι
528 1929 738 1994 τούτοις
783 1932 840 1984 αἱ
885 1929 982 1984 τοῦ
1033 1930 1125 1983 νοῦ
1155 1929 1316 2000 ἡμῶν
1355 1929 1646 1999 ἐνέργειαι.

65 2025 140 2076 Ἦ
171 2022 280 2095 γὰρ
309 2021 519 2095 πονηρά
557 2022 715 2093 ήμῶν
740 2020 809 2076 τὰ
836 2021 1396 2093 ὲπιτηδεύματα,“κα“ι
1435 2019 1649 2091 πονηρά

63 2114 228 2186 ἡμῶν
267 2113 506 2186 δηλονότι
535 2113 603 2168 τὰ
636 2113 732 2167 τοῦ
774 2111 866 2166 νοῦ
896 2115 1204 2184 κινήματασ
1249 2108 1359 2166 οἷον
1391 2114 1646 2182 μοιχεῖαι,

63 2207 289 2272 κλοπαὶ,
317 2205 768 2277 είδωλολατρείαι,
804 2207 1178 2274 συκοφαντίαι,
1220 2205 1412 2278 ἔριδες,
1463 2205 1645 2275 θυμοὶ,

64 2296 316 2367 ἐριθείαι,
368 2295 690 2365 φυσιώσεις,
743 2297 838 2350 καὶ
887 2298 988 2351 ὃσα
1042 2299 1100 2350 ὲν
1154 2300 1267 2360 τοῖς
1315 2297 1497 2369 ἔργοις
1547 2297 1648 2368 τῆς

66 2387 273 2458 σαρκὸς
296 2386 325 2438 ὁ
351 2386 645 2450 ἀπόστολος
673 2387 886 2452 Παῦλος
915 2389 1337 2461 ἀπηριθμήσατο
1357 2406 1370 2420 ·
1413 2390 1446 2460 ἥ
1503 2389 1644 2459 μέση

62 2473 148 2536 τίς
192 2475 310 2525 ἐστι
335 2472 437 2542 τῆς
461 2473 640 2544 ψυχῆς
666 2477 700 2546 ἡ
737 2475 1005 2546 ἐνέργεια,
1031 2476 1154 2530 οὔτε
1196 2478 1645 2549 κατεγνωσμένον

62 2582 116 2617 τι
148 2565 366 2635 ἔχουσα,
397 2564 519 2618 οὔτε
559 2567 870 2622 ἐπαινετόν·
901 2570 976 2632 ὡς
1011 2571 1044 2640 ὴ
1073 2569 1182 2622 τῶν
1211 2569 1491 2640 βαναύσων
1517 2569 1645 2624 τού-

61 2674 171 2710 των
202 2656 314 2727 (26)
345 2657 547 2728 τεχνῶν
577 2657 864 2728 ἀνάληψις,
910 2659 973 2724 ἃς
1003 2661 1066 2732 δὴ
1111 2662 1204 2715 καὶ
1237 2663 1408 2732 μέσας
1466 2680 1642 2735 προσο

61 2749 425 2820 αγορεύομεν,
456 2751 609 2804 οὐδὲν
651 2749 729 2819 τῷ
757 2751 962 2803 ἑαυτῶν
1003 2751 1148 2824 λόγῳ
1198 2753 1334 2823 πρὸς
1374 2754 1574 2826 ἀρετὴν
1608 2755 1641 2826 ἢ

61 2843 266 2896 κακίαν
303 2843 716 2908 ἀποκλινούσας.
749 2844 886 2898 Ποία
916 2843 1024 2916 γὰρ
1052 2846 1216 2898 κακία
1247 2846 1643 2918 κυϐερνητικῆς

61 2931 94 3000 ἦ
139 2931 425 3003 ίατρικῆς;
477 2933 551 2986 Οὐ
605 2933 855 3002 μέντοιγε
901 2933 1023 2986 οὐδὲ
1073 2935 1264 3004 ἀρεταὶ
1310 2937 1470 2990 αὐταὶ
1518 2937 1640 2990 καθ’

62 3021 286 3085 ἑαυτὰς,
321 3021 435 3074 ἀλλ’
481 3023 546 3075 ὲκ
586 3023 687 3093 τῆς
714 3024 823 3077 τῶν
857 3025 1212 3098 κεχρημένων
1242 3026 1352 3096 (27)
1384 3027 1640 3100 προαιρέ-

63 3130 206 3175 σεως
245 3112 382 3182 πρὸς
411 3113 511 3184 τὴν
555 3113 650 3166 τοῦ
697 3115 887 3186 ἐτέρου
916 3117 1025 3171 τῶν
1071 3118 1460 3188 ἀντικειμένων
1503 3120 1641 3174 ἀπο-

61 3202 307 3255 κλίνουσι
337 3204 549 3272 μοῖραν.
587 3203 643 3256 '0
675 3203 858 3274 μέντοι
881 3209 947 3277 τῇ
979 3206 1191 3278 θεότητι
1211 3207 1305 3261 τοῦ
1330 3208 1644 3280 Πνεύματος

61 3289 398 3362 ἁνακραθεὶς
427 3291 570 3357 νοῦς,
599 3287 755 3358 οὗτος
783 3295 882 3367 ἤδη
913 3296 1022 3350 τῶν
1067 3298 1318 3368 μεγάλων
1345 3299 1464 3353 ἐστὶ
1513 3299 1646 3353 θεω-

68 3383 331 3453 ρημάτων
363 3383 676 3450 ὲποπτικὺς,
710 3388 806 3440 καὶ
849 3387 1060 3460 καθορᾷ
1085 3388 1156 3442 τά
1188 3389 1308 3445 θεῖα
1338 3391 1529 3462 κάλλη,
1557 3409 1646 3445 το-

64 3471 260 3526 σοῦτον
314 3472 518 3544 μέντοι,
553 3475 674 3529 ὅσον
723 3478 757 3546 ἠ
811 3477 972 3550 χάρις
1021 3479 1261 3534 ἐνδίδωσι
1298 3481 1435 3553 (28),
1459 3485 1554 3537 καὶ
1608 3484 1643 3556 ή

64 3565 381 3638 κατασκευὴ
410 3565 575 3620 αὐτοῦ
606 3567 943 3640 ὑποδέχεται.

134 3656 192 3711 2.
237 3656 424 3722 Ὥστε,
457 3657 686 3727 ἀφέντες
731 3661 945 3726 ὲκείνας
972 3661 1074 3726 τὰς
1117 3663 1458 3731 διαλεκτικὰς
1507 3669 1647 3740 ὲρω-

63 3747 274 3816 τήσεις,
301 3748 378 3820 μὴ
404 3751 803 3822 κακεντρεχῶς,
836 3751 949 3805 ἀλλ’
975 3752 1220 3818 εὐλαϐῶς
1246 3754 1646 3822 ὲξεταζέτωσαν

62 3839 162 3909 τὴν
197 3838 476 3910 ἀλήθειαν.
507 3841 725 3896 Δέδοται
755 3845 886 3914 ἡμῖν
919 3844 978 3897 τὸ
1004 3845 1098 3899 τοῦ
1130 3846 1221 3900 νοῦ
1253 3849 1532 3920 κριτήριον
1566 3851 1647 3912 εἰς

61 3932 163 4002 τὴν
196 3931 299 4002 τῆς
329 3932 586 4003 ἀληθείας
616 3933 851 3989 σύνεσιν.
890 3938 1046 3991 Ἐστι
1075 3938 1133 3991 δὲ
1161 3940 1194 4009 ἡ
1230 3939 1589 4010 αὑτοαλήθεια
1617 3942 1647 3994 ὁ

63 4023 201 4087 Θεὸς
252 4023 430 4094 ήμῶν.
467 4025 631 4079 Ὠστε
666 4028 1074 4099 προηγούμενόν
1121 4030 1266 4082 ἐστιν
1309 4031 1388 4102 τῷ
1434 4029 1510 4102 νῷ
1553 4029 1645 4083 τὸν

59 4113 198 4168 Θεὸν
225 4116 257 4182 ἡ
267 4114 384 4182 μῶν
415 4116 798 4185 ἐπιγινώσκειν
817 4135 831 4148 ·
859 4119 1241 4189 ἐπιγινώσκειν
1273 4121 1331 4176 δὲ
1368 4122 1540 4187 οὕτως
1569 4123 1645 4188 ὡς

134 4271 184 4303 ⁸⁵
232 4271 410 4327 Galat.
439 4288 493 4337 v,
541 4271 626 4329 19.

133 4429 250 4500 (tu)
278 4430 774 4500 Παραπεφύκασι.
800 4429 876 4484 lla
896 4438 1022 4486 octo
1050 4445 1185 4485 mss.
1217 4428 1358 4485 Editi
1393 4430 1640 4500 πεφύκα-
1669 4411 1718 4469 1)

61 4518 168 4552 σιν.
205 4499 342 4554 Illud
382 4509 562 4554 autem
604 4501 1032 4570 παραπεφύκασι
1070 4500 1211 4570 idem
1256 4507 1415 4554 sonat
1447 4499 1512 4555 ac
1538 4501 1639 4554 ad-

61 4579 210 4631 sunt,
250 4571 364 4642 sive
387 4569 752 4642 assectantur.
795 4570 884 4624 Sic
915 4573 968 4624 in
998 4570 1158 4642 epist.
1188 4569 1395 4642 272ait
1425 4572 1639 4642 magnis

63 4639 764 4712 potestatibusilliberales
805 4639 1214 4712 assentationes
1234 4641 1409 4712 solere
1457 4639 1634 4712 παραυ

61 4708 320 4777 φύεσθαι.
359 4709 511 4762 Multi
535 4716 717 4780 autem
731 4725 811 4780 ex
841 4711 1080 4780 antiquis
1111 4709 1473 4778 scriptoribus
1501 4708 1638 4767 duos

62 4781 258 4849 genios
289 4779 463 4850 nobis
485 4778 676 4850 adesse
713 4778 988 4850 dixerunt,
1021 4789 1080 4850 ut
1114 4781 1364 4850 pluribus
1393 4780 1640 4850 testimo-

63 4848 172 4905 niis
202 4859 396 4919 probat
427 4849 728 4919 Cotelerius
760 4851 814 4903 in
836 4849 990 4903 Notis
1019 4849 1085 4903 ad
1116 4848 1312 4904 librum
1342 4865 1380 4903 ιι
1405 4848 1634 4905 Hermw.

64 4919 164 4974 llic
191 4918 374 4974 autem
400 4918 635 4977 Basilius
665 4919 821 4972 bona:
851 4921 1134 4988 potestatis
1160 4920 1379 4973 nomine
1404 4935 1514 4973 non
1547 4937 1637 4974 an-

61 4991 244 5059 gelum
269 4990 537 5059 intelligit,
573 4989 668 5045 sed
703 4989 1011 5042 diviniorem
1043 4998 1370 5056 potestatem,
1402 5005 1519 5059 qua:
1542 5007 1636 5045 nos

60 5060 130 5111 ad
183 5059 285 5112 Dei
327 5062 730 5115 similitudinem
773 5059 1003 5121 deducit,
1051 5061 1360 5112 diviniorem
1407 5070 1633 5127 partem,

60 5131 297 5196 Spiritus
342 5132 512 5184 sancti
551 5134 770 5201 gratias.
823 5127 1347 5201 Similia_l_iabemu_s
1379 5129 1432 5182 in
1473 5130 1637 5201 (jom-

59 5201 349 5272 nientario
365 5202 420 5253 in
443 5198 645 5255 Isaiam
678 5219 732 5256 n.
764 5202 854 5266 2|,
902 5214 978 5272 p._
1009 5199 1133 5272 594,
1167 5198 1260 5272 ubi
1289 5199 1447 5253 docet
1479 5199 1634 5254 Basi-

59 5272 165 5324 lius
203 5269 469 5338 Spiritum
498 5279 746 5327 sanctum
780 5275 850 5329 ab
891 5269 1076 5327 anima
1113 5270 1453 5322 infructuosa
1481 5285 1635 5324 rece-

57 5341 213 5402 dere,
248 5349 474 5413 tumque
499 5342 694 5413 cadere
721 5359 898 5412 sepes,
936 5340 1254 5413 angelorum
1289 5340 1632 5405 custodiam;

57 5420 111 5482 et
142 5411 463 5482 peregrinos
497 5411 726 5471 irruere.
759 5411 955 5482 nempe
987 5411 1270 5480 potestates
1301 5419 1633 5482 peccatorum

58 5479 507 5550 circaisc’ientiam
539 5483 845 5550 e/fectrices.
882 5479 1082 5538 ibidem
1112 5495 1260 5536 unus
1279 5479 1454 5533 codex
1494 5481 1631 5534 κατά

57 5549 457 5630 γετΑἷτεΞριξί,
492 5549 664 5630 in_his
687 5551 996 5630 Medicaeus,
1021 5554 1267 5630 κατάτε.
1389 5617 1414 5630 η

130 5619 249 5690 (ἓξ)
285 5620 363 5692 ζει
391 5620 598 5692 ἐαυτῷ.
625 5623 793 5678 Coisl.
825 5626 1034 5692 primus
1065 5623 1130 5676 τὰ
1161 5626 1217 5676 ἐν
1242 5619 1445 5692 εαυτῷ.

127 5687 249 5748 (:26)
282 5687 411 5744 Τῶν
433 5691 762 5752 βαναύσων
788 5687 1032 5750 τούτων.
1065 5693 1121 5750 ld
1142 5702 1246 5761 est,
1283 5687 1632 5748 illiberalium

1749 1833 1915 1888 veluti
1957 1835 2084 1890 vitae
2121 1837 2490 1904 conditiones,
2528 1842 2865 1913 totidemque
2893 1844 3092 1900 mentis
3120 1852 3327 1900 nostra:

1748 1924 2124 1992 operationes.
2152 1925 2250 1982 Vel
2280 1929 2426 1984 enim
2454 1946 2624 2000 prava
2657 1941 2788 1988 sunt
2813 1934 2997 1989 studia
3022 1943 3236 2000 nostra,
3261 1950 3326 1990 ac

1749 2018 1906 2086 pravi
1939 2027 2148 2075 nostra:
2175 2021 2432 2078 videlicet
2463 2025 2663 2082 mentis
2693 2036 2909 2093 motus;
2942 2035 3003 2082 ut
3031 2027 3323 2094 adulteria,

1749 2109 1894 2165 furta
1913 2153 1928 2177 ,
1965 2112 2276 2169 idololatria
2296 2155 2312 2180 ,
2337 2117 2646 2183 calumniae,
2681 2119 2846 2184 rixaa,
2876 2120 2991 2185 iraa,
3019 2122 3327 2177 contentio-

1746 2218 1869 2265 nes,
1894 2204 2064 2259 animi
2089 2214 2293 2275 tumor,
2329 2215 2384 2262 et
2411 2224 2754 2280 quaecunque
2779 2212 2924 2268 inter
2949 2227 3112 2282 opera
3140 2214 3326 2269 carnis

1746 2293 2032 2362 apostolus
2065 2294 2269 2354 Paulus
2314 2299 2592 2353 recensuit
2624 2299 2690 2354 “.
2722 2298 2818 2355 Vel
2864 2303 3044 2356 media
3075 2302 3325 2373 quaedam

1744 2391 1831 2438 est
1879 2386 2083 2444 mentis
2131 2388 2417 2457 operatio,
2458 2405 2562 2445 nec
2605 2391 2982 2447 damnandum
3023 2393 3325 2463 quidquam

1743 2474 1958 2532 habens
1988 2493 2092 2533 nec
2116 2479 2417 2545 laudabile,
2443 2483 2592 2536 velut
2625 2483 2826 2536 artium
2857 2484 3102 2553 cognitio
3125 2493 3178 2540 et
3208 2501 3328 2556 per-

1744 2568 1948 2639 ceptio,
1994 2583 2132 2641 quas
2177 2572 2436 2628 videlicet
2462 2574 2674 2628 medias
2724 2586 2779 2630 et
2824 2575 3198 2632 indill'ereutes
3233 2591 3328 2632 vo-

1742 2673 1969 2721 camus.
1999 2676 2102 2716 nec
2142 2663 2211 2716 ad
2244 2663 2502 2720 virtutem
2534 2679 2638 2719 nec
2667 2664 2737 2719 ad
2777 2665 2972 2720 vitium
3015 2683 3080 2722 ex
3126 2668 3326 2739 seipsis

1745 2753 2172 2821 propendentes.
2219 2753 2434 2825 Ecquid
2473 2759 2620 2810 enim
2654 2757 2784 2810 mali
2819 2757 2982 2813 habet
3009 2775 3100 2816 ars
3127 2762 3330 2830 guber-

1742 2843 1912 2898 nandi
1963 2855 2060 2899 aut
2116 2845 2422 2901 medendi?
2469 2846 2658 2917 Neque
2717 2848 2881 2903 etiam
2936 2848 3070 2918 ipsa:
3110 2865 3208 2920 per
3265 2865 3328 2906 se

1743 2943 1875 2992 sunt
1908 2936 2161 3002 virtutes,
2197 2938 2294 2993 sed
2323 2955 2390 2993 ex
2419 2940 2688 2995 utentium
2722 2941 3006 3010 proposito
3029 2941 3096 2994 ad
3124 2951 3330 2996 utram-

1748 3027 1830 3082 vis
1885 3028 2267 3096 Oppositorum
2323 3037 2534 3098 partem
2589 3028 2906 3086 deﬂectunt.
2961 3030 3096 3096 Quae
3143 3043 3326 3090 autem

1751 3115 1993 3185 Spiritus
2023 3117 2294 3172 divinitati
2327 3133 2487 3173 mens
2510 3118 2877 3188 immiscetur,
2909 3135 2972 3176 ea
2995 3122 3108 3192 jam
3133 3137 3331 3192 specu-

1749 3207 1896 3260 Iatur
1938 3221 2168 3278 magna,
2210 3208 2542 3280 divinasqne
2583 3210 2831 3266 intuetur
2868 3213 3326 3284 pulchritudines,
3351 3231 3365 3245 ·

1746 3307 2012 3368 quantum
2057 3299 2278 3370 quidem
2331 3301 2509 3374 gratia
2556 3304 2822 3377 impertit,
2863 3304 3145 3376 ipsiusque
3182 3307 3328 3378 capit

1747 3390 2094 3447 constitutio.

1817 3653 1872 3708 2:
1914 3653 2119 3720 Quare,
2140 3655 2367 3709 omissis
2409 3654 2519 3711 illis
2561 3653 2863 3711 dialecticis
2907 3657 3323 3726 questionibus,

1746 3761 1857 3800 non
1902 3747 2165 3812 subdole,
2211 3747 2305 3801 sed
2336 3747 2425 3817 pie
2453 3748 2764 3816 expendant
2796 3751 3099 3804 veritatem.
3129 3749 3323 3806 Datum

1747 3837 1910 3892 nobis
1942 3845 2028 3891 est
2074 3836 2277 3891 mentis
2302 3835 2574 3906 judicium
2621 3836 2690 3890 ad
2720 3839 2968 3894 veritatis
3019 3838 3323 3911 intelligen-

1745 3927 1906 3984 tiam.
1957 3929 2056 3984 Est
2104 3936 2290 3982 autem
2327 3927 2448 3998 ipsa
2482 3928 2692 3984 veritas
2724 3927 2869 3984 Deus
2901 3941 3108 3986 noster.
3159 3930 3323 3988 Menti

1745 4021 1932 4092 itaque
1963 4021 2302 4093 praecipuum
2326 4037 2390 4077 ac
2417 4022 2742 4092 primarium
2766 4031 2851 4078 est
2869 4021 3046 4078 Deum
3071 4031 3323 4080 nostrum

1745 4127 2119 4185 cognoscere;
2151 4128 2492 4186 cognoscere
2525 4120 2710 4169 autem
2751 4122 3018 4188 quantum
3062 4115 3327 4187 cognosci
3415 4129 3419 4132 ·

1744 4430 1962 4484 illarum
1995 4433 2212 4502 artium.
2251 4429 2307 4484 Si
2345 4430 2472 4502 quis
2502 4429 2705 4486 faveret
2734 4446 2840 4486 ms.
2870 4432 3065 4495 codex,
3094 4433 3324 4489 libenter

1745 4503 2115 4572 eliminassem
2151 4501 2265 4572 hate
2296 4501 2482 4572 verba,
2513 4518 2636 4572 qua:
2665 4504 2850 4572 spuria
2877 4518 3003 4559 esse
3025 4503 3206 4560 nullus
3226 4505 3324 4558 du-

1746 4571 1880 4635 bito,
1915 4578 1968 4641 et
2002 4571 2207 4641 idcirco
2233 4571 2286 4625 in
2321 4569 2998 4641 Latinajinterpretatione
3019 4573 3321 4629 omittenda

1745 4655 1868 4712 esse
1908 4639 2062 4694 duxi.
2103 4639 2296 4694 Totam
2340 4642 2484 4696 enim
2519 4639 2708 4695 Basilii
2745 4643 3320 4712 sententiampenitus

1744 4711 2073 4774 delormant,
2105 4726 2228 4778 qua
2259 4727 2384 4764 cum
2420 4719 2566 4766 artes
2591 4712 2886 4781 generatim
2913 4711 3316 4779 complectitur,

1744 4781 2022 4850 immerito
2054 4781 2400 4850 illiberalium
2431 4784 2627 4834 artium
2660 4781 2928 4850 angustiis
2951 4789 3296 4836 coerceretur

1745 4849 2014 4922 Praeterea
2059 4849 2546 4922 profertﬂBasilius
2594 4852 2826 4919 exempli
2863 4852 2982 4905 loco
3012 4858 3183 4904 artem
3218 4869 3321 4922 gu-

1746 4919 2028 4991 bernandi
2063 4929 2115 4974 et
2152 4920 2511 4991 medicinam,
2545 4937 2682 4991 quas
2716 4923 3014 4975 absurdum
3062 4923 3132 4976 sit
3179 4919 3321 4977 inter

1745 4998 1889 5059 artes
1937 4989 2229 5043 illiberalcs
2283 4989 2588 5055 numerare,
2631 4992 2930 5059 praesertim
2965 4991 3313 5046 medicinam.

1745 5057 1898 5112 Hanc
1932 5070 2102 5129 artem
2151 5059 2267 5126 ipse
2303 5059 2539 5114 Basilius
2588 5057 2832 5129 apprime
2880 5061 3136 5124 callebat,
3180 5071 3318 5116 teste

1743 5129 2007 5197 Gregorio
2041 5126 2355 5193 Naz.,orat.
2396 5146 2488 5194 xx,
2523 5126 2800 5199 pagi—355.
2837 5129 3036 5195 Quanti
3078 5130 3318 5186 medicos

1745 5199 1970 5261 faceret,
1997 5199 2232 5268 perspici
2262 5208 2438 5268 potest
2457 5216 2522 5255 ex
2550 5200 2712 5269 epist.
2743 5199 2847 5254 l89
2869 5200 2937 5252 ad
2969 5200 3317 5258 Eustutltium

1743 5269 2100 5340 archiatrum,
2127 5269 2217 5322 ubi
2242 5270 2572 5324 asseutirisc
2591 5270 2872 5340 proﬁtetur
2892 5271 2982 5340 iis,
3013 5269 3106 5340 qui
3137 5272 3319 5324 omni-

1745 5341 1845 5393 bus
1879 5339 2060 5403 rebus,
2109 5353 2231 5408 quae
2277 5341 2496 5408 quidem
2537 5339 2603 5394 in’
2639 5341 2747 5393 vita
2790 5339 2975 5394 studio
3017 5339 3315 5404 habentur,

1742 5409 2079 5462 medicorum
2113 5409 2397 5464 scientiam
2438 5417 2793 5478 anteponunt.
2843 5408 2977 5465 Vide
3015 5411 3180 5479 epist.
3221 5409 3314 5473 84,

1742 5495 1894 5534 nunt.
1925 5480 1974 5532 l.

1813 5549 1926 5619 (‘27)
1959 5546 2374 5617 Κεχρημένων.
2410 5548 2487 5602 Ita
2533 5547 2722 5604 decem
2766 5565 2899 5605 mss.
2937 5548 3083 5604 Editi
3113 5566 3315 5624 κεκτη-

1745 5620 1939 5672 μένων.

1813 5689 1927 5760 (28)
1976 5685 2307 5742 Ἐνδίδωσι.
2353 5687 2638 5747 Medicteus
2667 5689 2834 5747 codex
2869 5688 3068 5745 δίδωσι.
