3856 6224
522 237 626 292 δ’δῖ

1843 252 1899 307 S.
1943 251 2189 308 BASILII
2232 253 2446 309 MAGNI

3683 253 3778 307 86$

520 368 700 430 potest
731 361 939 420 inﬁnita
971 365 1233 436 majestas
1275 382 1306 422 a
1349 369 1697 427 tenuissimo.
1734 371 1923 444 Neque
1951 378 2087 430 enim

2200 379 2422 432 δυνατὸν
2455 379 2817 450 γνωρίζεσθαι
2847 377 2938 433 τὸν
2971 376 3378 450 ἀπειρομεγέοη
3413 377 3518 430 ὑπὸ
3557 373 3654 429 τοῦ
3702 393 3759 443 μι

520 464 806 522 propterea
851 455 999 526 quod
1027 460 1172 513 oculi
1203 460 1270 516 ad
1301 476 1390 516 res
1429 462 1680 518 visibiles
1720 466 2097 536 percipiendas

521 543 888 611 damnantur,
923 549 1047 604 ideo
1090 551 1202 620 jam
1253 568 1343 608 res
1379 569 1570 610 onmes
1601 555 1845 613 visibiles
1895 559 2099 612 cadunt

521 637 579 690 in
609 649 985 709 conspectum.
1018 641 1136 697 Non
1161 645 1307 698 enim
1339 646 1465 700 caeli
1496 646 1959 717 hzemisphaarium
1990 667 2098 705 uno

521 730 712 784 obtutu
736 733 1102 802 conspicitur,
1134 736 1229 791 sed
1265 738 1480 805 objecta
1519 739 1738 809 quidem
1770 742 1944 796 oculis
1969 759 2096 812 spe-

520 822 604 877 cie
653 840 752 879 nos
799 827 1152 891 circumstat,
1184 837 1242 882 at
1270 831 1453 902 reipsa
1485 834 1678 897 multa,
1716 841 1775 887 ut
1818 850 1886 889 ne
1916 835 2096 890 dicam

520 918 735 980 omnia,
780 918 834 971 in
867 919 988 989 ipso
1018 922 1341 990 ignorantur
1375 944 1390 980 :
1418 927 1700 981 stellarum
1732 937 1960 993 natura,
2000 944 2096 983 ea-

521 1023 641 1062 rum
674 1013 1010 1082 magnitudo,
1038 1015 1322 1081 distantia,
1350 1027 1556 1083 motus,
1579 1035 1906 1084 concursus,
1926 1021 2098 1076 decli-

521 1101 807 1165 nationes,
854 1104 1206 1164 habitudines
1255 1112 1539 1181 reliquiae,
1601 1115 1724 1184 ipsa
1772 1115 2095 1171 ﬁrmamenti

521 1202 738 1259 natura,
786 1197 1016 1253 altitudo
1059 1218 1182 1271 qua
1210 1220 1268 1259 se
1298 1221 1326 1259 a
1372 1222 1609 1262 concava
1648 1208 2094 1264 circumferentia

517 1286 584 1338 ad
615 1304 792 1358 usque
823 1306 1120 1348 convexam
1157 1299 1502 1366 superﬁciem
1547 1303 1812 1357 extendit.
1856 1302 1978 1358 Non
2013 1311 2097 1356 ta-

519 1394 642 1434 men
679 1380 976 1438 dixerimus
1003 1387 1204 1441 cozlum
1250 1405 1373 1444 esse
1421 1391 1720 1456 invisibile,
1766 1395 1836 1447 ob
1864 1409 1926 1448 ea
1973 1411 2098 1464 quas

518 1471 876 1541 ignorantur:
901 1479 992 1533 sed
1026 1480 1260 1558 visibile,
1290 1483 1358 1536 ob
1388 1500 1560 1553 pauca
1589 1502 1710 1555 quae
1736 1488 1790 1540 in
1815 1503 1880 1542 eo
1901 1503 2095 1557 cogno-

517 1574 764 1620 scuntur.
793 1567 870 1622 Ita
892 1577 946 1624 et
968 1571 1034 1626 de
1057 1571 1186 1626 Deo.
1215 1573 1270 1627 Si
1296 1576 1562 1632 labefacta
1588 1587 1671 1633 est
1696 1595 1724 1632 a
1749 1579 2093 1636 daeu'nonihus

518 1673 691 1723 mens,
719 1659 881 1730 357
927 1663 1223 1718 simulacra
1255 1667 1419 1730 colet,
1448 1678 1540 1722 aut
1572 1671 1626 1723 in
1660 1671 1820 1724 aliam
1852 1672 2090 1741 aliquam

2200 473 2488 542 κροτάτου.
2527 472 2662 525 Οὐδὲ
2695 471 2826 543 γάρ,
2862 471 3051 540 ἐπειδὴ
3081 470 3352 540 ὀφθαλμοὶ
3388 470 3468 530 εἰς
3510 466 3779 534 κατανόη-

2201 579 2286 616 σιν
2305 563 2412 615 τῶν
2433 563 2644 633 ὁρατῶν
2671 564 2778 615 εἰσι
2805 562 3150 631 τεταγμένοι,
3180 560 3282 630 ἤδη
3307 559 3487 612 πάντα
3519 557 3590 610 τὰ
3617 553 3784 625 ὁρατὰ

2202 653 2306 706 ὑπὸ
2335 654 2435 725 τὴν
2481 654 2603 723 ὄψιν
2645 656 2855 722 ἄγεται.
2889 653 3024 706 Οὐδὲ
3058 651 3168 723 γὰρ
3199 651 3260 704 τὸ
3289 651 3648 721 ἡμισφαίριον
3691 644 3782 698 τοῦ

2200 746 2428 818 οὐρανοῦ
2482 749 2540 800 ἐν
2590 749 2688 817 μιᾷ
2728 749 2867 818 ῥοπῇ
2918 745 3026 814 (29)
3089 744 3411 814 καθορᾶται,
3462 742 3606 796 ἀλλὰ
3650 757 3786 809 φαν-

2199 837 2362 891 τασία
2413 838 2511 908 μὲν
2558 838 2734 906 ὅψεως
2776 838 2924 908 ἡμᾶς
2962 835 3334 907 περιίσταται,
3385 833 3528 887 κατά
3573 833 3632 885 δὲ
3687 831 3785 902 τὴν

2199 930 2456 1000 ἀλήθειαν
2491 929 2682 994 πολλὰ,
2720 931 2806 982 ἵνα
2843 929 2916 999 μὴ
2947 931 3126 984 πάντα
3172 929 3332 989 εἴπω,
3361 927 3508 979 ἔστιν
3542 926 3603 978 ὲν
3637 923 3784 991 αὒτῷ

2197 1021 2266 1073 τὰ
2315 1021 2682 1090 ἀγνοούμενα·
2735 1021 2982 1090 ἀστέρων
3035 1019 3196 1090 φύσις
3246 1019 3380 1087 (50),
3419 1015 3628 1086 μεγέθη
3663 1014 3786 1068 τού-

2198 1131 2325 1176 των,
2362 1115 2726 1184 διαστήματα,
2765 1114 3026 1182 κινήσεις,
3073 1109 3388 1183 συνδρομαὶ,
3427 1109 3783 1168 ἀποστάσεις,

2198 1207 2254 1259 αἱ
2287 1206 2472 1259 λοιπαὶ
2512 1204 2748 1274 σχέσεις,
2789 1204 2925 1274 αὐτὴ
2958 1205 2992 1270 ἡ
3037 1202 3194 1256 οὐσία
3231 1200 3327 1254 τοῦ
3376 1198 3782 1271 στερεώματος,

2195 1291 2256 1342 τὴ
2313 1290 2474 1360 βάθος
2513 1292 2574 1344 τὸ
2622 1292 2730 1344 ἀπὸ
2775 1292 2873 1361 τῆς
2927 1291 3115 1361 κοίλης
3162 1289 3514 1360 περιφερείας
3547 1288 3645 1340 ἐπὶ
3684 1288 3784 1356 τὴν

2197 1384 2400 1454 κυρτὴν
2430 1383 2768 1451 ἐπιφάνειαν.
2818 1383 2958 1436 Ἀλλ’
2991 1385 3138 1452 ὅμως
3169 1383 3270 1434 οὐκ
3301 1382 3366 1434 ἂν
3400 1381 3655 1450 εἴποιμεν
3689 1381 3782 1432 ὰὸ-

2201 1495 2360 1548 ρατον
2407 1472 2547 1529 εἶναι
2580 1476 2672 1529 τὸν
2718 1475 2946 1547 οὐρανὸν
2992 1475 3079 1527 διὰ
3128 1474 3196 1527 τὰ
3247 1473 3610 1544 ἀγνοούμενα,
3666 1473 3782 1526 ἀλλ’

2195 1573 2387 1644 ὁρατὸν
2428 1573 2516 1626 διὰ
2541 1573 2640 1642 τὴν
2676 1573 2901 1644 μετρίαν
2944 1573 3107 1625 αὐτοῦ
3149 1571 3498 1639 κατανόησιν.
3531 1568 3692 1621 Οὕτω
3718 1565 3783 1634 δὴ

2196 1663 2290 1714 καὶ
2321 1664 2448 1735 περὶ
2493 1662 2648 1717 Θεοῦ.
2684 1665 2746 1716 Εἰ
2783 1664 2880 1733 μὲν
2913 1664 3287 1733 βεδλαμμένος
3322 1664 3471 1715 ἐστὶν
3516 1661 3624 1714 ὑπὸ
3666 1659 3782 1711 δαι-

515 1749 750 1818 speciem
809 1753 1110 1823 impietatis
1160 1758 1484 1814 abducetur.
1544 1760 1602 1815 Si
1671 1778 1799 1816 vero
1852 1760 2087 1833 Spiritus

2199 1753 2376 1822 μόνων
2408 1753 2437 1803 6
2465 1751 2609 1815 νοῦς,
2641 1752 3110 1824 εἰδωλολατρήσει,
3138 1754 3170 1823 ἢ
3219 1752 3357 1822 πρὸς
3388 1752 3517 1804 ἄλλο
3547 1768 3600 1803 τι
3643 1744 3783 1811 εἶδος

515 1857 635 1896 sese
665 1844 878 1898 dederit
925 1849 1150 1913 auxilio,
1184 1851 1476 1906 veritatem
1505 1853 1793 1923 intelliget,
1826 1862 1879 1908 et
1921 1854 2088 1910 Deum

511 1945 825 2000 cognoscet.
851 1935 1161 2007 Cognoscet
1208 1951 1413 2005 autem,
1446 1951 1504 1996 ut
1553 1945 1629 1998 ait
1673 1944 1993 2014 Apostolus,
2025 1962 2090 2001 ex

513 2035 688 2094 parte,
733 2029 828 2084 sed
862 2030 918 2084 in
950 2031 1133 2087 futura
1176 2038 1282 2089 vita
1314 2036 1646 2106 perfectius;
1679 2037 1812 2094 Cum
1849 2041 1986 2094 enim
2012 2058 2094 2094 ve-

509 2117 645 2170 nerit
681 2119 820 2188 quod
857 2122 1146 2192 perfectum
1189 2135 1287 2188 est,
1319 2128 1660 2182 evacuabitur
1685 2130 1826 2200 quod
1851 2145 1917 2184 ea:
1945 2141 2095 2199 parte

509 2217 588 2260 est
635 2209 704 2263 ".
765 2210 1034 2277 Quocirca
1101 2224 1155 2269 et
1209 2217 1350 2270 bona
1409 2227 1494 2274 est
1552 2221 1755 2276 mentis
1806 2222 2090 2291 judicandi

511 2298 766 2367 facultas,
798 2311 852 2359 et
881 2305 947 2359 ad
979 2305 1144 2361 ﬁnem
1180 2309 1392 2374 utilem,
1425 2310 1522 2365 Dei
1550 2314 1945 2384 cognitionem,
1979 2321 2093 2369 ten-

509 2389 613 2447 dit.
640 2393 735 2447 sed
768 2403 952 2451 tamen
995 2405 1211 2452 tantum
1245 2411 1526 2470 cperatur,
1561 2411 1828 2475 quantum
1868 2406 2090 2477 assequi

509 2493 710 2553 potest.

927 2689 1266 2747 EPISTOLA
1305 2694 1666 2755 CCXXXIV‘.

2194 1843 2450 1906 ἀσεϐείας
2496 1846 3020 1914 παρατραπήσεται·
3057 1847 3106 1897 εί
3137 1845 3193 1897 δὲ
3222 1847 3288 1915 τῇ
3333 1843 3427 1896 τοῦ
3462 1842 3781 1911 Πνεύματος

2195 1937 2387 1989 ἑαυτὸν
2437 1935 2734 1991 ἐπιδέδωκε
2781 1935 3023 2006 βοηθείᾳ,
3053 1937 3153 2007 τὴν
3199 1935 3456 2007 ἀλήθειαν
3497 1935 3779 2004 γνωρίσει.

2197 2029 2288 2081 λαὶ
2324 2027 2456 2080 Θεὸν
2501 2027 2864 2094 ἐπιγνώσεται
2897 2029 3030 2099 (51).
3077 2028 3472 2096 Ἐπιγνώσεται
3515 2028 3594 2087 δὲ,
3629 2027 3707 2088 ὡς
3754 2027 3783 2076 6

2207 2121 2526 2183 Ἀπόστολος
2564 2115 2738 2184 εἶπεν,
2768 2124 2831 2174 ἐκ
2877 2121 3102 2194 μέρους·
3135 2124 3192 2174 ὲν
3223 2122 3280 2174 δὲ
3318 2125 3383 2193 τῇ
3427 2120 3569 2190 μετὰ
3605 2119 3782 2173 ταῦτα

2197 2212 2309 2283 ζωῇ
2347 2211 2702 2284 τελεώτερον·
2754 2213 2936 2268 Ὅταν
2975 2214 3087 2288 τὰρ
3127 2214 3274 2281 ἔλθῃ
3308 2213 3376 2266 τὸ
3421 2212 3680 2274 τέλειον,
3716 2209 3788 2262 τὸ

2192 2306 2262 2358 ἐκ
2289 2305 2512 2374 μέρους
2541 2305 3061 2376 καταργηθήσεται
3093 2307 3228 2378 (52).
3274 2306 3437 2358 Ὥστε
3472 2304 3568 2357 καὶ
3616 2303 3789 2356 καλὸν

2192 2395 2287 2449 τοῦ
2330 2397 2422 2450 νοῦ
2466 2399 2528 2450 τὸ
2578 2400 2892 2470 κριτήριον,
2940 2400 3035 2451 καὶ
3075 2398 3212 2471 πρὸς
3253 2396 3556 2468 εὔχρηστον
3601 2396 3786 2457 τέλος,

2194 2488 2291 2559 τὴν
2316 2488 2451 2542 Θεοῦ
2483 2491 2829 2562 κατανόησιν,
2856 2491 3160 2561 δεδομένον,
3191 2490 3449 2562 δνεργοῦν
3479 2490 3669 2561 μέντοι
3700 2501 3790 2542 τοι

2194 2581 2381 2638 σοῦτον
2411 2583 2534 2636 ὅσον
2569 2583 2720 2654 αὐτῷ
2746 2585 3014 2656 χωρητόν.

2697 2701 3047 2754 ΕΠΙΣΤΟΛΗ
3083 2702 3244 2758 ΣΛΔ’.

998 2809 1250 2874 Refeltitur
1272 2817 1613 2867 Anomazorum
1638 2817 1879 2870 cavillatio
1899 2820 2234 2880 quazreutium,
2260 2819 2448 2872 Colisne
2471 2820 2598 2884 quod
2616 2819 2759 2883 nosti,
2782 2834 2845 2872 an
2864 2823 2993 2885 quod
3018 2821 3252 2888 ignoras?

706 2911 892 2969 Eidem
927 2917 996 2968 ad
1025 2918 1190 2972 aliam
1214 2923 1556 2990 quivslionem
1587 2929 1878 2995 responsio.

576 3024 628 3078 I.
671 3024 829 3091 Quod
879 3030 1024 3084 nosti
1064 3031 1235 3096 colis,
1282 3049 1350 3087 an
1400 3037 1546 3104 quod
1597 3037 1858 3108 ignoras?
1897 3038 1954 3094 Si
1997 3056 2083 3094 re-

502 3117 838 3185 apondemus
867 3137 880 3172 :
912 3119 1066 3186 Quod
1095 3127 1500 3194 cognoscimus,
1535 3127 1638 3182 hoc
1671 3129 1940 3198 colimus;
1975 3131 2085 3185 cito

503 3207 573 3261 ab
626 3209 736 3264 illis
788 3213 1098 3266 occurritur
1136 3227 1150 3269 :
1185 3216 1446 3281 Quaenam
1505 3227 1591 3274 est
1641 3222 1881 3276 essentia
1938 3223 2085 3278 illius

503 3299 648 3368 quod
687 3301 902 3358 colitis?
931 3302 1086 3368 Quod
1118 3307 1161 3361 si
1195 3323 1298 3363 nos
1322 3308 1578 3378 ignorare
1602 3310 1874 3368 fateamus
1903 3329 2088 3369 essen-

499 3390 662 3455 tiam,
720 3399 1041 3463 retorquent
1099 3395 1280 3452 denuo
1325 3418 1337 3452 :
1377 3397 1546 3470 Igitur
1585 3401 1731 3470 quod
1781 3403 2082 3473 ignoratis,

502 3477 607 3534 hoc
644 3481 842 3536 colitis.
895 3481 1007 3540 Nos
1038 3500 1169 3540 vero
1214 3487 1452 3544 dicimus
1485 3489 1620 3543 illud
1649 3492 1786 3545 scire
1817 3494 2080 3565 multipli-

501 3586 618 3626 cem
666 3573 865 3630 liabere
909 3580 1261 3634 sententiam.
1296 3580 1432 3635 Nam
1463 3583 1699 3640 dicimus
1726 3599 1757 3638 a
1785 3587 1945 3643 nobis
1985 3603 2078 3643 co-

501 3666 692 3734 gnosci
741 3667 1080 3737 majestatem
1122 3670 1252 3739 Dei,
1289 3683 1341 3728 et
1377 3676 1707 3744 potentiam,
1760 3687 1815 3733 et
1865 3681 2085 3750 sapien-

500 3756 658 3823 tiam,
683 3763 738 3812 et
781 3758 1116 3826 bonitatem,
1168 3773 1221 3818 et
1271 3765 1698 3833 providentiam,
1751 3783 1857 3839 qua
1911 3771 2086 3824 nostri

500 3859 687 3900 curam
721 3848 885 3918 gerit,
921 3856 971 3906 et
1004 3851 1275 3919 justitiam
1309 3854 1456 3910 illius
1485 3856 1716 3925 judicii;
1757 3873 1866 3913 non
1907 3859 2080 3928 ipsam

500 3938 818 3995 essentiam.
863 3937 1049 4011 Itaque
1095 3944 1342 4012 captiosa
1379 3946 1753 4019 interrogatio.
1783 3948 1902 4004 Non
1933 3951 2082 4005 enim

501 4029 593 4097 qui
637 4045 698 4084 se
735 4033 1029 4086 essentiam
1063 4050 1172 4089 non
1203 4053 1367 4093 nosse
1400 4039 1555 4103 dicit,
1592 4039 1881 4097 confessus
1906 4051 1996 4098 est
2025 4058 2085 4098 se

501 4119 670 4176 Deum
718 4122 1006 4193 ignorare,
1054 4141 1179 4180 cum
1212 4143 1274 4183 ex
1312 4130 1499 4185 multis
1533 4147 1654 4200 qua:
1697 4135 2078 4189 recensuimus

499 4214 788 4285 colligatur
835 4216 994 4272 nobis
1031 4216 1125 4272 Dei
1163 4220 1334 4274 notio.
1373 4218 1479 4277 Sed
1511 4220 1675 4290 Deus,
1709 4224 1904 4294 inquit,
1950 4226 2082 4280 sim-

501 4306 622 4374 plex
647 4314 752 4371 est,
790 4313 844 4361 et
869 4307 1137 4378 quidquid
1161 4310 1215 4362 in
1249 4311 1368 4378 ipso
1403 4313 1748 4370 recensueris
1770 4330 1866 4370 ceu
1890 4324 2081 4370 notum

499 4405 553 4450 et
581 4398 862 4466 cognitum
883 4437 899 4462 ,
933 4397 1001 4452 ad
1043 4401 1340 4457 essentiam
1376 4403 1596 4460 attinet.
1636 4404 1750 4460 Hoc
1781 4407 1959 4476 ipsum
1992 4423 2084 4462 so-

500 4489 714 4558 phisma
739 4497 864 4564 est,
903 4491 1211 4548 innumeris
1247 4493 1471 4564 ineptiis
1503 4495 1790 4553 refertum.
1829 4499 1967 4555 Cum
2001 4509 2083 4554 tot

498 4588 553 4632 et
580 4589 729 4635 tanta
765 4582 876 4637 sint
895 4599 1016 4652 quae
1039 4587 1506 4650 enumeravimus,
1547 4597 1732 4644 utrum
1755 4590 1871 4647 haec
1893 4593 2079 4648 omnia

496 4673 753 4727 essentia:
781 4675 944 4729 unius
975 4681 1106 4730 sunt
1146 4677 1392 4742 nomina,
1427 4676 1683 4751 idemque
1715 4680 1856 4738 inter
1899 4700 1958 4740 se
1983 4701 2081 4741 va-

571 4827 616 4860 ⁸⁵
651 4826 818 4882 ICor.
843 4843 943 4883 xm
1000 4829 1056 4885 9.

574 4965 590 4984 ⁶
625 4961 774 5014 Alias
803 4961 912 5016 CD.
943 4961 1160 5029 Scripta
1191 4977 1336 5016 anno
1361 4965 1487 5018 576.

570 5031 838 5112 (29)_’It'r
873 5031 980 5112 μιᾷ
1009 5031 1194 5101 ῥοπῇ.
1237 5032 1370 5103 Reg.
1420 5035 1695 5091 secundus
1745 5040 1802 5091 εν
1852 5042 1949 5112 μιᾷ
1980 5040 2074 5095 τοῦ

498 5101 728 5173 οὐρανοῦ
766 5105 926 5173 ῥοπῇ.

572 5172 694 5252 (50)
729 5171 935 5252 diem.
983 5171 1154 5228 Coisl.
1201 5181 1427 5245 uterque
1470 5191 1593 5230 cum
1634 5177 1848 5235 duobus
1890 5179 2075 5252 Regiis

501 5240 702 5295 habent
737 5241 946 5312 φύσεις.

575 5312 692 5388 (Si)
731 5311 1172 5388 Ἐπιγνώσεται.
1207 5314 1346 5368 Editi
1374 5316 1458 5388 bis
1481 5315 1682 5372 habent
1711 5319 2074 5388 ἐπιγινώσκει-

501 5397 612 5433 ται.
643 5381 775 5453 Mss.
800 5381 1035 5452 utroque
1064 5387 1183 5438 loco
1205 5386 1586 5453 ἐπιγνώσεται.

577 5451 685 5519 (52)
717 5451 1258 5523 Καταργληθήσεται.
1289 5451 1579 5512 Medicaaus
1608 5456 1775 5515 codex
1806 5463 2078 5534 καταργή-

506 5537 674 5574 σεται.

575 5592 682 5659 (55)
720 5591 800 5656 Τῷ
824 5594 1003 5659 αὐτῷ,
1038 5602 1146 5649 etc.
1181 5596 1335 5651 Hunc
1363 5597 1579 5652 titulum
1615 5615 1864 5655 eruimus
1893 5617 1955 5655 ex
1984 5617 2078 5652 co-

501 5659 714 5715 dicibus
768 5663 927 5729 Med,
982 5664 1151 5723 Coisl.
1195 5670 1436 5722 secundo
1513 5668 1797 5727 Vaticano.
1854 5681 1907 5726 et
1956 5673 2075 5728 aliis

2421 2925 2506 2992 Τῷ
2545 2925 2708 2992 αὐτῷ
2749 2927 2857 2998 (55)
2885 2928 3036 2997 πρὸς
3067 2929 3222 2983 ἄλλο
3251 2930 3545 3001 ἐρώτημα.

2260 3041 2311 3093 I.
2361 3041 2425 3094 Ὃ
2468 3035 2638 3104 οἶδας,
2675 3042 2888 3107 σέϐεις;
2929 3044 2961 3114 ἢ
3001 3043 3028 3095 ὃ
3072 3045 3325 3112 ἀγνοεῑς;
3369 3047 3496 3100 Ἐὰν
3544 3052 3781 3119 ἀποκρι-

2187 3132 2425 3202 νώμεθα,
2479 3135 2544 3185 ’Ὁ
2578 3133 2798 3204 οἴδαμεν
2829 3135 2962 3207 (54),
2994 3136 3154 3190 τοῦτο
3189 3139 3606 3210 προσκυνοῦμεν
3627 3185 3643 3206 ,
3686 3159 3782 3196 τα-

2187 3227 2310 3294 χεῖα
2344 3223 2473 3292 παρ’
2508 3225 2684 3278 αὐτῶν
2715 3227 2747 3297 ή
2779 3227 3105 3299 ἀπάντησις,
3136 3230 3232 3293 Τίς
3263 3232 3295 3301 ἡ
3322 3231 3481 3286 οὐσία
3528 3232 3646 3303 (55)
3685 3231 3781 3288 τοῦ

2187 3314 2708 3384 προσκυνουμένου;
2780 3316 2904 3370 Ἐὰν
2957 3318 3016 3371 δὲ
3078 3320 3292 3388 ἀγνοεῖν
3351 3322 3785 3395 ὁμολογήσωμεν

2186 3405 2284 3476 τὴν
2308 3407 2517 3471 οὐσίαν,
2552 3406 2714 3460 πάλιν
2740 3409 2871 3480 ἡμῖν
2906 3412 3337 3484 περιτρέψαντες
3381 3414 3654 3482 λέγουσιν,
3699 3417 3783 3469 ὅτι

2188 3497 2397 3550 Οὐκοῦν
2437 3497 2466 3550 ὖ
2509 3499 2610 3551 οὐκ
2653 3499 2830 3553 οἴδατε
2879 3508 3258 3574 προσκυνεῖτε.
3312 3507 3504 3576 Ἡμεῖς
3536 3507 3593 3560 δὲ
3628 3508 3786 3575 λέγο-

2191 3605 2290 3658 μεν
2329 3587 2464 3656 (56),
2505 3591 2588 3643 ὅτι
2623 3590 2684 3644 τὸ
2721 3592 2944 3647 ειδέναι
2993 3597 3328 3668 πολύσημον.
3382 3601 3494 3653 Καὶ
3523 3600 3638 3672 γὰρ
3682 3604 3784 3674 τὴν

2190 3679 2588 3752 μεγαλειότητα
2616 3681 2710 3737 τοῦ
2739 3684 2874 3738 Θεοῦ
2899 3687 3099 3742 εἰδέναι
3125 3689 3377 3761 λέγομεν,
3407 3694 3502 3745 καὶ
3541 3695 3647 3764 τὴν
3692 3695 3786 3747 δύο

2186 3788 2369 3840 ναμιν,
2399 3775 2493 3826 καὶ
2526 3773 2626 3844 τὴν
2651 3775 2863 3844 σοφίαν,
2895 3779 2990 3830 καὶ
3023 3778 3122 3850 τὴν
3151 3781 3487 3851 ἀγαθότητα,
3534 3785 3634 3837 καὶ
3681 3787 3785 3857 τὴν

2186 3861 2446 3932 πρόνοιαν
2553 3867 2896 3937 ἐπιμελεῖται
2926 3871 3106 3940 ἡμῶν,
3137 3873 3231 3926 καὶ
3270 3875 3330 3926 τὸ
3370 3875 3577 3928 δίκαιον
3612 3877 3786 3930 αὐτοῦ

2185 3955 2284 4025 τῆς
2310 3957 2545 4027 κρίσεως
2568 3974 2581 3987 ·
2620 3960 2722 4012 οὐκ
2759 3961 2929 4032 αὐτὴν
2968 3965 3067 4033 τὴν
3102 3965 3310 4020 οὐσίαν.
3347 3967 3510 4021 Ὥστε
3543 3972 3789 4042 ἐπηρεα-

2188 4049 2348 4118 στικὴ
2379 4051 2413 4120 ἡ
2447 4049 2739 4122 ἐρώτησις.
2771 4055 2846 4106 Οὐ
2871 4055 2982 4126 γὰρ
3020 4059 3050 4108 6
3077 4057 3176 4128 τὴν
3204 4060 3394 4113 οὐσίαν
3432 4061 3508 4133 μὴ
3549 4065 3790 4132 φάσκων

2185 4139 2382 4193 εἰδέναι
2409 4141 2729 4214 ὡμολόγησε
2760 4146 2850 4199 τὸν
2890 4147 3022 4201 Θεὸν
3052 4149 3126 4221 μὴ
3167 4151 3516 4215 ἐπίστασθαι,
3549 4156 3617 4208 ὲκ
3653 4159 3790 4210 πο).-

2115 4275 2157 4329 D
2185 4232 2292 4285 λῶν
2323 4227 2398 4286 ὧν
2429 4235 2934 4310 ἀπηριθμησάμεὼ
2961 4245 3334 4315 συναγομένης
3359 4249 3492 4316 ἡμῖν
3513 4248 3618 4319 τῆς
3649 4257 3787 4321 περὶ

2185 4323 2318 4377 Θεοῦ
2363 4327 2594 4392 ἐννοίας.
2642 4328 2782 4384 Ἀλλ’
2817 4332 3040 4398 ἁπλοῦς,
3070 4337 3254 4404 φησὶν,
3291 4339 3318 4390 6
3353 4338 3506 4403 Θεὸς,
3537 4345 3636 4395 καὶ
3669 4347 3785 4397 πᾶν

2183 4417 2321 4488 ὅπερ
2369 4419 2434 4472 ἂν
2483 4422 2648 4475 αὐτοῦ
2698 4424 3056 4498 ἀπαριθμήσῃ
3104 4430 3380 4496 γνωστὸν,
3434 4434 3535 4505 τῆς
3587 4437 3787 4501 οὐσίας

2182 4509 2320 4561 ἐστί.
2373 4510 2544 4566 Τοῦτο
2591 4513 2648 4568 δὲ
2698 4515 2938 4588 σόφισμά
2985 4520 3101 4573 ἐστι
3143 4524 3342 4592 μυρίας
3397 4523 3498 4589 τὰς
3545 4527 3788 4592 ἀτοπίας

2183 4599 2326 4669 ἕχον.
2366 4603 2650 4660 Τοσούτων
2684 4607 2791 4661 τῶν
2816 4610 3288 4684 ἁπηριθμημένων
3326 4616 3516 4679 ὄντων,
3547 4621 3788 4693 πότερον

2181 4691 2351 4746 ταῦτα
2387 4695 2564 4749 πάντα
2605 4700 2736 4768 μιᾶς
2779 4702 2969 4767 οὐσίας
3011 4704 3284 4776 ὀνόματα;
3334 4709 3428 4762 καὶ
3463 4691 3788 4784 ἔσοδυναμεῖ

2179 4981 2483 5035 nonnullis.

2253 5049 2362 5116 (54)
2413 5052 2513 5133 ᾪις
2559 5053 3125 5133 οἷδαμενκρυίηιιυο
3171 5061 3394 5133 codices
3436 5068 3783 5133 praemittunt

2179 5117 2281 5200 ξτι,
2314 5121 2459 5200 quod
2494 5129 2674 5200 tamen
2693 5117 2804 5179 'nec
2827 5117 3142 5195 Miidiczéus,
3175 5147 3276 5186 nec
3303 5117 3658 5200 Harliteanus,
3682 5159 3785 5194 nec

2178 5187 2554 5268 Coislinianus
2582 5195 2792 5268 primus
2824 5187 3153 5268 agnoscunt.

2218 5260 2379 5349 £35),
2402 5263 2498 5349 Ἰξίς
2523 5264 2561 5331 ἡ
2583 5260 2795 5320 ἡούσία.
2828 5260 3122 5326 Hedicaeus
3153 5279 3209 5325 et
3248 5270 3454 5343 Regius
3493 5281 3782 5335 secundus

2177 5346 2228 5380 τι
2251 5330 2679 5472 (ἓῶδᾷιὲγ-ομεν,
2712 5405 2822 5461 ὅτι.
2856 5406 3015 5464 Deest
3041 5411 3175 5464 illud
3207 5412 3287 5466 ὅτι
3324 5413 3378 5466 in
3421 5415 3608 5473 tribus
3635 5435 3775 5476 mss.

2181 5484 2286 5554 non
2323 5475 2733 5530 vetustissimis.
2787 5476 2906 5554 Mox
2943 5481 3072 5533 editi
3115 5482 3314 5554 εἰδέναι
3357 5483 3628 5554 δηλονότι,
3681 5475 3776 5545 sed

2160 5541 2341 5664 allies!l
2375 5554 2648 5666 posuit:qu
2689 5563 2788 5602 vox
2837 5551 2904 5604 ab
2945 5553 3350 5622 antiquissimis
3391 5541 3776 5618 c'odicirbus‘ei

2182 5625 2212 5666 ι)
2241 5626 2318 5663 III'I
2349 5629 2430 5666 1115
2466 5632 2492 5666 1]
2523 5631 2607 5666 IIS.

2182 5625 2430 5679 pllll‘lIlllS
2466 5625 2607 5669 atus.
