3856 6224
143 268 253 324 869

991 264 1484 323 EPISTULARUM
1521 264 1808 322 CLASSIS
1847 263 1913 320 ll.
1953 263 2173 320 EPIST.
2214 264 2552 321 CCXXX“.

3318 273 3426 328 870

141 384 402 455 ἀλλήλοις
440 381 500 436 τὸ
544 382 774 456 φοϐερόν
814 382 981 437 αὐτοῦ
1012 384 1109 438 καὶ
1140 383 1203 436 τὸ
1231 384 1634 457 φιλανθρωπον,
1679 387 1738 439 τὸ

1850 385 1958 439 Ient
1989 393 2170 439 terror
2200 384 2350 440 illius
2374 395 2430 440 et
2454 385 2792 456 benignitas,
2817 386 3033 457 justitia
3063 399 3120 443 et
3153 389 3236 445 vis
3265 404 3424 444 crea-

142 475 358 529 δίκαιον
388 475 484 530 καὶ
522 476 586 529 τὸ
627 476 1040 548 δημιουργικὸν,
1084 477 1146 530 τὸ
1191 479 1596 548 προγνωστικὸν
1641 479 1734 531 καὶ

142 567 212 620 τὸ
242 566 684 632 ἀνταποδοτικδν,
720 567 785 622 τὸ
811 567 1096 638 μεγαλεῖον
1134 567 1229 621 καὶ
1255 568 1314 621 τὸ
1343 569 1734 639 προνοητικόν;

145 657 183 728 ἢ
227 657 324 710 καὶ
365 657 501 729 ὅπερ
535 657 603 710 ἂν
638 656 848 712 τούτων
877 659 1144 728 εἴπωμεν,
1192 659 1292 730 τὴν
1323 659 1510 711 οὐσίαν
1543 659 1734 730 δηλοῦ-

153 764 256 817 μεν
286 765 300 806 :
331 747 504 820 Εἴπερ
535 747 645 819 γὰρ
681 749 839 802 τοῦτο
875 749 1116 818 λέγουσι,
1155 750 1230 820 μὴ
1267 749 1650 822 ὲρωτάτωσαν,
1688 753 1736 804 εἰ

147 835 250 906 τὴν
279 835 465 891 οὐσίαν
509 836 732 908 οῖδαμεν
774 837 868 891 τοῦ
902 838 1060 902 Θεοῦ,
1097 839 1233 892 ἀλλά
1276 840 1738 896 πυνθανέσθωσαν

149 927 336 997 ἡμῶν,
370 928 419 978 εί
459 928 689 998 φοϐερὸν
731 929 952 1000 οἴδαμεν
995 929 1087 984 τὸν
1117 929 1286 995 Θεὸν,
1341 931 1373 1001 ἢ
1406 933 1454 984 εί
1495 931 1736 997 δίκαιον,

151 1017 187 1087 ἢ
221 1021 273 1070 εί
307 1019 415 1089 (57)
452 1019 868 1091 φιλάνθρωπον;
903 1020 1088 1074 Ταῦτα
1118 1022 1487 1094 ὁμολογοῦμεν
1517 1023 1736 1076 εἰδέναι.

154 1110 218 1162 ΕΞ
258 1110 316 1162 δὲ
347 1110 474 1165 ἄλλο
499 1128 550 1164 τι
572 1111 790 1180 λέγουσι
815 1113 914 1184 τὴν
935 1113 1143 1178 οὐσίαν,
1163 1114 1238 1185 μὴ
1257 1114 1738 1186 παραλογιζέσθω-

156 1217 258 1255 σαν
284 1204 434 1273 ἡμᾶς
463 1202 552 1256 διὰ
587 1204 690 1273 τῆς
713 1205 1036 1275 ἁπλότητος.
1067 1206 1230 1258 Αὐτοὶ
1259 1205 1366 1275 γὰρ
1384 1205 1741 1276 ὡμολόγησαν

152 1293 286 1347 ἄλλο
323 1294 355 1365 ἦ
391 1295 516 1348 ἀλλο
545 1291 683 1349 εἶναι
713 1297 812 1367 τήν
841 1313 901 1350 τε
943 1298 1132 1350 οὐσίαν
1159 1299 1252 1351 καὶ
1293 1298 1403 1351 τῶν
1425 1301 1538 1370 ἀπη
1550 1299 1743 1370 ριθμη-

158 1384 339 1454 μένων
386 1386 636 1440 ἕκαστον.
683 1387 821 1440 Ἀλλ’
850 1391 907 1441 αἱ
943 1389 1042 1460 μὲν
1092 1389 1364 1460 ἐνέργειαι
1397 1390 1659 1454 ποικίλαι,
1708 1393 1741 1462 ἡ

154 1475 214 1528 δὲ
260 1475 419 1529 οὐσία
464 1477 633 1548 ἁπλῆ.
681 1477 875 1550 Ἡμεῖς
916 1480 974 1532 δὲ
1024 1482 1088 1533 ἐκ
1142 1480 1243 1550 μὲν
1291 1480 1400 1535 τῶν
1455 1480 1744 1552 ἐνεργειῶν

155 1566 445 1639 γνωρίζειν
477 1569 710 1641 λέγομεν
735 1571 828 1625 τὸν
861 1571 994 1625 Θεὸν
1025 1572 1204 1642 ἡμῶν,
1235 1575 1303 1644 τῇ
1336 1573 1392 1626 δὲ
1419 1573 1576 1644 οὐσίᾳ
1604 1573 1742 1643 αὐτῇ

155 1661 545 1732 προσεγγίζειν
589 1663 687 1734 οὐχ
735 1662 1164 1735 ὑπισχνούμεθα.
1213 1665 1279 1716 Αἱ
1312 1665 1410 1735 μὲν
1441 1664 1550 1735 γὰρ
1593 1664 1746 1736 ἐνέρ-

1836 474 1973 534 trix,
2007 475 2270 542 praenutio
2297 481 2352 529 et
2387 475 2778 530 remunerandi
2811 477 2974 540 ratio,
3017 479 3425 550 magniﬁcentia

1835 571 1892 618 ct
1923 565 2296 633 providentia;
2338 581 2406 620 an
2437 566 2804 638 quodcunque
2848 569 3046 623 horum
3091 571 3420 634 dixerimus,

1836 658 2130 712 essentiam
2187 658 2572 713 declaramus?
2608 657 2744 712 Nam
2796 661 2841 715 si
2895 662 3026 716 illud
3077 663 3304 728 dicunt,
3356 681 3425 719 ne

1837 747 2175 817 interrogent
2205 763 2275 804 an
2307 750 2603 804 essentiam
2651 752 2966 805 noverimus
2999 751 3128 818 Dei,
3163 754 3257 808 sed
3304 770 3428 824 per-

1839 841 2130 888 contentur
2185 849 2253 888 an
2311 837 2663 890 metuendum
2718 841 3034 895 noverimus
3092 841 3298 907 Deum,
3355 859 3425 896 an

1835 922 2084 991 justum,
2137 940 2205 979 an
2262 925 2720 982 misericordem?
2762 928 2888 984 Haec
2935 932 3096 987 nobis
3134 940 3262 986 nota
3305 949 3430 988 esse

1841 1014 2191 1070 conﬁtemur.
2239 1016 2396 1082 Quod
2443 1021 2488 1074 si
2534 1021 2666 1091 quid
2697 1023 2844 1077 aliud
2891 1023 3080 1078 dicunt
3110 1027 3426 1091 essentiam,

1842 1121 1911 1159 ne
1945 1121 2049 1161 nos
2087 1108 2439 1164 ludiﬁcentur
2486 1127 2583 1181 per
2630 1113 2781 1169 illius
2833 1115 3263 1186 simplicitatem.
3317 1116 3429 1187 Ipsi

1843 1195 2112 1264 siquidem
2144 1199 2382 1255 confessi
2413 1203 2712 1258 sunt-aliud
2735 1213 2898 1276 atque
2927 1207 3075 1261 aliud
3099 1223 3224 1263 esse
3247 1223 3433 1263 δεδμη-

1844 1290 1973 1340 tiam
2014 1298 2067 1342 et
2108 1293 2535 1362 unumquodque
2567 1309 2754 1348 eorum
2783 1312 2905 1366 quae
2967 1300 3428 1354 enutneravimus.

1848 1380 1955 1434 Sed
1985 1383 2152 1436 varia:
2185 1384 2405 1452 quidem
2443 1387 2795 1454 operationes
2817 1428 2831 1451 ,
2865 1389 3102 1444 essentia
3139 1405 3268 1444 vero
3301 1391 3433 1445 sim-

1845 1474 1989 1542 plex.
2025 1471 2134 1528 Nos
2171 1482 2354 1528 autem
2387 1490 2452 1530 ex
2479 1478 2894 1546 operationibus
2921 1480 3179 1549 cognosci
3210 1496 3240 1534 a
3271 1481 3430 1534 nobis

1846 1565 2081 1620 dicimus
2131 1564 2302 1620 Deum
2338 1577 2621 1635 nostrum,
2670 1569 2766 1625 sed
2814 1571 2880 1624 ad
2926 1571 3099 1641 ipsam
3137 1572 3431 1628 essentiam

1849 1671 2176 1713 accessuros
2211 1673 2321 1712 non
2369 1660 2718 1728 pollicemur.
2768 1660 2947 1732 Ipsius
2997 1663 3268 1732 siquidem
3300 1679 3432 1732 ope-

157 1764 311 1815 γειαι
352 1750 517 1805 αὐτοῦ
560 1754 698 1825 πρὸς
743 1756 893 1825 ἡμᾶς
930 1754 1376 1819 καταϐαίνουσιν,
1414 1757 1448 1828 ἡ
1493 1756 1550 1810 δὲ
1595 1756 1750 1809 οὐσία

1853 1750 2094 1802 rationes
2127 1747 2196 1801 ad
2224 1763 2326 1803 nos
2355 1749 2730 1815 descendunt,
2774 1754 3010 1808 essentia
3057 1761 3239 1809 autem
3285 1754 3434 1810 illius

155 1843 326 1896 αὐτοῦ
363 1842 510 1914 μένει
538 1847 848 1918 ἀπρόσιτος.

229 1933 288 1988 2.
343 1934 479 1988 Ἀλλ’
530 1940 578 1991 εί
627 1937 726 2009 τὴν
773 1939 984 2006 οὐσίαν,
1038 1937 1224 2009 φησὶν,
1285 1939 1518 2008 ἀγνοεῖς,
1584 1940 1746 1993 αὐτὸν

156 2025 396 2096 ἀγνοεῖς.
440 2029 512 2082 Σὺ
542 2028 598 2082 δὲ
635 2031 992 2101 ἀπίστρεψον
1017 2073 1032 2098 ,
1060 2033 1141 2086 ὅτι
1174 2032 1237 2085 Εἰ
1292 2029 1391 2101 τὴν
1439 2033 1629 2085 οὐσίαν
1662 2033 1748 2085 λέ-

156 2133 281 2186 γεις
319 2117 536 2185 εἰδέναι,
568 2121 732 2174 αὐτὸν
761 2122 860 2174 οὐκ
904 2123 1215 2177 ἐπίστασαι.
1249 2123 1386 2176 Οὔτε
1419 2122 1528 2194 γὰρ
1561 2125 1589 2176 ὁ
1616 2123 1746 2176 λυσ-

159 2207 442 2282 σόόηκτος,
475 2211 688 2281 βλέπων
714 2212 806 2266 τὸν
838 2213 975 2268 κύνα
1011 2215 1070 2268 ὲν
1106 2219 1172 2288 τῇ
1212 2217 1400 2289 φιάλῃ,
1435 2215 1617 2270 πλεῖον
1642 2216 1747 2289 ὁρᾷ

155 2297 271 2354 τῶν
299 2302 650 2370 ὑγιαινόντων
670 2320 684 2334 ·
713 2303 851 2358 ἀλλά
881 2305 970 2358 διὰ
1002 2303 1160 2359 τοῦτο
1188 2307 1440 2370 ἐλεεινὸς,
1470 2307 1551 2360 ὅτι
1579 2306 1747 2359 οἴεται

162 2389 386 2463 βλέπειν
426 2394 462 2449 ἃ
515 2397 591 2467 μὴ
635 2397 759 2468 ὁρᾷ.
807 2397 898 2468 Μὴ
943 2393 1036 2452 οὖν
1086 2397 1376 2470 θαυμάσῃς
1424 2398 1610 2452 τοῦτον
1649 2399 1749 2469 τῆς

159 2483 534 2556 ὐπαγγελίας,
597 2487 734 2542 ἀλλὰ
790 2488 892 2558 τῆς
943 2490 1246 2559 παρανοίας
1305 2490 1465 2543 αὐτὸν
1515 2487 1749 2542 ἐλεεινὸν

159 2579 367 2647 κρῖνον.
398 2578 640 2632 Γίνωσκε
659 2579 861 2644 τοίνυν,
889 2579 972 2632 ὅτι
1003 2579 1310 2643 παιζόντων
1330 2581 1531 2650 ὲστὶνή
1559 2578 1710 2650 φωνή
1729 2595 1743 2608 ⁸

159 2671 226 2723 El
277 2672 376 2742 τὴν
423 2672 610 2726 οὐσίαν
648 2671 744 2725 τοῦ
788 2672 924 2726 Θεοῦ
951 2675 1188 2742 ἀγνοεῖς,
1236 2674 1266 2727 ὃ
1316 2675 1391 2745 μὴ
1435 2673 1745 2742 γινώσκεις,

160 2759 362 2824 σέϐεις.
407 2760 547 2830 Ἐγὼ
587 2761 663 2823 δὲ,
693 2763 775 2815 ὅτι
809 2764 908 2834 μὲν
935 2763 1103 2827 ἔστιν,
1134 2759 1284 2818 οἴδα·
1327 2765 1378 2818 τί
1413 2765 1468 2818 δὲ
1502 2767 1535 2838 ἡ
1566 2767 1745 2829 οὐσία,

158 2851 306 2923 ὑπὲρ
339 2851 578 2906 διάνοιαν
621 2852 862 2923 τίθεμαι.
901 2852 1026 2918 Πῶς
1056 2849 1148 2907 οὖν
1191 2852 1469 2924 σώζομαι;
1510 2855 1608 2908 Διά
1649 2855 1749 2926 τῆς

159 2943 422 3007 πίστεως.
455 2944 644 3007 Πίστις
669 2944 728 2998 δὲ
769 2945 1050 3018 αὐτάρκης
1081 2945 1298 3010 εἰδέναι,
1329 2947 1412 2999 ὅτι
1443 2945 1560 2999 ἔστι
1589 2946 1744 3010 Θεὸς,

157 3036 284 3105 οὐχὶ
319 3036 373 3089 τί
410 3037 526 3090 ἐστι
547 3052 562 3066 ·
592 3036 687 3089 καὶ
715 3037 827 3099 τοῖς
860 3035 1181 3108 ἐκζητοῦσιν
1215 3038 1378 3092 αὐτὸν
1419 3039 1747 3110 μισθαποδό-

156 3142 263 3197 της
287 3128 520 3195 γίνεται.
550 3127 771 3197 Εἴδησις
807 3125 914 3198 ἄρα
944 3127 1046 3197 τῆς
1081 3127 1232 3192 θείας
1269 3129 1458 3193 οὐσίας
1483 3132 1516 3201 ἡ
1549 3130 1746 3200 αἰσθηκ

158 3235 250 3282 σις
274 3218 440 3273 αὐτοῦ
466 3219 568 3290 τῆς
591 3219 969 3290 ἀκαταληψίας
987 3237 1001 3252 °
1037 3223 1132 3276 καὶ
1167 3223 1363 3276 σεπτὸν
1400 3223 1460 3276 οὐ
1492 3223 1552 3276 τὸ
1575 3240 1746 3276 κατα-

159 3309 368 3382 ληφθὲν
393 3313 478 3376 τίς
510 3313 543 3383 ἡ
571 3313 750 3378 οὐσία,
785 3313 900 3367 ἀλλ’
925 3314 1005 3368 ὅτι
1033 3313 1180 3368 ἐστιν
1210 3316 1244 3386 ἡ
1273 3315 1452 3368 οὐσία.

1848 1846 2031 1894 manet
2059 1840 2364 1896 inaccessa.

1915 1931 1968 1984 2.
2005 1929 2110 1986 Sed
2145 1932 2191 1986 si
2217 1933 2539 2000 essentiam,
2569 1933 2769 2004 inquit,
2802 1935 3046 2005 ignoras,
3077 1936 3255 2007 ipsum
3279 1937 3436 2008 igno-

1847 2039 1960 2080 ras.
1998 2023 2080 2077 Tn
2103 2039 2234 2078 vero
2265 2033 2562 2080 converte:
2590 2025 2897 2081 Essenliam
2928 2029 2974 2082 si
3009 2027 3147 2082 dicis
3173 2036 3223 2082 te
3243 2043 3432 2095 nosse,

1849 2113 2026 2184 ipsum
2068 2129 2178 2167 non
2227 2116 2540 2185 cognoscis.
2589 2115 2780 2186 Neque
2807 2118 2976 2180 enim,
3021 2117 3114 2186 qui
3148 2133 3365 2172 morsus
3403 2134 3433 2171 a

1850 2218 1987 2257 cane
2044 2201 2246 2256 rabido
2300 2203 2454 2258 videt
2501 2219 2693 2259 canem
2751 2205 2806 2259 in
2861 2207 3078 2276 phiala,
3130 2207 3253 2277 plus
3288 2209 3437 2262 videt

1849 2309 2013 2365 quam
2047 2297 2142 2365 qui
2174 2297 2294 2350 sani
2333 2304 2497 2364 sunt;
2534 2297 2630 2353 sed
2667 2298 2877 2354 idcirco
2913 2300 3109 2369 dignus
3140 2301 3438 2356 commise-

1850 2387 2065 2442 ratione
2088 2397 2193 2453 est,
2221 2388 2368 2458 quod
2413 2397 2564 2458 putet
2593 2404 2652 2444 se
2681 2387 2846 2460 358
2869 2391 3054 2444 videre
3074 2406 3195 2460 quae
3221 2407 3329 2444 non
3357 2394 3438 2445 vi-

1849 2478 1962 2534 det.
2009 2477 2166 2532 lllum
2204 2495 2336 2550 ergo
2377 2495 2446 2534 ne
2486 2480 2706 2534 mireris
2736 2482 2807 2534 ob
2848 2482 3305 2550 promissionem,
3337 2480 3435 2536 sed

1849 2571 1918 2626 ob
1949 2571 2282 2626 dementiam
2315 2572 2577 2627 miserum
2603 2571 2813 2642 judica.
2845 2571 3200 2642 Perspectum
3249 2573 3437 2642 itaque

1850 2664 1948 2718 tibi
1973 2664 2046 2718 sit
2079 2677 2273 2718 vocem
2299 2679 2420 2718 esse
2449 2663 2846 2718 ludiﬁcantium
2877 2682 2890 2716 :
2921 2663 2978 2718 Si
3009 2665 3304 2720 essentiam
3342 2663 3435 2718 Dei

1851 2758 2107 2828 ignoras,
2144 2755 2292 2826 quod
2340 2757 2562 2827 ignoras
2603 2758 2760 2813 colis.
2795 2757 2908 2828 Ego
2937 2742 3086 2813 vero
3118 2758 3272 2812 illum
3312 2773 3440 2812 esse

1851 2850 2022 2905 novi:
2066 2849 2198 2919 quid
2245 2856 2428 2904 autem
2480 2850 2755 2917 essentia,
2805 2865 2971 2920 supra
3022 2849 3436 2920 intelligentiam

1850 2957 1976 2996 esse
2025 2941 2189 2995 duco.
2239 2939 2527 3006 Quomodo
2587 2940 2756 3011 igitur
2808 2941 3037 2997 salvor?
3087 2940 3194 2996 Per
3249 2941 3433 2996 ﬁdem.

1851 3032 2016 3089 Fides
2039 3048 2204 3104 porro
2227 3033 2367 3088 satis
2400 3032 2597 3087 idonea
2628 3041 2733 3096 est,
2769 3031 2937 3088 Deum
2973 3049 3098 3090 esse
3131 3035 3298 3098 scire,
3325 3048 3438 3089 non

1852 3126 1986 3196 quid
2028 3126 2135 3190 sit;
2177 3139 2414 3195 eumque
2447 3137 2916 3182 remuneratorem
2947 3142 3071 3183 esse
3105 3141 3298 3183 eorum
3339 3127 3437 3196 qui

1853 3219 2033 3287 ipsum
2087 3227 2360 3288 quaerunt.
2410 3216 2664 3290 Cognitio
2711 3219 2878 3290 igitur
2922 3221 3177 3276 essentiae
3223 3220 3279 3275 in
3332 3219 3440 3274 hoc

1855 3311 2069 3380 posita,
2126 3315 2186 3362 ut
2241 3309 2420 3379 ipsum
2478 3325 2591 3364 non
2644 3325 2809 3380 posse
2862 3311 3255 3382 comprehendi
3309 3326 3438 3380 per-

162 3403 469 3482 spiciamns
499 3422 515 3460 :
554 3404 800 3476 illudque
831 3405 1090 3475 colimus,
1123 3407 1191 3463 de
1217 3422 1328 3478 quo
1361 3407 1746 3479 cognovimus,
1781 3418 1892 3458 non
1912 3401 2046 3474 quid
2073 3402 2147 3457 sit
2166 3400 2290 3470 ejus
2317 3401 2578 3467 essentia,
2611 3403 2707 3458 sed
2737 3403 2880 3458 hanc
2932 3405 3200 3460 exsistere
3255 3418 3441 3459 essen.

159 3495 319 3548 tiam.

233 3587 288 3641 5.
330 3585 442 3638 Καὶ
473 3585 972 3657 ἀντερωτάσθωσαν
1015 3587 1179 3643 οὕτω.
1223 3587 1374 3644 Θεὸν
1409 3587 1609 3655 οὐδεὶς
1637 3585 1743 3641 ἐώ-

155 3695 309 3746 ραρπεε
356 3675 612 3732 πώποτεο
657 3681 690 3733 d
723 3680 1062 3750 μονογενὴς
1107 3681 1262 3748 Υἱὸς,
1312 3685 1346 3736 ό
1384 3680 1470 3735 ὢν
1510 3683 1597 3747 εις
1641 3679 1750 3733 τὸν

157 3771 400 3824 κόλπον
433 3770 543 3825 τοῦ
593 3772 844 3840 Πατρός,
900 3769 1079 3840 οὗτος
1133 3774 1495 3844 ἐξηγήσατο.
1559 3774 1624 3826 Τί
1669 3771 1750 3838 ἐξ·

161 3861 410 3932 ηγήσατο
435 3861 528 3914 τοῦ
561 3863 776 3934 Πατρὸς
797 3865 826 3916 ό
849 3865 1192 3937 Μονογενής;
1225 3867 1336 3938 Τὴν
1359 3867 1565 3932 οὐσίαν,
1588 3867 1621 3938 ἢ
1651 3866 1750 3937 τὴν

163 3949 429 4022 δύναμιν;
495 3953 558 4006 Εί
618 3954 718 4026 τὴν
774 3955 1001 4028 δύναμιν
1055 3956 1202 4029 (38),
1255 3959 1380 4012 ὅσον
1442 3959 1747 4031 ἐξηγήσατο

163 4043 319 4114 ἡμῖν,
369 4045 624 4100 τοσοῦτον
671 4047 1033 4119 γνωρίζομεν.
1088 4049 1151 4102 ΕΞ
1208 4049 1306 4121 τὴν
1343 4050 1549 4115 οὐσίαν,
1602 4051 1742 4113 εἰπὲ,

159 4135 270 4189 ποῦ
313 4132 464 4190 εἶπεν
511 4137 675 4192 αὐτοῦ
707 4138 806 4210 τὴν
850 4141 1176 4211 ἀγεννησίαν
1209 4142 1432 4207 οὐσίαν;
1494 4142 1747 4214 Ἀϐραὰμ

165 4228 301 4282 πότε
350 4229 792 4302 προσεκύνησεν;
846 4231 958 4302 Οὐχ
1004 4233 1092 4285 ὅτε
1139 4231 1460 4299 Ertio-cauos;
1509 4233 1648 4287 Πότε
1689 4235 1745 4287 δὲ

162 4321 518 4388 ἐπίστευσεν;
561 4322 672 4393 Οὐχ
717 4322 806 4376 ὅτε
853 4323 1090 4396 ὲκλήθη;
1135 4325 1246 4379 Ποῦ
1289 4322 1382 4380 οὖν
1429 4326 1660 4381 ἐνταῦθα
1710 4328 1743 4400 ἡ

1922 3579 1975 3632 5.
2031 3576 2140 3632 Sed
2191 3577 2272 3632 sic
2306 3577 2552 3632 vicissim
2605 3579 3032 3649 interrogentur.
3070 3579 3241 3635 Deum
3286 3600 3438 3640 nemo

1850 3669 1983 3724 vidit
2026 3684 2261 3738 unquam
2294 3682 2313 3719 .'
2347 3669 2647 3738 unigenitus
2701 3668 2910 3736 Filius,
2961 3672 3053 3741 qui
3103 3675 3264 3728 estin
3313 3677 3439 3730 sintt

1852 3761 2060 3827 Patris,
2111 3759 2205 3813 ille
2235 3761 2502 3814 enarravit
2538 3761 2605 3815 “.
2657 3760 2800 3827 Quid
2834 3765 3115 3818 enarravit
3159 3765 3228 3820 de
3273 3764 3438 3824 Patre

1854 3850 2225 3922 llnigenitus?
2254 3849 2584 3916 Essentiam,
2616 3866 2684 3905 an
2712 3854 3080 3922 potestatem?
3108 3853 3165 3908 Si
3192 3863 3438 3925 potesta-

1853 3955 1961 4002 tem
1983 3985 1999 4008 ,
2031 3953 2298 4014 quantum
2348 3944 2621 3998 nuntiavit
2653 3945 2813 4000 nobis
2833 3983 2848 4009 ,
2896 3953 3109 4000 tantum
3145 3950 3438 4018 cognosci-

1859 4054 2006 4094 mus.
2042 4035 2098 4092 Si
2121 4036 2441 4101 essentiam,
2471 4037 2561 4091 dic
2584 4037 2804 4091 ubinam
2837 4037 3039 4092 dixerit
3064 4038 3436 4108 ingeneratio-

1853 4144 1976 4184 nem
2007 4142 2131 4182 esse
2166 4127 2339 4197 ipsius
2368 4129 2690 4183 essentiam.
2723 4127 2956 4194 Quando
2997 4128 3273 4184 Abraham
3304 4131 3436 4186 ado-

1851 4222 2032 4276 ravit?
2080 4219 2276 4275 Nonne
2329 4220 2554 4290 quando
2618 4220 2896 4275 credidit?
2952 4219 3186 4286 Quando
3251 4232 3436 4281 autem

1852 4313 2126 4369 credidit?
2177 4311 2372 4369 Nonne
2429 4313 2649 4383 quando
2701 4321 2931 4369 vocatus
2995 4315 3126 4369 est?
3191 4314 3428 4371 Ubinam

159 4413 473 4483 κατάληψις
527 4413 676 4485 αὐτῷ
724 4415 1083 4488 ἐμαρτυρήθη
1131 4417 1286 4490 παρὰ
1337 4418 1439 4488 τῆς
1491 4419 1746 4490 Γραφῆςς

1853 4403 2071 4459 tandem
2102 4404 2255 4458 illum
2291 4402 2577 4473 Scriptura
2626 4411 2861 4458 testatur
2903 4405 3436 4474 comprehendisse?

164 4507 232 4558 Οἱ
270 4506 510 4576 μαθηταὶ
545 4507 602 4559 δὲ
643 4506 806 4560 αὐτὸν
834 4509 967 4561 πότε
1010 4509 1460 4582 προσεκύνησαν;
1493 4511 1620 4582 ,Οὐχ
1655 4513 1746 4565 ὅτε

162 4597 266 4666 τὴν
315 4598 490 4650 κτίσιν
538 4596 686 4668 αὐτῷ
731 4595 870 4654 εἶδον
925 4601 1401 4674 ὐποτεταγμένην;
1461 4603 1594 4658 Ἀπὸ
1637 4604 1747 4677 γὰρ

163 4687 446 4760 θαλάσσης
487 4690 582 4744 καὶ
617 4690 836 4760 ἀνέμων
867 4692 1294 4748 ὑπακουσάντων
1337 4693 1486 4766 αὐτῷ
1527 4695 1750 4768 ἐγνώρι-

166 4797 269 4832 σαν
301 4779 466 4834 αὐτοῦ
499 4780 598 4852 τὴν
627 4783 876 4854 θεότητα.
929 4785 1140 4839 Οὐκοῦν
1168 4786 1277 4839 ἀπὸ
1321 4787 1422 4857 μὲν
1461 4787 1568 4842 τῶν
1606 4789 1749 4860 ἐνερ-

162 4875 329 4944 γειῶν
355 4876 389 4945 ἡ
422 4875 641 4944 γνῶσις,
668 4877 776 4930 ἀπὸ
798 4877 854 4930 δὲ
881 4877 981 4948 τῆς
1003 4876 1259 4947 γνώσεως
1286 4879 1319 4950 ἡ
1354 4879 1742 4951 προσκύνησις.

161 4969 499 5033 Πιστεύεις,
521 4967 610 5021 ὅτι
639 4968 895 5038 δύναμαι
918 4967 1093 5022 τοῦτο
1130 4968 1416 5038 ποιῆσαι;
1457 4973 1745 5038 Πιστεύω,

162 5060 380 5126 Κύριε·
435 5059 535 5113 καὶ
588 5061 1054 5128 προσεκύνησεν
1107 5041 1286 5126 αὐτῷ.
1337 5060 1523 5125 Οὕτως
1567 5065 1601 5134 ἠ
1649 5063 1747 5133 μὲν

162 5149 536 5220 προσκύνησις
573 5153 640 5221 τῇ
676 5150 857 5204 πίστει
891 5151 1206 5205 ἀκολουθεῖ·
1241 5155 1274 5223 ἡ
1325 5152 1382 5204 δὲ
1421 5153 1603 5218 πίστις
1641 5155 1748 5208 ἀπὸ

161 5243 451 5311 δυνάμεως
482 5241 815 5312 βεϐαιοῦται.
864 5244 928 5297 Ei
956 5243 1012 5296 δὲ
1057 5243 1239 5313 λέγεις
1283 5244 1374 5299 τὸν
1424 5245 1748 5302 πιστεύοντα

239 5417 286 5448 ⁸⁸
311 5415 471 5471 Joan.
501 5433 542 5482 ι,
574 5418 658 5474 i8.
735 5419 778 5452 δ’
818 5419 1010 5474 Matth.
1057 5435 1108 5476 ix
1135 5461 1152 5486 ,
1193 5421 1282 5478 28.

242 5571 352 5642 (37)
382 5573 452 5628 Ἡ
493 5575 564 5626 ει.
619 5572 904 5630 Postrema
951 5577 1142 5630 vocula
1198 5575 1381 5631 addita
1434 5593 1501 5632 ex
1549 5595 1745 5636 novem

163 5657 302 5696 mss.

243 5713 350 5783 (38)
377 5715 444 5768 El
466 5714 568 5781 τὴν
603 5714 877 5785 δύναμιν.
909 5714 1034 5772 Haec
1060 5715 1244 5773 addita
1269 5731 1334 5773 ει
1357 5732 1491 5776 mss.
1522 5720 1739 5790 decem;

1847 4494 2080 4562 Quando
2121 4496 2310 4550 itidem
2342 4495 2600 4565 discipuli
2647 4496 2828 4564 ipsum
2866 4496 3209 4553 adoravere?
3237 4497 3432 4554 Nonne

1847 4604 1973 4644 cum
2017 4598 2324 4644 creaturam
2372 4591 2423 4644 ei
2472 4589 2724 4644 viderent
2767 4604 2894 4645 esse
2923 4590 3268 4659 subjectam?
3296 4591 3433 4646 Nam

1847 4695 1915 4735 ex
1967 4681 2109 4736 mari
2157 4688 2214 4734 et
2262 4680 2445 4736 ventis
2498 4681 2550 4735 ei
2581 4681 3108 4752 obtemperantibus
3163 4698 3434 4753 agnovere

1849 4772 2026 4843 ipsius
2071 4774 2436 4829 divinitatem.
2468 4775 2643 4845 Igitur
2683 4791 2750 4830 ex
2789 4775 3204 4844 operationibus
3249 4777 3437 4847 cogni-

1851 4868 1949 4929 tio,
1991 4883 2056 4921 ex
2107 4868 2425 4937 cognitione
2463 4874 2644 4922 autem
2690 4868 2962 4922 adoratio.
2991 4867 3174 4922 Credis
3217 4884 3299 4922 me
3339 4869 3436 4922 hoc

1849 4956 2025 5025 facere
2052 4957 2248 5022 posse?
2279 4954 2471 5018 Credo,
2493 4954 2716 5009 Domine
2739 4969 2757 5008 :
2785 4964 2835 5009 et
2855 4955 3098 5010 adoravit
3115 4972 3233 5009 eum
3251 4956 3318 5010 ⁸⁷.
3340 4955 3435 5012 Sic

1850 5046 2010 5101 ﬁdem
2052 5048 2302 5116 sequitur
2349 5047 2622 5108 adoratio,
2658 5045 2793 5102 ﬁdes
2821 5061 2954 5101 vero
2986 5061 3083 5116 per
3125 5047 3428 5116 potentiam

1847 5138 2264 5192 corroboratur.
2305 5136 2463 5204 Quod
2487 5139 2532 5192 si
2569 5139 2710 5194 dicis
2737 5137 3051 5194 credentem
3081 5138 3195 5207 jam
3226 5153 3432 5208 cogno-

1850 5244 2043 5296 scere;
2075 5244 2172 5299 per
2203 5244 2325 5299 qua:
2365 5229 2562 5294 credit,
2595 5244 2692 5285 per
2736 5228 2852 5283 haec
2879 5236 2934 5284 et
2975 5229 3260 5300 cognoscit
3291 5247 3304 5284 :
3337 5237 3431 5284 aut

1849 5602 1913 5711 :c
1946 5602 2174 5670 prorsus
2227 5591 2539 5648 necessaria
2579 5597 2708 5647 sunt
2757 5589 2824 5648 ad
2871 5590 3256 5648 absolvendum
3311 5609 3437 5648 sen-

1874 5667 2100 5711 entiam.

1874 5667 2100 5718 entiam.
