3882 6216
175 267 273 323 873

1050 263 1542 321 EPISTULARUM
1574 261 1861 319 CLASSIS
1900 261 1964 318 IL
1987 261 2206 317 EPIST.
2248 260 2554 317 CCXXXV.

3334 263 3438 318 874

176 386 338 455 αὐτῆς
369 387 682 459 ἀπαιτήσῃς
704 403 720 419 ·
755 385 888 440 διότι
917 388 950 458 ή
994 387 1090 458 μὲν
1127 385 1318 457 πρώτη
1357 403 1451 438 σου
1485 383 1754 457 ἐρώτησις
1785 436 1786 442 η

1875 399 1980 438 ὐιη
2033 398 2340 456 ειροεοοε;
2399 383 2528 454 quia
2589 383 2764 452 prima
2817 391 2909 437 tua
2962 382 3319 454 interrogatio
3368 386 3437 438 ad

176 479 308 548 πρὸς
335 478 398 531 τὸ
426 473 565 542 εἶδος
593 478 754 550 ἔφερε
788 479 887 548 τῆς
924 480 1110 549 ἄμμου
1133 517 1148 541 ,
1181 479 1213 549 ὴ
1243 477 1299 530 δὲ
1326 477 1552 547 δευτέρα
1591 493 1752 529 συκο-

177 569 368 638 φαντία
399 569 528 641 περὶ
556 571 645 623 τὸν
671 570 906 640 ἀριθμὸν
936 570 1107 639 αὐτῆς
1127 569 1492 640 περιετράπη.
1530 569 1756 639 Ὅμοιόν

177 660 287 715 ἐστι
321 661 478 714 τοῦτο
505 661 566 714 τὸ
598 663 838 732 σόφισμα
869 661 947 732 τῷ
976 662 1188 730 λέγοντι
1218 677 1230 689 ·
1265 657 1425 724 Οἶδας
1450 660 1754 732 Τιμόθεον;

180 751 384 805 Οὐκοῦν
425 752 521 804 ἐὰν
568 752 832 823 Τιμόθεον
861 748 1045 817 οἶδας,
1083 749 1234 817 οἶδας
1287 751 1451 806 αὑτοῦ
1510 753 1603 806 καί
1657 751 1756 823 τὴν

181 843 340 912 φύσιν
373 859 387 873 ·
437 843 576 897 ἀλλὰ
633 846 740 915 μὴν
783 844 1144 916 ὡμολόγησας
1203 845 1401 898 εἰδέναι
1454 844 1754 915 Τιμόθεον,

181 934 375 997 ἀπόδος
413 934 591 986 τοίνυν
618 936 750 1004 ἡμῖν
791 934 881 987 τὸν
907 934 1064 1002 λόγον
1092 937 1190 1002 τῆς
1219 934 1484 1005 Τιμοθέου
1518 933 1753 1004 φῦσεως.

194 1025 331 1093 Ἐγὼ
373 1025 431 1079 δὲ
465 1027 559 1078 καὶ
591 1021 706 1079 οἶδα
751 1026 1050 1096 Τιμόθεον,
1087 1027 1182 1079 καὶ
1219 1027 1318 1079 οὐκ
1353 1020 1474 1079 οἴδα
1495 1044 1510 1058 ·
1544 1027 1603 1079 οὐ
1651 1027 1758 1098 μὴν

181 1115 320 1168 κατὰ
352 1117 545 1169 ταυτὸν
568 1158 582 1182 ,
614 1117 710 1170 καὶ
739 1118 799 1170 ὲν
829 1116 908 1188 τῷ
941 1116 1109 1187 αὐτῷ.
1144 1117 1218 1172 Οὐ
1259 1118 1368 1189 γὰρ
1401 1117 1522 1171 καθ’
1555 1117 1584 1171 ὃ
1619 1113 1755 1183 οἴδα,

181 1209 321 1262 κατὰ
353 1209 511 1262 τοῦτο
545 1209 639 1262 καὶ
667 1209 766 1262 οὐκ
796 1205 949 1263 οἶδα⁸
999 1209 1134 1263 ἀλλὰ
1175 1212 1296 1263 κατ’
1331 1210 1459 1264 ἄλλο
1490 1211 1587 1281 μὲν
1618 1205 1756 1276 οἶδα,

183 1302 300 1354 κατ’
334 1300 462 1355 ἄλλο
519 1299 573 1352 δὲ
627 1299 824 1369 ἀγνοῶ.
884 1297 1016 1354 Οἶδα
1085 1301 1182 1372 μὲν
1233 1301 1341 1372 γὰρ
1404 1302 1565 1355 αὑτὸν
1619 1303 1760 1357 κατὰ

181 1391 271 1444 τὸν
331 1391 658 1462 χαρακτῆρα
687 1431 702 1454 ,
743 1391 837 1443 καὶ
885 1391 952 1444 τὰ
1005 1391 1170 1444 λοιπὰ
1225 1392 1490 1462 ἰδιώματα
1516 1409 1529 1423 ο
1583 1393 1760 1461 ἀγνοῶ

180 1483 237 1536 δὲ
276 1481 439 1536 αὐτοῦ
481 1482 578 1553 τὴν
619 1482 827 1535 οὐσίαν.
873 1483 1025 1535 Ἐπεὶ
1060 1485 1154 1536 καὶ
1197 1484 1432 1554 ἐμαυτὸν
1466 1483 1608 1539 οὕτω
1633 1484 1760 1538 τού-

182 1591 258 1644 τῳ
305 1573 384 1644 τῷ
435 1573 579 1644 λόγῳ
634 1575 728 1627 καὶ
773 1568 889 1627 οἶδα
941 1576 1034 1628 καὶ
1082 1575 1281 1644 ἀγνοῶ.
1329 1571 1459 1629 Οἶδα
1511 1576 1608 1647 μὲν
1653 1576 1762 1647 γὰρ

183 1666 416 1734 ἐμαυτὸν
459 1667 608 1729 ὅστις
654 1665 770 1737 εἰμί
793 1683 809 1697 ’
849 1665 948 1719 οὐκ
986 1662 1103 1720 οἶδα
1147 1666 1239 1732 δὲ,
1280 1667 1414 1721 καθὸ
1452 1667 1548 1740 τὴν
1574 1667 1762 1722 οὐσίαν

184 1775 288 1828 μου
327 1758 526 1827 ἀγνοῶ.

255 1936 307 1989 ’5.
350 1936 504 1988 Ἐπεὶ
535 1935 998 2006 ὲξηγησάσθωσαν
1034 1937 1196 2007 ἡμῖν,
1226 1936 1344 2001 πῶς
1370 1931 1522 1992 εἷπεν
1555 1941 1582 1991 6
1620 1939 1768 1993 Παῦ-

181 2026 301 2090 λος,
334 2027 415 2079 ὅτι
454 2027 584 2080 Νῦν
608 2027 726 2095 μὲν
756 2027 825 2081 ἐκ
846 2028 1070 2097 μέρους
1103 2028 1496 2099 γινώσκομεν.
1524 2026 1671 2102 τΑρα
1704 2035 1768 2084 ἐκ

183 2117 388 2188 μέρους
422 2116 520 2188 τὴν
557 2119 745 2171 οὐσίαν
784 2118 948 2171 αὑτοῦ
1002 2118 1381 2189 γινώσκομεν,
1427 2122 1593 2174 οἱονεὶ
1628 2122 1767 2192 μέρη

183 2208 284 2276 τῆς
315 2204 502 2268 οὐσίας
536 2205 701 2259 αὐτοῦ
744 2208 1124 2278 γινώσκομεν;
1172 2209 1313 2263 Ἀλλ’
1351 2211 1583 2273 ἄτοπον,
1632 2212 1770 2282 άμε-

187 2297 288 2367 ρὴς
345 2297 457 2369 γὰρ
509 2300 538 2351 ὁ
595 2298 746 2362 Θεός.
808 2300 947 2352 Ἀλλ’
992 2301 1120 2372 ὃλην
1166 2301 1334 2374 αὐτὴν
1381 2303 1768 2374 γινώσκομεν;

187 2389 312 2452 Πῶς
351 2385 444 2443 οὖν
464 2430 478 2452 ,
512 2391 699 2444 Ὅταν
726 2393 873 2462 ἔλθῃ
919 2392 984 2446 τὸ
1014 2393 1249 2448 τέλειον
1271 2434 1285 2459 ,
1337 2394 1403 2449 τὸ
1439 2396 1510 2449 ἐκ
1547 2397 1772 2465 μέρους

183 2485 734 2554 καταργηθήσεται;
777 2489 838 2540 Οἱ
880 2487 937 2541 δὲ
975 2487 1354 2562 εἰδωλολάτραι
1400 2489 1452 2544 τί
1485 2487 1774 2558 ἐγκαλοῦν-

184 2593 309 2642 ται;
357 2577 468 2648 Οὐχ
505 2579 614 2640 ὅτι,
648 2577 865 2646 γνόντες
898 2579 989 2632 τὸν
1019 2579 1185 2644 Θεὸν,
1221 2581 1320 2650 οὐχ
1357 2581 1434 2644 ὡς
1473 2580 1606 2633 Θεὸν
1654 2580 1773 2633 ἐδό-

186 2669 389 2734 ξασανς
431 2670 503 2722 ’Ἡ
531 2670 770 2724 Γαλάται
803 2671 916 2742 (46)
955 2672 1010 2724 δὲ
1037 2673 1085 2725 οἱ
1117 2672 1334 2743 ἀνόητοι
1365 2672 1469 2726 ὑπὸ
1502 2672 1596 2726 τοῦ
1627 2671 1775 2726 Παύ-

186 2761 280 2816 λου
309 2761 400 2815 διά
431 2762 484 2815 τί
518 2761 896 2828 ὀνειδίζονται,
944 2765 1192 2832 λέγοντος
1213 2782 1227 2795 ο
1268 2765 1420 2819 Νυνὶ
1461 2763 1530 2818 δὲ
1553 2807 1567 2832 ,
1596 2767 1773 2835 γνόν-

185 2870 288 2919 τες
317 2853 424 2907 τὸν
458 2855 606 2909 Θεὸν
627 2897 640 2920 ,
667 2855 907 2925 μᾶλλον
935 2856 1004 2909 δὲ
1039 2855 1408 2926 γνωσθέντες
1445 2857 1565 2912 ὑπὸ
1598 2859 1766 2924 Θεοῦ,

182 2946 315 3012 πῶς
346 2947 736 3016 ἐπιστρέφετε
766 2949 953 3002 πάλιν
985 2950 1081 3002 ἐπὶ
1112 2949 1186 3004 τὰ
1226 2950 1458 3017 ἀσθενῆ
1491 2953 1587 3006 καὶ
1619 2967 1770 3006 πτω-

1857 490 2038 529 arenae
2072 475 2312 544 speciem
2347 474 2650 544 spectabat,
2683 475 2955 545 posterior
2994 490 3124 529 vero
3162 476 3440 530 calumnia

1856 566 1924 622 ad
1973 567 2122 622 illius
2188 582 2480 622 numerum
2534 565 2795 623 deﬂectit.
2854 566 3142 637 Ejusmodi
3187 577 3272 623 est
3336 570 3441 622 hoc

1855 659 2135 728 sephisma
2190 674 2253 714 ac
2307 659 2354 714 si
2399 659 2527 729 quis
2585 659 2734 713 dicat
2781 679 2794 714 :
2840 658 2994 716 Nosti
3041 659 3442 716 Timotheum?

1856 749 2113 806 Profecto
2145 752 2192 806 si
2226 749 2574 805 Timotheum
2610 751 2782 817 nosti,
2827 753 2973 806 nosti
3009 759 3062 807 et
3091 752 3236 808 illius
3275 760 3448 807 natu-‘

1858 859 1975 898 ram
2005 860 2016 894 :
2054 843 2150 899 sed
2179 858 2511 915 cognoscere
2542 852 2594 898 te
2632 842 2978 898 Timotheum
3010 843 3303 900 confessus
3331 859 3390 900 es
3424 864 3437 898 :

1858 936 2026 991 redde
2091 937 2258 1006 igitur
2317 937 2476 992 nobis
2550 936 2822 990 rationem
2873 934 3147 991 Timothei
3209 945 3437 991 naturae.

1859 1026 1972 1098 Ego
1999 1043 2130 1083 vero
2167 1037 2222 1083 et
2256 1029 2380 1083 novi
2419 1027 2769 1082 Timotheum
2800 1068 2815 1092 ,
2848 1035 2903 1082 et
2956 1041 3065 1082 non
3120 1028 3283 1094 novi,
3331 1043 3444 1082 non

1859 1121 2079 1191 quidem
2113 1121 2414 1176 secundum
2451 1121 2698 1176 eamdem
2723 1121 2993 1175 rationem
3015 1160 3031 1186 ,
3065 1127 3120 1174 et
3158 1118 3214 1173 in
3249 1118 3443 1174 eodem

1860 1229 2081 1284 genere.
2134 1211 2250 1267 Non
2303 1214 2450 1268 enim
2505 1212 2808 1267 secundum
2858 1211 3005 1283 quod
3040 1211 3210 1275 novi,
3246 1227 3444 1267 secun-

1861 1304 1991 1358 dum
2022 1304 2152 1360 illud
2181 1312 2238 1358 et
2273 1320 2381 1358 non
2415 1305 2578 1372 novi;
2613 1304 2711 1359 sed
2746 1305 3050 1359 secundum
3095 1304 3244 1358 aliud
3280 1304 3443 1368 novi,

1862 1401 1918 1449 et
1966 1395 2273 1450 secundum
2332 1395 2481 1450 aliud
2540 1409 2652 1449 non
2703 1395 2851 1450 novi.
2917 1393 3052 1449 Novi
3099 1395 3246 1451 enim
3292 1395 3445 1449 illum

1864 1487 2165 1542 secundum
2214 1485 2444 1557 ﬁguram
2475 1501 2541 1540 ac
2580 1486 2821 1558 reliquas
2842 1487 3205 1557 proprietates
3242 1505 3256 1542 :
3299 1486 3448 1542 illius

1864 1594 1996 1634 vero
2041 1580 2237 1650 ignoro
2270 1580 2592 1635 essentiam.
2643 1579 2783 1634 Nam
2833 1580 2915 1634 sic
2944 1589 3002 1635 et
3054 1595 3141 1634 me
3180 1580 3299 1650 ipse
3345 1578 3450 1632 hac

1867 1670 2082 1725 ratione
2119 1680 2175 1726 et
2225 1671 2354 1724 novi
2391 1683 2446 1724 et
2493 1686 2606 1725 non
2639 1671 2788 1725 novi.
2833 1669 2971 1726 Novi
3001 1671 3146 1728 enim
3181 1671 3307 1740 quis
3333 1670 3451 1740 ipse

1794 1751 1837 1806 Β
1866 1763 1970 1817 sim
2002 1781 2015 1817 :
2047 1777 2161 1817 non
2195 1762 2324 1817 novi
2371 1770 2554 1817 autem
2584 1801 2600 1826 ,
2654 1770 2929 1833 quatenus
2975 1771 3231 1818 naturam
3270 1777 3450 1818 meam

1868 1871 2083 1928 ignoro.

1938 1950 1990 2003 5.
2034 1949 2255 2018 Alioqui
2304 1957 2586 2018 exponant
2625 1949 2788 2003 nobis
2846 1948 2983 2012 isti,
3037 1949 3310 2018 quomodo
3367 1949 3454 2001 di-

1869 2041 2013 2096 xerit
2063 2040 2268 2096 Paulus
2328 2057 2340 2092 :
2385 2039 2545 2094 Nunc
2595 2039 2805 2110 quidem
2871 2055 2938 2094 ea:
2987 2050 3136 2109 parte
3182 2042 3455 2111 cognosci-

1870 2137 1987 2185 mus
2009 2131 2076 2186 ⁸⁸.
2131 2130 2275 2186 Num
2314 2130 2481 2202 igitur
2533 2147 2601 2186 ex
2652 2139 2809 2201 parte
2837 2131 3135 2190 essentiam
3175 2131 3326 2187 illius
3357 2145 3456 2185 co—

1871 2223 2217 2294 gnoscimus,
2252 2237 2318 2276 ac
2344 2223 2511 2277 veluti
2543 2229 2728 2292 partes
2757 2220 3015 2278 essentiae
3061 2220 3210 2278 illius
3257 2235 3456 2291 cogno-

1871 2315 2114 2371 scimus?
2148 2313 2256 2370 Sed
2281 2313 2398 2369 ‘hoc
2430 2321 2518 2370 est
2541 2313 2866 2379 absurdum,
2913 2313 3186 2384 siquidem
3214 2314 3453 2384 partium

1873 2423 2070 2478 expers
2117 2407 2283 2464 Deus.
2347 2408 2433 2461 An
2483 2407 2779 2462 essentiam
2815 2413 2982 2460 totam
3031 2405 3458 2477 cognoscimus?

1873 2495 2161 2563 Quomodo
2190 2497 2359 2568 igitur
2389 2497 2673 2568 subjungit
2709 2519 2721 2553 :
2761 2495 2895 2552 Cum
2927 2497 3121 2550 venerit
3153 2496 3292 2566 quod
3337 2512 3458 2566 per-

1873 2589 2068 2657 fectum
2119 2599 2199 2644 est
2233 2629 2248 2654 ,
2307 2589 2650 2644 evacuabitur
2704 2588 2844 2659 quod
2904 2603 2970 2644 ex
3041 2598 3192 2657 parte
3260 2600 3338 2642 est
3372 2590 3458 2646 δ’..

1872 2680 1995 2735 Jam
2044 2696 2178 2737 vero
2224 2680 2528 2736 idololatrae
2581 2696 2682 2736 cur
2710 2681 3038 2736 incusantur
3065 2680 3090 2733 ?
3118 2678 3310 2734 Nonne
3337 2679 3461 2735 ideo

1873 2772 2024 2844 quod
2078 2781 2481 2844 cognoscentes
2529 2771 2699 2828 Deum
2727 2813 2743 2837 ,
2804 2788 2915 2828 non
2973 2778 3234 2843 tanquam
3291 2771 3462 2827 Deum

1872 2860 2346 2933 gloriﬁcaverint?
2399 2862 2510 2916 Aut
2562 2861 2731 2917 etiam
2761 2860 2969 2917 Galatae
3003 2861 3186 2917 insani
3213 2877 3313 2916 cur
3343 2876 3463 2931 pro-

1872 2955 1989 3010 bris
2020 2953 2330 3010 aﬂiciuntur
2374 2969 2405 3008 a
2443 2954 2613 3010 Paulo
2637 2995 2653 3019 ,
2709 2955 2801 3024 qui
2852 2954 2986 3009 dicit
3033 2971 3046 3006 :
3087 2951 3245 3009 Nunc
3286 2963 3463 3008 autem

185 3041 268 3109 χὰ
299 3040 611 3110 στοιχεῖα;
647 3042 686 3093 Γ
689 3042 892 3106 νωστὸς
921 3042 977 3094 δὲ
1023 3042 1139 3105 πῶς
1173 3039 1242 3114 ἦν
1277 3045 1337 3098 ὲν
1372 3047 1437 3118 τῇ
1484 3046 1717 3119 Ἰουδαίᾳ
1741 3047 1770 3099 ὁ

187 3130 252 3149 Δ-
275 3130 288 3148 Ι
309 3148 318 3149 κ
344 3147 353 3149 _
397 3126 456 3149 τι
489 3148 494 3149 ,
600 3133 613 3149 9
724 3133 766 3149 sl
827 3135 838 3149 ι
969 3136 995 3149 ιν
1052 3135 1086 3149 ει
1163 3136 1186 3149 ιι
1233 3137 1246 3149 ι
1350 3139 1362 3149 ρ
1457 3139 1469 3149 -
1527 3139 1537 3149 ι
1659 3139 1681 3149 .-

1881 3063 1999 3103 cum
2047 3047 2404 3120 aequaveritis
2430 3045 2621 3114 Deum,
2654 3048 2761 3102 imo
2794 3048 2993 3119 cogniti
3034 3048 3155 3104 sitis
3208 3063 3242 3100 a
3284 3045 3394 3102 Deo
3439 3064 3459 3101 :

183 3130 357 3196 Θεὸς;
397 3126 541 3203 Ἀρα
596 3133 783 3205 ἐπειδὴ
823 3135 880 3187 ἐν
932 3136 998 3206 τῇ
1052 3135 1284 3209 Ἰουδαίᾳ
1339 3139 1372 3208 ἡ
1418 3139 1606 3203 οὐσία,
1655 3139 1778 3209 ἦτις

187 3222 323 3276 ποτὲ
358 3223 468 3294 (47)
503 3219 570 3296 ἦν
596 3269 609 3288 ,
648 3226 1001 3299 ὲπεγνώσθη;
1044 3231 1233 3299 Ἔγνω
1257 3270 1271 3295 ,
1304 3231 1438 3301 φησὶ
1458 3231 1648 3298 ,βοῦς
1673 3232 1780 3287 τὸν

186 3317 574 3387 κτησάμενον
611 3321 798 3372 αὐτόν
825 3319 936 3392 (48)
956 3338 968 3350 ·
1002 3321 1242 3392 δηλονότι
1268 3324 1296 3376 6
1325 3323 1452 3393 βοῦς
1480 3324 1602 3378 καθ’
1635 3326 1780 3396 ὑμᾶς

185 3409 334 3475 ζγνω
370 3409 470 3480 τὴν
495 3411 681 3462 οὐσίαν
712 3409 805 3463 τοῦ
839 3412 1027 3485 κυρίου
1048 3428 1061 3441 ⁸
1091 3413 1190 3466 καὶ
1224 3413 1364 3480 ὄνος
1397 3414 1512 3483 τὴν
1538 3415 1781 3486 φάτνην

187 3501 300 3555 τοῦ
330 3503 542 3570 κυρίου
569 3503 774 3558 αὑτοῦ.
801 3505 982 3574 Ἔγνω
1007 3501 1100 3559 οὖν
1126 3509 1221 3560 καὶ
1246 3509 1273 3560 6
1298 3507 1420 3572 ὄνος
1448 3509 1547 3578 τῆς
1571 3511 1782 3580 φάτνης

187 3594 292 3665 τὴν
343 3596 568 3649 οὐσίαν.
637 3596 874 3664 Ἰσραὴλ
911 3597 979 3651 δέ
1021 3615 1129 3667 με,
1191 3601 1394 3668 φησὶν,
1438 3602 1551 3654 οὐκ
1603 3602 1778 3670 ἔγνω.

189 3686 365 3740 Τοῦτο
392 3687 704 3754 ἐγκαλεῖται
737 3687 857 3740 καθ’
889 3691 1032 3759 ὑμᾶς
1069 3673 1304 3760 Ἰσραὴλ,
1337 3691 1419 3743 ὅτι
1445 3690 1542 3761 τὴν
1568 3692 1778 3753 οὐσίαν,

187 3777 318 3847 ἥτις
366 3777 495 3830 ποτέ
546 3780 661 3831 ἐστι
689 3820 704 3844 ,
764 3779 859 3832 τοῦ
901 3779 1036 3833 Θεοῦ
1088 3780 1189 3833 οὐκ
1234 3780 1469 3850 ἐπέγνω.
1508 3782 1779 3851 Ἔκχεον,

191 3871 366 3940 φησὶ,
408 3870 524 3938 τὴν
556 3869 742 3939 ὀργήν
785 3887 902 3926 σου
948 3872 1045 3925 ἐπὶ
1097 3873 1169 3926 τὰ
1203 3873 1348 3941 ἔθνη
1381 3872 1455 3926 τὰ
1493 3871 1580 3942 μὴ
1614 3873 1780 3942 γινώο

186 3964 427 4018 σκοντά
459 3981 563 4018 σε·
599 3965 882 4028 τουτέστι,
917 3964 988 4018 τὰ
1017 3966 1117 4037 τὴν
1159 3966 1346 4019 οὐσίαν
1383 3982 1476 4018 σου
1523 3965 1598 4036 μὴ
1646 3982 1782 4018 κατ-

189 4055 477 4128 ειληφότα.
542 4057 703 4110 Ἀλλὰ
732 4057 1015 4128 πολλαχῶς
1067 4059 1101 4127 ὴ
1147 4057 1383 4125 γνῶσις,
1427 4057 1503 4121 ὼς
1548 4056 1778 4128 ἔφαμεν.

192 4145 273 4196 Ἢ
301 4161 361 4197 τε
391 4145 500 4216 γὰρ
538 4145 634 4198 τοῦ
666 4146 951 4208 κτίσαντος
1000 4148 1150 4216 ἡμᾶς
1187 4145 1404 4210 σύνεσις
1426 4187 1441 4211 ,
1488 4147 1641 4217 καὶὴ
1676 4147 1784 4200 τῶν

191 4235 517 4306 Θαυμασίων
560 4236 724 4291 αὐτοῦ
772 4237 1140 4308 κατανόησις,
1190 4239 1283 4292 καὶ
1321 4241 1354 4310 ἡ
1401 4240 1632 4309 τήρησις
1673 4238 1784 4292 τῶν

191 4329 429 4384 ἐντολῶν
451 4370 464 4393 ,
497 4331 592 4383 καὶ
616 4333 650 4401 ἠ
679 4331 952 4396 οἰκείωσις
985 4333 1018 4403 ὴ
1051 4333 1187 4403 πρὸς
1215 4333 1398 4387 αὐτόν.
1429 4331 1496 4388 Οἱ
1521 4333 1609 4398 δὲ,
1643 4333 1783 4386 πάν-

1880 3143 2142 3212 quomodo
2191 3142 2558 3195 convertimini
2589 3143 2784 3195 iterum
2840 3140 2909 3194 ad
2953 3141 3170 3210 infirma
3211 3150 3261 3196 et
3300 3157 3460 3211 egena

1880 3235 2141 3289 elementa
2162 3235 2260 3287 ὀἳ
2312 3232 2598 3298 Quomodo
2651 3245 2832 3287 autem
2901 3233 3157 3302 cognitus
3236 3242 3354 3288 erat
3406 3234 3461 3286 in

1879 3323 2066 3380 Judaa
2100 3323 2294 3381 Deus?
2349 3325 2431 3377 An
2462 3324 2592 3394 quia
2627 3324 2681 3377 in
2723 3322 2909 3377 Judaea
2940 3331 3131 3378 notum
3179 3331 3297 3378 erat
3326 3338 3462 3393 qua-

1881 3416 1950 3471 lis
2005 3423 2136 3470 tunc
2163 3423 2312 3471 esset
2365 3414 2512 3468 illius
2544 3413 2836 3469 essentia?
2891 3412 3182 3483 Cognovit,
3242 3414 3458 3482 inquit.

1883 3508 1974 3562 bos
2029 3523 2386 3577 possessorem
2431 3506 2677 3560 suum“.
2733 3503 2957 3559 Scilicet
3023 3515 3207 3559 vestro
3249 3505 3461 3573 judicio

1881 3599 2044 3670 360
2076 3599 2176 3654 bos
2212 3599 2366 3652 novit
2394 3597 2692 3652 essentiam
2721 3596 2860 3650 heri.
2909 3594 2978 3648 Et
3003 3597 3186 3649 asinus
3226 3612 3459 3665 pra'sepe

1882 3691 2084 3744 domini
2116 3690 2221 3743 sui.
2253 3687 2413 3742 Novit
2442 3688 2612 3758 igitur
2635 3687 2798 3742 etiam
2847 3687 3037 3742 asinus
3080 3688 3343 3756 praesepis
3375 3704 3464 3742 cs-

1883 3783 2137 3838 sentiam.
2184 3781 2359 3835 lsrael
2393 3790 2608 3844 autem,
2643 3779 2864 3848 inquit,
2916 3795 2998 3832 me
3043 3795 3148 3834 non
3198 3781 3460 3850 cognovit.

1884 3874 1941 3929 ld
1986 3890 2055 3930 ex
2110 3880 2292 3928 vestra
2349 3871 2623 3928 sententia
2677 3869 2848 3925 Israel
2918 3868 3206 3925 incusatur
3239 3909 3254 3934 ,
3315 3871 3461 3940 quod

1884 3967 2065 4038 qualis
2095 3966 2315 4021 tandem
2355 3965 2428 4019 sit
2457 3961 2553 4020 Dei
2607 3962 2850 4018 essentia
2901 3976 3014 4016 non
3060 3963 3304 4032 agnovit.
3365 3960 3466 4032 Ef-

1884 4059 2068 4130 funde,
2103 4057 2302 4127 inquit,
2332 4057 2469 4109 iram
2517 4063 2666 4108 tuam
2700 4056 2754 4108 in
2791 4064 2970 4126 gentes
3003 4069 3121 4125 qua:
3147 4063 3195 4108 te
3221 4069 3325 4108 non
3368 4071 3464 4107 no-

1885 4158 2067 4205 verunt
2095 4149 2139 4180 "
2168 4166 2184 4215 ;
2220 4148 2324 4202 hoc
2345 4153 2452 4210 est,
2483 4161 2606 4216 quae
2636 4156 2784 4200 tuam
2821 4145 3122 4201 essentiam
3164 4159 3275 4200 non
3319 4159 3466 4199 com-

1884 4239 2316 4312 prehenderunt.
2354 4238 2459 4303 At,
2487 4247 2547 4293 ut
2578 4236 2818 4292 diximus
2842 4276 2858 4301 ,
2911 4237 3151 4307 cognitio
3184 4247 3269 4292 est
3323 4247 3466 4289 mut-

1885 4333 2088 4404 tiplicis
2141 4331 2378 4401 generis.
2413 4329 2807 4401 Cognoscimus
2833 4329 3002 4393 enim,
3042 4328 3090 4384 si
3118 4327 3463 4384 conditorem

188 4439 264 4475 τα
302 4421 480 4476 ταῦτα
526 4424 959 4494 παρωσάμενοι,
1001 4424 1094 4476 ἐπὶ
1136 4424 1194 4476 ἓν
1252 4424 1654 4496 σημαινόμενον
1687 4423 1786 4496 τὴν

1889 4434 2144 4482 nostrum
2175 4425 2404 4488 scimus,
2441 4423 2489 4479 si
2540 4423 2896 4492 intelligimus
2931 4420 3053 4490 ejus
3085 4418 3380 4483 mirabilia,
3413 4419 3464 4474 si

187 4513 400 4582 γνῶσιν
426 4513 678 4578 ἕλκουσι,
716 4515 815 4587 τὴν
860 4514 1092 4587 Θεωρίαν
1129 4517 1298 4588 αὐτῆς
1345 4517 1456 4586 (49)
1501 4515 1594 4569 τοῦ
1644 4515 1781 4570 Θεοῦ

187 4606 297 4677 τῆς
321 4606 529 4670 οὐσίας.
558 4606 778 4674 Θήσεις
797 4649 811 4672 ,
852 4609 1016 4679 φησὶν
1039 4650 1052 4672 ,
1088 4608 1377 4662 ἀπέναντι
1417 4607 1535 4662 τῶν
1560 4626 1784 4679 μαρτυ-

181 4699 371 4766 ρίων,
424 4697 564 4752 ὅθεν
597 4701 1024 4771 γνωσθήσομαί
1074 4717 1173 4753 σοι
1211 4700 1456 4754 ἐκεῖθεν.
1504 4695 1652 4772 ’Ἄρα
1695 4701 1780 4763 τὸ,

132 4811 136 4814 ·
188 4788 661 4859 Γνωσθήσομαι,
693 4793 813 4846 ἀντὶ
841 4793 934 4846 τοῦ
967 4792 1064 4864 τὴν
1099 4792 1288 4846 οὐσίαν
1321 4809 1424 4863 μου
1452 4792 1777 4864 ὲμφανίσω;

194 4880 400 4945 Ἔγνω
438 4881 655 4948 Κύριος
690 4881 834 4948 τοὺς
884 4881 1063 4947 ὄντας
1098 4879 1302 4934 αὑτοῦ.
1362 4875 1509 4952 Ἀρα
1541 4877 1634 4935 οὖν
1671 4883 1780 4936 τῶν

192 4969 302 5037 μὲν
338 4970 533 5024 ἑαυτοῦ
563 4972 661 5042 τὴν
703 4973 888 5026 οὐσίαν
935 4972 1110 5040 ἔγνω,
1157 4973 1268 5025 τῶν
1300 4973 1357 5026 δὲ
1407 4973 1778 5028 ἀπειθούντων

188 5058 388 5125 όγνοεῖ
410 5059 509 5131 τὴν
540 5061 759 5126 οὐσίαν;
796 5064 984 5132 Ἔγνω
1028 5062 1200 5132 Ἀδὰμ
1231 5063 1346 5130 τὴν
1374 5065 1628 5133 γυναῖκα
1669 5069 1777 5120 αὺ-

190 5151 325 5204 τοῦ.
366 5147 512 5222 Ἀρα
557 5153 655 5222 τὴν
701 5153 889 5208 οὐσίαν
936 5154 1102 5224 αὐτῆς
1143 5155 1449 5226 ἐγνώρισες
1496 5157 1605 5210 Καὶ
1649 5161 1778 5230 περὶ

264 5247 315 5277 ⁸⁸
355 5245 675 5319 [ﬁcoruxnt
707 5289 720 5308 ,
761 5249 814 5302 9.
892 5249 936 5280 ‘9
977 5249 1106 5303 ibid.
1155 5251 1240 5305 10.
1318 5253 1363 5286 ⁸ο
1403 5249 1581 5307 Galat.
1625 5270 1709 5319 Iv,
1754 5257 1808 5310 9.

191 5315 285 5371 2L
367 5317 415 5348 "
455 5315 498 5368 ll
540 5317 680 5371 Tini.
725 5336 794 5383 ll,
837 5319 920 5373 19.

263 5407 385 5475 (46)
427 5409 503 5462 ’Ἡ
544 5408 830 5484 Πολᾴται.
878 5410 1071 5484 Deerat
1111 5414 1144 5483 ἦ
1201 5414 1253 5467 in
1287 5413 1471 5481 editis,
1513 5415 1659 5484 quod
1709 5433 1774 5470 ex

190 5493 289 5532 sex
328 5493 466 5532 mss.
499 5480 784 5534 codicibus
816 5480 1174 5537 restituimus.

265 5548 383 5617 (47)
423 5549 589 5615 Ἥτις
619 5549 784 5603 ποτέ.
812 5549 902 5603 Sic
921 5553 1334 5606 emendavimns
1359 5569 1423 5606 ex
1455 5569 1562 5607 uno
1587 5555 1777 5611 codice

193 5615 368 5692 Hegio
398 5619 544 5692 quod
578 5621 636 5692 in
671 5622 831 5675 editis
860 5622 1140 5691 legebatur
1163 5625 1283 5692 ἥτις
1308 5624 1447 5676 τότε.
1485 5624 1628 5677 lnfra
1661 5641 1778 5678 om-

191 5688 362 5742 nibus
395 5689 678 5745 codicibus
701 5706 833 5747 mss.
853 5688 1082 5747 eteditis
1107 5688 1785 5767 consentientibuslegitur

520 5781 792 5842 ΡΑτιιοι..
831 5783 950 5844 Gn.
981 5783 1248 5844 XXXII.

1884 4519 2145 4574 mandata
2179 4531 2486 4582 servamus,
2518 4516 2563 4570 si
2606 4529 2730 4569 cum
2764 4515 2886 4585 ipso
2924 4513 3331 4584 conjungimur.
3369 4511 3462 4566 Isti

1889 4619 2070 4665 autem
2101 4649 2116 4674 ,
2161 4609 2421 4664 omnibus
2489 4608 2574 4662 his
2644 4607 2861 4676 rejectis
2891 4644 2907 4670 ,
2969 4605 3339 4675 cognitionem
3395 4604 3462 4657 ad

1888 4715 2057 4755 unum
2115 4698 2480 4771 signiﬁcatum
2512 4697 2779 4760 trahunt,
2837 4694 3352 4764 contemplationem
3380 4692 3462 4762 ip-

1887 4791 2004 4847 sius
2040 4789 2136 4844 Dei
2180 4787 2455 4846 essentia.
2488 4785 2663 4841 Panes
2685 4825 2698 4850 ,
2734 4786 2943 4854 inquit,
2989 4795 3110 4836 ante
3142 4783 3461 4846 testimonia,

1889 4883 2025 4938 unde
2061 4897 2350 4953 cognoscar
2391 4897 2424 4934 a
2468 4888 2515 4934 te
2571 4879 2691 4933 inde
2719 4877 2785 4932 ⁸⁸.
2844 4876 2985 4930 Num
3034 4875 3208 4938 illud,
3257 4873 3462 4944 Cogno-

1887 4993 2036 5040 δεον,
2073 4975 2214 5029 idem
2252 4974 2396 5028 valet
2429 4987 2494 5028 ac
2521 4981 2774 5026 naturam
2809 4983 2984 5022 meam
3018 4967 3274 5023 revelabo
3300 4967 3322 5020 ?
3353 4966 3460 5020 Do-

1888 5069 2059 5121 minus
2109 5065 2351 5136 cognovit
2393 5063 2485 5133 qui
2519 5072 2641 5116 sunt
2684 5060 2797 5130 ejus
2831 5060 2898 5114 “.
2927 5057 3068 5112 Num
3125 5072 3256 5128 ergo
3303 5065 3460 5112 natu-

1887 5177 2000 5214 ram
2031 5175 2222 5216 eorum
2252 5159 2346 5228 qui
2377 5156 2554 5227 ipsius
2582 5163 2707 5210 sunt
2734 5154 3030 5224 cognovit,
3094 5152 3458 5220 inobsequen-

1886 5258 1930 5290 δι
1975 5257 2080 5312 lsa.
2127 5275 2186 5322 I,
2230 5257 2282 5310 ’5.
2360 5256 2406 5285 δ’
2445 5253 2588 5308 Psal.
2632 5267 2859 5316 Lxxvm,
2898 5249 2953 5304 6.
3021 5249 3068 5282 ³⁸
3107 5248 3277 5304 Exod.
3321 5264 3460 5312 xxv,

1885 5435 2318 5612 ητῇὲἶῖοᾷῗτόν.
2356 5484 2517 5539 Deest
2571 5487 2624 5538 in
2661 5482 2837 5537 tribus
2883 5497 3016 5536 mss.
3068 5479 3280 5536 Habent
3309 5480 3440 5537 llarl

1885 5567 1940 5612 et
2021 5560 2106 5612 ed.
2144 5559 2335 5612 αὐτήν.

1885 5567 1940 5614 et
1969 5560 2106 5613 Med.
2144 5560 2335 5628 αὐτήν.

1959 5631 2069 5699 (49)
2101 5628 2321 5696 Αὐτῆς.
2359 5625 2437 5680 Ita
2471 5642 2604 5683 mss.
2641 5633 2786 5681 octo.
2815 5621 2958 5677 Editi
2991 5622 3181 5692 αὑτήν.

3035 5778 3112 5838 28
