3856 6224
132 264 241 317 877

1027 263 1516 322 EPISTOLABUM
1551 262 1836 323 CLASSIS
1874 264 1939 323 ll.
1982 265 2198 323 EPlST.
2233 266 2566 325 CCXXXVI.

3298 274 3401 330 878

133 391 271 441 τος,
324 373 576 446 εἰρῆσθαι
616 374 941 446 πιστεύομεν
971 391 985 406 ·
1037 377 1133 430 καὶ
1186 375 1282 442 τὸ,
1329 375 1542 443 Οὐδεὶς
1591 372 1717 430 οἶδε

1827 378 2058 439 primus.
2113 378 2323 434 dictum
2371 393 2498 436 esse
2547 377 2826 440 credimus
2858 397 2874 448 ;
2904 388 2961 437 et
2993 382 3127 439 illud
3167 404 3181 440 :
3231 384 3401 441 Nemo

130 466 246 521 τὸν
293 466 434 521 Υἰὸν
464 469 518 520 εὶ
548 466 634 536 μὴ
684 470 718 521 ὁ
759 466 981 537 Πατήρ.
1026 468 1165 522 Οὐδὲ
1190 469 1300 540 γὰρ
1336 471 1455 523 ἐκεῖ
1498 468 1720 538 ἄγνοιαν

131 555 232 609 τοῦ
278 554 599 627 Πνεῦματος
656 560 987 629 κατηγορεῖ,
1041 558 1178 612 ἀλλά
1232 557 1435 630 πρώτῳ
1476 557 1590 629 (56)
1643 559 1720 629 τῷ

132 649 322 720 Πατρὶ
350 650 618 720 ὑπάρχειν
643 649 742 719 τὴν
771 649 972 717 γνῶσιν
998 650 1099 721 τῆς
1123 650 1317 705 ἐαυτοῦ
1342 651 1556 722 φύσεως
1583 669 1723 724 μαρ-

131 744 318 813 τυρεῖ.
352 740 508 795 Οῦτω
542 742 637 795 καὶ
670 743 765 807 τὸ,
815 742 1026 809 Οὐδείς
1060 739 1206 809 οἶδε,
1238 744 1341 816 τὴν
1380 743 1604 817 πρώτην
1641 746 1721 799 ετ-

130 835 294 907 δησιν
327 837 436 890 τῶν
469 855 530 891 τε
559 838 728 892 ὄντων
756 840 852 894 καί
888 841 997 894 τῶν
1036 841 1311 914 ἐσομένων
1349 843 1442 897 ἐπὶ
1484 842 1577 897 τὸν
1610 845 1724 898 Hat—

130 929 275 999 τέρα
307 928 600 998 ἀνάγοντος
620 972 636 998 ,
661 931 756 984 καὶ
785 931 875 986 διὰ
906 932 1125 987 πάντων
1151 935 1252 1006 τὴν
1278 935 1504 1008 πρώτην
1543 936 1722 990 αἰτίαν

131 1023 255 1083 τοῖς
300 1019 610 1092 ἀνθρώποις
649 1023 1063 1090 ὑποδεικνύντος
1117 1026 1369 1098 εἰρῆσθαι
1407 1027 1722 1100 νομίζομεν.

147 1111 311 1164 Ἐπεὶ
344 1111 460 1176 πῶς
500 1112 534 1184 ἢ
573 1116 695 1177 ταῖς
741 1115 956 1180 λοιπαῖς
990 1119 1320 1189 μαρτυρίαις
1361 1119 1460 1187 τῆς
1498 1120 1538 1173 Γ
1542 1120 1724 1191 ραφῆς

133 1202 429 1257 ἀκολουθεῖ
457 1203 520 1257 τὺ
555 1206 753 1277 ῥητὸν,
801 1208 834 1279 ἢ
885 1211 1007 1273 ταῖς
1054 1215 1261 1274 κοιναῖς
1298 1210 1455 1282 ἡμῶν
1494 1212 1725 1275 ἐννοίαις

138 1295 464 1365 συμϐαίνειν
487 1297 734 1361 δύναται,
764 1299 873 1354 τῶν
898 1303 1343 1358 πεπιστευκότων
1368 1303 1553 1358 εἰκόνα
1583 1298 1724 1357 εἶναι

132 1387 234 1440 τοῦ
264 1386 402 1440 Θεοῦ
451 1388 545 1443 τοῦ
592 1390 825 1462 ἀοράτου
857 1392 949 1447 τὸν
982 1394 1258 1465 Μονογενῆ
1280 1436 1295 1460 ,
1330 1384 1516 1449 εἰκόνα
1553 1395 1610 1451 δὲ
1659 1396 1723 1451 οὐ

133 1482 490 1554 χαρακτῆρος
531 1482 879 1555 σωματικοῦ,
916 1484 1032 1539 ἀλλ’
1077 1486 1251 1555 αὐτῆς
1294 1487 1396 1558 τῆς
1445 1486 1722 1559 θεότητος,

135 1574 233 1627 καὶ
256 1573 367 1626 τῶν
399 1576 800 1646 ἐπινοουμένων
824 1578 891 1648 τῇ
923 1577 1081 1649 οὐσίᾳ
1108 1577 1201 1631 τοῦ
1227 1576 1364 1632 Θεοῦ
1394 1577 1721 1649 μεγαλείων,

134 1663 325 1716 εἰκόνα
379 1665 664 1735 δυνάμεως
692 1705 710 1732 ,
762 1666 949 1721 εἰκόνα
1008 1667 1200 1737 σοφίας
1231 1709 1248 1733 ,
1312 1669 1448 1723 καθὸ
1510 1668 1725 1742 εἴρηται

134 1753 378 1825 Χριστὸς
413 1754 546 1809 Θεοῦ
582 1756 844 1829 δύναμις,
894 1759 987 1812 καὶ
1027 1758 1165 1812 Θεοῦ
1203 1759 1401 1829 σοφίας
1443 1760 1624 1830 Μέρος
1662 1760 1722 1814 δέ

133 1845 383 1915 δηλονότι
412 1850 514 1919 τῆς
549 1848 740 1922 σοιείας
793 1850 827 1919 ή
860 1847 1090 1918 γνῶσις
1129 1850 1198 1922 ἢν
1248 1851 1350 1904 οὐκ
1403 1848 1720 1915 ἐξεικονίζει

135 1941 356 2003 πᾶσαν,
392 1916 550 2011 εἴπερ
579 1916 737 1994 τινῶν
772 1916 1165 1995 ἀίιτιολείπειται.⁷
1180 1940 1306 2005 Πῶς
1342 1940 1400 1994 δὲ
1427 1941 1520 1994 καὶ
1553 1942 1582 1994 6
1609 1942 1721 1993 [Ia-

131 2027 277 2099 τὴρ,
305 2027 374 2081 δι’
407 2022 470 2083 οὗ
501 2029 631 2093 τούς
670 2029 875 2094 αἰῶνας
913 2030 1136 2102 ἐποίησε
1156 2070 1171 2095 ,
1215 2028 1393 2101 τούτῳ
1424 2029 1487 2084 τὸ
1513 2024 1720 2101 ,ἐλάχι-

136 2136 264 2174 στον
322 2121 488 2193 μέρος
539 2120 649 2175 τῶν
703 2121 947 2187 αἰώνων,
994 2121 1092 2195 τὴν
1128 2123 1342 2196 ἡμέραν
1377 2121 1593 2193 ἐκείνην
1626 2123 1722 2175 καὶ

132 2212 236 2284 τὴν
266 2211 419 2284 ὥραν
438 2252 454 2275 ,
485 2215 587 2268 οὐκ
623 2213 858 2280 ἔδειξεν;
889 2216 960 2268 Ἦ
992 2214 1110 2279 πῶς
1135 2217 1164 2268 ὁ
1186 2214 1295 2268 τῶν
1325 2215 1477 2291 ὄλωνκ
1491 2213 1722 2285 ποιητὴς

132 2304 230 2357 τοῦ
264 2305 550 2376 ἐλαχίστου
583 2306 784 2378 μέρους
807 2292 916 2360 τῶν
951 2307 1041 2360 ὐπ’
1072 2306 1238 2360 αὐτοῦ
1268 2305 1592 2361 κτισθέντων
1621 2306 1723 2375 τῆς

133 2395 395 2463 γνώσεως
436 2397 835 2467 ἀπολείπεται;
891 2401 951 2453 '0
1005 2400 1064 2452 δὲ
1103 2400 1313 2470 λέγων,
1365 2400 1592 2471 πλησίον
1625 2398 1720 2452 τοῦ

134 2488 325 2552 τέλους
349 2529 367 2555 ,
404 2490 538 2566 τάδε.
565 2492 661 2546 καὶ
691 2492 820 2546 τάδε
859 2495 916 2546 ἐν
961 2493 1039 2565 τῷ
1071 2494 1284 2566 οὐρανῷ
1314 2497 1515 2566 σημεῖα
1544 2496 1639 2547 καὶ
1664 2496 1722 2546 ἐν

135 2584 249 2644 τοῖς
277 2581 420 2636 κατά
588 2584 808 2654 χωρίοις
835 2563 1171 2657 φανήσεσθαι
1195 2626 1210 2650 ,
1248 2563 1526 2650 πῶς-αὐτὸ
1555 2585 1616 2638 τὺ
1637 2586 1726 2639 τέ-

135 2670 229 2735 λος
280 2672 502 2740 ἀγνοεῖς
548 2675 639 2728 Ἐν
691 2671 774 2739 οἷς
819 2677 928 2749 γὰρ
969 2676 1156 2748 λέγει,
1195 2678 1368 2733 Οὔπω
1412 2678 1481 2732 τὸ
1522 2677 1723 2743 τέλος,

136 2767 239 2837 οὐχ
296 2768 375 2833 ὼς
431 2770 790 2841 ἀμφιϐάλλων
824 2811 840 2836 ,
901 2773 1016 2827 ἀλλ’
1062 2774 1139 2839 ὡς
1200 2774 1356 2840 εἰδὼς
1409 2774 1722 2847 διορίζεται.

139 2861 378 2915 Ἔπειτα
423 2862 606 2930 μέντοι
652 2865 1016 2936 εὐγνωμόνως
1052 2866 1378 2935 σκοποῦντι,
1426 2868 1601 2922 πολλὰ
1629 2870 1726 2924 καὶ

135 2955 247 3008 ἀπὸ
271 2955 368 3009 τοῦ
395 2956 734 3029 ἀνθρωπίνου
769 2959 968 3030 μέρους
993 2960 1022 3013 6
1051 2960 1257 3037 Κύριος
1283 2960 1587 3031 διαλέγεται
1614 2963 1726 3025 τοῖς

134 3048 481 3121 ἀνθρὼποις’
533 3045 647 3105 οἷον
688 3052 823 3123 (57),
859 3054 971 3118 Δός
1011 3071 1114 3123 μοι
1158 3054 1353 3121 πιεῖν,
1409 3056 1559 3126 φωνή
1605 3057 1722 3107 ἐστι

132 3140 232 3195 τοῦ
289 3143 499 3214 Κυρίου
566 3145 667 3216 τὴν
724 3147 1043 3216 σωματικὴν
1100 3148 1290 3217 χρείαν
1346 3148 1718 3219 ἐκπληροῦσα.

134 3234 338 3289 Καίτοι
388 3236 418 3288 6
466 3236 633 3291 αἰτῶν
671 3238 793 3308 οὐχί
828 3236 966 3310 σὰρξ
995 3233 1063 3311 ἦν
1096 3237 1301 3309 ἄψυχος
1323 3280 1336 3298 .
1367 3239 1504 3293 ἀλλά
1532 3239 1723 3307 θεότης

137 3327 309 3397 σαρκὶ
361 3326 591 3399 ἐμψύχῳ
649 3331 988 3402 κεχρημένη.
1062 3329 1221 3384 Οὕτω
1267 3332 1362 3385 καὶ
1391 3332 1485 3385 νῦν
1527 3333 1591 3385 τὸ
1621 3332 1722 3403 τῆς

136 3416 365 3485 ἀγνοίας
394 3419 487 3473 ἐπὶ
519 3419 609 3473 τὸν
654 3421 1014 3493 οἰκονομικῶς
1049 3423 1228 3477 πάντα
1260 3422 1720 3495 καταδεξάμενον,

138 3509 236 3563 καὶ
282 3510 661 3581 προκόπτοντα
692 3513 844 3586 παρά
888 3513 1008 3585 Θεῷ
1057 3514 1155 3567 καὶ
1195 3514 1505 3587 ἀνθρώποις
1560 3515 1724 3588 σοφίᾳ

137 3604 237 3656 καὶ
281 3603 503 3675 χάριτι,
558 3605 850 3678 λαμϐάνων
888 3626 1009 3675 τις,
1041 3609 1143 3663 οὐκ
1170 3608 1275 3676 ἔξω
1324 3609 1421 3680 τῆς
1465 3608 1724 3673 εὐσεϐοῦς

140 3695 494 3767 ἐνεχθήσεται
524 3697 782 3762 διανοίας.

209 3786 264 3839 2.
314 3787 429 3856 Τῆς
457 3788 556 3859 σῆς
592 3789 637 3843 δ’
665 3789 732 3844 ἂν
752 3789 839 3861 εἴη
868 3790 1182 3861 φιλοπονίας
1205 3791 1316 3861 (58)
1338 3789 1594 3844 ἐκθέσθαι
1623 3790 1724 3854 τὰς

140 3877 508 3947 εὐαηελικάς
539 3882 727 3952 ῥήσεις
751 3923 766 3945 ,
802 3884 898 3937 καὶ
934 3887 1222 3954 συγκρῖναι
1251 3883 1509 3954 ἀλλήλαις
1534 3885 1632 3955 τήν
1664 3900 1725 3937 τε

141 3966 429 4020 Ματθαίου
484 3970 580 4023 καὶ
621 3969 720 4042 τὴν
756 3971 1006 4042 Μάρκου.
1046 3964 1206 4025 Οὗτοι
1242 3972 1352 4044 γὰρ
1397 3974 1549 4044 μόνοι
1598 3989 1726 4026 συνο

142 4056 459 4127 ενεχθέντες
497 4060 627 4133 περί
675 4061 767 4115 τὸν
798 4062 962 4116 τόπον
999 4064 1188 4117 τοῦτον
1220 4062 1469 4134 ἀλλήλοις
1505 4063 1724 4128 φαίνον-

141 4165 249 4202 ται.
298 4148 363 4202 Ἡ
410 4150 509 4221 μὲν
548 4146 641 4205 οῦν
693 4151 789 4206 τοῦ
839 4153 1120 4209 Ματθαίου
1168 4153 1313 4219 λέξις
1351 4152 1526 4223 οὕτως
1570 4153 1720 4224 ἔχει·

139 4237 283 4307 Περί
309 4239 379 4293 δὲ
424 4240 534 4308 τῆς
566 4242 791 4313 ἡμέρας
831 4244 1075 4313 ἐκείνης
1121 4245 1221 4300 καὶ
1264 4245 1377 4315 τῆς
1420 4244 1576 4314 ἅψας
1610 4244 1722 4317 (59)

141 4331 344 4397 οὐδεὶς
382 4328 577 4397 οἶδεν,
611 4334 754 4387 οὐδὲ
790 4339 844 4389 οἱ
891 4335 1133 4406 ἄγγελοι
1166 4335 1285 4391 τῶν
1321 4335 1594 4404 οὐρανῶν
1618 4376 1633 4400 ,
1671 4339 1726 4389 εἰ

1821 469 1963 521 novit
1996 466 2197 522 Filium
2230 471 2334 524 nisi
2365 470 2530 525 Pater
2553 472 2620 526 °°.
2664 471 2853 545 Neque
2906 475 3053 530 enim
3090 477 3180 531 hic
3243 479 3403 549 igno-

1821 559 2012 613 rantiae
2046 560 2312 628 Spiritum
2346 569 2614 629 accusat;
2667 563 2763 619 sed
2796 573 3009 620 naturae
3060 582 3175 622 suae
3207 569 3403 639 cogni-

1821 651 2024 705 tionem
2067 650 2216 706 Patri
2254 652 2436 723 priino
2474 654 2661 711 inesse
2712 664 2970 712 testatur.
3013 657 3184 716 Sicet
3221 660 3354 716 illud
3378 701 3397 726 ,

1824 740 1994 797 Nemo
2023 744 2122 797 scit
2145 743 2212 810 ",
2265 744 2337 800 ab
2387 759 2457 800 eo
2513 747 2749 817 primam
2780 763 2973 804 eorum
2999 765 3121 820 quae
3161 759 3315 817 sunt,
3345 759 3402 808 et

1820 851 1945 907 quae
1976 836 2161 892 futura
2191 846 2321 894 sunt
2346 840 2718 912 cognitionem
2757 842 2826 897 ad
2852 842 3070 899 Patrem
3106 845 3398 912 referente,

1821 935 1875 983 et
1906 929 1963 984 in
2002 931 2260 987 omnibus
2299 932 2531 1003 primam
2565 948 2793 988 causam
2829 935 3147 992 hominibus
3183 937 3405 992 demon-

1822 1025 2032 1074 strante
2090 1020 2298 1075 dictum
2349 1020 2648 1079 credimus.
2704 1023 2925 1094 Alioqui
2972 1027 3252 1096 quomodo
3307 1034 3404 1083 aut

1823 1126 1947 1165 cum
1994 1112 2223 1183 reliquis
2268 1111 2569 1184 Scriptum
2609 1115 2938 1172 testimoniis
2974 1120 3283 1174 consentiat
3327 1120 3406 1174 di-

1821 1212 1967 1259 ctum
1998 1204 2165 1271 illud,
2210 1211 2305 1260 aut
2352 1221 2481 1262 cum
2525 1207 2910 1264 communibus
2954 1211 3167 1266 nostris
3222 1213 3405 1267 notio-

1822 1294 1986 1351 nihus
2014 1295 2309 1365 quadrare
2365 1296 2582 1367 possit,
2648 1298 2745 1368 qui
2796 1299 3076 1358 credimus
3108 1289 3425 1374 imaginem.

1822 1401 1946 1442 esse
1988 1385 2085 1443 Dei
2126 1389 2424 1446 invisibilis
2465 1390 2815 1461 Unigenitum
2840 1409 2857 1459 ;
2885 1394 3179 1465 imaginem
3219 1404 3404 1451 autem

1823 1491 1933 1531 non
1990 1477 2175 1548 figurae
2229 1494 2510 1552 corporeae
2537 1522 2553 1548 ,
2589 1481 2684 1536 sed
2725 1482 2902 1553 ipsius
2951 1483 3296 1550 divinitatis,
3348 1494 3407 1541 et

1823 1568 2239 1639 magnificorum
2276 1571 2687 1636 attributorum,
2748 1589 2872 1644 qua:
2904 1574 2963 1631 in
3016 1574 3114 1632 Dei
3160 1578 3406 1633 essentia

1824 1658 2207 1731 intelliguntur
2250 1678 2266 1715 :
2329 1662 2624 1734 imaginem
2662 1666 2925 1734 virtutis,
2967 1668 3261 1740 imaginem
3314 1686 3409 1727 sa-

1751 1744 1792 1802 B
1821 1749 2067 1819 pientiae,
2099 1760 2374 1823 quatenus
2407 1755 2665 1814 Christus
2700 1759 2885 1817 dictus
2916 1768 3005 1817 est
3041 1761 3139 1818 Dei
3183 1763 3360 1819 virtus
3382 1802 3402 1828 ,

1820 1851 1875 1896 et
1912 1839 2011 1897 Dei
2040 1843 2306 1911 sapientia
2329 1845 2415 1900 ⁸⁸⁸1
2436 1846 2693 1904 Profecto
2723 1856 2904 1906 autem
2926 1866 3056 1923 pars
3080 1858 3166 1908 est
3191 1854 3409 1925 sapien-

1817 1932 1911 1986 tiae
1975 1934 2217 2006 cognitio
2249 1974 2265 2001 ,
2321 1951 2487 2006 quam
2535 1953 2646 1995 non
2698 1946 2872 1995 totam
2927 1953 3326 2014 repraesentat,
3354 1945 3405 2001 si

1819 2024 1951 2096 quid
1980 2025 2028 2081 ei
2071 2027 2234 2082 desit.
2270 2027 2557 2095 Quomodo
2601 2039 2782 2088 autem
2826 2031 2992 2091 Pater
3019 2035 3091 2103 ei,
3114 2050 3212 2106 per
3236 2052 3402 2108 quem

1819 2118 2023 2174 saecula
2065 2118 2348 2188 condidit,
2415 2122 2696 2178 minimam
2753 2134 2963 2196 partem
3026 2129 3350 2185 saeculorum
3384 2171 3401 2192 ,

1819 2209 1964 2265 diem
2013 2209 2168 2264 illum
2223 2220 2279 2267 et
2324 2213 2560 2282 horam,
2608 2229 2720 2269 non
2785 2219 3075 2273 ostendit?
3114 2219 3225 2275 Aut
3260 2236 3404 2292 quo-

1820 2300 1984 2356 modo
2024 2302 2408 2360 universorum
2454 2304 2741 2374 Conditor,
2799 2309 3042 2365 minimae
3079 2311 3255 2382 partis
3303 2328 3403 2368 eo-

1820 2409 1943 2448 rum
1967 2436 1982 2459 ,
2016 2410 2139 2465 quae
2171 2410 2201 2449 a
2248 2411 2308 2452 se
2345 2397 2568 2454 condita
2610 2407 2760 2465 sunt,
2791 2402 3104 2472 cognitione
3129 2404 3399 2461 destitue-

1825 2487 1958 2541 tur?
1983 2486 2089 2554 Qui
2133 2496 2317 2543 autem
2362 2491 2545 2556 dicit,
2594 2481 3073 2565 appropinquante
3114 2495 3244 2563 fine,
3281 2497 3403 2553 haec

1821 2586 1877 2634 et
1924 2578 2018 2634 illa
2061 2579 2118 2635 in
2158 2582 2301 2636 cmlo
2349 2582 2504 2654 signa
2541 2591 2597 2639 et
2640 2583 2697 2637 in
2724 2585 2886 2641 terris
2909 2585 3085 2641 visum
3107 2585 3212 2652 iri,
3260 2602 3403 2657 quo—

1823 2670 1984 2726 modo
2036 2672 2217 2742 ipsum
2273 2672 2434 2729 ﬁnem
2485 2674 2744 2744 ignorat?
2815 2675 2952 2730 Dum
3017 2677 3162 2733 enim
3224 2678 3397 2734 dicit:

1825 2762 2078 2818 Nondum
2107 2766 2231 2835 ﬁnis
2260 2766 2325 2834 “,
2356 2781 2466 2821 non
2498 2768 2656 2839 quasi
2690 2768 2970 2833 dubitans,
2999 2770 3094 2825 sed
3130 2778 3192 2826 ut
3218 2772 3401 2828 sciens

1823 2855 2074 2912 afﬁrmat.
2116 2856 2343 2925 Deinde,
2388 2859 2436 2915 si
2479 2860 2605 2930 quis
2634 2875 2792 2933 aequo
2830 2862 3017 2918 animo
3039 2863 3349 2919 consideret
3379 2903 3399 2930 ,

1824 2949 1995 3002 multa
2038 2956 2093 3004 et
2130 2965 2197 3005 ex
2254 2950 2493 3006 humana
2538 2961 2693 3023 parte
2727 2952 2989 3010 Dominus
3037 2955 3259 3012 disserit
3300 2956 3402 3010 lio-

1824 3042 2071 3098 minibus
2105 3057 2121 3097 :
2176 3057 2303 3097 nam
2336 3043 2495 3110 illud,
2545 3044 2633 3098 Da
2671 3044 2800 3099 mihi
2851 3044 3025 3101 bibere
3050 3045 3116 3112 “,
3158 3062 3268 3103 vox
3315 3054 3403 3102 est

1825 3130 2086 3198 Domini,
2134 3147 2452 3204 corpoream
2510 3123 2866 3206 indigentiam
2923 3137 3172 3208 explens.
3219 3137 3403 3208 Atque

1822 3224 1871 3280 is
1895 3225 2116 3295 quidem
2151 3227 2245 3297 qui
2289 3227 2547 3297 petebat,
2602 3244 2714 3283 non
2763 3243 2896 3285 caro
2927 3237 3048 3285 erat
3072 3231 3400 3299 inaniinata,

1823 3318 1918 3375 sed
1978 3318 2241 3375 divinitas
2296 3334 2463 3376 carne
2512 3320 2754 3376 animata
2801 3330 2983 3379 utens.
3041 3323 3117 3377 Ita
3145 3330 3202 3379 et
3252 3340 3404 3381 nunc

1823 3411 1868 3467 si
1904 3412 2031 3482 quis
2077 3411 2445 3483 ignorantiam
2505 3413 2654 3468 illam
2720 3414 2788 3468 ad
2845 3430 2970 3470 eum
3015 3414 3258 3481 referat,
3306 3418 3403 3487 qui

1821 3503 2006 3558 omnia
2041 3518 2138 3574 per
2167 3504 2635 3575 dispensationem
2667 3506 2948 3576 suscepit,
2980 3513 3036 3560 et
3070 3521 3256 3562 coram
3290 3507 3404 3563 Deo

1822 3601 1878 3648 et
1908 3594 2225 3652 hominibus
2270 3597 2538 3667 sapientia
2564 3606 2620 3651 et
2645 3599 2823 3667 gratia
2854 3597 3123 3668 profecit;
3168 3599 3217 3654 is
3247 3607 3402 3655 extra

1822 3687 1969 3757 piam
1993 3702 2101 3741 non
2121 3686 2329 3743 feretur
2352 3688 2708 3744 sententiam.

1893 3773 1948 3828 2.
1988 3773 2109 3829 Jam
2140 3782 2249 3831 tuae
2295 3776 2593 3847 diligentias
2643 3777 2808 3832 fuerit
2853 3778 3203 3848 evangelicas
3239 3795 3404 3838 voces

1823 3882 2118 3938 exponere,
2149 3875 2205 3924 et
2234 3867 2471 3924 Matthzei
2510 3883 2576 3924 ac
2610 3869 2778 3924 Marci
2816 3868 2961 3925 dicta
2995 3871 3143 3927 inter
3182 3887 3245 3928 se
3266 3888 3404 3930 con-

1825 3958 1988 4014 ferre.
2046 3957 2114 4014 Hi
2161 3961 2310 4017 enim
2355 3961 2457 4017 soli
2504 3962 2654 4016 circa
2710 3962 2857 4016 hunc
2921 3962 3105 4018 locum
3156 3963 3302 4020 inter
3344 3981 3406 4021 se

1823 4051 2175 4108 concurrisse
2230 4053 2664 4121 comperiuntur.
2747 4053 2813 4108 Et
2878 4052 3119 4110 Matthaei
3184 4056 3405 4127 quidem

1823 4140 1991 4196 dictio
2049 4141 2131 4198 sic
2183 4157 2244 4199 se
2288 4142 2454 4199 habet
2505 4159 2520 4197 :
2562 4143 2639 4198 De
2681 4143 2769 4199 die
2819 4154 2995 4200 autem
3048 4145 3149 4201 illa
3191 4146 3408 4203 ethera

1824 4249 1975 4288 nemo
2036 4235 2173 4300 scit,
2222 4251 2286 4290 ne
2315 4236 2564 4291 cazlorum
2601 4237 2815 4307 quidem
2864 4238 3069 4309 angeli,
3134 4240 3244 4294 nisi
3301 4239 3408 4293 Pa-

1825 4334 1902 4379 ter
1933 4325 2080 4382 solus
2103 4327 2172 4382 ⁶⁸.
2212 4326 2379 4382 Marci
2403 4335 2587 4384 autem
2622 4329 2701 4384 ita
2739 4319 2867 4385 :'De
2887 4331 2973 4386 die
3021 4340 3199 4387 autem
3227 4331 3325 4387 illo
3355 4342 3407 4386 et

137 4427 223 4496 μὴ
248 4431 283 4480 ὀ
308 4425 511 4495 Πατὴρ
534 4428 756 4495 μόνος·
789 4429 823 4498 ἡ
852 4427 911 4481 δὲ
927 4427 1021 4482 τοῦ
1051 4428 1303 4499 Μάρκου·
1336 4427 1475 4497 Περί
1510 4427 1578 4481 δὲ
1610 4425 1722 4495 τῆς

1827 4420 1958 4474 hora
2022 4436 2171 4474 nemo
2236 4421 2336 4475 scit
2366 4462 2381 4484 ,
2453 4437 2615 4491 neque
2668 4421 2841 4493 angeli
2898 4425 2954 4477 in
3018 4424 3173 4492 calo,
3243 4440 3407 4494 neque

138 4517 371 4588 ἡμέρας
402 4518 640 4587 ἐκείνης
670 4518 770 4573 καὶ
812 4518 968 4588 ὥρας
1014 4520 1213 4586 οὐδεὶς
1250 4515 1414 4575 οἶδεν
1437 4559 1452 4582 ,
1489 4517 1632 4573 οὐδὲ
1666 4520 1725 4573 οἰ

1828 4511 2006 4567 Filius
2039 4551 2055 4576 ,
2078 4513 2184 4567 nisi
2214 4511 2378 4567 Pater
2401 4513 2465 4567 ⁸⁸.
2498 4512 2641 4580 Quid
2674 4521 2855 4571 autem
2886 4514 2943 4570 in
2995 4516 3086 4573 his
3108 4517 3404 4572 observatu

141 4608 387 4678 ἄγγελοι
428 4614 482 4665 οἶ
527 4610 598 4664 ἐν
637 4609 871 4679 οὐρανῷ
898 4611 1046 4682 (60),
1083 4612 1227 4666 οὐδὲ
1266 4615 1299 4667 ό
1342 4610 1511 4678 Υἱὸς,
1546 4612 1605 4665 εἰ
1631 4610 1721 4680 μὴ

1827 4606 2052 4677 dignum
2098 4607 2231 4662 est?
2286 4604 2424 4661 illud
2483 4623 2722 4678 nempe,
2806 4606 3121 4663 Matthaaum
3182 4607 3403 4678 quidem

141 4702 179 4754 ό
208 4700 433 4770 Πατήρ.
466 4701 533 4754 Τί
558 4701 738 4756 τοίνυν
763 4703 910 4755 ἐστὶν
941 4704 999 4756 ἐν
1032 4703 1243 4767 τούτοις
1273 4702 1721 4775 ἐπισημήνασθαι

1827 4699 1965 4754 nihil
2018 4697 2225 4755 dixisse
2254 4697 2322 4754 de
2348 4696 2470 4753 Filii
2499 4698 2662 4771 362
2705 4699 3036 4770 ignorantia,
3085 4698 3262 4754 videri
3320 4704 3408 4752 ta-

143 4789 326 4855 ἀξιονς
369 4793 489 4844 Ὅτι
515 4794 544 4845 6
578 4793 675 4863 μὲν
707 4793 986 4857 Ματθαῖος
1010 4792 1161 4847 οὐδὲν
1184 4786 1307 4846 εἷπε
1334 4792 1464 4864 περὶ
1493 4793 1592 4863 τῆς
1625 4790 1722 4845 τοῦ

1828 4804 1955 4845 men
2003 4802 2130 4843 cum
2169 4787 2354 4845 Marco
2393 4789 2706 4844 consentire
2743 4788 2926 4859 quoad
2961 4802 3219 4852 sensum,
3269 4784 3406 4842 dum

142 4880 278 4934 Υἰοῦ
321 4882 629 4951 ἀγνωσίας⁶
678 4884 913 4937 δοκεῖδέ
957 4883 1038 4954 τῷ
1090 4883 1305 4956 Μάρκῳ
1343 4882 1722 4957 συμφέρεσθαι

1829 4881 1938 4944 ait,
1988 4876 2113 4934 Nisi
2143 4879 2288 4934 solus
2341 4878 2525 4935 Pater.
2565 4878 2679 4936 Nos
2720 4894 2886 4951 porro
2916 4880 3297 4937 existimamus
3337 4878 3409 4935 il-

216 5005 262 5036 “
298 5004 493 5058 Matth.
536 5021 623 5069 xi,
662 5005 755 5059 27.
856 5006 901 5037 θ’
946 5004 1135 5060 Matth.
1176 5019 1346 5071 xxiv,
1379 5002 1470 5060 36.
1573 5004 1618 5036 “
1656 5001 1678 5056 ι
1714 5001 1841 5058 Cor.
1887 5017 1939 5067 ι,
2004 4999 2097 5053 24.
2200 4999 2248 5032 ⁸⁸
2284 4998 2476 5054 Matth.
2548 5015 2700 5067 xxiv,
2747 4998 2801 5054 6.
2877 4997 2923 5029 “
2957 4994 3117 5054 Joan.
3191 5012 3279 5063 tv,
3347 4995 3400 5053 7.

144 5075 191 5106 ⁸⁸
226 5075 415 5129 Matth.
447 5091 599 5141 xxiv,
628 5076 720 5133 36.
796 5075 1029 5129 “Marc.
1060 5090 1184 5141 xui,
1224 5074 1314 5129 52.

216 5193 333 5263 (56)
383 5191 569 5247 Ἀλλὰ
611 5191 837 5263 πρῴτῳ.
889 5191 1013 5263 Duo
1070 5190 1239 5263 Regii
1268 5189 1511 5263 codices,
1568 5186 1715 5263 V_at.,

142 5259 411 5324 Cl:iroin.,
443 5263 612 5332 Bigot.
643 5271 698 5316 et
722 5261 896 5317 Paris.
931 5262 1133 5318 habent
1158 5259 1295 5315 ἀλλὰ
1318 5260 1552 5332 πρῶτον.
1581 5259 1717 5314 Cum

141 5338 309 5391 editis
339 5333 432 5387 alii
462 5333 681 5386 codices
709 5333 1081 5387 consentiunt.

214 5401 494 5480 (57)]οξς
520 5401 851 5480 ἀνθρώποις
868 5420 899 5480 -_
924 5398 1073 5480 οἷον.
1110 5401 1233 5463 Ηωο
1259 5399 1442 5455 addita
1474 5415 1547 5480 ei
1571 5398 1722 5480 codi-

141 5467 507 5549 cih'us'ﬁledﬂ
544 5467 921 5549 llar|._.__Coisl.
964 5474 1146 5549 primo
1171 5482 1227 5529 et
1260 5486 1370 5525 uno
1401 5486 1469 5525 ex
1509 5467 1717 5549 Regi-is.

143 5545 290 5600 Eiliti
320 5542 648 5610 διαλέγεται.
698 5540 934 5614 Τδίγάρ.
966 5540 1096 5614 110x
1135 5543 1217 5614 hie
1252 5556 1437 5614 voces,
1473 5540 1719 5614 τοῦ-Κυ-

148 5617 291 5688 ριου.
332 5609 623 5695 όεειηιιβη
653 5609 1136 5695 _eodieihus_Vat._,
1174 5609 1633 5695 Coisl.‘,.secundo
1665 5615 1722 5663 et

146 5681 367 5742 duobus
402 5682 609 5755 Regiis.
652 5681 823 5739 Paulo
855 5691 980 5754 post
1010 5693 1218 5755 septem
1263 5682 1522 5740 codices:
1563 5681 1720 5734 Οὕτω

1823 5188 2001 5240 τοίνυν
2028 5184 2089 5239 τὸ
2116 5188 2215 5257 τῆς
2253 5184 2475 5254 ἀγνοίας
2519 5184 2612 5237 ἐπὶ⁹
2641 5184 2734 5237 τὸν
2766 5183 3164 5257 προκόπτοντα.
3193 5181 3404 5239 Caetera

1862 5263 2041 5311 esurit.
2916 5306 2919 5311 η

1823 5259 2421 5398 αρῗὲέῗῶιλοπρνίπ.
2448 5322 2618 5398 βοίει.
2642 5323 2853 5395 primus
2881 5306 3218 5394 φιλοσοφίας,
3246 5330 3301 5379 et
3330 5323 3403 5381 ad

1824 5394 2123 5464 marginem
2157 5402 2217 5449 ut
2250 5394 2306 5448 in
2337 5395 2519 5451 editis.

1896 5461 2008 5535 (59)
2034 5461 2141 5521 Kal
2168 5464 2280 5533 τῆς
2311 5464 2486 5535 ὥρας.
2514 5462 2641 5535 Haec
2659 5461 2860 5535 desunt
2889 5462 2949 5517 in
2986 5461 3237 5534 pluribus
3260 5478 3401 5523 mss.

1822 5533 2001 5616 Paulo
2026 5544 2150 5616 post
2175 5533 2665 5616 quinque_codices
2687 5535 2720 5607 ἢ
2755 5533 2924 5616 ᾤρτις.
3053 5604 3066 5616 ‘
3136 5605 3148 5616 .
3229 5603 3264 5616 Α
3306 5602 3318 5616 .
3358 5582 3381 5616 _.

1895 5601 2102 5680 (60)ξοι
2124 5601 2481 5678 ἑνοῠρῗανῷ.
2510 5604 2673 5663 Deest
2708 5601 2884 5677 prima
2910 5604 3103 5661 vocula
3136 5605 3193 5660 in
3224 5601 3402 5662 Coisl.

1825 5676 2090 5735 secundo.
