3856 6224
448 255 552 312 879

1759 263 1817 319 S.
1861 263 2103 322 BASlLll
2148 266 2360 321 MAGNI

3612 275 3723 329 880

451 369 578 430 lud,
633 367 809 431 solus,
860 375 918 422 ut
964 370 1171 439 angelis
1209 382 1536 440 opponatur,
1589 372 1790 429 dictum
1839 375 2008 432 fuisse

2137 382 2279 433 κατὰ
2313 380 2412 451 τὴν
2452 380 2694 446 ἔννοιαν,
2730 382 2794 434 ἐκ
2825 382 2920 436 τοῦ
2961 383 3126 453 φάναι
3150 424 3164 449 ,
3203 389 3270 441 Εἰ
3301 387 3391 456 μὴ
3435 391 3470 443 ὁ
3514 391 3724 462 Πατὴρ

451 465 674 516 minime
699 476 829 519 vero
862 460 1059 517 Filium
1099 479 1206 518 una
1261 479 1385 519 cum
1411 465 1528 520 suis
1567 467 1741 523 servis
1781 482 2032 539 compre-

453 550 638 614 hendi,
688 559 954 620 quantum
1004 552 1199 607 attinet
1229 553 1295 608 ad
1340 553 1728 624 ignorantiam.
1760 556 1856 613 Est
1885 559 2029 613 enim

453 655 613 694 verax
659 641 754 710 qui
810 641 1186 710 pronuntiavit
1225 660 1236 695 ε
1287 640 1483 696 Omnia
1525 659 1846 713 quwcunque
1877 643 2032 698 habet

456 727 650 792 Pater,
700 745 818 782 mea
887 739 1010 782 sunt
1035 731 1101 783 ".
1149 729 1326 785 Unum
1379 741 1560 787 autem
1617 749 1857 799 eorum,
1909 753 2032 804 cura:

452 819 647 884 habet,
679 829 764 875 est
808 829 862 874 et
895 819 1012 890 ipsa
1053 821 1284 890 hujusce
1327 824 1435 879 diei
1480 835 1536 879 et
1589 827 1736 880 liora:
1767 829 2026 897 cognitio.

454 907 684 964 Silentio
734 910 900 980 igitur
939 912 1394 980 prtetermittens,
1438 925 1497 968 ut
1543 916 1767 972 minime
1811 927 2031 973 contro-

449 1017 689 1066 versam,
741 1018 896 1058 suam
939 1003 1112 1072 ipsius
1161 1019 1451 1072 personam
1491 1007 1545 1061 in
1600 1007 1838 1065 Matthaei
1879 1011 2030 1066 dicto

450 1093 734 1156 Dominus,
767 1095 990 1165 angelos
1021 1095 1159 1150 dixit
1192 1095 1480 1166 ignorare,
1517 1101 1662 1156 scire
1706 1113 1886 1157 autem
1934 1103 2033 1157 Pa-

449 1194 586 1240 trem
615 1186 815 1248 solum,
859 1184 1038 1241 Patris
1071 1188 1443 1258 cognitionem
1469 1194 1636 1246 tacite
1667 1209 1822 1248 suam
1852 1194 2028 1264 ipsius

446 1293 569 1333 esse
607 1279 834 1344 docens,
883 1295 949 1334 eo
985 1279 1129 1348 quod
1161 1291 1216 1335 et
1259 1281 1386 1336 alibi
1417 1286 1791 1352 pronuntiarit
1829 1301 1841 1338 :
1878 1286 2027 1342 Sicut

445 1373 710 1441 cognoscit
762 1388 843 1425 me
899 1371 1098 1435 Pater,
1148 1382 1198 1426 et
1247 1390 1340 1443 ego
1392 1391 1647 1445 cognosco
1708 1376 1923 1432 Patrem
1957 1380 2022 1432 "'.

443 1463 600 1528 Quod
657 1464 704 1517 si
738 1461 901 1517 Pater
948 1463 1144 1517 Filium
1183 1472 1356 1520 totum
1412 1467 1651 1523 totaliter
1699 1471 2021 1540 cognoscit,

445 1557 520 1610 ita
571 1564 627 1611 ut
677 1564 732 1612 et
773 1557 1113 1612 reconditam
1167 1558 1222 1611 in
1271 1557 1390 1627 ipso
1435 1559 1763 1628 sapientiam
1804 1577 2022 1616 omnem

443 1649 733 1719 perspiciat
772 1669 784 1703 :
823 1649 940 1717 pari
974 1664 1232 1704 mensura
1263 1658 1317 1706 et
1361 1666 1392 1705 a
1438 1649 1579 1705 Filio
1617 1666 2019 1723 cognoscetur,

441 1753 564 1792 cum
602 1737 751 1790 omni
803 1737 969 1790 insita
1015 1738 1092 1791 illi
1127 1738 1395 1808 sapientia
1447 1747 1502 1793 et
1560 1743 1896 1808 praenotione
1937 1745 2020 1797 l'u-
2056 1733 2094 1786 Β

443 1838 708 1883 turorum.
750 1827 840 1881 Sic
870 1828 1036 1898 igitur
1076 1829 1209 1883 illud
1242 1828 1477 1884 Matthaei
1505 1869 1520 1894 ,
1557 1829 1680 1884 Nisi
1708 1835 1854 1886 solus
1905 1834 2020 1888 Pa-

441 1930 550 1986 ter,
628 1920 1042 1991 interpretando
1113 1921 1427 1975 leniendum
1498 1921 1778 1978 ducimus.
1852 1925 2020 1982 Marci

436 2022 616 2068 autem
661 2014 847 2079 verba,
895 2014 1023 2083 quia
1071 2021 1258 2082 aperte
1314 2013 1570 2068 videntur
1597 2015 1773 2084 ipsum
1822 2016 2020 2073 Filium

437 2122 467 2159 a
520 2106 831 2176 cognitione
867 2103 1161 2161 excludere
1191 2150 1204 2172 ,
1251 2106 1328 2160 ita
1377 2107 1741 2179 intelligimus
1795 2128 1808 2163 :
1847 2109 2020 2166 Nemo

435 2199 611 2266 novit,
668 2214 850 2270 neque
905 2199 1082 2268 angeli
1124 2197 1256 2266 Dei,
1310 2199 1407 2255 sed
1439 2215 1540 2255 nec
1569 2200 1743 2257 Filius
1783 2211 1973 2258 nosset
2001 2245 2016 2268 ,

434 2289 544 2346 nisi
602 2299 792 2346 nosset
845 2289 1049 2357 Pater;
1101 2290 1204 2346 hoc
1241 2299 1346 2355 est,
1393 2306 1562 2348 causa
1601 2300 1656 2348 et
1688 2293 2020 2364 principium

432 2386 769 2459 cognitionis
813 2385 939 2440 Filii
993 2401 1024 2440 a
1058 2384 1222 2441 Patre
1267 2395 1370 2441 est.
1419 2385 1497 2440 Ac
1527 2387 1768 2442 violenta
1797 2389 2017 2458 quidem

430 2496 542 2534 non
580 2487 686 2549 est,
716 2479 762 2534 si
818 2479 945 2549 quis
973 2493 1131 2548 atquo
1169 2477 1352 2532 animo
1385 2479 1614 2546 audiat,
1650 2479 1764 2534 haec
1800 2482 2013 2550 exposi-

427 2571 550 2638 tio;
605 2569 1055 2642 quandoquidem
1105 2585 1214 2623 non
1264 2569 1528 2639 adjicitur
1573 2573 1740 2635 solus,
1779 2581 1841 2626 ut
1873 2573 2017 2643 apud

432 2662 769 2718 Matthteum.
820 2660 972 2718 Mens
1010 2661 1176 2732 igitur
1206 2659 1375 2714 Marci
1425 2669 1510 2716 est
1549 2662 1821 2732 ejusmodi
1865 2680 1877 2715 :
1944 2663 2018 2720 De

422 2757 520 2810 die
579 2763 759 2810 autem
813 2754 905 2807 illa
937 2765 1031 2808 aut
1077 2754 1210 2807 hora
1262 2769 1422 2809 nemo
1454 2755 1581 2821 scit,
1625 2772 1806 2826 neque
1836 2758 2017 2828 angeli

430 2847 566 2910 Dei,
625 2845 721 2901 sed
773 2860 875 2898 nec
921 2841 1092 2898 Filius
1139 2843 1359 2914 quidem
1419 2854 1636 2911 nosset,
1672 2847 1779 2900 nisi
1828 2857 2017 2904 nosset

429 2939 638 3003 Pater;
694 2935 966 3006 siquidem
1005 2937 1125 2991 eia
1179 2935 1340 2990 Patre
1391 2935 1518 2989 data
1578 2938 1840 3007 cognitio.
1899 2938 2016 2994 Hoc

2126 474 2332 541 μόνος.
2375 473 2566 542 Ἡμεῖς
2611 473 2666 526 δὲ
2722 474 3006 544 ἡγούμεθα
3048 476 3139 541 τὸ,
3169 480 3392 546 μόνος,
3441 481 3578 552 πρὸς
3621 485 3724 552 τὴν

2129 563 2237 616 τῶν
2284 564 2530 632 ἀγγέλων
2564 564 2971 638 ἀντιδιαστολὴν
3020 567 3130 639 (61)
3187 571 3473 642 εἰρῆσθαι·
3521 573 3612 627 τὸν
3665 576 3725 628 δὲ

2131 657 2258 710 Υίὸν
2299 657 2375 728 μὴ
2412 657 3052 730 συμπαραλαμϐάνεσθαι
3089 665 3202 726 τοῖς
3253 665 3450 718 ἑαυτοῦ
3484 667 3721 732 δούλοις,

2130 747 2270 801 κατὰ
2310 749 2408 817 τὴν
2451 750 2694 817 ἄγνοιαν.
2741 749 3002 822 Ἀψευδὴς
3031 752 3140 824 γὰρ
3169 753 3198 804 6
3223 754 3412 819 εἰπὼν,
3446 757 3529 810 ὃτι
3553 758 3723 812 Πάν-

2128 857 2200 894 τα
2229 839 2347 893 ὅσα
2375 840 2500 910 ἔχει
2539 844 2572 894 ὁ
2609 840 2815 909 Πατὴρ
2843 842 2955 911 ἐμά
2982 843 3172 898 ἐστιν.
3216 847 3310 899 Ἓν
3339 847 3395 902 δὲ
3415 889 3429 913 ,
3461 841 3538 902 ὧν
3576 850 3721 921 ἔχει,
3804 913 3812 924 ⁸

2129 933 2221 985 καὶ
2247 934 2280 1003 ἡ
2312 933 2512 1001 γνῶσίς
2535 936 2651 986 ἐστι
2680 933 2779 1004 τῆς
2805 934 3019 1006 ἡμέρας
3051 936 3266 1007 ἐκείνης
3291 941 3384 992 καὶ
3413 941 3515 1010 τῆς
3541 941 3720 1015 ὥρας.

2127 1025 2577 1096 Παρασιωπήσας
2607 1025 2816 1088 τοίνυν,
2849 1027 2926 1091 ὡς
2965 1028 3397 1100 ὁμολογούμενον
3418 1071 3433 1096 ,
3484 1031 3547 1085 τὸ
3587 1035 3723 1086 ἑαυ-

2127 1115 2220 1169 τοῦ
2255 1116 2546 1187 πρόσωπον
2585 1119 2646 1170 ἐν
2673 1121 2740 1190 τῇ
2785 1117 2928 1183 λέξει
2971 1118 3065 1173 τοῦ
3098 1119 3380 1176 Ματθαίου
3417 1123 3446 1174 6
3483 1123 3719 1193 Κύριος,

2125 1209 2251 1272 τοὺς
2283 1208 2550 1277 ἀγγέλους
2583 1207 2734 1262 εἶπεν
2765 1211 2977 1278 ἀγνοεῖν
2998 1252 3012 1275 ,
3053 1211 3248 1265 εἰδέναι
3280 1212 3336 1266 δὲ
3369 1214 3461 1267 τὸν
3489 1216 3722 1287 Πατέρα

2129 1297 2318 1368 μόνον·
2349 1298 2448 1369 τὴν
2476 1298 2572 1350 τοῦ
2612 1298 2826 1370 Πατρδς
2858 1301 3061 1368 γνῶσιν
3098 1301 3240 1355 κατὰ
3263 1302 3322 1354 τὸ
3355 1304 3722 1374 σιωπώμενον

2127 1390 2220 1442 καὶ
2249 1388 2442 1442 ἑαυτοῦ
2492 1387 2632 1443 εἶναι
2663 1390 2866 1459 λέγων,
2918 1391 3006 1446 διὰ
3038 1393 3100 1446 τὸ
3129 1393 3223 1446 καὶ
3259 1395 3313 1446 ἐν
3343 1395 3524 1458 ἄλλοις
3557 1399 3718 1467 εἰρη-

2125 1481 2314 1534 κέναι⁶
2355 1481 2561 1547 Καθὼς
2600 1481 2878 1551 γινώσκει
2926 1502 3004 1553 με
3056 1489 3089 1538 ό
3126 1485 3366 1554 Πατὴρ,
3417 1489 3580 1556 κάγὼ
3631 1507 3722 1557 γι-

2124 1571 2335 1625 νώσκω
2385 1572 2494 1625 τόν
2527 1573 2780 1642 Πατέρα.
2821 1575 2883 1626 Et
2930 1575 2986 1628 δὲ
3015 1575 3275 1644 γινώσκει
3314 1579 3343 1632 ό
3390 1578 3583 1649 Πατὴρ
3620 1579 3720 1633 τὸν

2126 1663 2254 1716 Υἱὸν
2304 1663 2421 1717 ὅλον
2477 1663 2544 1717 δι’
2600 1664 2758 1731 ὅλου,
2793 1664 2933 1719 ὥστε
2988 1668 3082 1720 καὶ
3132 1667 3231 1738 τὴν
3281 1669 3716 1741 ἐναποκειμένην

2124 1751 2274 1823 αὐτῷ
2301 1751 2413 1824 (62)
2449 1754 2642 1823 σοφίαν
2676 1756 2857 1810 πᾶσαν
2907 1757 3268 1812 ἐπίστασθαι·
3313 1760 3457 1814 κατὰ
3490 1762 3553 1813 τὸ
3598 1764 3714 1814 ἶσον

2126 1845 2322 1916 μέτρον
2357 1849 2451 1898 καὶ
2500 1847 2971 1920 ἐπιγνωσθήσεται
2999 1851 3150 1920 παρὰ
3177 1851 3272 1904 τοῦ
3312 1850 3442 1904 Υίοῦ
3469 1893 3484 1912 ,
3514 1853 3713 1923 δηλον-

2122 1939 2222 2004 ότι,
2287 1940 2424 2010 μετὰ
2471 1940 2652 2011 πάσης
2702 1944 2801 2012 τῆς
2850 1942 3264 2014 ἐνυπαρχούσης
3321 1943 3468 2013 αὐτῷ
3519 1945 3716 2015 σοφίας

2122 2031 2214 2083 καὶ
2266 2033 2366 2101 τῆς
2421 2031 2788 2103 προγνώσεως
2827 2033 2935 2087 τῶν
2970 2034 3291 2104 μελλόντων.
3338 2035 3557 2108 Ταύτης
3613 2035 3716 2107 μὲν

2120 2120 2214 2176 οὖν
2259 2124 2518 2196 ἀξιοῦμεν
2572 2126 2672 2196 τῆς
2728 2126 3082 2197 παραμυθίας
3129 2127 3191 2180 τὸ
3231 2128 3383 2199 παρὰ
3436 2127 3516 2198 τῷ
3554 2130 3716 2182 Ματ-

2121 2217 2258 2286 θαίῳ
2287 2217 2569 2288 κείμενονο
2622 2221 2694 2272 El
2715 2218 2801 2288 μὴ
2830 2222 2864 2272 ό
2899 2219 3104 2287 Πατὴρ
3126 2220 3335 2289 μόνος.
3367 2221 3442 2274 T6
3472 2221 3530 2274 δέ
3560 2223 3720 2292 Μάρ-

2121 2325 2250 2372 κου,
2303 2307 2489 2380 ἐπειδὴ
2521 2308 2771 2380 φανερῶς
2811 2309 2958 2362 δοκεῖ
2998 2310 3091 2363 καὶ
3130 2309 3220 2363 τὸν
3270 2311 3399 2364 Υἱὸν
3442 2313 3720 2384 ἀπομερί-

2120 2400 2234 2465 ζειν
2266 2400 2367 2470 τῆς
2411 2399 2694 2469 γνώσεως,
2738 2400 2882 2454 οῦτω
2915 2401 3174 2473 νοοῦμεν·
3209 2403 3292 2456 ὃτι
3335 2403 3512 2466 οὐδεὶς
3544 2400 3716 2468 οἶδεν,

2119 2492 2244 2545 οὔτε
2301 2491 2353 2544 οἱ
2395 2491 2614 2560 ἄγγελοι
2664 2493 2758 2545 τοῦ
2817 2493 2988 2558 Θεοῦ,
3029 2493 3143 2546 ἀλλ’
3177 2494 3299 2547 οὐδὲ
3355 2496 3384 2546 ό
3429 2494 3556 2558 Υἱὸς
3596 2496 3714 2564 (65)

2119 2584 2262 2653 ἔγνω
2287 2624 2302 2647 ,
2337 2585 2384 2636 εί
2423 2582 2498 2654 μὴ
2538 2585 2566 2637 6
2607 2584 2828 2654 Πατήρο
2871 2585 3184 2648 τουτέστιν,
3235 2587 3269 2656 η
3325 2585 3477 2638 ait-la.
3507 2585 3602 2638 τοῦ
3637 2588 3718 2638 εί-

2117 2675 2265 2728 δέναι
2294 2674 2386 2727 τὸν
2420 2675 2550 2728 Υἱὸν
2575 2674 2728 2744 παρὰ
2764 2673 2858 2727 τοῦ
2896 2675 3127 2746 Πατρός.
3157 2676 3268 2728 Καὶ
3304 2675 3565 2740 ἀϐίαστός
3592 2679 3715 2730 ἐστι

2116 2767 2195 2838 τῷ
2230 2766 2594 2838 εὐγνωμόνως
2646 2767 2964 2838 ἀκούοντιή
3006 2764 3265 2838 ἐξήγησις
3297 2767 3466 2838 αὕτη·
3517 2768 3715 2839 ἐπειδὴ

2116 2860 2177 2914 ού
2205 2859 2527 2932 πρόσκειται
2561 2859 2622 2912 τὸ
2655 2859 2844 2928 μόνος
2863 2899 2878 2921 ,
2904 2857 2979 2921 ὡς
3005 2857 3100 2911 καὶ
3127 2857 3278 2928 παρὰ
3312 2857 3387 2928 τῷ
3420 2859 3710 2929 Ματθαᾶρ.

2121 2951 2308 3003 Ἔστιν
2342 2946 2436 3002 οὖν
2471 2950 2500 3000 ὁ
2529 2945 2654 3011 νοῦς
2675 2950 2703 3002 6
2727 2947 2879 3018 παρὰ
2903 2945 2982 3018 τῷ
3010 2947 3222 3018 Μάρκῳ
3255 2948 3497 3011 τοιοῦτος
3524 2965 3538 2979 ’
3571 2949 3714 3020 Περὶ

430 3041 615 3084 autem
650 3027 720 3082 de
769 3025 909 3082 Filio
961 3036 1014 3082 et
1043 3027 1279 3082 maxime
1328 3027 1479 3097 pium
1509 3036 1566 3082 et
1600 3029 1872 3084 divinitati
1903 3046 2012 3086 non

2124 3040 2174 3093 δὲ
2223 3039 2321 3110 τῆς
2370 3038 2584 3110 ἡμέρας
2627 3037 2844 3109 ἐκείνης
2884 3037 2997 3108 (64)
3037 3039 3070 3108 ἢ
3108 3037 3256 3109 ὥρας
3311 3038 3488 3102 οὐδεὶς
3543 3035 3710 3102 οἶδεν,

429 3123 750 3178 indecorum
783 3122 934 3177 dictu
966 3132 1080 3187 est,
1111 3137 1236 3177 eum
1273 3123 1344 3179 ab
1371 3140 1468 3190 eo,
1517 3126 1608 3180 cui
1644 3126 2010 3183 consubstan-

425 3217 573 3272 tialis
598 3225 703 3282 est,
739 3216 940 3270 habere
967 3225 1026 3270 ut
1072 3225 1392 3287 cognoscat,
1447 3227 1611 3289 atque
1640 3219 1696 3272 in
1736 3221 1886 3274 omni
1931 3236 2015 3276 sa-

426 3309 628 3379 pientia
657 3314 711 3363 et
729 3307 1012 3377 majestate
1039 3306 1313 3362 divinitati
1356 3323 1470 3364 sua:
1490 3317 1862 3366 consentanea
1885 3326 2014 3366 con-

425 3399 714 3469 spiciatur.

2119 3131 2244 3184 οΰτε
2271 3131 2320 3183 οἱ
2353 3129 2576 3199 ἄγγελοι
2621 3129 2716 3182 τοῦ
2746 3127 2880 3182 Θεοῦ
2903 3168 2916 3192 ,
2953 3129 3066 3182 ἀλλ’
3097 3129 3204 3182 οὐδ’
3237 3130 3304 3184 ἂν
3333 3132 3361 3183 ὁ
3385 3130 3515 3194 Υἱὸς
3542 3131 3709 3199 ἔγνω,

2121 3225 2168 3275 εἰ
2213 3222 2288 3294 μὴ
2319 3223 2348 3275 6
2389 3222 2612 3292 Πατήρ·
2645 3222 2709 3274 ἐκ
2757 3220 2866 3292 γὰρ
2904 3220 2998 3274 τοῦ
3040 3221 3254 3287 Πατρὸς
3297 3222 3445 3292 αὐτῷ
3493 3223 3712 3295 ὑπῆρχε

2118 3313 2373 3386 δεδομένη
2407 3316 2439 3385 ή
2485 3312 2710 3382 γνῶσις.
2748 3313 2921 3366 Τοῦτο
2950 3313 3006 3366 δὲ
3043 3313 3419 3385 εύφημότατόν
3458 3317 3578 3368 ἐστι
3615 3318 3713 3370 καὶ

2119 3404 2424 3478 θεοπρεπὲς
2475 3405 2735 3477 περὶτοῦ
2770 3405 2904 3459 Υἱοῦ
2937 3406 3152 3476 λέγειν,
3204 3407 3287 3459 ὅτι
3335 3402 3510 3480 οὗπέρ
3559 3411 3712 3462 ἐστιν

423 3495 708 3566 όμοούσιος
729 3535 744 3558 ,
779 3493 836 3560 ἐξ
867 3493 1032 3548 αὑτοῦ
1072 3495 1166 3547 καὶ
1193 3493 1254 3547 τὸ
1287 3495 1580 3563 γινώσκειν
1613 3496 1727 3568 ἔχει
1756 3537 1770 3561 ,
1802 3498 1898 3550 καὶ
1947 3498 2009 3550 τὸ
2047 3502 2106 3553 ἐν
2138 3503 2284 3573 πάσῃ
2319 3501 2482 3574 σοφίᾳ
2516 3502 2611 3555 καὶ
2637 3501 2764 3576 δόξῃ
2795 3500 2910 3572 (65)
2959 3504 3024 3572 τῇ
3072 3501 3358 3575 πρεπούσῃ
3414 3501 3581 3554 αὑτοῦ
3641 3505 3711 3573 τῇ

425 3589 638 3660 θεότητι
668 3587 1012 3660 Θεωρείσθαι.
1420 3641 1456 3670 κ

493 3683 546 3737 '5.
589 3683 745 3750 Quod
775 3691 985 3752 spectat
1015 3683 1081 3739 ad
1140 3683 1461 3740 Jechoniam
1489 3727 1506 3750 ,
1549 3701 1712 3755 quem
1763 3687 2007 3756 proscri-

422 3787 574 3846 ptum
629 3791 696 3829 ex
750 3773 934 3830 Iudaea
991 3783 1139 3830 terra
1188 3775 1359 3831 fuisse
1388 3777 1522 3831 dicit
1553 3778 1817 3848 propheta
1850 3776 2005 3832 Jere-

421 3870 562 3922 mias
599 3867 686 3922 his
713 3868 896 3922 verbis
943 3883 956 3919 :
1017 3867 1376 3922 Inltonoratus
1423 3878 1500 3923 est
1557 3867 1839 3923 Jecltonias
1887 3878 2006 3922 tan-

421 3975 577 4030 quam
609 3975 722 4024 vas,
772 3959 924 4027 cujus
961 3976 1068 4012 non
1117 3969 1193 4012 est
1248 3959 1491 4024 utilitas;
1535 3969 1585 4014 et
1616 3961 1741 4030 quia
1783 3959 2004 4028 rejectus

420 4059 497 4104 est
528 4051 635 4120 ipse
669 4059 719 4103 et
746 4066 918 4103 semen
943 4049 1080 4119 ejus,
1115 4065 1277 4118 neque
1309 4064 1374 4102 ex
1399 4048 1594 4103 semine
1621 4049 1735 4118 ejus
1762 4057 2005 4118 exsurget

420 4144 510 4214 qui
540 4142 718 4196 sedeat
747 4157 904 4211 super
931 4141 1124 4193 solium
1155 4139 1347 4202 David,
1377 4142 1620 4209 princeps
1661 4141 1717 4192 in
1745 4139 1890 4193 Juda
1914 4139 1958 4171 ⁶⁹
1988 4157 2002 4193 :

421 4236 654 4305 simplex
681 4242 736 4289 et
769 4233 920 4288 clara
947 4240 1031 4288 est
1061 4232 1260 4286 oratio.
1289 4231 1425 4288 Nam
1457 4233 1664 4288 eversis
1691 4231 2007 4302 Hierosoly-

421 4329 526 4383 mis
549 4343 578 4381 a
603 4325 1131 4388 Nabuchodonosor,
1163 4324 1498 4380 dissolutum
1525 4324 1705 4379 fuerat
1735 4338 1962 4393 regnum
1987 4341 2002 4377 :

2184 3682 2236 3735 5.
2268 3681 2405 3752 Περ)¹
2432 3682 2486 3734 δὲ
2521 3681 2616 3734 τοῦ
2652 3681 2901 3752 Ἰεχονίου
2929 3722 2944 3748 ,
2995 3681 3056 3736 ὂν
3099 3683 3438 3754 ὲκκήρυκτον
3465 3686 3576 3738 ἀπὸ
3607 3688 3710 3758 τῆς

2124 3771 2384 3835 Ἰουδαίας
2412 3773 2516 3842 γῆς
2557 3771 2887 3840 γεγενῆσθαί
2931 3789 3094 3843 φησιν
3127 3773 3156 3825 6
3197 3776 3487 3845 προφήτης
3535 3777 3709 3850 Ἰερε-

2115 3865 2244 3934 μίας
2295 3863 2499 3916 εἰπών·
2545 3862 2826 3932 Ἠτιμώθη
2879 3863 3160 3932 Ἰεχονίας
3202 3864 3282 3930 ὡς
3321 3864 3579 3932 σκεῦος,
3631 3865 3708 3925 οὗ

2108 3957 2219 4008 οὐκ
2247 3955 2418 4008 ἔστιν
2449 3955 2636 4009 αὑτοῦ
2677 3955 2850 4024 χρεία
2873 3971 2886 3985 ·
2929 3954 3027 4007 καὶ
3060 3954 3149 4007 ὅτι
3177 3955 3476 4025 ἁπερῤίφη
3516 3963 3710 4028 αὐτὸς

2107 4046 2205 4098 καὶ
2238 4045 2305 4099 τὸ
2341 4046 2582 4114 σπέρμα
2625 4045 2838 4108 αὑτοῦ,
2869 4044 2970 4098 καὶ
2995 4046 3068 4098 οὐ
3098 4044 3184 4114 μὴ
3229 4046 3472 4116 ἀναστῇ
3498 4049 3570 4103 ἐκ
3597 4053 3709 4107 τοῦ

2107 4139 2448 4206 σπέρματος
2503 4137 2690 4192 αὑτοῦ
2747 4136 3084 4206 καθήμενος
3139 4138 3240 4191 ἐπὶ
3301 4139 3409 4192 τοῦ
3477 4143 3711 4210 θρόνου

2107 4229 2532 4299 Δαϐὶδ,ἇρχων
2575 4231 2644 4283 ἐν
2692 4228 2772 4294 τῷ
2829 4230 3049 4298 Ἰούδᾳ·
3106 4231 3317 4296 ἁπλοῦς
3367 4232 3461 4285 καὶ
3519 4238 3712 4308 σαφής

2105 4325 2254 4376 ἐστιν
2293 4323 2322 4375 6
2365 4322 2542 4391 λόγος.
2575 4323 3016 4394 Καθαιρεθείσης
3049 4323 3158 4395 γάρ
3193 4325 3294 4394 τῆς
3339 4325 3708 4400 Ἰερουσαλὴμ

418 4435 520 4473 rec
543 4419 655 4488 jam
685 4427 878 4488 patriae
908 4417 1292 4472 successiones
1322 4417 1758 4487 principatuum,
1804 4424 1865 4469 ut
1906 4430 2005 4470 an-

2124 4415 2217 4467 57:6
2243 4413 2740 4484 Ναϐουχοδονόσορ,
2765 4392 3089 4483 ἠλέλυτομὲν
3124 4392 3192 4466 τὰ
3221 4392 3491 4484 βασίλεια,
3515 4392 3707 4473 οὐκέτι

418 4521 525 4574 tea,
554 4511 847 4581 vigebant:
873 4509 968 4565 sed
998 4518 1152 4574 tunc,
1178 4510 1410 4580 imperio
1442 4504 1664 4578 dejecti,
1694 4508 1748 4561 in
1767 4509 2002 4578 captivi-

417 4594 530 4657 tate
562 4601 824 4656 vivebant
852 4599 1076 4655 Davidis
1116 4601 1346 4670 posteri.
1375 4597 1602 4653 Reversi
1631 4608 1812 4652 autem
1847 4595 2005 4651 Sala-

419 4697 551 4752 thiel
584 4705 637 4750 et
671 4693 976 4748 Zorobabel
1008 4692 1172 4746 modo
1217 4692 1392 4762 magis
1439 4691 1691 4760 populari
1731 4698 2002 4760 praeerant

418 4786 708 4858 populo“,
739 4785 1012 4840 translato
1042 4784 1303 4852 deinceps
1349 4782 1416 4835 ad
1472 4782 1844 4837 sacerdotium
1892 4783 2000 4835 im-

418 4881 593 4950 perio,
626 4885 916 4948 propterea
946 4875 1092 4946 quod
1133 4872 1494 4930 sacerdotalis
1541 4881 1596 4928 et
1631 4873 1780 4942 regia
1813 4872 1992 4927 tribus

420 4973 562 5029 inter
585 4986 644 5026 se
666 4969 1181 5025 commiscerentur.
1218 4964 1374 5020 Unde
1409 4965 1676 5019 Dominus
1706 4972 1760 5018 et
1791 4980 1887 5019 rex
1910 4974 1994 5019 est

487 5128 530 5160 ⁸⁷
568 5126 726 5181 Joan.
768 5141 886 5187 xvi,
931 5125 1016 5179 15.
1094 5123 1138 5155 ⁸⁸
1175 5121 1334 5176 Joan.
1375 5137 1434 5185 ι,
1475 5119 1564 5174 15.
1606 5120 1649 5153 ⁶⁹
1689 5118 1800 5174 Jcr.
1837 5133 1986 5183 χχιι,

2124 5148 2140 5159 -
2163 5119 2250 5171 30.

491 5241 600 5313 (Gl)
647 5239 1149 5305 Ἀντιδιαστολήν.
1186 5237 1336 5293 Harl.
1377 5251 1501 5290 cum
1535 5250 1646 5289 uno
1691 5251 1755 5290 ex
1808 5232 1996 5304 Regiis

417 5313 717 5382 διαστολὴν.

421 5455 424 5456 ν
491 5383 601 5454 (62)
636 5379 825 5456 ᾼύτῷ.
858 5374 1458 5456 Εόὶιίἐνλᾳὺτῷπιδειι
1493 5374 1648 5456 deest
1681 5375 1996 5456 praepositio

419 5455 474 5508 in
500 5446 756 5520 pluribus
789 5466 922 5505 mss.
963 5449 1265 5520 cndicibus,
1301 5446 1478 5520 iisque
1506 5446 1745 5520 optimae;
1760 5453 1921 5520 notae.

492 5515 789 5606 (δωρῆδέ
817 5523 849 5574 δ
879 5521 1041 5606 Iade:
1063 5518 1289 5606 Legitur
1313 5515 1696 5606 laetitia???
1720 5515 1843 5606 διιὲ
1861 5515 1995 5606 Fies

419 5584 717 5662 lva.'Sed
745 5591 898 5646 deest
930 5584 1002 5643 ἄν
1029 5589 1084 5644 in
1117 5584 1284 5644 Coisl.
1314 5587 1515 5657 primo,
1562 5584 1738 5652 Harl.,
1765 5585 1904 5642 Med.
1941 5594 1994 5640 et

419 5679 531 5718 uno
567 5660 754 5730 Regio.

2108 4507 2165 4560 δὲ
2213 4508 2477 4579 πατρικα).
2530 4506 2777 4576 διαδοχαι
2833 4505 2942 4558 τῶν
2998 4505 3308 4576 ἡγεμονιῶν
3360 4507 3473 4577 (66)
3518 4505 3705 4580 ἦσαν,

2109 4598 2300 4669 ὥσπερ
2329 4599 2424 4652 καὶ
2471 4598 2738 4670 πρότερον
2764 4614 2778 4627 ο
2829 4596 2966 4650 ἀλλὰ
2999 4597 3120 4649 τότε
3152 4597 3250 4668 μὲν
3291 4598 3348 4663 ἐξ
3382 4599 3566 4670 ἀρχῆς
3606 4601 3704 4654 ἐπὶ

2106 4691 2208 4760 τῆς
2265 4690 2646 4761 αἰχμαλωσίας
2701 4689 2888 4758 διῆγον
2945 4691 2993 4741 οἱ
3037 4689 3296 4758 ἀπόγονοι
3351 4689 3448 4742 τοῦ
3495 4694 3699 4747 Δαὸίδο

2107 4783 2499 4846 ἐπανελθόντες
2525 4783 2582 4835 δὲ
2627 4783 2676 4835 οἱ
2716 4783 2848 4851 περὶ
2886 4782 2978 4834 τὸν
3017 4782 3286 4853 Σαλαθιὴλ
3319 4785 3413 4837 καὶ
3453 4787 3701 4856 Ζοροϐά-

2103 4875 2216 4939 ϐελ,
2257 4873 2696 4945 δημοτικώτερον
2727 4871 3067 4942 καθηγοῦντό
3093 4874 3188 4926 τοῦ
3211 4873 3363 4937 λαοῦ,
3387 4875 3488 4944 τῆς
3520 4877 3701 4947 ἀρχῆς

2102 4964 2286 5016 λοιπὸν
2336 4965 2428 5016 ἐπὶ
2475 4963 2573 5034 τὴν
2624 4962 2925 5033 ἱερωσύνην
2984 4962 3438 5033 μεταπεσούσης,
3500 4964 3590 5018 διὰ
3634 4965 3698 5018 τὸ

2328 5120 2372 5149 ⁷⁰
2417 5117 2435 5170 Ι
2476 5117 2637 5173 Esdr.
2681 5135 2776 5181 ιιι,
2819 5117 2872 5172 2.

2173 5235 2284 5303 (64)
2322 5235 2613 5302 Ἐκείνης.
2641 5233 2803 5289 Deest
2831 5247 2894 5289 ca
2922 5249 3022 5288 vox
3048 5234 3104 5289 in
3129 5235 3381 5304 pluribus
3403 5237 3693 5294 codicibus

2100 5321 2208 5359 non
2241 5305 2663 5374 antiquissimis.

2174 5375 2286 5441 (65)
2323 5373 2433 5427 Καὶ
2459 5373 2632 5442 δόξῃ.
2665 5373 2770 5428 Pro
2805 5375 2891 5428 his
2927 5373 3157 5430 vocibus
3193 5375 3358 5429 habet
3389 5375 3560 5433 Coisl.
3596 5393 3688 5433 se-

2100 5445 2317 5500 cundus
2357 5444 2450 5497 κτι.)⁸
2479 5443 2698 5513 γνώσει,
2729 5453 2778 5513 et
2805 5445 3046 5498 scientia.

2172 5515 2285 5586 (66)
2317 5512 2700 5587 Ἡγεμρνιῷν.
2734 5512 2818 5587 Ita
2843 5530 3035 5587 omnes
3064 5515 3236 5587 nostri
3259 5515 3508 5587 codices.
3539 5517 3688 5573 Editi

2100 5583 2463 5656 ἡγεμονικῶν.
2501 5583 2703 5656 Ibidem
2735 5585 2867 5656 editi
2894 5583 2954 5656 “t6
2979 5583 3262 5656 πρότερον.
3293 5583 3456 5642 Deest
3485 5591 3686 5645 vocula

2100 5654 2153 5710 iu
2185 5654 2359 5712 tribus
2395 5654 2788 5710 vetustissimis
2826 5654 3130 5710 codicibus.
