3856 6224
139 324 243 379 88!

1037 321 1529 378 EPISTOLARUM
1569 323 1854 380 CLASSIS
1894 325 1957 379 ll.
2002 322 2219 378 EPIST.
2263 323 2592 380 CCXXXVL

3303 327 3408 381 882

135 443 484 515 ἀναμιγῆναι
509 441 607 514 τὴν
637 439 918 512 ἱερατικὴν
949 441 1042 494 καὶ
1079 439 1176 512 τὴν
1213 440 1494 512 βασιλικὴν
1525 442 1719 514 φυλήν.
1752 497 1754 505 ,

1837 449 1883 496 et
1916 442 2160 514 pontifex
2201 443 2258 496 in
2290 443 2359 496 iis
2403 457 2524 511 qua:
2554 448 2682 496 sunt
2715 441 2781 495 ad
2830 439 3000 497 Deum
3024 444 3090 497 '“.
3127 445 3205 498 Ac
3233 445 3410 498 tribus

139 535 316 589 Ὅθεν
338 536 368 587 ὁ
405 533 609 604 Κύριος
631 534 728 586 καὶ
767 531 1019 604 βασιλεύς
1048 533 1166 584 ἐστι
1205 532 1300 584 καὶ
1339 532 1633 604 ἀρχιερεὺς
1657 533 1724 585 τὰ

138 629 288 700 πρὸς
309 627 400 681 τὸν
427 625 580 680 Θεόν.
612 625 722 679 Καὶ⁸
749 626 848 678 ούκ
871 624 1087 692 ἐξέλιπε
1124 624 1223 696 μὲν
1248 625 1281 695 ἡ
1305 625 1558 696 βασιλικὴ
1583 625 1726 696 φυλὴ

140 720 313 790 μέχρι
334 719 432 790 τῆς
466 716 561 771 τοῦ
591 717 828 788 Χριστοῦ
860 717 1163 788 παρουσίας
1183 734 1196 746 ·
1229 717 1291 770 οὐ
1331 716 1438 788 μὴν
1475 716 1557 770 ἐτι
1595 716 1727 770 ἐκά-

136 809 297 863 θισεν
320 811 413 864 ἐπὶ
439 810 536 863 τοῦ
568 809 761 882 θρόνου
790 808 956 862 Δαϐὶδ
986 809 1046 862 τὸ
1076 809 1296 880 σπέρμα
1326 807 1421 861 τοῦ
1453 809 1722 879 Ἰεχονίου.

134 901 348 972 Θρόνος
386 902 494 974 γὰρ
525 901 767 973 δηλονότι
815 900 1032 968 λέγεται
1071 900 1132 953 τὸ
1168 899 1446 971 βασιλικὸν
1488 899 1722 971 ἀξίωμα.

136 995 374 1058 Πάντως
395 995 452 1047 δὲ
487 995 586 1065 τῆς
611 993 852 1066 ἱστορίας
879 993 1176 1064 μέμνησαι,
1210 993 1293 1046 ὅτι
1329 993 1600 1064 ὑπόφορος
1629 992 1726 1063 μὲν

132 1081 211 1155 ἦν
241 1085 322 1156 τῷ
347 1085 512 1139 Δαϐὶδ
542 1086 748 1155 πᾶσαή
783 1085 1033 1148 Ἰουδαία,
1068 1085 1162 1138 καὶ
1190 1086 1223 1155 ἡ
1256 1084 1525 1155 Ἰδουμαία
1550 1081 1722 1156 χώρα,

135 1179 240 1231 καὶ
274 1178 308 1248 ὴ
342 1176 643 1240 Μωαϐῖτις,
677 1176 773 1230 καὶ
802 1176 904 1246 τῆς
945 1177 1145 1248 Συρίας
1190 1177 1290 1232 ὅσα
1330 1194 1388 1230 τε
1429 1177 1726 1247 πρόσχωρα

137 1271 240 1321 καὶ
273 1268 342 1322 τὰ
376 1268 707 1342 πορρωτέρω
744 1268 905 1340 μέχρι
926 1269 1026 1339 τῆς
1064 1269 1254 1339 Μέσης
1285 1268 1394 1322 τῶν
1425 1267 1720 1339 ποταμῶνο

134 1361 239 1413 καὶ
285 1361 406 1414 καθ’
436 1361 622 1431 ἕτερον
651 1361 764 1432 (67)
797 1363 962 1433 μέρος
998 1362 1102 1426 ἓως
1141 1362 1386 1433 ποταμοῦ
1424 1362 1721 1431 Αἰγύπτου.

133 1451 206 1503 Et
251 1447 348 1504 οὖν
395 1451 571 1514 οὐδεὶς
625 1451 797 1523 ἐφάνη
828 1453 920 1505 ἐπὶ
966 1451 1222 1506 τοσούτου
1267 1451 1578 1524 ἀξιώματος
1618 1453 1726 1507 τῶν

141 1540 289 1611 μετά
316 1540 511 1604 ταῦτα,
541 1541 659 1604 πῶς
689 1543 790 1596 ούκ
818 1542 1025 1613 ἀληθὴς
1054 1543 1082 1594 ὁ
1115 1543 1209 1595 τοῦ
1237 1545 1520 1615 προφήτου
1545 1542 1723 1611 λόγος,

133 1634 224 1686 ὃτι
266 1633 370 1686 ούκ
403 1632 483 1687 ἔτι
533 1634 804 1688 καθιεῖται
837 1636 930 1688 ἐπὶ
973 1634 1067 1688 τοῦ
1109 1635 1298 1706 θρόνου
1334 1636 1500 1689 Δασιδ
1536 1638 1599 1689 ἐκ
1630 1634 1724 1688 τοῦ

137 1725 463 1796 σπέρματος
498 1725 755 1798 Ἰεχονίου
777 1744 791 1792 ;
820 1727 1008 1790 Οὐδεὶς
1031 1727 1142 1798 γάρ
1171 1728 1420 1795 φαίνεται
1443 1728 1544 1798 τῆς
1569 1727 1725 1792 ἀξίας

1831 535 2049 604 quidem
2087 535 2234 606 regia
2267 534 2334 589 ad
2375 549 2550 602 usque
2597 530 2803 587 Christi
2849 532 3143 588 adventum
3187 535 3410 590 minime

1829 622 2065 691 defecit;
2097 638 2198 678 nec
2227 631 2410 677 tamen
2446 622 2683 690 amplius
2729 620 2872 676 sedit
2914 623 2968 676 in
3015 624 3159 678 solio
3189 623 3412 679 Davidis

1829 730 2016 770 semen
2051 713 2350 770 Jechoniae.
2399 712 2536 766 Nam
2575 713 2774 769 solium
2826 713 3079 784 profecto
3125 715 3273 785 regia
3321 715 3408 769 di—

1828 807 2009 877 gnitas
2057 810 2430 874 nuncupatur.
2464 802 2627 873 363
2652 801 2888 857 Omnino
2933 810 3117 857 autem
3165 803 3411 857 historiae

1830 895 2151 960 meministi,
2184 895 2446 950 videlicet
2475 893 2723 948 Judaaam
2765 905 2985 948 omnem
3021 893 3211 949 Davidi
3248 896 3408 949 vecti-

1829 991 2004 1061 galem
2035 988 2229 1051 fuisse,
2269 994 2323 1040 et
2369 984 2683 1050 ldumazam,
2729 995 2782 1041 et
2825 984 3184 1040 Moabitarum
3233 987 3410 1055 regio-

1828 1095 1975 1148 nem,
2006 1087 2062 1136 et
2103 1076 2275 1150 Syriae
2303 1086 2488 1148 partes
2513 1077 2958 1157 tumyiciniores
2995 1085 3108 1131 tum
3158 1078 3414 1133 remotio-

1829 1187 1920 1228 res
1969 1170 2037 1227 ad
2089 1187 2265 1241 usque
2322 1170 2792 1241 Mesopotamiam,
2845 1179 2899 1226 et
2937 1185 3004 1224 ex
3040 1171 3209 1224 altera
3257 1178 3410 1240 parte

1831 1281 2005 1335 usque
2033 1265 2101 1319 ad
2131 1264 2330 1321 ﬂumen
2360 1264 2603 1335 :Egypti.
2631 1263 2822 1334 itaque
2865 1265 2912 1318 si
2946 1263 3130 1319 nullus
3168 1279 3198 1317 e
3228 1268 3411 1332 poste-

1828 1358 1906 1413 ris
1939 1357 2006 1413 ad
2051 1364 2262 1411 tantam
2309 1363 2638 1426 potestatem
2679 1355 2944 1425 pervenit,
2995 1354 3272 1424 quomodo
3312 1369 3407 1408 ve-

1828 1465 1951 1504 rum
1989 1464 2100 1504 non
2127 1448 2233 1504 fuit
2274 1448 2422 1518 quod
2465 1447 2674 1502 dictum
2714 1454 2799 1502 est
2833 1462 2862 1500 a
2900 1448 3183 1516 propheta,
3237 1445 3410 1500 nemi-

1827 1556 1952 1596 nem
1985 1555 2274 1597 sessurum
2315 1541 2370 1594 in
2413 1539 2555 1595 solio
2587 1537 2811 1594 Davidis
2859 1555 2925 1593 ex
2973 1539 3180 1593 semine
3211 1535 3410 1592 Jecltoo

1827 1631 1975 1686 nite?
1999 1631 2168 1687 Nemo
2199 1631 2345 1687 enim
2379 1647 2446 1685 ex
2480 1630 2602 1700 ipso
2632 1639 2813 1696 ortus,
2845 1630 2987 1683 hanc
3021 1629 3249 1700 gloriam
3275 1643 3410 1682 con-

1830 1730 2057 1779 secutus
2089 1724 2447 1794 comperitur.
2475 1721 2594 1777 Non
2619 1730 2801 1778 tamen
2825 1722 3022 1777 defecit
3047 1722 3220 1776 tribus
3240 1720 3268 1775 J
3277 1721 3405 1786 uda,

133 1813 350 1886 ταύτης
390 1815 790 1887 ἐπειλημμένος
822 1816 882 1880 ἐξ
922 1817 1113 1870 αὑτοῦ.
1152 1818 1226 1870 Οὐ
1259 1817 1442 1887 μέντοι
1483 1817 1728 1882 ἐξέλιπεν

1837 1815 2006 1870 donec
2025 1815 2182 1894 lvenit
2211 1816 2299 1869 cui
2331 1814 2635 1884 repositum
2659 1822 2779 1870 erat
2801 1815 2847 1846 "
2879 1833 2891 1868 :
2921 1815 3012 1883 qui
3049 1829 3117 1868 ne
3148 1814 3265 1883 ipse
3287 1814 3409 1884 qui-

131 1907 170 1976 ἡ
207 1905 304 1959 τού
338 1907 508 1961 Ἰούδα
539 1907 701 1979 φυλὴ,
724 1909 830 1972 ἕως
857 1903 917 1964 οὗ
945 1905 1106 1980 ἦλθεν
1138 1902 1184 1978 ᾧ
1206 1909 1484 1976 ἀπέκειτο,
1515 1911 1574 1974 ὂς
1606 1909 1730 1963 οὐδὲ

132 1996 306 2058 αὐτὸς
353 1996 628 2067 ἐκαθέσθη
673 1997 766 2050 ἐπὶ
802 1997 895 2051 τοῦ
936 1998 1253 2070 σωματικοῦ
1305 1998 1524 2071 θρόνου,
1569 2015 1731 2068 μετα-

133 2086 425 2158 πεσούσης
475 2087 662 2142 λοιπὺν
694 2090 795 2160 τῆς
847 2089 1145 2160 Ἰουδαϊκῆς
1181 2089 1459 2160 βασιλείας
1509 2090 1601 2143 ἐπὶ
1638 2090 1732 2143 τὸν

135 2174 258 2228 υίὸν
281 2174 378 2228 τού
437 2176 834 2230 Ἀσκαλωνίτου
888 2179 1244 2250 Ἀντιπάτρου
1299 2179 1544 2251 Ἡρώδην
1567 2220 1582 2242 ,
1639 2179 1732 2233 καὶ

133 2267 270 2330 τοὺς
299 2266 506 2320 ἐκείνου
546 2269 764 2335 παῖδας,
799 2269 851 2322 οἳ
879 2271 960 2333 είς
979 2271 1256 2343 τέσσαρας
1279 2272 1455 2343 ἀρχὰς
1479 2273 1730 2326 κατενεί-

139 2372 320 2425 μαντο
356 2354 453 2427 τὴν
491 2357 778 2424 Ἰουδαίαν,
803 2359 1229 2430 ἡγεμονεύοντος
1258 2361 1358 2432 μὲν
1389 2362 1643 2426 Πιλάτου,
1673 2363 1733 2416 τὸ

132 2445 197 2498 δὲ
254 2444 476 2516 σύμπαν
529 2447 632 2517 τῆς
683 2449 1001 2522 Ῥωμαῖκῆς
1049 2453 1226 2524 ἀρχῆς
1272 2453 1473 2522 κράτος
1517 2453 1733 2524 ἔχοντος

137 2536 404 2607 Τιϐερίου
441 2537 574 2610 (68).
625 2539 789 2593 Ἀλλά
835 2540 1026 2612 θρόνον
1058 2541 1208 2612 λέγει
1240 2543 1436 2607 Δαϐὶδ,
1473 2545 1558 2614 ἐφ’
1605 2545 1665 2599 ὃν
1704 2548 1733 2599 ὁ

135 2627 354 2700 Κύριος
381 2629 623 2698 ἐκάθισε,
662 2630 759 2702 τὴν
801 2632 1166 2704 ἀκαθαίρετον
1201 2633 1499 2703 βασιλείαν.
1540 2637 1734 2704 Αὐτὸς

137 2719 257 2790 γάρ
305 2722 438 2776 ἐστι
480 2723 809 2792 προσδοκία
855 2727 1084 2790 ἐθνῶν,
1131 2727 1254 2797 οὐχὶ
1307 2727 1404 2781 τοῦ
1447 2729 1732 2800 ἐλαχίστου

143 2812 355 2882 μέρους
377 2815 478 2885 τῆς
499 2817 828 2890 οἰκουμένης
849 2836 862 2848 ο
897 2820 1105 2872 Ἔσται
1144 2821 1276 2888 γὰρ,
1314 2820 1500 2890 φησὶν,
1531 2821 1569 2886 ἡ
1602 2818 1734 2888 ῥίζα

137 2903 254 2956 τοῦ
299 2903 538 2969 Ἰεσσαί,
589 2908 687 2961 καί
725 2911 758 2961 ὀ
805 2907 1208 2978 ἀνιστάμενος
1246 2907 1456 2979 ἄρχειν
1501 2909 1694 2963 ἐθνῶν
1717 2926 1731 2941 ο

137 2994 238 3047 ἐπ’
265 2995 426 3061 αὐτῷ
455 2996 600 3066 ἔθνη
642 2999 946 3054 ἐλπιοῦσι.
982 2999 1219 3053 Τέθεικα
1247 2999 1357 3069 γάρ
1394 3015 1468 3054 σε
1499 3001 1588 3065 εἰς
1612 2999 1735 3054 δια-

141 3085 346 3152 θήκην
368 3085 600 3156 τένους,
621 3092 709 3156 εἰς
730 3089 857 3158 φῶς
885 3088 1096 3144 ἐθνῶν.
1111 3091 1221 3142 Καὶ
1249 3089 1530 3158 θήσομαι,
1547 3091 1730 3162 φησιν,

83 3197 88 3203 ε
138 3181 235 3243 εἰς
268 3178 374 3232 τὸν
398 3181 585 3236 αἰῶνα
617 3156 745 3238 τοῦ-
767 3183 986 3248 αἰῶνος
1025 3183 1093 3236 τὸ
1125 3183 1362 3253 σπέρμα
1396 3156 1732 3249 αὐτοῧξκαὶ
1761 3156 1803 3214 C

139 3270 257 3322 τὸν
294 3272 511 3339 θρόνον
539 3275 726 3328 αὐτοῦ
769 3275 850 3340 ὡς
889 3275 998 3342 τὰς
1036 3273 1262 3344 ἡμέρας
1307 3275 1415 3329 τοῦ
1449 3277 1732 3344 οὐρανοῦ.

143 3358 341 3424 Οὕτως
385 3357 481 3415 οὖν
510 3366 604 3418 καὶ
649 3367 829 3438 ἱερεὺς
855 3368 966 3439 (69)
1008 3367 1299 3438 διέμεινεν,
1338 3370 1387 3421 εί
1417 3370 1510 3422 καί¹
1555 3370 1630 3442 μὴ
1665 3371 1734 3424 τὰ

146 3452 410 3525 σκῆπτρα
435 3457 534 3527 τῆς
558 3459 817 3524 Ἰουδαίας
840 3459 1136 3531 παρέλαϐε,
1165 3463 1258 3514 καὶ
1277 3460 1529 3532 βασιλεὺς
1555 3464 1736 3535 πάσης

143 3544 246 3613 τῆς
277 3545 381 3616 γῆς
405 3548 432 3598 ό
454 3548 605 3612 Θεὸς,
629 3552 723 3604 καὶ
746 3553 779 3622 ἡ
805 3551 1024 3619 εὐλογία
1051 3552 1144 3604 τοῦ
1178 3551 1372 3606 Ἰακὼϐ
1397 3553 1698 3627 ἐϐεϐαιώθη
1717 3575 1730 3586 °

1830 1905 1953 1962 dem
2017 1907 2073 1961 in
2132 1907 2405 1977 corporali
2462 1907 2661 1961 throno
2705 1906 2988 1972 consedit;
3044 1905 3243 1976 quippe
3282 1919 3408 1958 cum

1830 1999 2161 2054 translatum
2191 1998 2305 2068 jam
2347 2006 2495 2053 esset
2519 1995 2813 2053 Judaicum
2868 2013 3095 2068 regnum
3135 1997 3188 2050 in
3235 1995 3407 2050 ﬁlium

1829 2089 2164 2146 Ascalonita:
2191 2089 2460 2158 Antipatri
2489 2087 2778 2152 Herodem,
2808 2087 3039 2158 ejusque
3061 2088 3286 2152 liberos,
3313 2087 3408 2158 qui

1829 2181 2076 2237 Judaeam
2103 2184 2158 2236 in
2187 2191 2427 2252 quatuor
2459 2182 2800 2252 principatus
2828 2181 3154 2245 diviserunt,
3181 2181 3410 2250 praeside

1833 2273 2054 2345 quidem
2102 2273 2312 2341 Pilato,
2357 2287 2632 2327 summam
2689 2283 2870 2328 autem
2914 2273 3128 2342 imperii
3181 2273 3410 2326 [tormini

1834 2374 2162 2437 potestatem
2195 2373 2418 2422 tenente
2448 2364 2689 2420 Tiberio.
2728 2363 2834 2421 Sed
2860 2365 3120 2419 thronum
3146 2364 3280 2420 dicit
3314 2363 3414 2416 Ita-

1832 2459 1996 2526 vidis,
2057 2459 2113 2513 in
2161 2473 2274 2529 quo
2319 2455 2587 2513 Dominus
2645 2457 2806 2520 sedit,
2858 2471 3084 2528 regnum
3137 2457 3411 2512 eversioni

1833 2550 1972 2604 nulli
2031 2549 2351 2604 obnoxium.
2411 2548 2534 2618 Ipse
2585 2548 2725 2602 enim
2780 2557 2858 2602 est
2911 2548 3234 2615 exspectatio
3283 2563 3411 2618 gen-

1835 2642 1965 2694 tium
1987 2640 2053 2707 ⁷³,
2088 2655 2199 2695 non
2221 2648 2402 2696 autem
2448 2641 2689 2696 minima).
2717 2640 2890 2710 partis
2929 2640 3080 2694 orbis
3105 2647 3408 2702 terrarum;

1834 2731 1956 2785 Erit
1997 2733 2159 2797 enim,
2194 2732 2392 2802 inquit,
2428 2730 2588 2785 radix
2618 2731 2794 2796 Jesse,
2835 2739 2884 2785 et
2928 2732 3018 2801 qui
3057 2734 3326 2801 consurgit
3357 2740 3414 2783 ut

1833 2825 2073 2894 princeps
2119 2825 2189 2879 sit
2245 2824 2478 2894 gentium
2507 2837 2526 2876 :
2554 2823 2609 2876 in
2657 2824 2772 2892 ipso
2815 2829 2990 2892 gentes
3043 2821 3324 2891 sperabunt
3346 2821 3410 2873 ’⁸.

1835 2917 2004 2972 Posui
2027 2917 2167 2972 enim
2203 2925 2250 2970 te
2283 2917 2337 2970 in
2367 2915 2537 2985 [cadus
2565 2914 2767 2984 populi,
2802 2915 2858 2968 in
2891 2914 3056 2968 lucem
3088 2915 3321 2984 gentium
3345 2913 3412 2967 ⁷⁸.

1836 3007 1901 3062 Ει
1929 3025 2144 3078 ροηαηι,
2176 3008 2376 3078 inquit,
2416 3009 2472 3062 in
2497 3007 2749 3062 swculum
2783 3007 2966 3062 swculi
2991 3023 3166 3061 semen
3194 3006 3330 3073 ejus,
3365 3015 3414 3059 et

1839 3099 2083 3154 thronum
2116 3100 2232 3170 ejus
2275 3101 2412 3154 sicut
2445 3100 2557 3156 dies
2587 3101 2704 3154 creti
2727 3101 2794 3152 ⁷⁸.
2840 3100 2930 3155 Sic
2961 3100 3127 3170 igitur
3156 3109 3206 3154 et
3230 3113 3416 3153 sacer-

1837 3193 1936 3250 dos
1969 3192 2296 3262 permansit,
2327 3209 2647 3264 quanquam
2677 3190 2877 3247 Judaeze
2923 3199 3138 3260 sceptra
3174 3205 3282 3244 non
3326 3204 3419 3242 ae-

1837 3284 2003 3353 cepit,
2043 3291 2098 3338 et
2144 3299 2239 3338 rex
2275 3284 2547 3339 universae
2590 3291 2752 3338 terra:
2798 3282 2965 3337 Deus.
3010 3283 3186 3352 Atque
3215 3280 3417 3335 contir-

1838 3385 1984 3430 mata
2015 3382 2099 3429 est
2138 3375 2452 3430 benedictio
2480 3374 2672 3441 Jacob,
2723 3373 2793 3428 Et
2839 3373 3204 3428 benedicentur
3238 3375 3292 3428 in
3335 3389 3419 3430 se-

1838 3467 1975 3520 mine
2017 3466 2183 3534 ipsius
2228 3483 2405 3522 omnes
2443 3467 2612 3522 tribus
2650 3478 2804 3521 terra:
2824 3470 2892 3534 ⁷⁷,
2918 3476 2972 3522 et
3002 3483 3194 3523 omnes
3233 3478 3420 3536 gentes

1838 3562 2118 3618 Christum
2164 3563 2384 3617 beatum
2421 3561 2816 3631 praadicabunt.

144 3635 260 3688 Καὶ
310 3637 893 3710 ἐνευλογηθήσονται
922 3642 1004 3708 τῷ
1049 3643 1163 3714 (70)
1203 3643 1494 3714 σπέρματι
1539 3649 1728 3704 αὐτοῦ
1766 3653 1956 3710 πᾶσαι
1989 3656 2048 3709 αἱ
2081 3654 2272 3724 φυλαὶ
2310 3652 2417 3722 τῆς
2452 3653 2587 3724 γῆς,
2622 3655 2715 3706 καὶ
2755 3654 2932 3707 πάντα
2994 3651 3064 3706 τὰ
3133 3651 3260 3720 ἔθνη
3313 3667 3419 3720 μα-

146 3731 346 3803 καριοῦ
355 3749 405 3784 σι
439 3733 530 3785 τὸν
559 3735 811 3805 Χριστόν.

221 3825 277 3878 4.
316 3825 439 3889 Τοῖς
476 3825 534 3879 δὲ
565 3827 794 3897 κομψοῖς
834 3827 1212 3898 Ἐγκρατίταις
1248 3829 1384 3900 πρὸς
1428 3830 1489 3883 τὸ
1531 3830 1730 3901 σεμνὸν

1911 3831 1966 3885 4.
2017 3829 2240 3900 Lepidis
2283 3837 2466 3884 autem
2507 3828 2801 3884 Encratitis
2849 3829 2914 3883 ad
2961 3831 3276 3899 praeclaram
3322 3847 3421 3886 eo-

151 3917 336 3970 αὐτῶν
396 3918 717 3990 πρόϐλημα,
779 3917 867 3972 διὰ
909 3919 964 3971 τί
1025 3921 1119 3972 καὶ
1164 3923 1328 3991 ἡμεῖς
1383 3923 1506 3992 οὐχὶ
1559 3923 1736 3977 πάντα

1842 3937 1963 3977 rum
1997 3921 2381 3991 quastionem,
2425 3936 2526 3974 cur
2559 3935 2660 3976 nos
2694 3920 2857 3975 etiam
2891 3936 2999 3974 non
3039 3921 3294 3977 omnibus
3323 3939 3414 3977 ve-

153 4012 446 4082 ἐσθίομεν,
483 4014 657 4065 ἐκεῖνο
694 4012 959 4081 λεγέσθω,
988 4014 1070 4066 ὅτι
1110 4014 1206 4066 καὶ
1241 4013 1310 4066 τὰ
1350 4013 1740 4086 περιττώματα

1843 4014 2083 4076 scimur,
2111 4013 2216 4066 hoc
2250 4013 2408 4067 detur
2436 4013 2708 4082 responsi,
2738 4025 2840 4066 nos
2869 4012 3032 4065 etiam
3068 4021 3418 4068 excrementa

151 4105 319 4175 ἡμῶν
365 4103 786 4175 βδελυσσόμεθα.
830 4106 988 4159 Κατὰ
1020 4108 1118 4178 μὲν
1161 4105 1270 4177 γὰρ
1297 4107 1397 4175 τὴν
1440 4105 1616 4172 ἀξίαν,
1643 4105 1741 4159 λά-

1845 4113 2033 4161 nostra
2077 4105 2342 4160 aversari.
2384 4103 2461 4158 Ac
2499 4113 2764 4174 quantum
2811 4103 3030 4172 quidem
3077 4102 3146 4156 ad
3187 4103 3420 4174 dignita-

153 4213 299 4266 χανα
345 4196 540 4268 χόρτου
571 4199 700 4268 ἡμῖν
732 4200 850 4252 ἐστι
892 4198 962 4252 τὰ
993 4199 1163 4270 κρέαο
1198 4197 1343 4251 κατὰ
1388 4197 1445 4251 δὲ
1483 4199 1584 4268 τὴν
1633 4197 1742 4252 τῶν

1850 4207 1982 4261 tem,
2013 4197 2163 4252 olera
2196 4195 2379 4250 herba:
2407 4195 2566 4249 nobis
2601 4203 2728 4250 sunt
2749 4208 2942 4249 carnes
2967 4213 2980 4249 :
3007 4203 3269 4264 quantum
3293 4213 3423 4252 vero

156 4289 556 4361 συμφερόντων
588 4289 882 4362 διάκρισιν,
921 4291 998 4354 ὡς
1024 4291 1118 4344 καὶ
1152 4291 1211 4343 ἐν
1249 4289 1504 4362 λαχάνοις
1530 4292 1591 4344 τὸ
1619 4291 1745 4362 βλα-

1851 4287 1918 4342 ad
1954 4289 2170 4342 utilium
2202 4286 2616 4350 discretionem,
2647 4285 3106 4357 quemadmodum
3140 4294 3194 4342 et
3223 4287 3275 4342 in
3309 4289 3422 4344 ole-

157 4381 324 4453 ϐερὸν
351 4380 446 4434 τού
476 4382 814 4454 καταλλήλου
849 4383 1180 4456 χωρίζομεν,
1219 4385 1359 4440 οὕτω
1388 4384 1483 4439 καὶ
1527 4387 1586 4438 ἐν
1631 4388 1744 4448 τοῖς

1852 4381 2005 4436 ribus
2045 4379 2269 4435 noxium
2320 4393 2352 4431 a
2385 4378 2593 4433 salubri
2625 4393 2968 4448 separamus,
3005 4378 3082 4432 ita
3127 4386 3182 4433 et
3215 4379 3269 4433 in
3299 4395 3423 4433 car-

157 4472 360 4543 κρέασι
388 4472 482 4525 τοῦ
515 4475 788 4545 χρησίμου
816 4475 876 4527 τὸ
901 4473 1162 4547 βλαϐερὸν
1187 4476 1554 4550 διακρίνομεν.
1594 4477 1746 4530 Ἐπεί

1851 4472 2014 4528 nibus
2064 4471 2133 4526 ab
2165 4469 2285 4526 utili
2329 4470 2556 4524 noxium
2609 4471 2970 4525 secernimus.
3002 4469 3138 4523 Nam
3183 4478 3333 4526 certe
3371 4483 3425 4526 et

156 4579 244 4615 τοι
265 4562 496 4632 λάχανόν
518 4565 633 4616 ἐστι
657 4565 752 4617 καὶ¹
769 4564 830 4617 τὸ
845 4564 1094 4629 κώνειον,
1109 4566 1296 4637 ὥσπερ
1326 4566 1493 4638 κρέας
1516 4567 1629 4620 ἐστὶ
1653 4569 1746 4621 καὶ

1851 4566 2032 4618 cicuta
2057 4563 2182 4618 olus
2203 4570 2308 4627 est,
2341 4563 2484 4620 sicut
2507 4561 2671 4618 etiam
2701 4577 2830 4616 caro
2853 4570 2938 4618 est
2965 4563 3241 4617 vulturina
3263 4579 3420 4617 caro:

157 4657 224 4708 τὸ
255 4655 482 4720 γύπειον
502 4675 514 4686 ·
551 4656 665 4709 ἀλλ’
693 4657 843 4727 ὅμως
880 4656 1004 4710 οὔτε
1035 4659 1346 4729 ὑοσκύαμον
1373 4660 1538 4727 φάγοι
1568 4660 1633 4714 ἄν
1658 4677 1745 4725 τις

1852 4655 1948 4710 sed
1988 4663 2171 4710 tamen
2220 4670 2322 4709 nec
2356 4655 2747 4726 hyoscyamum
2792 4669 2959 4708 sanus
2998 4655 3289 4724 quisquam
3331 4669 3425 4708 co-

168 4745 289 4799 δοῦν
332 4746 494 4818 ἔχων,
521 4747 646 4802 οὔτε
687 4749 852 4813 κυνὸς
880 4749 1079 4819 ἅψαιτο
1113 4752 1188 4822 μὴ
1223 4751 1464 4822 μεγάλης
1497 4753 1744 4824 ἀνάγκης

1853 4748 2053 4812 tnedet,
2085 4763 2187 4804 nec
2218 4763 2356 4803 cane
2376 4756 2650 4813 vescetur,
2680 4748 2786 4802 nisi
2820 4756 3048 4817 urgente
3082 4762 3294 4803 summa
3335 4763 3427 4802 ne-

162 4838 600 4909 κατεπειγούσης
620 4857 634 4870 ο
674 4839 750 4904 ὡς
776 4840 805 4892 ὃ
834 4857 899 4908 γε
930 4839 1121 4909 φαγὼν
1150 4841 1250 4894 ούκ
1280 4843 1575 4912 ὴνὸμησεν.

1853 4840 2112 4897 cessitate
2140 4860 2152 4894 :
2186 4840 2281 4910 qui
2308 4849 2487 4894 tamen
2517 4839 2775 4902 comedit,
2807 4855 2916 4894 non
2943 4847 3154 4909 peccat.

242 4929 293 4983 5.
325 4931 468 4998 Πρὸς
496 4931 553 4984 δὲ
582 4932 709 4996 τοὺς
737 4932 994 5001 λέγοντας
1018 4932 1140 4986 καθ’
1169 4934 1508 5006 εἱμαρμένην
1533 4934 1750 4988 διοικεῖ-

1924 4933 1976 4987 5.
2014 4931 2132 4986 Jam
2177 4932 2324 5003 quod
2367 4933 2561 4987 attinet
2595 4931 2663 4985 ad
2696 4947 2792 4988 eos
2830 4932 2924 5001 qui
2957 4930 3151 4986 dicunt
3183 4931 3294 4986 fato
3325 4948 3427 5002 gu-

166 5020 292 5073 σθαι
327 5021 396 5074 τὰ
439 5022 794 5092 ἀνθρώπινα,
833 5025 908 5096 μὴ
956 5025 1086 5097 παρ’
1122 5023 1278 5094 ἡμῶν
1318 5025 1470 5095 ζήτει
1519 5025 1744 5092 λόγους,

1857 5024 2073 5078 bernari
2107 5039 2196 5078 res
2237 5025 2524 5089 humanas,
2570 5040 2640 5079 ne
2677 5041 2762 5079 me
2794 5023 3118 5094 interroges,
3169 5023 3263 5078 sed
3303 5041 3428 5094 pro-

163 5112 307 5168 ἀλλὰ
329 5116 448 5178 ταῖς
480 5116 708 5181 οἰκείαις
733 5117 832 5187 τῆς
871 5116 1167 5189 ῥητορικῆς
1198 5116 1378 5169 ἀκίσιν
1407 5117 1605 5179 αὐτοὺς
1637 5132 1737 5169 κα-

1853 5117 1987 5186 priis
2016 5115 2303 5172 rhetoricae
2343 5115 2467 5170 telis
2512 5130 2609 5171 eos
2639 5115 2868 5188 conlige,
2903 5114 3171 5176 siquidem
3216 5115 3425 5185 longior

241 5268 620 5338 “llcbr.x,i.
696 5273 742 5304 ⁷⁸
777 5271 1191 5339 Gen.thx,10.
1267 5273 1464 5329 "ibid.
1507 5271 1877 5338 "lsa.xu,i0.
1923 5269 2321 5343 7’}lsa.xu|,6.
2373 5267 2743 5340 "llReg.vn.
2787 5271 2874 5324 15.
2937 5271 2983 5303 ⁷⁷
3013 5269 3146 5326 Gen.
3175 5271 3423 5334 “11,18.

245 5408 540 5487 (67)_Ka0’_
562 5413 786 5487 ἕτερον.
817 5414 895 5487 Ita
924 5415 1075 5487 Regii
1105 5419 1216 5474 duo
1241 5415 1460 5487 codices
1493 5425 1557 5487 et
1576 5415 1745 5470 Coisl.

173 5479 688 5557 secutldlis,_sic_que
701 5479 1139 5557 legitinterpres.
1159 5487 1302 5542 Editi
1325 5486 1442 5540 καθ’
1466 5486 1747 5557 ἑκάτερον.

175 5619 190 5631 .
249 5550 361 5618 (68t
398 5550 674 5620 Τιϐερίου.
700 5550 1071 5612 Editiaddunt
1093 5559 1391 5629 Καίσαρος,
1427 5558 1573 5627 quod
1598 5550 1755 5611 deest

175 5635 233 5673 ιη
270 5636 404 5676 mss.
433 5637 623 5678 novem
633 5665 647 5679 .

1855 5416 1968 5468 ullo
2000 5421 2195 5467 mtttur
2221 5413 2410 5469 codice
2449 5427 2554 5467 ms.
2597 5411 2771 5482 Supra
2801 5413 2961 5467 docet
2993 5411 3230 5469 Basilius
3269 5412 3429 5467 Chri-

1855 5494 2000 5541 stum
2033 5492 2088 5538 et
2114 5499 2294 5553 regem
2321 5497 2445 5537 esse
2467 5491 2520 5553 et
2544 5482 2875 5553 pontificem.

1927 5554 2039 5623 (70)
2091 5551 2713 5623 Ἐνευλογηθήσονται
2761 5551 2860 5618 τῷ.
2914 5553 2993 5608 ita
3051 5552 3238 5608 decem
3291 5568 3425 5607 mss.

1856 5631 2312 5696 exceptotamen
2364 5623 2517 5696 quod
2550 5623 2605 5677 in
2634 5623 2932 5696 _nonnullis
2983 5623 3181 5696 legitur
3225 5623 3284 5678 ἐν
3327 5623 3426 5695 τῷ.

250 5690 365 5768 (6⁵))
397 5692 507 5768 {fell
548 5695 908 5768 lqpedc._Prq
948 5699 1052 5752 hac
1087 5713 1220 5752 voce
1268 5697 1552 5768 legendum
1600 5704 1754 5768 putat

1860 5690 2009 5750 Editi'
2033 5690 2481 5767 εὐλογηθήσονται
2504 5694 2562 5748 ἐν
2590 5692 2689 5764 τῷ.

174 5759 544 5820 Cumbeﬁsius
575 5759 845 5834 βασιλεὺς.
889 5766 995 5824 Sed
1029 5769 1236 5826 inutilis
1282 5759 1618 5835 emendatio;
1654 5782 1757 5822 nec
