3856 6224
474 324 584 381 885

1784 324 1842 379 S.
1884 319 2128 380 BASILII
2170 321 2390 379 MAGNI

3630 318 3738 374 εδι

474 451 562 501 est
597 444 712 499 bac
736 440 974 514 quaestio
1007 456 1111 514 pro
1149 456 1272 498 mea
1304 443 1564 513 presenti
1607 442 1952 499 inﬁrmitate.
1982 440 2047 495 De

2158 443 2525 515 τατίτρωσκε·
2555 443 2893 516 μακρότερον
2928 443 3035 513 γάρ
3061 442 3179 494 ἐστι
3210 440 3272 493 τὸ
3313 437 3602 511 πρόᾶλημα
3636 437 3740 507 τὴς

473 536 790 594 emersione
816 544 1000 592 autem
1030 535 1087 591 in
1118 535 1394 606 baptismo
1420 536 1569 593 haud
1603 536 1721 593 scio
1747 551 1848 593 cur
1876 536 1975 591 tibi
1996 536 2053 590 iu

476 635 716 684 mentem
773 629 986 685 venerit
1030 630 1407 700 interrogare,
1463 628 1736 700 siquidem
1791 628 2054 699 accepisti

474 720 882 777 immersionem
941 720 1109 776 trium
1171 719 1385 776 dierum
1438 718 1670 791 ﬁguram
1727 720 2045 791 adimplere.

473 809 583 866 Ter
610 810 761 867 enim
801 813 974 884 mergi
1011 828 1122 868 non
1154 819 1359 885 potest,
1403 813 1513 867 nisi
1546 813 1642 883 qui
1672 812 1836 868 toties
1876 827 2056 868 emer-

472 910 585 972 gat.
626 901 903 969 Quantum
932 903 1001 959 ad
1033 919 1222 960 vocem
1250 903 1424 974 φάγον
1454 905 1675 970 attinet,
1707 909 1930 958 acutum
1970 912 2055 958 to-

474 1010 609 1049 num
638 996 695 1048 in
725 995 900 1066 prima
934 996 1144 1067 syllaba
1175 997 1515 1067 reponimus.

546 1084 601 1140 6.
642 1084 850 1141 Eadem
879 1096 964 1143 est
991 1087 1285 1147 essentiam
1321 1086 1465 1144 inter
1495 1094 1551 1145 et
1577 1087 1917 1160 bypostasim
1949 1085 2055 1142 dif-

474 1177 744 1245 ferentia,
801 1194 867 1235 ac
912 1182 1059 1236 inter
1113 1194 1405 1238 commune
1448 1189 1505 1237 et
1546 1183 1859 1254 singulare,
1912 1183 2057 1238 inter

475 1271 683 1326 animal
711 1280 767 1328 et
792 1273 946 1328 illum
970 1273 1270 1329 hominem.
1304 1273 1653 1347 Quapropter
1678 1275 1843 1348 364
1864 1291 2057 1331 essen-

472 1365 607 1419 tiam
641 1365 865 1435 quidem
896 1382 1064 1421 unam
1104 1368 1164 1424 in
1202 1369 1494 1425 divinitate
1524 1366 1875 1432 conﬁtemur,
1919 1367 2056 1424 adeo

473 1461 537 1509 ut
563 1456 821 1511 essentia:
860 1456 1113 1512 deﬁnitio
1154 1473 1264 1513 non
1300 1458 1518 1514 diverse
1552 1455 1853 1512 reddatur:
1886 1455 2057 1527 bypo-

471 1548 665 1603 stasim
693 1563 825 1604 vero
859 1550 1137 1619 propriam
1175 1558 1241 1621 et.
1264 1550 1624 1621 singularem,
1660 1556 1723 1604 ut
1761 1548 2053 1604 inconfusa

470 1640 635 1695 nobis
669 1650 726 1693 et
754 1640 904 1695 clara
945 1640 1013 1697 de
1046 1641 1210 1698 Patre
1241 1649 1297 1698 et
1327 1640 1469 1698 Filio
1516 1651 1572 1698 et
1611 1640 1820 1714 Spiritu
1860 1650 2054 1698 sancto

472 1730 609 1785 insit
651 1730 823 1784 notio.
878 1729 939 1785 Si
988 1732 1134 1786 enim
1178 1746 1291 1786 non
1340 1730 1757 1787 consideremus
1798 1730 2053 1787 deﬁnitas

472 1820 914 1893 uniuscujusque
929 1823 1314 1894 pr0prietates,
1335 1832 1464 1893 puta
1492 1823 1901 1895 paternitatem.
1924 1822 2053 1876 ﬁlia-

471 1912 701 1976 tionem,
734 1922 790 1968 et
833 1913 1347 1978 sanctiﬁcationem,
1400 1914 1497 1970 sed
1529 1929 1600 1970 ex
1648 1915 1927 1969 communi
1962 1928 2053 1969 es-

472 2003 667 2059 sentia:
698 2005 916 2060 ratione
941 2004 1112 2061 Deum
1153 2007 1537 2074 conﬁteamur,
1581 2007 1701 2062 ﬁeri
1727 2021 1836 2061 non
1872 2013 2053 2077 potest

471 2108 535 2153 ut
566 2113 704 2153 sana
726 2097 852 2154 ﬁdei
873 2099 1015 2155 ratio
1041 2099 1322 2155 reddatur.
1348 2099 1576 2171 Oportet
1602 2099 1790 2170 igitur,
1822 2108 1882 2153 ut
1908 2114 2053 2152 eom-

470 2190 625 2243 muni
651 2191 935 2261 prOprium
970 2190 1358 2261 adjungentes,
1385 2192 1460 2246 ita
1481 2189 1641 2246 ﬁdem
1660 2188 2047 2260 proﬁteamur:

470 2280 775 2338 Commune
807 2281 1005 2350 deitas,
1042 2283 1328 2354 prOprium
1358 2282 1698 2353 paternitas;
1733 2287 1898 2349 atque
1935 2279 2050 2334 haec

469 2369 857 2442 coniungendo
908 2370 1159 2429 dicamus
1201 2390 1216 2427 :
1263 2371 1441 2428 Credo
1489 2372 1547 2426 in
1588 2370 1756 2427 Deum
1805 2371 2042 2427 Patrem.

469 2465 551 2518 Ac
591 2478 788 2519 rursus
819 2463 876 2518 in
927 2461 1052 2519 Filii
1091 2462 1445 2521 confessione
1481 2463 1793 2519 faciendum
1842 2470 1929 2519 est
1974 2463 2050 2519 si-

469 2553 710 2621 militer;
745 2554 1150 2627 adjungendum
1199 2563 1286 2611 est
1333 2555 1609 2611 communi
1635 2555 1943 2626 proprium,
1983 2568 2049 2608 ac

469 2644 764 2701 dicendum
802 2645 1026 2702 :Credo
1068 2648 1125 2703 in
1164 2647 1336 2704 Deum
1384 2647 1606 2703 Filium.
1646 2647 1862 2702 Pariter
1892 2653 1948 2703 et
1980 2646 2049 2701 de

473 2735 684 2807 Spiritu
724 2746 919 2794 saneto
966 2738 1035 2794 ad
1074 2741 1457 2811 appellationis
1505 2740 1775 2796 rationem
1827 2754 2049 2796 accom-

470 2828 745 2883 modanda
789 2831 1165 2901 pronuntiatio
1209 2846 1276 2885 ac
1314 2830 1649 2886 dicendum:
1681 2831 1859 2888 Credo
1895 2841 1951 2888 et
1990 2833 2045 2887 in

473 2917 722 2973 divinum
781 2918 1046 2991 Spiritum
1093 2930 1382 2988 sanctum;
1426 2923 1566 2979 adeo
1613 2932 1674 2979 ut
1723 2925 1951 2980 omnino
1992 2932 2048 2979 et

474 3011 661 3067 unitas
685 3019 931 3067 servetur
959 3013 1015 3068 in
1040 3015 1204 3069 unius
1234 3014 1457 3071 deitatis
1491 3013 1877 3084 confessione;
1909 3023 1965 3072 et
1992 3017 2045 3071 id

471 3102 619 3173 quod
652 3119 1011 3174 personarum
1036 3106 1318 3177 proprium
1347 3113 1433 3164 est
1452 3107 1815 3165 conﬁteamur
1850 3109 1909 3163 in
1940 3108 2047 3163 dis-

472 3195 719 3253 cretione
781 3212 976 3254 earum
1014 3200 1434 3271 proprietatum,
1473 3216 1596 3272 quae
1629 3201 1686 3256 in
1725 3216 2052 3272 unaquaque

471 3290 872 3362 intelliguntur.
916 3291 1019 3359 Qui
1067 3301 1248 3349 autem
1290 3292 1433 3350 idem
1465 3310 1591 3351 esse
1629 3295 1821 3350 dicunt
1860 3310 2052 3351 essen—

472 3380 608 3435 tiam
659 3389 715 3436 et
761 3382 1139 3455 bypostasim,
1191 3392 1464 3457 coguntur
1518 3401 1784 3457 personas
1837 3394 2050 3441 tantum

473 3472 727 3528 conﬁteri
754 3473 1092 3544 differentes,
1136 3484 1191 3532 et
1230 3476 1361 3531 dum
1405 3476 1685 3550 refugiunt
1713 3477 1898 3534 dicere
1939 3487 2051 3535 tres

471 3563 818 3634 hypostases,
867 3565 1092 3622 Sabellii
1135 3566 1310 3623 labem
1354 3568 1711 3624 inveniuntur
1752 3584 1864 3625 non
1915 3569 2052 3625 eﬂ'u-

470 3670 630 3724 gere;
668 3656 764 3726 qui
817 3665 872 3713 et
917 3657 1037 3729 ipse
1064 3674 1229 3730 saepe,
1280 3660 1387 3716 etsi
1418 3659 1710 3715 confundit
1740 3662 2051 3727 notionem,

467 3756 703 3803 conatur
752 3764 1019 3819 personas
1085 3751 1460 3823 distinguere,
1516 3752 1647 3808 dum
1706 3753 2045 3824 bypOstasim

468 3840 716 3895 eamdem
741 3842 818 3897 ait
847 3858 947 3912 pro
972 3859 1083 3907 usu
1111 3844 1345 3901 subinde
1374 3855 1699 3902 occurrente
1722 3847 1905 3902 varias
1924 3862 2049 3918 per-

470 3946 639 3988 sonas
667 3932 916 3993 induere.

544 4104 594 4159 7.
636 4104 756 4160 Jam
801 4107 870 4163 ad
907 4108 1056 4164 illam
1105 4113 1496 4181 quaestionem,
1551 4113 1827 4184 quomodo
1870 4113 2047 4168 media

469 4205 525 4255 et
551 4198 915 4277 indiﬁ‘erentia
944 4202 1094 4257 circa
1136 4218 1238 4259 nos
1264 4205 1675 4276 gubernentur;
1722 4215 1905 4261 utrum
1932 4207 2049 4263 for-

469 4289 613 4345 tuito
650 4291 889 4361 quodam
928 4308 1083 4358 casu,
1117 4311 1190 4350 an
1220 4297 1370 4367 justa
1400 4294 1491 4353 Dei
1526 4297 1905 4368 providentia;
1942 4301 2046 4355 hoc

468 4381 890 4453 respondemus,
952 4386 1243 4444 sanitatem
1299 4395 1354 4444 et
1396 4389 1668 4455 morbum,
1721 4390 1941 4448 divitias
1991 4402 2045 4447 et

2157 536 2443 606 παρούσης
2477 551 2582 606 μου
2617 534 2923 597 ἀσθενείας.
2955 532 3092 604 Περὶ
3120 532 3178 585 δὲ
3210 531 3309 601 τῆς
3350 532 3408 583 ἐν
3437 528 3516 599 τῷ
3543 527 3738 599 βαπτί-

2157 643 2324 698 σματι
2365 625 2703 691 ἀνανεύσεως
2731 626 2842 697 (71)
2872 626 2970 678 οὐκ
3000 620 3116 677 οἶδα
3153 623 3207 677 τί
3241 620 3444 692 ἐπῆλθέ
3486 637 3567 674 σοι
3600 621 3743 684 ἐρω-

2154 719 2343 790 τῆσαι,
2379 718 2538 790 εἴπερ
2586 717 2752 783 ἐδέξω
2795 717 2897 788 τὴν
2938 714 3231 770 κατάδυσιν
3276 713 3368 766 τὸν
3405 712 3575 765 τύπον
3630 712 3740 762 τῶν

2154 812 2325 884 τριῶν
2370 811 2595 883 ήμερῶν
2626 809 2956 881 ἐκπληροῦν.
3005 805 3380 876 Βαπτισθῆναι
3426 804 3535 875 γάρ
3578 821 3742 874 τριτ-

2158 903 2316 967 σάκις
2345 901 2604 955 ἀδύνατον
2649 900 2722 973 μὴ
2775 899 3048 953 ἀναδύντα
3092 895 3420 957 τοσαυτάκις
3453 892 3588 963 (72).
3635 892 3741 943 Τὸν

2153 993 2211 1046 δὲ
2242 992 2437 1063 φάγον
2467 988 2940 1062 παροξυτονοῦμεν
2977 988 3162 1058 ἡμεῖς.

2229 1084 2282 1137 6.
2319 1083 2490 1136 υὺσία
2531 1081 2589 1135 δὲ
2636 1081 2731 1134 καὶ
2758 1079 3055 1140 ὑπόστασις
3090 1075 3297 1146 ταύτην
3334 1072 3445 1145 ἔχει
3476 1071 3576 1143 τὴν
3624 1070 3744 1123 δια-

2157 1174 2351 1246 φοράν,
2379 1174 2445 1246 ἢν
2471 1172 2588 1242 ἔχει
2621 1172 2681 1223 τὸ
2708 1169 2888 1224 κοινὸν
2914 1168 3051 1239 πρὸς
3071 1167 3133 1221 τὸ
3171 1165 3292 1220 καθ’
3320 1165 3549 1217 ἕκαστον
3570 1185 3583 1193 ο
3623 1155 3740 1215 οἷον

2154 1267 2229 1330 ὡς
2255 1265 2368 1337 ἔχει
2394 1265 2456 1318 τὸ
2481 1263 2619 1328 ζῶον
2650 1262 2786 1334 πρὸς
2821 1261 2911 1314 τὸν
2947 1261 3095 1313 δεῖνα
3124 1258 3429 1331 ἄνθρωπον.
3451 1255 3551 1309 Διά
3572 1257 3740 1309 τοῦτο

2154 1359 2340 1412 οὑσίαν
2376 1358 2477 1429 μὲν
2502 1357 2632 1428 μίαν
2655 1354 2748 1408 ἐπὶ
2774 1354 2875 1423 τῆς
2898 1351 3154 1423 θεότητος
3174 1348 3565 1421 ὁμολογοῦμεν,
3589 1348 3739 1401 ὥστε

2153 1452 2247 1504 τὸν
2279 1449 2373 1505 τοῦ
2412 1445 2555 1505 εἶναι
2587 1447 2745 1516 λόγον
2797 1446 2873 1518 μὴ
2910 1443 3184 1515 διαφόρως
3220 1441 3563 1495 ἀποδιδόναι’
3604 1440 3743 1492 ὑπό-

2157 1562 2345 1599 στασιν
2388 1543 2447 1597 δὲ
2486 1539 2814 1605 ἰδιάζουσαν,
2863 1539 2930 1590 ἵν’
2968 1535 3276 1605 ἀσύγχυτος
3317 1534 3451 1603 ἡμῖν
3487 1531 3605 1602 (75)
3646 1532 3741 1583 καὶ

2152 1633 2538 1709 τετρανωμένη
2580 1632 2615 1703 ἡ
2660 1630 2788 1701 περὶ
2836 1627 3051 1699 Πατρὸς
3100 1628 3199 1680 καὶ
3253 1623 3383 1678 Υίοῦ
3430 1624 3528 1678 καὶ
3576 1623 3740 1690 ἁγίου

2155 1722 2474 1795 Πνεύματος
2504 1722 2682 1775 ἔννοια
2709 1714 3123 1790 ὲνυπάρχῃ.Μὴ
3160 1714 3270 1787 γὰρ
3293 1713 3557 1768 νοοὺντων
3577 1711 3740 1783 ἡμῶν

2156 1817 2283 1879 τοὺς
2323 1814 2743 1886 ἀφωρισμένους
2775 1813 2904 1883 περὶ
2932 1811 3162 1865 ἕκαστον
3196 1806 3575 1880 χαρακτῆρας,
3624 1798 3741 1856 οἷον

2157 1908 2477 1981 πατρὸτητα
2516 1907 2612 1961 καὶ
2639 1907 2863 1975 υίότητα
2904 1905 2999 1958 καί⁵
3035 1902 3336 1981 Πάγιασμὸν,
3372 1899 3489 1953 ἀλλ’
3523 1901 3591 1951 ὲκ
3637 1896 3739 1966 τῆς

2157 2004 2342 2073 κοινῆς
2379 1999 2588 2063 ἑννοίας
2629 1997 2723 2051 τοῦ
2762 1993 2902 2051 εἶναι
2955 1993 3358 2065 ὁμολογούντων
3394 1989 3549 2051 Θεὸν,
3592 1989 3743 2058 ἀμή-

2156 2109 2317 2163 χανον
2342 2090 2512 2159 ὑγιῶς
2538 2089 2633 2141 τὸν
2656 2088 2814 2156 λόγον
2839 2087 2937 2157 τῆς
2957 2085 3194 2148 πίστεως
3217 2078 3588 2137 ἀποδίδοσθαι.
3616 2077 3741 2149 Χρὴ

2156 2181 2282 2247 οιῖιν,
2324 2182 2404 2253 τῷ
2435 2180 2599 2252 κοινῷ
2638 2180 2699 2234 τὸ
2759 2178 2960 2243 ἰδιάζον
2995 2173 3422 2248 προστιθέντας,
3456 2170 3602 2223 οὕτω
3642 2168 3744 2237 τὴν

2156 2278 2338 2331 πίστιν
2364 2274 2683 2347 ὁμολογεῖν·
2739 2271 2919 2325 κοινὸν
2948 2272 2983 2342 ἡ
3035 2268 3250 2337 θεότης,
3291 2266 3421 2319 ἴδιον
3455 2265 3489 2335 ή
3532 2262 3743 2331 πατρό-

2154 2386 2254 2441 της
2273 2384 2285 2398 ·
2319 2367 2690 2427 συνάπτοντας
2716 2361 2774 2415 δὲ
2809 2361 2989 2430 λέγειν
3010 2376 3025 2389 ο
3067 2358 3317 2412 Πιστεύω
3341 2358 3422 2417 εἰς
3447 2355 3582 2408 Θεὸν
3617 2355 3739 2406 Πα-

2152 2459 2306 2530 τέρα.
2331 2456 2442 2509 Καὶ
2480 2454 2645 2509 πάλιν
2683 2455 2742 2506 ὲν
2773 2454 2840 2523 τῇ
2867 2448 2961 2504 τοῦ
2993 2448 3124 2502 Υἱοῦ
3160 2446 3421 2518 ὁμολογίᾳ
3445 2444 3507 2497 τὸ
3551 2459 3744 2514 παρα·

2154 2553 2382 2624 πλήσιον
2414 2549 2610 2615 ποιεῖν,
2650 2545 2729 2617 τῷ
2778 2542 2943 2614 κοινῷ
2984 2541 3277 2597 συνάπτειν
3323 2539 3385 2591 τὸ
3434 2537 3597 2597 ἴδιον,
3640 2535 3742 2587 καὶ

2153 2646 2366 2715 λέγειν’
2423 2638 2674 2695 Πιστεύω
2717 2640 2797 2700 είς
2842 2635 2976 2688 Θεὸν
3020 2632 3172 2686 Υίὸν.
3214 2629 3449 2701 Ὁμοίως
3499 2626 3599 2680 καὶ
3643 2624 3741 2677 ἐπὶ

2151 2735 2248 2789 τοῦ
2288 2731 2428 2790 Πνεύ
2438 2748 2605 2804 ματος
2645 2729 2741 2784 τοῦ
2800 2726 2956 2796 ἁγίου
2999 2724 3142 2779 κατὰ
3182 2723 3243 2777 τὸ
3287 2717 3583 2775 ἀκόλουθον
3634 2716 3735 2786 τῆς

2152 2828 2516 2898 ἐκφωνήσεως
2565 2822 2664 2894 τὴν
2713 2818 2999 2893 προφορὰν
3041 2815 3478 2887 σχηματίζοντας
3524 2808 3738 2876 λέγειν·

2152 2919 2404 2975 Πιστεύω
2440 2918 2537 2972 καὶ
2589 2918 2671 2980 είς
2706 2914 2767 2969 τὸ
2822 2913 2966 2966 θεῖον
3011 2910 3126 2983 (74)
3170 2906 3396 2977 Πνεῦμα
3439 2904 3504 2957 τὸ
3541 2902 3736 2970 ἆγιον·

2152 3013 2292 3067 ὥστε
2347 3011 2418 3064 δι’
2457 3010 2580 3064 ὅλου
2645 3009 2740 3062 καὶ
2806 3005 2906 3078 τὴν
2949 3004 3176 3073 ἑνότητα
3231 2997 3501 3062 σώζεσθαι
3556 2997 3619 3047 ὲν
3662 2995 3731 3062 τῇ

2151 3107 2253 3177 τῆς
2304 3105 2434 3176 μιᾶς
2491 3101 2744 3173 θεότητος
2789 3097 3086 3170 ὁμολογίᾳ,
3142 3093 3238 3150 καὶ
3283 3093 3345 3147 τὸ
3398 3091 3513 3145 τῶν
3563 3105 3733 3161 προσ-

2152 3197 2318 3251 ώπων
2370 3193 2571 3258 ἰδιάζον
2600 3188 2982 3264 ὁμολογεῖσθαι
3035 3190 3094 3242 ὲν
3147 3186 3227 3256 τῷ
3267 3181 3567 3255 ἀφορισμῷ
3626 3178 3736 3234 τῶν

2152 3288 2284 3360 περὶ
2330 3287 2560 3340 ἕκαστον
2606 3282 2912 3353 νοουμένων
2962 3278 3285 3350 ἰδιωμάτων.
3330 3277 3395 3328 0i
3437 3274 3499 3328 δὲ
3538 3272 3735 3327 ταυτὸν

2150 3376 2405 3446 λέγοντες
2430 3374 2621 3429 οὑσίαν
2658 3374 2755 3427 καὶ
2782 3370 3079 3425 ὑπόστασιν
3112 3365 3519 3436 ἀναγκάζονται
3564 3364 3733 3436 πρόσ-

2149 3486 2277 3523 ωπα
2303 3467 2464 3540 μόνον
2502 3465 2788 3537 ὁμολογεῖν
2815 3464 3075 3535 διάφορα,
3105 3462 3201 3514 καὶ
3248 3461 3306 3513 ὲν
3335 3458 3414 3529 τῷ
3451 3458 3735 3528 περιίστα-

2152 3562 2276 3615 σθαι
2321 3560 2500 3629 λέγειν
2526 3560 2676 3631 τρεῖς
2718 3555 3067 3618 ὑποστάσεις,
3111 3552 3456 3625 εὑρίσκονται
3501 3551 3579 3621 μὴ
3611 3549 3741 3619 φεύ-

2148 3669 2337 3721 γοντες
2373 3653 2434 3706 τὸ
2464 3653 2559 3706 τοῦ
2598 3648 2898 3707 Σαϐελλίου.
2931 3646 3121 3710 κακὸν,
3152 3646 3212 3710 ὃς
3247 3644 3343 3699 καὶ
3383 3644 3573 3707 αὑτὸς,
3607 3642 3737 3694 πολε

2149 3745 2316 3816 λαχοῦ
2366 3745 2611 3816 συγχέων
2657 3746 2758 3815 τὴν
2799 3742 3040 3805 ἔννοιαν,
3084 3740 3358 3809 ἐπιχειρεῖ
3398 3737 3637 3807 διαιρεῖν
3666 3735 3735 3786 τά

2149 3837 2452 3906 πρόσωπα,
2496 3836 2596 3907 τὴν
2643 3834 2813 3906 αὑτὴν
2876 3831 3173 3887 ὑπόστασιν
3220 3829 3395 3898 λέγων
3446 3827 3585 3899 πρὸς
3634 3827 3735 3897 τὴν

2150 3929 2414 3982 ἑκάστοτε
2446 3929 2945 4000 παρεμπίπτουσαν
2988 3925 3102 3997 (75)
3139 3923 3328 3995 χρείαν
3372 3935 3738 3991 μετασχημαιο

2146 4019 2412 4086 σιτίζεσθαι.

2219 4113 2273 4169 7.
2305 4113 2415 4167 Καὶ
2440 4113 2569 4183 περὶ
2606 4106 2681 4167 ὧν
2710 4113 2999 4185 ἠρώτησας
3019 4151 3035 4175 ,
3067 4110 3183 4174 πῶς
3235 4110 3306 4163 τὰ
3342 4106 3484 4178 μέσα
3526 4107 3627 4160 καὶ
3672 4102 3741 4158 τὰ

2146 4207 2416 4279 ἀδιάφορα
2439 4207 2552 4277 (76)
2580 4208 2709 4276 περὶ
2738 4208 2887 4277 ἡμᾶς
2913 4206 3301 4275 οἰκονομεῖται,
3331 4203 3442 4255 εἴτε
3473 4201 3743 4272 συντυχίᾳ

2146 4297 2255 4351 τινὶ
2286 4298 2610 4369 αὐτομάτῳ,
2645 4298 2756 4351 εἴτε
2805 4299 2873 4368 τῇ
2914 4296 3100 4367 δικαίᾳ
3147 4295 3242 4349 τοῦ
3276 4292 3413 4347 Θεοῦ
3468 4294 3739 4364 προνοίᾳ,

2146 4388 2333 4442 ἐκεῖνό
2372 4406 2589 4459 φαμεν,
2629 4389 2712 4442 ὅτι
2756 4389 2930 4459 ,ὑγεία
2979 4389 3075 4441 καῖ
3118 4388 3273 4451 νόσος
3296 4426 3312 4451 ,
3356 4384 3593 4449 πλοῦτος
3644 4387 3743 4438 καὶ

469 4482 869 4546 paupertatem,
895 4478 1126 4549 gloriam
1153 4488 1209 4543 et
1234 4481 1613 4552 ignominiam,
1650 4491 1924 4555 quatenus
1948 4486 2041 4540 bo-

2158 4481 2349 4546 πενία,
2383 4480 2510 4546 δόξα
2556 4483 2652 4535 καὶ
2695 4482 2920 4553 ἀτιμία,
2967 4480 3106 4535 καθὸ
3154 4481 3255 4552 μὲν
3300 4481 3361 4533 οὐ
3410 4482 3561 4533 ποιεῖ
3606 4483 3740 4543 τοὺς

472 4582 575 4625 nos
606 4583 714 4623 non
743 4569 982 4626 reddunt
1008 4586 1383 4642 possessores,
1420 4591 1534 4631 non
1573 4592 1698 4633 esse
1744 4593 1812 4633 ex
1854 4593 2044 4634 eorum

468 4674 721 4724 numero,
768 4676 891 4731 quae
932 4669 1130 4718 natura
1175 4672 1312 4721 sunt
1353 4666 1499 4721 bona
1543 4687 1557 4722 :
1600 4677 1874 4739 quatenus
1916 4686 2046 4727 vero

468 4752 891 4822 prosperitatem
937 4754 1231 4824 quamdam
1276 4756 1335 4811 in
1383 4757 1494 4812 vita
1537 4767 1731 4815 nostra
1778 4760 2042 4827 eﬁiciunt,

471 4842 645 4914 magis
687 4844 982 4899 contrariis
1032 4845 1285 4917 eligenda
1329 4862 1453 4904 esse
1494 4850 1807 4919 praeposita,
1853 4862 1907 4907 et
1946 4855 2046 4907 ali-

469 4951 633 5007 quam
663 4937 834 4992 verbo
866 4936 1184 5009 dignitatem
1218 4939 1440 4995 habere.
1469 4942 1648 5013 Atque
1672 4944 1787 4999 haec
1824 4946 2044 5016 quidem

544 5111 672 5185 (71),
692 5113 1107 5180 Ἄνανεύσεως.
1131 5111 1316 5169 Codex
1339 5113 1667 5173 Parisiensis
1690 5119 2044 5185 ἀναδεύσεως,

470 5183 713 5238 secunda
745 5199 931 5238 manu.

542 5253 655 5327 (12)
686 5252 1075 5327 Τοσαυτάκις,
1100 5252 1178 5308 Ita
1199 5270 1333 5310 mss.
1360 5255 1623 5327 plerique.
1644 5255 1785 5313 Editi
1802 5259 2042 5326 τοσάκις.

542 5322 656 5395 (75)
704 5323 894 5391 Ἡμῖν.
931 5324 1072 5379 Editi
1114 5327 1246 5395 ἡμῖν
1278 5322 1378 5383 τε.⁷
1414 5322 1529 5382 Sed
1553 5327 1707 5382 deest
1740 5330 1932 5384 vocula
1989 5322 2045 5388 in

472 5392 651 5465 tribus
690 5395 1093 5465 antiquissimis
1124 5392 1409 5452 eodicibus
1437 5405 1493 5452 et
1517 5399 1640 5453 aliis
1672 5401 1971 5456 nonnullis.

543 5463 655 5532 (74)
685 5463 788 5529 Εὶς
826 5463 894 5519 τὸ
922 5464 1103 5520 θεῖον.
1150 5465 1376 5521 Videtur
1418 5468 1472 5521 in
1522 5467 1806 5526 Harlaaano
1855 5472 2045 5529 codice

471 5533 737 5603 scriptum
771 5535 943 5603 prima
975 5550 1143 5589 manu
1172 5537 1252 5599 εἰς
1276 5536 1370 5590 τὸν
1401 5536 1553 5593 Θεόν.

546 5599 657 5670 (75)
689 5599 1255 5680 Περεαπίπτουσαν.
1303 5607 1694 5680 Med.,_Coisl.
1743 5610 1952 5680 primus
1988 5623 2043 5670 et

474 5686 619 5746 unus
642 5687 711 5728 ex
742 5672 925 5746 Regiis
955 5676 1434 5746 παραπίπτουσαν.
1478 5672 1771 5735 Existimat
1810 5683 2041 5740 Combe-

474 5741 636 5799 ﬁsius
674 5741 903 5801 verbum
949 5741 1522 5818 μετασχηματίζεσθαι
1572 5751 1653 5806 sic
1699 5751 2039 5812 reddendum

2148 4574 2372 4646 ἔχοντας
2396 4574 2657 4644 ἀγαθοὺς,
2690 4577 2792 4629 οὑκ
2818 4575 2933 4629 ἐστι
2966 4575 3077 4629 τῶν
3107 4573 3251 4629 κατά
3284 4573 3446 4644 φύσιν
3472 4572 3736 4643 ἀγαθῶνο

2147 4666 2284 4722 καθὸ
2313 4665 2370 4718 δὲ
2401 4665 2625 4738 εὑροιάν-
2648 4683 2775 4720 τινα
2811 4666 3113 4738 παρέχεται
3148 4665 3307 4737 ἡμῶν
3335 4664 3448 4735 (77)
3491 4664 3572 4734 τῷ
3609 4664 3735 4735 βίῳ,

2145 4754 2484 4828 αίρετὼτερά
2523 4756 2640 4809 ἐστι
2671 4755 2779 4809 τῶν
2807 4755 3064 4810 ἐναντίων
3100 4755 3171 4809 τά
3198 4753 3615 4828 προηγούμενα,
3639 4758 3737 4808 καὶ

2147 4847 2260 4918 ἔχει
2292 4846 2417 4901 τινὰ
2444 4847 2602 4914 ἀξίαν
2652 4848 2943 4920 λεγόμενα.
2996 4848 3184 4903 Ταῦτα
3227 4848 3411 4920 μέντοι
3458 4852 3578 4913 τοῖς
3633 4851 3734 4920 μὲν

2145 4941 2460 5012 οἰκονομίας
2492 4940 2607 5014 (78)
2640 4941 2828 4996 ἕνεκεν
2869 4942 3072 4997 δίδοται
3123 4943 3275 5014 παρὰ
3317 4942 3455 4995 Θεοῦ
3477 4983 3495 5006 ,
3532 4942 3612 5006 ὡς
3650 4942 3732 5014 τῷ

2145 5138 2289 5187 esse,
2329 5122 2383 5175 in
2414 5121 2591 5175 varias
2625 5120 2826 5189 formas
2876 5120 3097 5173 mutari.
3129 5117 3236 5173 Sed
3268 5114 3327 5173 id
3372 5133 3482 5172 non
3507 5116 3732 5173 dicebat

2148 5193 2443 5249 Sabellius.
2480 5189 2596 5246 Hoc
2619 5199 2834 5245 tantum
2857 5191 3095 5255 dicebat,
3126 5198 3186 5243 ut
3214 5191 3444 5259 legimus
3470 5189 3526 5242 in
3561 5189 3726 5258 epist.

2144 5264 2253 5319 2M
2277 5283 2291 5316 :
2329 5261 2502 5315 Unum
2527 5261 2734 5331 quidem
2766 5261 3038 5330 hypostasi
3067 5262 3227 5314 Deum
3247 5276 3380 5322 esse,
3405 5260 3500 5313 sed
3520 5260 3619 5315 sub
3642 5265 3728 5317 αἱ·
3750 5261 3759 5270 ’

2146 5335 2308 5390 versis
2331 5330 2568 5402 personis
2596 5348 2629 5385 ιι
2663 5330 2946 5402 Scriptura
2971 5331 3360 5402 reprmentart'.

2215 5399 2339 5477 (76)
2360 5400 2706 5477 ᾲἎδιάξρορα.
2741 5401 2963 5477 Legitur
2992 5399 3225 5477 διάφορα
3253 5403 3311 5456 in
3350 5399 3534 5460 tribus
3566 5414 3725 5461 vetu-

2144 5473 2406 5531 stissimis
2439 5473 2724 5527 codicibus
2740 5480 2795 5527 et
2824 5473 3098 5542 plerisque
3127 5474 3267 5529 aliis.

2216 5545 2329 5617 (77)
2378 5542 2590 5617 Ἠριῷν.
2614 5543 2784 5617 ρεοει
2816 5543 2872 5596 in
2899 5550 3106 5613 septem
3131 5558 3290 5608 mss.,
3320 5559 3430 5600 non
3456 5551 3643 5601 tamen
3664 5549 3718 5603 in

2141 5613 2533 5671 vetustissimis
2558 5613 2756 5668 tribus.

2215 5687 2326 5756 (78)
2371 5682 2745 5757 Οἰκονομίας.
2792 5682 2907 5740 Hae
2942 5701 3084 5757 voce
3127 5686 3557 5757 eleemosynam,
3603 5689 3716 5744 sive

2140 5758 2459 5830 largitiones
2486 5756 2543 5811 in
2569 5769 2861 5826 pauperes,
2907 5756 3206 5829 signiﬁcari
3237 5756 3603 5828 probavimus
3646 5760 3711 5815 ad
