3856 6224
181 273 292 328 885

1073 277 1560 337 EPISTOLARUM
1601 280 1886 337 CLASSIS
1924 233 1988 338 ll.
2033 281 2248 337 EPIST.
2290 279 2634 336 CCXXXVII.

3344 279 3448 336 586

197 392 472 464 Ἀϐραὰμ,
514 395 608 448 καί
636 395 713 466 τῷ
747 395 866 449 ’1ὼὸ
894 395 1029 465 (79),
1059 399 1153 451 καὶ
1189 401 1305 461 τοῖς
1333 398 1593 463 τοιούτοις
1614 418 1625 430 ·
1659 402 1772 466 τοῖς

1887 402 2154 456 nonnullis
2212 401 2278 455 ad
2331 399 2776 456 distribuendum
2828 398 3031 454 dantur
3074 412 3104 451 a
3151 396 3262 453 Deo
3307 405 3451 454 velut

182 485 241 538 δὲ
276 484 628 556 φαυλοτέροις
657 487 959 558 πρόκλησίς
985 489 1102 541 ἐστι
1130 489 1224 541 τοῦ
1250 488 1604 561 βελτιωθῆναι
1633 493 1772 544 κατά

181 575 279 627 τὸν
321 577 521 648 τρόπον
544 595 557 606 ·
592 577 669 641 ὡς
707 579 802 646 ὃγε
839 579 978 649 μετὰ
1016 579 1287 649 τοσαύτην
1318 580 1470 650 παρὰ
1509 581 1644 634 Θεοῦ
1689 581 1774 634 δε-

187 664 376 730 ξίωσιν
426 669 704 738 ἐπιμένων
762 671 829 741 τῇ
879 671 1064 741 ἀδικίᾳ
1116 672 1528 743 άναντιρῤήτως
1584 673 1773 726 ἑαυτὸν

189 757 447 812 ὑπόδικον
485 763 549 831 τῇ
603 762 926 832 κατακρίσει
977 761 1319 833 καθίστησιν.
1360 764 1417 816 '0
1471 764 1654 834 μέντοι
1699 764 1775 816 δί-

192 869 350 915 καιος
385 852 509 905 οὔτε
532 855 800 925 παρόντος
833 856 1219 926 ἐπιστρέφεται
1241 855 1336 909 τοῦ
1369 856 1620 918 πλούτου,
1650 855 1774 910 οὔτε

197 947 273 1015 μὴ
325 947 573 1016 παρόντα
618 946 903 1016 ἐπιζητεῖ·
950 948 1011 1000 ού
1045 947 1154 1018 γὰρ
1207 948 1607 1010 ἀπολαυστικός
1659 950 1774 1002 ἐστι

190 1037 305 1089 τῶν
334 1035 653 1106 δεδομένων,
685 1037 801 1090 ἀλλ’
827 1039 1184 1109 οἰκονομικός.
1217 1040 1406 1102 Οὐδεὶς
1430 1039 1485 1093 δὲ
1513 1039 1620 1092 τῶν
1651 1039 1775 1092 νοῦν

195 1128 430 1197 ἐχόντων
461 1129 736 1200 ἐπιτρέχει
775 1132 840 1200 τῇ
893 1131 1119 1203 ἀσχολίᾳ
1165 1132 1264 1201 τῆς
1319 1131 1427 1185 τῶν
1482 1131 1775 1202 ἀλλοτρίων

194 1217 478 1289 διανομῆς,
515 1220 610 1272 ἐὰν
660 1221 734 1290 μὴ
768 1220 905 1291 πρὸς
942 1224 1043 1293 τὴν
1077 1223 1186 1275 τῶν
1235 1222 1446 1276 πολλῶν
1488 1222 1775 1296 ἀποϐλέπῃ

195 1309 378 1376 δόξαν,
407 1311 456 1363 οἳ
512 1305 850 1382 θαυμάζουσι
881 1315 974 1367 καὶ
1022 1314 1244 1384 ζηλοῦσι
1283 1316 1411 1378 τοὺς
1439 1317 1512 1372 ,ἐν
1556 1315 1775 1386 ἐξουσίᾳ

194 1403 306 1454 τινὶ
331 1402 699 1467 καθεστῶτας.
731 1405 842 1476 Τὴν
875 1405 932 1458 δὲ
957 1406 1108 1458 νόσον
1141 1407 1217 1470 ὡς
1246 1406 1474 1477 ἄθλησιν
1499 1407 1548 1458 οί
1580 1405 1775 1458 δίκαιοι

193 1492 463 1562 δέχονται,
499 1495 768 1565 μεγάλους
803 1498 895 1549 ἐπὶ
921 1500 987 1569 τῇ
1015 1498 1261 1568 ὑπομονῇ
1307 1498 1434 1560 τοὺς
1481 1497 1778 1565 στεφάνους

195 1585 580 1655 ἀναμένοντες.
631 1587 824 1642 Ἀλλον
861 1588 919 1642 δέ
967 1607 1089 1643 τινα
1125 1591 1352 1662 ἐφιστᾷν
1401 1592 1467 1660 τῇ
1512 1588 1776 1656 διοικήσει

201 1675 403 1729 τούτων
429 1679 528 1732 οὐκ
556 1679 897 1750 ἀπεμφαίνον
930 1681 1110 1752 μόνον,
1137 1682 1274 1736 ἀλλά
1302 1683 1398 1735 καὶ
1423 1680 1640 1742 ἀσεϐές.

1874 492 2176 556 Abraham,
2226 490 2350 557 Job,
2396 499 2451 546 et
2501 491 2794 546 similibus.
2836 490 3108 560 [mprobis
3151 506 3282 546 vero
3323 507 3449 561 pro-

1874 584 2093 641 vocatio
2124 592 2275 648 sunt,
2319 589 2378 637 ut
2410 598 2470 638 se
2499 583 2566 637 ad
2597 581 2879 636 meliorem
2912 579 3125 651 frugem
3163 583 3445 653 recipiant,

1876 677 1950 729 ita
1974 685 2032 729 ut
2060 675 2151 745 qui
2181 683 2306 744 post
2344 682 2552 728 tantam
2577 689 2607 727 a
2639 672 2750 728 Deo
2789 673 3141 744 benignitatis
3173 673 3449 743 signiﬁca-

1876 769 2082 822 tionem
2113 773 2425 838 perseverat
2470 765 2526 820 in
2578 764 2891 834 iniquitate,
2935 779 2994 819 se
3023 763 3139 833 ipse
3187 764 3306 818 sine
3341 765 3449 818 ulla

1875 855 2254 912 excusationis
2292 855 2450 909 venia
2492 853 2789 908 obnoxium
2839 852 3282 908 condemnationi
3316 867 3450 906 cou-

1877 949 2092 1003 stituat.
2131 945 2234 1012 Qui
2263 945 2482 1016 quidem
2509 945 2694 1014 justus
2730 951 2836 1007 est,
2885 958 3064 1013 neque
3103 941 3173 997 ad
3208 942 3448 1005 divitias,

1875 1055 2002 1095 cum
2045 1037 2264 1100 adsunt,
2306 1037 2554 1108 adjungit
2591 1037 2832 1089 animum
2864 1053 2878 1089 :
2909 1049 3088 1106 neque
3140 1049 3270 1100 eas,
3322 1048 3450 1089 cum

1878 1131 2099 1194 absunt,
2144 1129 2420 1199 exquirit;
2470 1127 2741 1198 siquidem
2780 1141 2890 1181 non
2935 1124 3139 1180 fruitur
3167 1125 3452 1180 concredi-

1879 1225 1971 1287 tis,
2025 1221 2122 1276 sed
2177 1235 2365 1276 earum
2427 1220 2839 1275 administrator
2897 1225 3005 1273 est.
3051 1217 3223 1272 Nemo
3270 1225 3452 1275 autem

1877 1313 2118 1385 prudens
2162 1312 2439 1382 negotium
2484 1311 2658 1365 ambit
2704 1311 2759 1365 in
2811 1309 3007 1365 alienis
3063 1309 3229 1364 rebus
3269 1308 3456 1366 distri:

1877 1404 2149 1471 buendis,
2186 1403 2293 1458 nisi
2325 1402 2630 1473 respexerit
2667 1401 2735 1456 ad
2778 1401 2990 1456 laudem
3025 1401 3193 1472 vulgi,
3233 1400 3323 1455 cui
3358 1399 3456 1454 h0-

1879 1497 2055 1551 mines
2085 1496 2140 1549 in
2181 1495 2364 1564 aliqua
2411 1495 2739 1548 auctoritate
2774 1493 3060 1548 constituti
3106 1491 3456 1545 admirationi

1880 1597 2009 1645 sunt
2038 1603 2102 1642 ac
2140 1587 2504 1642 aemulationi.
2543 1584 2764 1640 Morbos
2813 1591 2992 1638 autem
3029 1593 3290 1654 tanquam
3337 1597 3457 1636 cer-

1880 1687 2060 1734 tamen
2099 1678 2410 1747 suscipiunt
2436 1677 2596 1748 justi,
2630 1691 2871 1732 coronas
2901 1691 3127 1746 magnas
3152 1676 3223 1729 ob
3245 1674 3454 1744 patien-

196 1765 328 1819 tiam
369 1778 774 1838 exspectantes.
818 1771 1088 1826 Caeterum
1133 1774 1383 1843 quemvis
1443 1771 1610 1825 alium
1670 1770 1759 1826 his
1813 1768 1981 1826 rebus
2024 1769 2397 1841 gubernandis
2440 1768 2714 1839 praeﬁcere
2748 1782 2857 1822 non
2913 1767 3088 1821 solum
3130 1774 3216 1822 est
3261 1766 3453 1822 absurv

194 1857 348 1924 dum,
383 1859 480 1914 sed
512 1860 678 1914 etiam
705 1861 951 1931 impium.

710 1980 1054 2034 ΕΠΙΣΤΟΛΗ
1097 1981 1260 2036 ΣΛΖ.

2199 1973 2362 2048 365
2378 1970 2732 2027 EPISTOLA,
2752 1966 3085 2027 CCXXXVII
3103 1972 3148 2026 .⁶,

191 2090 462 2165 Nonnullte
474 2092 660 2165 ⁵ιιταεξίὶἰ
682 2092 854 2165 (ἕπερ-ιε
876 2097 940 2165 ad
971 2097 1224 2165 Eusebium
1248 2113 1340 2150 non
1363 2099 1586 2165 perlatae:
1611 2101 1673 2165 In
1692 2097 1771 2165 liis
1790 2103 1954 2165 autem
1973 2093 2159 2165 nuntiat
2173 2073 2239 2165 de
2256 2087 2463 2164 adventu
2488 2090 3124 2165 Demosthenishdensgnodo
3140 2091 3207 2165 al).
3220 2105 3277 2142 eo
3295 2097 3459 2162 coacta

258 2152 309 2200 in
325 2152 532 2222 Galatia,
563 2157 622 2205 de
646 2156 848 2218 expulso
874 2161 913 2205 Η
921 2158 1110 2222 ypsino.
1149 2159 1287 2224 eique
1310 2152 1507 2273 su'yecto
1550 2159 1765 2221 Ecdicio,
1791 2158 2025 2222 Gregorio
2062 2153 2239 2226 abduci
2254 2155 2414 2220 jusso,
2437 2152 2668 2223 omnibus_
2688 2152 2879 2204 clericis
2904 2152 3275 2204 Cti‘sariensilms
3309 2152 3460 2223 curia:

258 2214 488 2273 addictis,
514 2216 681 2266 eodem
701 2232 844 2268 onere
867 2219 1099 2271 Sebastiw
1127 2221 1348 2273 imposito
1387 2223 1448 2273 iis
1470 2220 1554 2273 aui
1578 2235 1688 2272 cum
1715 2220 1898 2272 Basilio
1921 2217 2352 2269 commumcabant.
2380 2218 2564 2266 Rursus
2599 2219 2700 2264 atra
2725 2213 2938 2273 synodus
2977 2215 3156 2273 Nyssw
3177 2227 3240 2264 ex
3274 2213 3460 2265 Galatia

253 2213 488 2284 addictis,
502 2216 681 2284 eodem
701 2213 844 2284 onere
867 2213 1099 2284 SéJastia;
1127 2213 1348 2284 imposito

1407 2213 1448 2286 is
1470 2220 1554 2286 qui
1578 2235 1688 2272 cum
1715 2213 1910 2286 Basilio"
1921 2213 2361 2286 communicabant._
2380 2218 2564 2285 Rursus
2599 2213 2938 2286 atigsynodus
2977 2215 3246 2286 .Nyssw'ex.
3274 2213 3460 2286 Galatia

253 2281 300 2345 t_t
314 2272 554 2345 Ponticis,
583 2277 668 2340 qui
688 2278 856 2345 nescio
873 2293 1012 2342 quem
1031 2283 1096 2345 ad
1122 2272 1586 2334 Ecclesiasmitt'unt.
1615 2287 1735 2335 Cum
1762 2276 2308 2345 Eustathio‘conspirant
2328 2279 2390 2328 de
2410 2278 2634 2345 episcopo
2659 2272 3014 2345 Nigbpolitanis
3031 2272 3204 2344 ﬂando
3229 2274 3278 2325 in
3301 2275 3461 2345 locum

259 2335 714 2409 Iliepdotilito'rtiti.
746 2335 983 2409 Resfstunl
1015 2342 1366 2409 Nicopolitani.
1403 2349 1583 2396 Rumor
1605 2343 1780 2408 synodi
1799 2345 1864 2393 ad
1888 2339 2128 2392 Basiliam
2149 2335 2243 2390 'aut
2273 2335 2540 2403 cogendum
2571 2335 2691 2386 cum
2725 2335 2826 2386 illis
2848 2335 3203 2387 communicare
3225 2344 3309 2387 aut
3357 2341 3457 2401 pel-

255 2398 473 2448 lendum.
498 2399 720 2451 Graviter
744 2401 1009 2466 wgrotabat

446 2510 746 2578 Εὐσεϐτῳ,
775 2511 1086 2582 ἐπισκόπῳ
1113 2514 1500 2584 Σαμοσάτων.

267 2621 322 2674 1.
371 2619 514 2688 Ἐγὼ
557 2621 652 2675 καὶ
693 2621 782 2676 διά
821 2623 915 2676 τοῦ
966 2623 1216 2695 βικαρίου
1257 2627 1368 2697 (80)
1412 2627 1513 2698 τῆς
1557 2627 1777 2699 Θρᾴκης

194 2712 490 2766 ἐπέστειλα
517 2715 582 2784 τῇ
619 2713 898 2788 θεοσεϐείᾳ
924 2732 1048 2782 σου,
1087 2717 1181 2770 καὶ
1224 2718 1313 2772 διά
1361 2736 1505 2784 τινος
1546 2737 1792 2790 πραιπο-·

198 2804 350 2856 σίτου
406 2805 516 2857 τῶν
566 2806 712 2860 κατά
757 2808 1184 2864 Φιλιππούπολιν
1231 2811 1520 2883 θησαυρῶν
1569 2814 1633 2867 ὲκ
1680 2813 1779 2882 τῆς

198 2897 480 2968 ἡμετέρας
518 2899 610 2951 ἐπὶ
641 2899 740 2970 τὴν
769 2893 992 2974 Θρᾴκην
1025 2902 1395 2968 διαϐαίνοντος
1427 2903 1642 2976 ἔγραψα
1666 2906 1780 2960 ἑτέ..

201 3005 305 3058 ρας
343 2989 631 3054 ἐπιστολὰς
673 2991 806 3063 (81),
851 2995 948 3047 καὶ
1004 2995 1357 3066 παρεκάλεσα
1388 2997 1552 3050 αὑτὸν
1593 2998 1778 3052 ἀνελέ-

203 3080 353 3145 σθαι,
385 3081 514 3135 ὃταν
542 3083 774 3156 ἀπαίρῃ.
815 3085 954 3138 Ἀλλ’
983 3085 1106 3140 οὔτε
1147 3089 1176 3140 ὁ
1208 3086 1454 3160 βικάριος
1488 3089 1780 3157 ὑπεδέξατο

199 3173 360 3244 Ιἡμῶν
396 3174 466 3227 τὰ
508 3176 833 3247 γράμματα.
866 3179 1294 3248 Περιοδευόντων
1330 3182 1438 3254 γὰρ
1487 3182 1645 3253 ἡμῶν
1683 3182 1780 3256 τὴν

200 3265 519 3335 παροικίαν,
559 3267 786 3331 ἐπιστὰς
824 3271 890 3340 τῇ
934 3269 1087 3322 πόλει
1133 3272 1406 3343 ἑσπέρας,
1438 3273 1634 3345 ὄρθρου
1681 3274 1779 3344 βα-

201 3352 326 3418 θέος
358 3355 518 3408 πάλιν
548 3357 831 3428 ἀπήλασεν
853 3376 865 3388 ·
909 3359 1051 3414 ὥστε
1080 3363 1207 3427 τοὺς
1234 3365 1552 3435 οἰκονόμους
1594 3365 1779 3420 λαθεῖν

198 3445 300 3516 τῆς
333 3447 629 3516 ἐκκλησίας
675 3450 773 3522 τὴν
802 3451 896 3504 τοῦ
950 3453 1140 3525 ἀνδρὸς
1179 3456 1475 3527 ἐπιδημίαν
1509 3457 1641 3529 (8'2),
1687 3461 1782 3513 καὶ

199 3537 345 3590 οὕτω
387 3543 564 3608 μεῖναι
612 3544 744 3613 παρ’
782 3543 914 3613 ἡμῖν
943 3543 1013 3598 τὰ
1061 3546 1388 3618 γράμματα.
1426 3550 1487 3602 '0
1515 3550 1570 3602 δὲ
1618 3568 1782 3622 πραι-

200 3629 444 3696 πόσιτος,
481 3633 620 3701 τάχα
661 3632 962 3704 ἀϐουλήτου
1012 3636 1160 3700 τινὸς
1207 3639 1369 3691 αὐτὸν
1404 3640 1780 3711 περιστάσεως

199 3723 601 3794 κατασχούσης,
651 3723 963 3796 ἐξώρμησε,
1009 3729 1148 3798 μήτε
1190 3729 1289 3793 τὰς
1345 3731 1633 3795 ἐπιστολὰς
1689 3734 1781 3785 ἀν-

199 3813 477 3883 ελόμενος,
511 3816 646 3885 μήτε
679 3817 830 3886 ἡμᾶς
868 3816 1224 3888 θεασάμενος.
1259 3820 1452 3874 Ἀλλου
1479 3822 1535 3874 δὲ
1567 3823 1780 3888 οὐδενὸς

199 3900 267 3974 ἦν
298 3906 606 3975 ἐπιτυχεῖνθ
644 3907 766 3960 ὅθεν
801 3907 1096 3980 ἐμείναμεν
1138 3909 1489 3982 λυπούμενοι,
1524 3915 1605 3966 ὄτι
1639 3915 1778 3985 μήτε

197 3993 540 4046 ἐπιστέλλειν
577 3997 708 4066 ἡμῖν
754 3995 932 4062 ἔξεστι
957 4039 972 4062 ,
1003 3999 1141 4069 μήτε
1184 4000 1434 4070 δέχεσθαι
1482 4003 1632 4073 παρὰ
1680 4003 1780 4074 τῆς

200 4084 306 4154 σῆς
335 4083 643 4150 θεοσεϐείας
671 4087 998 4158 γράμματα.
1050 4091 1311 4160 Καίτοιγε
1353 4092 1687 4164 ἐϐουλόμην,
1730 4095 1784 4147 εἴ

200 4190 296 4243 μοι
325 4168 393 4243 ἦν
419 4173 670 4240 δυνατὸν,
689 4175 757 4228 τὰ
785 4176 870 4243 ἐφ’
896 4176 1135 4248 ἑκάστης
1160 4178 1370 4248 ἡμέρας
1401 4179 1778 4250 συμπίπτοντα

197 4266 333 4334 ἡμῖν
373 4265 710 4334 διαγγέλλειν
761 4285 866 4321 σοι.
904 4266 1060 4321 Οὕτω
1105 4268 1214 4338 γὰρ
1254 4269 1422 4324 πολλὰ
1465 4271 1560 4324 καὶ
1601 4273 1781 4344 παρά-

193 4354 328 4420 δοξά
358 4358 473 4409 ἐστι
507 4357 578 4411 τὰ.
607 4359 938 4430 πράγματα,
971 4358 1112 4412 ὥστε
1162 4361 1406 4432 ἱστορίας
1452 4363 1780 4436 ἐφημερίδος

2167 2509 2416 2572 Eusebio,
2461 2509 2702 2577 episcopo
2749 2507 3176 2563 Samosatorum.

1955 2629 2005 2682 l.
2047 2623 2159 2696 Ego
2197 2630 2252 2678 et
2296 2620 2711 2693 pervicarium,
2741 2618 2995 2675 Thracia:
3027 2620 3226 2690 scripsi
3271 2620 3459 2691 pietati

1882 2727 2021 2785 tuae;
2071 2723 2129 2771 et
2170 2730 2266 2786 per
2328 2713 2684 2784 praepositum
2727 2711 3021 2782 quemdam
3067 2711 3461 2784 PhilippOpolis

1883 2813 2292 2872 thesaurorum,
2318 2822 2384 2862 ex
2407 2814 2599 2861 nostra
2620 2807 2842 2875 regione
2866 2805 2923 2858 in
2944 2803 3232 2860 Thraciam
3257 2806 3462 2862 abeun-

1882 2915 2016 2970 tem,
2041 2903 2242 2975 scripsi
2269 2901 2405 2956 alias
2431 2899 2716 2971 epistolas,
2751 2915 2987 2970 eumque
3010 2900 3219 2970 rogavi,
3251 2907 3310 2954 ut
3338 2900 3460 2956 illas

1880 2991 2236 3063 proﬁciscens
2280 2997 2539 3045 sumeret.
2587 2986 2693 3042 Sed
2737 3004 2915 3058 neque
2958 2989 3203 3045 vicarius
3244 2989 3460 3045 litteras

1884 3091 2106 3138 nostras
2141 3081 2405 3151 suscepit.
2437 3079 2866 3151 Peragrantibus
2895 3080 3042 3134 enim
3086 3080 3245 3135 nobis
3273 3096 3460 3150 para:-

1881 3176 2044 3240 ciam,
2080 3189 2206 3230 cum
2251 3172 2567 3228 advenisset
2613 3172 2669 3225 in
2721 3171 2910 3226 urbem
2945 3187 3196 3242 vespere,
3243 3188 3462 3227 summo

1882 3282 2044 3322 mane
2072 3282 2265 3321 rursus
2289 3266 2453 3331 abiit;
2489 3264 2625 3318 adeo
2658 3273 2718 3319 ut
2757 3280 3077 3321 occonomos
3111 3267 3360 3322 ecclesia:
3381 3266 3462 3320 la-

1883 3365 2023 3413 teret
2051 3357 2154 3411 viri
2187 3357 2479 3420 adventus,
2522 3357 2714 3426 sicque
2757 3363 3043 3410 manerent
3075 3357 3219 3427 apud
3251 3355 3338 3411 me
3367 3357 3459 3411 lit-

1882 3457 2032 3505 terat.
2072 3447 2408 3519 Praepositus
2432 3464 2584 3515 vero,
2608 3447 2749 3502 forte
2774 3447 3151 3518 inexspectata
3182 3449 3365 3518 aliqua
3395 3449 3462 3502 il-

1883 3541 1994 3595 lum
2020 3541 2354 3596 necessitate
2393 3545 2640 3610 urgente,
2673 3539 2955 3608 profectus
2984 3545 3090 3605 est,
3131 3555 3234 3594 nec
3261 3539 3461 3594 litteris

1883 3635 2180 3705 susceptis,
2223 3650 2326 3689 nec
2361 3634 2524 3689 nobis
2562 3632 2836 3688 salutatis.
2871 3633 3027 3688 Alius
3064 3644 3244 3697 autem
3276 3635 3462 3693 nullus

1883 3725 2111 3795 reperiri
2141 3733 2386 3796 poterat;
2423 3725 2570 3780 unde
2605 3724 2797 3780 tristes
2825 3724 3153 3792 mansimus,
3183 3725 3329 3796 quod
3361 3742 3459 3780 nec

1883 3815 2125 3869 scribere
2163 3814 2322 3869 nobis
2359 3813 2570 3878 liceret,
2613 3829 2717 3868 nec
2762 3814 3013 3883 accipere
3061 3831 3090 3868 a
3136 3821 3230 3869 tua
3263 3815 3462 3884 pietate

1883 3906 2120 3961 litteras.
2159 3906 2337 3976 Atque
2365 3905 2620 3976 equidem
2669 3904 2940 3969 volebam,
2985 3905 3032 3960 si
3075 3921 3179 3962 res.
3210 3906 3325 3960 lieri
3363 3922 3462 3976 po-

1885 3997 2100 4061 tuisset,
2152 4013 2274 4068 quae
2319 3997 2553 4067 singulis
2593 3997 2788 4056 diebus
2826 3997 2996 4054 nobis
3037 3999 3314 4064 accidunt,
3363 4001 3458 4054 tibi

1884 4089 2162 4144 nuntiare.
2207 4090 2340 4144 Tam
2384 4090 2556 4142 multa
2605 4089 2750 4143 euim
2799 4099 2950 4154 sunt,
2991 4098 3213 4164 tamque
3265 4102 3462 4164 praeter

1884 4181 2223 4250 opinionem,
2253 4187 2314 4233 ut
2333 4179 2685 4250 ephemeride
2715 4195 2854 4250 opus
2875 4189 3022 4236 esset
3044 4201 3057 4236 :
3083 4199 3249 4253 quam
3270 4184 3457 4248 etiam,

1887 4277 2058 4345 probe
2085 4276 2254 4342 scias,
2295 4274 2756 4344 composuissem,
2794 4271 2903 4327 nisi
2938 4274 3266 4330 assiduitate
3291 4291 3459 4332 even-

1885 4376 2038 4424 tuum
2067 4375 2304 4423 mentem
2336 4383 2366 4421 e
2400 4366 2686 4437 proposito
2714 4372 2997 4420 avocatam
3029 4366 3362 4422 habuissem.

194 4452 443 4522 Χρῄξεινν
479 4453 544 4523 ἢν
578 4455 672 4507 καὶ
721 4454 1006 4520 συνέταξα,
1049 4450 1106 4508 εὖ
1153 4455 1282 4523 ἴσθι,
1332 4457 1380 4508 εί
1416 4456 1493 4528 μὴ
1524 4461 1589 4529 τῇ
1639 4461 1895 4534 συνεχείᾳ.
1940 4463 2055 4518 τῶν,
2104 4462 2559 4534 προσπιπτόντων
2615 4463 2742 4525 τοὺς
2782 4462 3080 4534 λογισμοὺς
3140 4457 3288 4534 εἶχον
3352 4465 3462 4518 τῶν
3547 4501 3550 4504 ~

197 4548 576 4620 προκειμένων
608 4550 1063 4620 ὲκκρουομένους.

267 4639 325 4692 2.
377 4639 752 4711 Ἐπεδήμησεν
803 4643 935 4710 ἡμῖν
993 4639 1276 4712 βικάριος,
1310 4643 1373 4694 τὸ
1425 4643 1640 4712 πρῶτον
1684 4646 1780 4698 καὶ

198 4729 462 4801 μέγιστον
505 4731 614 4783 τῶν
651 4732 939 4802 ἡμετέρων
984 4732 1203 4785 κακῶν·
1248 4733 1535 4805 ἄνθρωπος
1584 4729 1648 4789 εί
1677 4739 1777 4807 μὲν

191 4821 295 4874 καὶ
339 4821 612 4889 αἱρετικὸς
655 4821 718 4874 τὸ
767 4823 1058 4893 φρόνημα,
1101 4825 1203 4877 οὐκ
1247 4825 1546 4896 ἐπίσταμαι
1579 4823 1777 4898 (οἶμαι

189 4914 310 4983 γὰρ
355 4912 518 4967 αὑτὸν
547 4914 746 4978 παντὸς
791 4915 1016 4984 ἄπειρον
1052 4910 1193 4968 εἶναι
1252 4915 1411 4984 λόγου
1437 4957 1450 4981 ,
1500 4918 1594 4970 καὶ
1643 4918 1778 4988 μηδὲ

190 5001 346 5070 ἔχειν
387 5001 510 5054 τινὰ
553 5001 790 5072 σπουδὴν
828 5003 961 5073 μηδὲ
997 5004 1228 5075 μελέτην
1264 5006 1488 5078 περὶτὰ
1517 5007 1774 5061 τοιαῢτω

188 5091 254 5144 ὲν
302 5091 482 5156 ἄλλοις
525 5093 639 5164 γὰρ
686 5094 848 5148 αὐτὸν
890 5095 1001 5168 ὁρῶ
1046 5100 1113 5169 τῇ
1159 5097 1304 5172 ψυχῇ
1365 5101 1460 5156 καὶ
1500 5103 1567 5172 τῇ
1612 5102 1777 5172 σαρκὶ

1953 4642 2008 4695 2.
2048 4641 2283 4698 Advenit
2330 4643 2492 4700 nobis
2531 4645 2771 4702 vicarius
2800 4647 3037 4717 primum
3079 4657 3133 4701 et
3164 4646 3459 4701 maximum

1884 4735 2154 4789 malorum
2195 4743 2555 4792 nostrorum:
2587 4739 2772 4801 homo,
2818 4754 2887 4792 an
2930 4737 3201 4793 sententia
3244 4737 3460 4792 hatreti-

1885 4842 2006 4890 cus,
2038 4827 2230 4882 nescio
2265 4827 2527 4895 (arbitror
2571 4829 2716 4882 enim
2759 4827 2912 4882 illum
2957 4827 3138 4881 omnis
3180 4836 3458 4897 expertem

1883 4933 2008 4974 esse
2063 4917 2362 4981 doctrinm,
2425 4933 2527 4973 nec
2580 4918 2784 4973 habere
2833 4917 3076 4974 studium
3126 4917 3296 4971 ullum
3364 4925 3458 4970 aut

1885 5024 2045 5063 usum
2090 5008 2362 5078 ejusmodi
2412 5024 2638 5076 rerum;
2673 5025 2801 5064 nam
2849 5009 2907 5064 in
2941 5008 3066 5063 aliis
3106 5009 3260 5063 illum
3301 5008 3460 5063 video

1883 5101 2068 5156 anima
2097 5110 2153 5156 et
2180 5116 2371 5167 carne,
2414 5113 2581 5156 noctu
2619 5109 2675 5156 et
2708 5101 2946 5158 interdiu
2990 5101 3362 5172 occupatum),
3403 5112 3459 5155 at

190 5183 418 5256 νύκτωρ
467 5187 562 5238 καὶ
609 5186 736 5257 μηθ’
797 5189 1012 5261 ἡμέραν
1060 5191 1520 5263 ὲνασχολούμενον
1542 5195 1593 5264 ),
1637 5193 1775 5265 πλὴν

1887 5202 2028 5250 certe
2071 5194 2456 5251 haereticorum
2515 5195 2768 5252 amicus:
2802 5210 2905 5250 nec
2954 5194 3134 5265 magis
3176 5209 3275 5250 eos
3330 5193 3458 5248 dili-

187 5342 362 5410 epist.
396 5339 486 5412 3i.
517 5339 649 5412 Haec
692 5342 1078 5412 interpretatio
1115 5343 1476 5399 conﬁrmatur
1504 5362 1571 5400 ex
1620 5361 1774 5400 com-

188 5409 474 5468 mentario
518 5413 574 5464 in
619 5409 823 5466 Isaiam
841 5409 917 5467 ἠ.
950 5414 1038 5473 54,
1077 5429 1132 5483 p.
1161 5414 1288 5478 4‘20,
1326 5415 1415 5470 ubi
1447 5415 1645 5472 divites
1692 5419 1777 5471 di-

188 5488 402 5555 cun_tu_r
428 5495 560 5555 opes
589 5484 891 5555 accepisse.
923 5491 984 5538 ut
1016 5499 1286 5555 pauperes
1309 5485 1524 5554 juvent.

235 5549 388 5634 ,(⁵19)
563 5549 644 5634 ξεῖ)
863 5552 939 5634 l_ta
964 5549 1186 5634 codices
1209 5549 1604 5634 mss._septem.
1633 5555 1774 5634 Editi

188 5621 278 5698 ιςῷ
320 5619 535 5674 Ἰακώϐ.
574 5619 838 5698 Neutrum
884 5623 1076 5694 legitur
1132 5625 1188 5679 in
1219 5623 1391 5683 Coisl.
1437 5619 1634 5698 primo,
1677 5628 1770 5683 sed

189 5693 402 5747 desunt
437 5698 550 5746 tres
577 5693 659 5746 hat
685 5694 908 5748 vocula.

1953 5346 2066 5415 (80)
2100 5347 2404 5414 Βικαρίου.
2438 5344 2554 5400 Duo
2586 5346 2806 5401 codices
2831 5344 3079 5401 Vaticani
3117 5347 3212 5400 καὶ
3241 5346 3330 5402 διὰ
3358 5346 3455 5401 τοῦ

1879 5415 2167 5488 Μακαρίου
2207 5416 2474 5488 βικαρίου,
2509 5415 2577 5469 Et
2600 5431 2690 5488 per
2716 5415 3018 5488 acarium
3040 5418 3314 5471 vicarium.

1951 5485 2066 5569 (ὃς)
2105 5485 2346 5566 Ἰᾷτέραςέ
2370 5485 2720 5553 ἐπιστολάς.
2752 5485 2878 5540 Haec
2921 5487 3122 5543 desunt
3161 5488 3221 5542 in
3263 5486 3453 5542 codice

1877 5556 2049 5611 Coisl.
2077 5557 2274 5625 primo.

1953 5624 2561 5699 (82)_‘E:r_¢6_1_uilqgr.ila
2580 5641 2713 5699 mss.
2731 5625 3101 5699 decemLEditi
3123 5627 3454 5699 ἀποδημίαν,

1957 5701 1978 5721 ’⁵
2004 5696 2154 5753 Alias
2181 5694 2451 5752 CCLXIV.
2478 5697 2692 5767 Scripta
2720 5712 2864 5753 anno
2891 5696 3016 5753 576.
