3856 6224
392 237 496 295 887

1735 245 1791 301 S.
1827 247 2074 302 BASlLll
2113 245 2329 302 MAGNI

3553 247 3672 302 888

390 373 545 426 gens,
579 370 742 427 quam
775 372 874 413 nos
906 358 1034 414 odio
1062 358 1291 415 habens.
1321 359 1512 432 Coegit
1534 361 1678 416 enim
1705 362 1972 432 synodum

2099 363 2214 416 ιλλὰ
2263 363 2658 435 φιλαιρετικός·
2696 363 2788 416 καὶ
2817 363 2877 415 ού
2923 361 3085 414 πλέον
3124 362 3364 423 ἐκείνους
3411 361 3589 430 φιλῶν
3634 363 3668 430 ῆ

392 449 683 520 impiorum
735 450 913 507 media
954 452 1134 508 hieme
1169 454 1226 507 in
1273 452 1506 518 Galatia,
1552 464 1605 510 et
1649 454 1812 524 ejecit
1842 457 1968 525 qui-

393 541 516 595 dem
556 541 885 612 llypsinum,
916 544 1038 613 ejus
1080 551 1263 599 autem
1301 545 1422 600 loco
1459 543 1739 600 Ecdicium
1771 545 1974 601 consti-

391 633 518 686 tuit.
549 631 725 688 Jussit
753 635 952 690 abduci
986 635 1212 691 fratrem
1242 651 1449 700 meum,
1481 637 1552 692 ab
1582 653 1694 692 uno
1726 638 1969 697 homine.

391 739 568 794 eoque
601 726 852 796 ignobili,
886 736 1228 783 accusatum.
1263 727 1468 783 Deinde
1495 729 1772 800 paulisper
1809 745 1976 784 occu-

393 827 554 885 patus
587 818 736 871 circa
780 833 871 875 res
904 821 1194 884 militares,
1239 837 1438 876 rursus
1486 821 1555 874 ad
1586 837 1688 876 nos
1717 821 1972 888 accessit,

394 909 531 961 iram
564 913 878 980 caedemque
906 912 1145 981 spirans,
1174 928 1238 966 ac
1272 928 1464 969 omnes
1487 927 1623 967 voce
1659 913 1821 967 unica
1865 914 1976 966 cle-

395 1001 544 1054 ricos
578 999 839 1056 Ecclesiae
884 1003 1243 1060 Caesariensis
1295 1004 1522 1058 tradidit
1570 1006 1758 1059 curiae.
1824 1004 1976 1059 Sedit

397 1102 578 1145 autem
636 1091 900 1148 Sebastia:
949 1095 1136 1164 plures
1185 1095 1325 1159 dies,
1387 1111 1682 1151 secernens
1733 1111 1866 1152 suos
1909 1097 1978 1150 ab

399 1182 616 1245 alienis,
647 1198 711 1236 ac
748 1192 972 1240 nostros
1000 1185 1221 1254 quidem
1265 1187 1766 1242 communicatores
1796 1186 1978 1240 curia-

397 1270 480 1326 les
526 1272 848 1342 appellans,
893 1289 957 1328 ac
1009 1276 1214 1330 muniis
1264 1275 1498 1345 publicis
1539 1276 1834 1341 addicens,
1882 1290 1981 1330 eos

399 1377 533 1417 vero
560 1364 656 1432 qui
697 1362 988 1418 Eustathio
1016 1364 1160 1419 allixi
1189 1373 1338 1428 sunt,
1371 1367 1627 1422 maximis
1657 1365 1850 1422 fovens
1878 1368 1980 1419 ho-

400 1455 650 1509 noribus.
705 1453 922 1510 Rursus
978 1454 1170 1524 Nyssa:
1226 1456 1496 1526 synodum
1552 1456 1868 1512 Galatarum
1927 1468 1981 1511 et

399 1545 752 1603 Ponticorum
801 1549 1068 1603 celebrari
1116 1549 1392 1618 praecepit.
1432 1548 1512 1602 llli
1545 1559 1726 1605 autem
1773 1565 1980 1605 morem

399 1655 638 1710 gessere,
674 1641 838 1711 366
858 1650 914 1695 et
955 1641 1312 1695 convolantes
1367 1643 1639 1696 miserunt
1687 1641 1978 1712 quemdam

401 1730 471 1782 ad
506 1728 807 1795 Ecclesias,
833 1731 926 1800 qui
966 1731 1147 1799 qualis
1175 1730 1268 1794 sit,
1293 1731 1464 1784 nolim
1501 1746 1605 1800 ego
1630 1729 1849 1796 dicere;
1883 1729 1978 1786 sed

402 1824 682 1888 conjicere
717 1823 844 1876 licet
896 1822 1198 1892 prudentiae
1231 1829 1358 1888 tuae,
1393 1823 1610 1892 qualem
1664 1824 1816 1877 illum
1863 1838 1986 1878 esse

402 1913 705 1967 verisimile
745 1915 834 1975 sit,
887 1914 980 1983 qui
1028 1915 1232 1968 talibus
1281 1914 1564 1968 hominum
1608 1915 1986 1970 voluntatibus

405 2005 706 2060 ministrat.
738 2004 800 2058 Et
830 2021 997 2072 nunc,
1020 2015 1134 2060 tum
1165 2020 1290 2060 cum
1321 2006 1437 2061 haec
1462 2007 1782 2071 scriberem,
1809 2007 1985 2075 ipsum

404 2094 540 2148 illud
576 2109 770 2164 agmen
821 2093 1131 2150 Sebastiam
1173 2096 1344 2164 venit,
1391 2103 1450 2150 ut
1491 2106 1546 2152 ct
1580 2097 1989 2167 coniungantur

405 2202 532 2239 cum
564 2185 874 2248 Eustatbio,
909 2197 965 2242 et
1009 2203 1117 2242 una
1146 2203 1271 2242 cum
1298 2187 1420 2259 ipso
1461 2205 1550 2244 res
1579 2187 1990 2259 Nic0politano-

405 2295 529 2334 rum
569 2288 840 2334 evertant.
874 2278 1009 2333 Nam
1048 2282 1244 2336 beatus
1275 2279 1593 2336 Theodotus
1631 2280 1987 2336 obdormivit.

405 2371 488 2426 llli
524 2381 705 2428 autem
747 2373 1018 2428 hactenus
1063 2374 1272 2442 primos
1311 2373 1500 2428 vicarii
1541 2374 1792 2429 assultus
1833 2387 1992 2444 gene-

405 2481 531 2521 rose
555 2480 621 2519 ac
650 2464 864 2521 fortiter
895 2467 1165 2537 repulere.
1199 2464 1545 2522 Persuadere
1589 2468 1735 2521 enim
1774 2467 1855 2522 eis
1898 2483 1992 2521 co-

407 2558 666 2624 nabatur,
696 2557 1045 2614 Eustathium
1078 2568 1138 2614 ut
1169 2559 1496 2628 reciperent,
1529 2575 1594 2613 ac
1623 2575 1720 2630 per
1748 2575 1874 2614 eum
1901 2574 1994 2612 ac-

408 2650 656 2718 ciperent
699 2651 1041 2720 episcoilum.
1095 2648 1395 2719 Postquam
1445 2656 1628 2704 autem
1681 2649 1818 2704 vidit
1867 2649 1992 2703 illos

408 2741 648 2796 libenter
705 2757 816 2796 non
876 2742 1110 2807 cedere,
1172 2758 1321 2797 nunc
1372 2750 1607 2796 conatur
1663 2742 1993 2797 violentiore

409 2847 578 2886 manu
609 2833 798 2888 datum
842 2833 951 2890 illis
985 2833 1306 2904 episcopum
1344 2834 1706 2889 constituere.
1751 2831 1994 2887 Rumore

411 2931 596 2978 autem
621 2925 865 2994 jactatur
906 2933 961 2980 et
1001 2925 1252 2996 quaedam
1297 2926 1640 2996 exspectatio
1671 2924 1884 2997 synodi,
1926 2923 1994 2978 ad

412 3030 578 3085 quain
613 3033 700 3072 me
745 3017 1080 3073 accersitum
1126 3026 1438 3073 statuerunt
1487 3025 1584 3072 aut
1621 3016 1996 3072 communica-

411 3111 589 3158 torem
631 3104 855 3169 habere,
903 3114 999 3161 aut
1049 3121 1150 3162 sua
1201 3107 1279 3160 uti
1322 3107 1743 3162 consuetudine.
1784 3106 1863 3161 Ac
1906 3121 1995 3161 res
2022 3073 2063 3129 C

2075 455 2212 524 πρὸς
2264 457 2412 526 ἡμᾶς
2447 454 2704 525 ἀπεχθῶς
2761 454 2918 524 ἔχων.
2983 453 3351 524 Συνεκρότησε
3407 453 3510 523 μὲν
3549 453 3671 522 γὰρ

2075 546 2294 599 σύνοδον
2336 545 2674 600 ἀθετούντων
2717 548 2775 599 ἐν
2823 545 2970 616 μέσῳ
3009 544 3084 616 τῷ
3136 543 3363 615 χειμῶνι
3415 546 3514 596 ἐπὶ
3565 544 3676 612 τῆς

2074 637 2344 702 Γαλατίας
2365 656 2377 667 ·
2425 638 2521 692 καὶ
2555 636 2774 702 ἐξέϐαλε
2811 637 2909 708 μὲν
2943 636 3036 688 τὸν
3077 635 3242 704 "mw
3269 635 3405 704 (85),
3432 635 3674 686 ἀντικα-

2073 728 2303 797 τέστησε
2348 726 2404 780 δέ
2445 727 2536 780 τὸν
2577 726 2862 780 Ἐκδίκιον.
2921 723 3227 794 Ἀγώγιμον
3259 724 3314 776 δὲ
3356 723 3673 794 προσέταξε

2075 817 2328 887 γενέσθαι
2357 817 2448 872 τὸν
2474 817 2702 888 ἀδελφὸν
2731 817 2819 870 τὸν
2862 817 3013 886 ἐμὸν,
3047 816 3150 868 ὑπὸ
3194 813 3312 877 ἐνὸς
3346 811 3671 884 ἀνθρώπου,

2077 909 2175 962 καὶ
2209 910 2402 962 τούτου
2431 910 2678 980 ἀσήμου,
2722 907 3058 962 αἰτιαθέντα.
3087 903 3221 960 Εἶτα
3267 905 3464 975 μικρὸν
3504 904 3674 972 ἀσχο-

2077 1001 2263 1071 ληθεὶς
2287 1001 2399 1072 (84)
2434 1002 2564 1072 περὶ
2600 1000 2661 1054 τὸ
2686 1000 3069 1070 στρατόπεδον,
3104 999 3264 1054 πάλιν
3291 1001 3424 1068 ἡμῖν
3457 997 3672 1066 ἐπῆλθε

2080 1093 2254 1164 θυμοῦ
2283 1095 2376 1147 καὶ
2423 1094 2586 1162 φόνου
2629 1094 2740 1164 (85)
2780 1095 2957 1147 πνέων
2983 1133 2998 1156 ,
3041 1093 3137 1147 καὶ¹
3180 1093 3387 1154 πάντας
3424 1091 3529 1162 μὲν
3573 1091 3678 1161 μιᾷ

2081 1188 2231 1256 φωνῇ
2259 1185 2384 1248 τοὺς
2421 1186 2731 1256 ἱερατικοὺς
2769 1186 2867 1255 τῆς
2909 1185 2968 1236 ἐν
2995 1183 3302 1255 Καισαρείᾳ
3336 1181 3678 1252 Ἐκκλησία-ς

2083 1275 2368 1347 παρέδωκε
2395 1278 2462 1347 τῇ
2501 1275 2664 1347 βουλῇ
2684 1292 2698 1306 ·
2734 1277 2790 1329 ἐν
2819 1276 2876 1328 δέ
2901 1275 3200 1344 Σεϐαστείᾳ
3226 1274 3500 1344 ἐκαθέσθη
3538 1275 3676 1327 πολ-

2080 1367 2176 1430 λάς
2199 1368 2412 1438 ἡμέρας
2441 1367 2781 1438 φυλοκρινῶν
2803 1367 2916 1436 (86)
2937 1383 2950 1397 ⁸
2989 1366 3084 1420 κα)⁵
3111 1367 3238 1430 τοὺς
3260 1367 3358 1435 μὲν
3385 1368 3522 1436 ἡμῖν
3559 1383 3679 1419 κοι-

2082 1459 2385 1522 νωνοῦντας
2415 1458 2704 1528 βουλευτὰς
2732 1456 3034 1528 ὀνομάζων,
3067 1459 3163 1511 καὶ
3190 1458 3580 1523 καταδικάζων
3603 1462 3675 1529 τῇ

2083 1551 2359 1623 ὑπηρεσίᾳ
2386 1550 2499 1621 (87)
2524 1549 2632 1603 τῶν
2664 1550 2939 1621 δημοσίων
2961 1565 2976 1578 ·
3015 1549 3143 1613 τοὺς
3175 1549 3232 1602 δὲ
3261 1549 3340 1620 τῷ
3381 1549 3680 1619 Εύσταθίῳ

2086 1642 2517 1712 προσκειμένους
2574 1645 2695 1705 ταῖς
2769 1641 3057 1712 μεγίσταις
3122 1644 3310 1712 τιμαῖς
3365 1641 3672 1711 περιέπων.

2014 1737 2051 1789 Β
2083 1734 2256 1787 Πάλιν
2298 1733 2516 1786 σύνοδον
2545 1735 2674 1805 περὶ
2712 1733 2934 1786 Νύσσαν
2968 1733 3224 1786 Γαλατῶν
3259 1733 3354 1785 καὶ
3391 1731 3681 1784 Ποντικῶν

2089 1827 2520 1899 συγκροτηοῆναι
2557 1827 2911 1896 προσέταξεν.
2954 1827 3016 1880 Ol
3063 1827 3120 1879 δὲ
3164 1827 3524 1896 ὑπήκουσαν,
3582 1825 3683 1877 καὶ

2089 1919 2490 1989 συνδραμόντες
2539 1917 2794 1989 ἔπεμψάν
2820 1935 2944 1972 τινα
2975 1919 3089 1990 (88)
3133 1921 3255 1981 ταῖς
3294 1915 3677 1988 Ἐκκλησίαις,

2088 2012 2146 2064 ὃν
2176 2013 2277 2065 ούκ
2307 2011 2374 2064 ἂν
2414 2011 2636 2081 ἑλοίμην
2683 2011 2795 2081 ἐγὼ
2848 2013 3025 2064 εἰπεῖν
3065 2012 3280 2074 ὁποῖος,
3323 2009 3572 2073 εἰκάζειν
3619 2008 3684 2062 δὲ

2089 2103 2266 2166 ἔξεστι
2297 2107 2364 2175 τῇ
2396 2106 2461 2174 σῇ
2499 2106 2759 2175 φρονήσει
2787 2105 3028 2157 ποταπὸν
3071 2103 3217 2166 εἰκὸς
3251 2099 3392 2155 εἶναι
3425 2101 3521 2153 τὸν
3566 2117 3684 2153 τοι-

2090 2193 2284 2257 αύταις
2313 2195 2702 2266 προαιρέσεσιν
2734 2193 2832 2246 ἀνθ
2842 2193 3040 2266 ρώπων
3071 2191 3543 2263 ύπηρετούμενον.
3565 2188 3684 2242 Καὶ

2090 2285 2206 2347 νῦν,
2234 2285 2324 2338 ὅτε
2351 2286 2525 2338 ταῦτα
2573 2286 2918 2350 ἐπέστελλον,
2947 2285 3009 2338 τὸ
3040 2285 3171 2338 αὐτὸ
3202 2282 3360 2336 τοῦτο
3388 2281 3682 2351 σύνταγμα

2092 2377 2186 2428 ἐπὶ
2229 2377 2328 2447 τὴν
2357 2376 2687 2430 Σεῦάστειαν
2727 2376 2979 2448 ὥρμησε,
3020 2373 3098 2444 τῷ
3137 2390 3194 2426 τε
3225 2371 3514 2441 Εὑσταθίῳ
3557 2386 3672 2421 συν-

2091 2469 2350 2541 αφθῆναι,
2378 2471 2474 2522 καὶ
2518 2470 2636 2541 μετ’
2665 2469 2835 2524 αὑτοῦ
2856 2469 2922 2522 τά
2955 2467 3063 2522 τῶν
3101 2463 3482 2519 Νικοπολιτῶν
3510 2479 3678 2515 κατα-

2095 2561 2452 2633 στρέψασθαι.
2495 2562 2550 2615 Ὀ
2581 2563 2689 2633 γὰρ
2725 2561 2999 2632 μακάριος
3029 2559 3286 2620 Θεόδοτος
3323 2554 3681 2625 κεκοίμηται.

2093 2654 2203 2706 Καὶ
2233 2653 2369 2716 τέως
2404 2652 2503 2722 μὲν
2533 2651 2632 2715 τάς
2672 2650 2894 2723 πρώτας
2933 2648 3027 2702 τοῦ
3076 2646 3327 2718 βικαρίου
3373 2641 3682 2713 προσϐολὰς,

2094 2744 2360 2812 γενναίως
2389 2744 2485 2797 καὶ
2528 2742 2811 2814 καρτερῶς
2848 2738 3262 2810 ἀπεκρούσαντο
3286 2737 3437 2804 (89)·
3473 2733 3682 2786 πείθειν

2093 2835 2203 2906 γάρ
2235 2834 2432 2896 αὐτοὺς
2484 2835 2742 2904 ἐπειρᾶτο
2791 2830 3050 2896 δέξασθαι
3095 2829 3185 2882 τὸν
3221 2825 3542 2888 Εὐστάθιον,
3586 2822 3681 2875 καὶ

2093 2927 2159 2980 δι’
2184 2927 2350 2980 αὑτοῦ
2397 2926 2579 2979 λαϐεῖν
2604 2927 2696 2979 τὸν
2726 2926 3026 2979 ἐπίσκοπον
3046 2939 3061 2954 ·
3095 2922 3171 2985 ὡς
3205 2920 3261 2973 δέ
3304 2914 3448 2972 εἶδεν
3486 2916 3684 2979 αὐτοὺς

2098 3018 2324 3080 ἑκόντας
2347 3018 2448 3070 οὐκ
2471 3017 2789 3081 ἐνδιδόντας,
2815 3015 2909 3068 νῦν
2939 3015 3198 3085 πειρᾶται
3233 3009 3511 3082 βιαιοτέρᾳ⁵
3542 3007 3680 3079 χειρὶ

2099 3109 2504 3179 ἐγκαταστῆσαι
2551 3108 2643 3161 τὸν
2685 3107 2981 3177 διδόμενον.
3025 3102 3473 3176 Ὑποθρυλλεῖται
3508 3099 3564 3152 δέ
3599 3115 3686 3162 τις

413 3195 634 3266 quidem
667 3197 1024 3254 ecclesiarum
1051 3199 1131 3254 sic
1163 3214 1221 3255 sc
1254 3199 1478 3254 habent.
1515 3197 1628 3268 Ego
1659 3206 1840 3253 autem
1863 3214 1993 3268 quo-

2099 3202 2193 3254 καὶ
2226 3200 2444 3254 συνόδου
2489 3199 2809 3272 προσδοκία,
2841 3197 2961 3250 καθ’
2993 3197 3058 3267 ἢν
3099 3194 3493 3266 προαιροῦνται
3525 3192 3670 3245 καλέ.

414 3287 582 3342 modo
615 3303 702 3344 me
739 3305 973 3360 corpore
1015 3290 1272 3355 habeam,
1310 3298 1494 3346 tacere
1539 3290 1783 3344 arbitror
1823 3290 1993 3344 satius

2101 3311 2291 3355 σαντες
2322 3294 2471 3364 ἡμᾶς
2505 3293 2538 3364 ἦ
2583 3292 2767 3344 λαϐεῖν
2824 3289 3146 3351 κοινωνοὺς,
3188 3287 3222 3357 ἢ
3271 3286 3582 3358 χρήσασθαι
3618 3288 3688 3355 τῇ

413 3394 540 3436 csse
583 3397 747 3451 quam
781 3383 1065 3439 scribere:
1102 3390 1388 3453 propterea
1435 3383 1582 3454 quod
1630 3397 1762 3436 vera
1809 3382 1993 3438 dicens

2102 3384 2377 3456 συνηθείᾳ.
2433 3385 2515 3438 Τά
2567 3384 2668 3456 μὲν
2725 3379 2818 3436 οὖν
2880 3381 2989 3434 τῶν
3049 3377 3388 3450 Ἐκκλησιῶν
3437 3377 3682 3432 τοιαῦτα.

413 3471 645 3526 tristitia
685 3471 939 3539 alliciam,
969 3475 1191 3529 mentiri
1229 3491 1358 3531 vero
1395 3491 1502 3529 non
1536 3489 1776 3545 possum.

2113 3475 2254 3544 Ἐγὼ
2299 3476 2356 3528 δὲ
2417 3476 2580 3538 αὐτὸς
2626 3475 2773 3538 ὅπως
2826 3473 3106 3543 διάκειμαι
3161 3472 3303 3525 κατά
3353 3471 3415 3523 τὸ
3485 3469 3645 3539 σῶμα
3673 3512 3684 3532 .

417 3569 631 3639 σιωπᾷν
663 3569 903 3640 ήγοῦμαι
953 3569 1164 3641 βέλτιον
1213 3567 1352 3624 εἶναι
1393 3571 1427 3642 ἢ
1463 3571 1730 3644 γράφειν·
1760 3570 1894 3624 διότι
1940 3569 2008 3623 τὰ
2062 3570 2160 3641 μὲν
2215 3570 2391 3643 ἀληθῆ
2441 3570 2616 3639 λέγων
2665 3569 2894 3640 λυπήσω
2921 3609 2936 3633 ,
2993 3566 3303 3638 ψεύσασθαι
3359 3564 3417 3617 δὲ
3453 3565 3556 3617 ούκ
3593 3564 3672 3616 ἀν

418 3660 632 3732 έχομαι.

491 3769 602 3839 (85)
643 3771 754 3824 Τόν
786 3770 996 3840 “ru-tr.
1031 3772 1107 3828 Ita
1131 3787 1266 3829 mss.
1293 3773 1500 3830 decem.
1531 3773 1676 3830 Editi
1708 3775 1926 3846 ”Υψιον.

491 3853 605 3924 (84)
642 3853 778 3910 Vide
806 3855 1090 3910 Addenda.

492 3937 605 4008 (85)
630 3937 740 3993 Καὶ
759 3939 978 4009 φόνου.
1010 3938 1179 3993 Co‘sl.
1209 3939 1419 4009 primus
1449 3947 1501 3995 et
1529 3939 1658 3996 editi
1685 3941 1888 3997 habent
1907 3940 2000 3994 καὶ

421 4007 640 4077 φθόνου,
685 4007 908 4080 spirans
945 4007 1225 4066 invidiam.
1253 4009 1359 4064 Sed
1409 4011 1503 4064 alii
1545 4012 1766 4067 codices
1813 4012 1997 4080 φόνου,

421 4081 568 4148 quod
595 4079 791 4135 melius
824 4077 1054 4135 videtur.

472 4160 609 4251 18.6..)
640 4161 1044 4251 ξτξπίνὲφεριιλξῖλίιῖ·
1077 4161 1603 4251 βράβρεεωοξιηιιιὲί
1653 4164 1998 4251 φυοιεριγῷγ-

427 4231 605 4287 Simili
637 4248 811 4303 sensu,
830 4233 1025 4303 legitur
1056 4232 1393 4302 φυλοκρινῶν
1433 4233 1488 4287 in
1519 4231 1769 4290 libro'De
1799 4231 2002 4303 Spiritu

425 4312 613 4356 sancto
638 4317 762 4372 cap.
789 4302 959 4366 29,⁷οι
995 4310 1157 4372 epist.
1187 4303 1314 4369 204,
1345 4320 1400 4357 n.
1432 4303 1486 4357 2.

2107 3771 2346 3842 plurium
2388 3777 2443 3824 et
2473 3770 2598 3824 vitae
2643 3769 2893 3839 exemplo
2933 3775 2989 3823 et
3035 3765 3262 3823 nefariis
3305 3763 3689 3819 molitionibus

2107 3841 2495 3895 laedendarum.

2179 3912 2290 3981 (89)
2329 3911 2816 3980 Ἁπεκρούσαντο.
2849 3909 2985 3965 Male
3008 3908 3063 3962 in
3090 3907 3253 3981 editis
3283 3905 3668 3981 ἀπεκρούσατο

2106 3978 2278 4047 Quod
2313 3978 2553 4034 erratum
2589 3998 2692 4050 ope
2744 3989 2986 4034 veterum
3033 3978 3286 4050 codicum
3334 3980 3682 4050 sustuli_mus.

2109 4046 2306 4104 Totum
2335 4051 2479 4104 hunc
2510 4046 2687 4105 locum
2719 4051 2902 4106 minus
2936 4051 3074 4105 belle
3103 4049 3496 4116 interpretatur
3523 4046 3670 4100 Tille

2110 4123 2373 4176 montius.
2405 4120 2692 4175 Existimat
2729 4123 3016 4183 vicarium,
3047 4135 3170 4173 cum
3210 4119 3389 4186 primo
3432 4119 3688 4186 repulsus

2111 4192 2307 4247 fuisset
2329 4206 2359 4243 a
2390 4190 2798 4260 Nicopolitanis,
2828 4199 3013 4260 postea
3037 4189 3357 4260 violentiore
3383 4202 3552 4260 manu
3573 4203 3685 4260 rem

2111 4263 2332 4332 aggredi
2365 4259 2637 4332 coepisse;
2672 4273 2726 4315 et
2757 4259 2963 4316 idcirco
2987 4259 3283 4313 immisisse
3302 4272 3498 4332 agmen
3529 4259 3686 4310 Aria-

2111 4329 2326 4386 norum.
2365 4329 2470 4384 Sed
2511 4347 2634 4385 cum
2667 4332 2853 4385 Ariani
2886 4332 3214 4385 Frontonem
3253 4329 3574 4398 episcopum
3597 4343 3684 4382 or-

500 4386 610 4458 (87)
653 4386 988 4471 Ὑξτῃρεσίᾳ.
1017 4387 1090 4439 Ita
1121 4393 1332 4471 v‘eteres
1374 4385 1522 4471 libri.
1730 4389 1993 4471 ὑπηρετη-

2111 4385 2441 4462 dinavcrint,
2478 4411 2537 4454 ut
2569 4417 2665 4471 per
2693 4419 2752 4456 se
2786 4410 2962 4470 patet;
2999 4401 3246 4454 adhibita
3272 4385 3305 4452 ἑ
3338 4385 3549 4471 vicario
3581 4399 3687 4471 vio-

430 4457 542 4530 σίᾳ,
578 4456 727 4580 (ιὲοᾶ
750 4465 934 4512 tamen
966 4456 1315 4511 emendatum
1345 4465 1431 4512 est
1463 4459 1518 4511 in
1562 4459 1802 4514 editione
1828 4456 2005 4512 Paris.

430 4543 600 4580 secun
646 4543 693 4580 a.

428 4543 559 4583 secu
569 4543 693 4580 nua.

502 4609 622 4682 (88)
667 4608 990 4678 Ἔπεμψάν
1037 4627 1191 4682 τινα.
1247 4610 1572 4682 Suspicatur
1626 4610 2010 4666 Tillemontius

431 4680 562 4736 huic
599 4680 819 4736 homini
869 4682 1050 4734 datam
1086 4681 1254 4735 fuisse
1291 4680 1585 4749 quamdam
1617 4682 1875 4735 visitandi
1907 4682 2006 4735 Ec-

431 4753 631 4808 clesias
650 4751 1008 4821 provinciam.
1037 4750 1144 4806 Sed
1168 4751 1323 4810 illud,
1345 4753 1597 4804 miserunt
1625 4752 1692 4802 ad
1720 4751 2009 4814 Ecclesias,

433 4823 577 4877 idem
612 4837 738 4878 esse
776 4821 1102 4875 crediderim
1133 4836 1198 4874 ac
1237 4821 1554 4890 episcopum
1589 4824 2005 4876 ordinaverunt.

436 4893 528 4947 Sic
553 4893 699 4948 enim
730 4893 948 4963 videtur
986 4891 1102 4959 ipse
1141 4891 1377 4963 Basilius
1412 4891 1761 4962 interpretari
1805 4894 2010 4963 inpepi-

436 4963 578 5018 stola
606 4964 712 5017 259
741 4963 832 5017 ubi
881 4962 947 5016 de
972 4963 1161 5016 eodem
1195 4962 1414 5016 homine
1439 4961 1668 5032 loquens
1693 4964 1768 5015 ait
1792 4982 1804 5016 :
1847 4961 2011 5016 Et’ad

435 5035 655 5088 miseros
692 5034 945 5097 homines,
968 5049 1244 5086 uernarum
1264 5048 1468 5095 vernas,
1509 5034 1709 5087 devenit
1733 5050 1870 5086 nunc
1903 5035 2013 5097 epi-

436 5113 681 5174 scopatus
701 5119 969 5174 nomen...
1003 5105 1285 5174 quatis'est
1315 5105 1404 5172 qui
1445 5119 1609 5173 nuper
1637 5107 1702 5156 ab
1725 5105 1926 5174 Anysio
1963 5113 2013 5156 et

439 5173 657 5228 Ecdicio
689 5173 1022 5227 Parnasseno
1046 5174 1238 5244 missus
1263 5183 1362 5236 est,
1383 5189 1530 5242 quem
1549 5175 1761 5243 quidem
1787 5173 1877 5244 qui
1896 5190 2016 5227 con-

438 5245 634 5310 stituit,
682 5247 964 5314 pessimum
987 5243 1087 5297 sibi
1119 5244 1219 5312 ipsi
1255 5244 1613 5314 futurwivita:
1643 5243 1912 5314 giatibum
1957 5247 2012 5296 in

441 5313 712 5370 Ecclesia:
745 5316 982 5369 immisit.
1015 5314 1082 5368 Et
1111 5314 1164 5367 in
1194 5319 1355 5383 epist.
1388 5313 1516 5378 240,
1545 5322 1613 5368 de
1642 5313 1916 5369 Frontone
1940 5315 2014 5368 lo-

441 5401 617 5454 quens
660 5386 910 5441 ordinato
957 5387 1026 5440 ab
1056 5384 1276 5439 Arianis
1313 5385 1592 5454 episcopo,
1635 5386 1752 5440 ait:
1784 5386 1848 5454 Οί
1887 5386 2012 5438 ἐπι-

443 5453 785 5526 ⁴πεμφθέντες
816 5458 968 5526 ἡμῖν,
1003 5456 1089 5524 qui
1126 5455 1180 5509 in
1227 5472 1320 5508 nos
1365 5453 1591 5526 intriii’ssi
1624 5468 1774 5526 sunt.
1801 5453 2011 5510 Verisi-

444 5521 591 5596 mile,
609 5541 738 5596 ergo
767 5521 1028 5581 est'hunc
1073 5526 1346 5596 hominem
1391 5521 1595 5578 idcirco
1633 5527 1688 5578 in
1736 5525 2012 5579 Ecclesias

447 5594 750 5667 immissum
791 5597 920 5658 dici,
955 5595 1084 5667 quia
1107 5597 1186 5667 ab
1236 5595 1382 5667 i_lliu_s
1431 5596 1674 5667 nequitia
1704 5596 2008 5664 periculum

447 5665 813 5736 impendebat,
865 5663 990 5722 non‘
1025 5666 1188 5721 unius
1235 5663 1494 5720 Ecclesiae
1519 5663 1864 5731 *cvcrtendae,
1911 5667 2007 5721 sed

2114 4473 2304 4532 lentia.
2334 4479 2393 4525 ut
2417 4469 2604 4524 datum
2633 4469 2951 4542 episcupum
2975 4472 3354 4542 constitueret,
3391 4469 3666 4542 deiminis

2111 4547 2188 4598 sis
2235 4543 2454 4597 Arianis
2505 4539 2732 4612 intelligi
2787 4539 2895 4596 non
2941 4543 3121 4605 debet,
3172 4541 3267 4595 sed
3321 4539 3389 4593 de
3437 4539 3686 4612 iis,_quaa

2112 4623 2302 4682 postea
2347 4613 2586 4666 vicarius
2619 4610 2716 4682 per
2749 4613 2856 4666 vim
2897 4622 2951 4666 et
3004 4610 3595 4682 impressionem___egit,
3627 4619 3684 4662 ut

2111 4678 2507 4738 ordinationem
2538 4678 2684 4736 illam
2715 4690 2979 4738 tueretur.
3013 4678 3354 4751 Deceperunt
3383 4678 3686 4751 Ti_llemon_-

2110 4757 2244 4807 tium
2278 4757 2388 4808 haec
2415 4754 2598 4814 verba,
2629 4755 2738 4806 Kal.
2770 4753 2885 4816 νῦν,
2927 4755 3017 4806 ὅτε
3045 4749 3217 4805 ταῦτα
3249 4749 3589 4813 ἐπέστελλον,
3623 4749 3685 4802 Et

2113 4841 2249 4877 nunc
2285 4841 2404 4876 cum
2435 4824 2546 4876 lucc
2588 4825 2889 4886 scriberem,
2926 4825 3100 4892 ipsum
3135 4822 3269 4874 illud
3310 4837 3517 4892 agmen,
3551 4830 3688 4887 etc.,

2113 4895 2348 4964 indeque
2397 4894 2667 4949 adductus
2701 4903 2805 4959 est,
2837 4903 2897 4948 ut
2938 4890 3190 4947 crederet
3232 4890 3684 4964 ante_advent_um

2112 4959 2441 5018 Arianorum
2468 4965 2580 5032 jam
2606 4967 2856 5034 repulsos
2879 4964 3066 5018 vicarii
3098 4975 3330 5016 conatus
3362 4961 3554 5034 fuisse.
3583 4959 3689 5034 Sed

2113 5035 2382 5103 cjusmodi
2440 5032 2698 5103 loquendi
2747 5039 2986 5089 rationes
3021 5048 3130 5086 non
3162 5043 3272 5086 tam
3309 5032 3510 5103 stricte
3544 5032 3686 5084 acci—

2114 5100 2343 5174 piendae.
2372 5100 2557 5158 Potuit
2589 5107 2734 5159 enim
2777 5107 2960 5160 dicere
2989 5103 3223 5174 Basilius
3252 5121 3275 5174 :_
3301 5100 3366 5153 Et
3399 5117 3537 5154 nunc
3569 5118 3686 5174 cum

2113 5172 2222 5229 haec
2248 5175 2546 5239 scriberem,
2588 5177 2761 5242 ipsum
2789 5175 2922 5228 illud
2953 5190 3138 5243 agmen
3187 5172 3487 5243 Sebastiani
3528 5173 3683 5234 venit,

2113 5245 2366 5313 quamvis
2393 5245 2461 5297 ab
2492 5241 2828 5300 hoc’eventu
2858 5241 3077 5314 aliquod
3120 5252 3334 5312 tempus
3364 5241 3682 5296 clIluxisset.

2114 5314 2253 5368 Hinc
2292 5317 2347 5368 in
2375 5315 2536 5384 epist.
2570 5316 2677 5370 259
2713 5315 2781 5370 de
2829 5316 3014 5376 rebus,
3050 5329 3172 5383 quae
3214 5329 3323 5366 non
3361 5314 3524 5384 paulo
3565 5323 3687 5365 ante

2113 5383 2480 5454 contigerant,
2528 5387 2720 5442 eodem
2753 5386 2914 5440 modo
2951 5386 3214 5453 loquitur.
3242 5384 3330 5436 Ait
3372 5383 3517 5439 enim
3545 5396 3687 5435 nunc

2113 5455 2462 5525 episcOpatus
2505 5472 2704 5511 namen
2745 5456 2812 5508 ad
2848 5457 3076 5510 miseros
3112 5457 3362 5508 homines
3409 5468 3464 5525 ex
3493 5466 3688 5525 vernas

2114 5523 2403 5596 vernarum
2435 5527 2750 5588 devenisse;
2783 5527 2955 5596 qualis
2987 5536 3064 5579 est
3099 5526 3189 5594 qui
3218 5541 3355 5576 nunc
3391 5524 3456 5575 ab
3492 5523 3687 5596 Apysio

2109 5605 2160 5648 et
2193 5595 2403 5718 Eqdicio
2428 5599 2618 5652 missus
2646 5592 2890 5652 est...'Hi
2911 5612 3046 5650 nunc
3068 5592 3287 5663 fratrem
3312 5609 3484 5647 meum
3510 5592 3690 5662 iVyssa

2109 5681 2241 5718 exim
2268 5676 2438 5718 erunt.

2109 5676 2438 5733 expulerunt.
