3856 6224
151 295 263 350 889

672 418 1018 473 ΕΠΙΣΤΟΛΗ
1059 421 1230 475 2ΛΗ’.

959 301 1454 359 EPISTULARUM
1491 304 1778 362 CLASSIS
1813 303 1879 362 Il.
1932 303 2152 359 EPIST.
2193 303 2523 360 CCXXXIX.

3326 309 3443 368 890.

2246 420 2592 476 EPISTOLA
2630 420 2985 477 CCXXXVH!
3004 426 3040 478 ‘.

157 530 285 580 Cum
308 528 488 598 Fronto
511 530 760 596 presbyter
778 531 1008 598 Ecclesia:
1026 530 1384 598 Nitjopolitgmw
1406 533 1738 598 episcopatum
1776 532 1839 598 ab
1863 529 2061 598 4_r_iauis
2084 538 2367 598 accepisset,
2405 545 2464 581 ac
2502 544 2651 598 unum
2665 539 2756 598 aut
2776 532 2984 598 alterum
3001 545 3065 583 ea:
3098 533 3265 598 eodem
3302 535 3433 585 clero

218 604 383 640 secum
404 592 740 658 abstraxtsSct,
759 593 1032 658 consolatur
1054 597 1097 643 Ν
1108 592 1424 658 icopolitanos
1434 592 1752 658 presbyteros
1778 593 2011 658 Basilius,
2046 592 2219 658 eosque
2239 592 2521 658 uecjtorum
2544 592 2791 658 [asininum
2826 594 2964 658 lapsu
2997 592 3109 658 angi
3149 597 3321 646 debere
3346 599 3433 647 de-

218 658 473 722 monstrat,
498 667 584 702 nec
601 654 729 722 quod
754 653 845 713 ipsi
863 662 1004 705 extra
1023 653 1193 706 muros
1211 655 1410 720 precari
1430 653 1685 722 cogantur,
1708 656 1795 707 sed
1820 668 1917 716 quo
1942 654 2111 718 plures
2132 653 2401 705 exstiterint
2422 653 2717 714 teutatioues,
2744 668 2800 706 eo
2821 653 3092 707 uberiorem
3116 677 3147 705 ι.
3188 660 3280 708 Deo
3302 672 3432 708 mer-

216 714 387 764 cedem
405 714 795 777 exspectdndmn.

494 822 927 887 Νικοπολίταις
962 823 1410 894 πρεσϐυτέροις.

243 931 544 1004 Ἐδεξάμην
587 932 657 987 τὰ
706 934 1012 1005 γράμματα
1057 934 1163 1006 τῆς
1211 934 1498 998 εὐλαϐείας
1554 932 1744 1005 ὑμῶν*

156 1027 257 1080 καὶ
302 1026 456 1080 οὐδὲν
520 1025 678 1093 ἔσχον
727 1027 1043 1098 καινότερον
1092 1026 1203 1080 τῶν
1243 1027 1603 1098 ἐγνωσμένων
1646 1027 1748 1098 ήδη

157 1120 298 1189 παρ’
339 1117 522 1170 αὐτῶν
550 1117 890 1187 διδαχθῆναι.
927 1118 1038 1173 Καὶ
1075 1117 1186 1190 γὰρ
1236 1117 1473 1188 ἔφθασεν
1503 1120 1538 1189 ή
1586 1119 1744 1188 φήμη

156 1212 242 1275 είς
279 1213 458 1264 πᾶσαν
509 1210 607 1281 τὴν
638 1210 967 1281 περιοικίδα,
1009 1210 1104 1264 τοῦ
1154 1212 1287 1281 παρ’
1325 1211 1454 1281 ὑμῖν
1506 1225 1748 1263 καταπε-

156 1303 348 1364 σόντος
374 1301 472 1372 τὴν
500 1300 765 1372 αἰσχύνην
810 1300 1283 1372 περιαγγέλλουσα
1307 1300 1441 1371 (90),
1468 1300 1526 1364 ὃς
1558 1298 1747 1354 ἐπιθυ-

158 1397 265 1467 μία
311 1395 470 1465 δόξης
515 1395 678 1465 κενῆς
726 1392 826 1465 τὴν
876 1393 1163 1464 αἰσχίστην
1214 1392 1394 1463 ἑαυτῷ
1440 1392 1747 1463 συνήγαγεν

153 1487 406 1559 ἀτιμίαν,
445 1488 541 1541 καὶ
576 1485 775 1559 εὑρέθη
806 1485 916 1539 τῶν
955 1485 1054 1555 μὲν
1088 1487 1182 1539 ἐπὶ
1213 1488 1277 1557 τῇ
1323 1485 1504 1539 πίστει
1538 1483 1746 1556 μισθῶν

153 1578 249 1632 διὰ
279 1580 379 1650 τὴν
426 1579 711 1649 φιλαυτίαν
755 1577 1040 1632 ἐκπεσών·
1094 1576 1228 1631 αὐτὸ
1277 1577 1337 1631 δὲ
1378 1578 1439 1630 τὸ
1483 1576 1746 1647 δύστηνον

154 1671 442 1743 δοξάριον,
482 1668 544 1727 οὗ
593 1675 944 1746 ἐπιθυμήσας
977 1675 1192 1746 ἐπράθη
1235 1678 1301 1746 τῇ
1351 1674 1608 1745 ἀσεϐείᾳ,
1645 1675 1747 1726 οὐκ

156 1763 302 1834 ἔχων
330 1765 418 1819 διά
445 1766 507 1819 τὸ
544 1766 751 1820 δίκαιον
783 1771 939 1839 μῖσος
965 1768 1072 1820 τῶν
1114 1766 1463 1838 φοϐουμένων
1504 1766 1595 1819 τὸν
1636 1765 1748 1818 Κύ-

155 1872 298 1927 ριον.
340 1857 501 1910 ’Δλλά
546 1860 751 1923 ἐκεῖνος
811 1860 908 1929 μὲν
969 1859 1174 1922 παντὸς
1236 1857 1331 1911 τοῦ
1376 1856 1579 1911 ἑαυτοῦ
1629 1857 1743 1928 βίου

154 1947 557 2019 ἐναργέστατον
592 1948 852 2022 ἐξήνεγκε
887 1950 1088 2020 δεῖγμα
1120 1952 1186 2003 ὲκ
1213 1949 1312 2019 τῆς
1346 1948 1440 2002 νῦν
1478 1948 1744 2019 προαιρέ-

156 2052 321 2099 σεως,
349 2037 431 2089 ὅτι
454 2037 711 2090 οὐδέποτε
745 2036 842 2110 ἔζη
875 2040 963 2091 ἐπ’
993 2038 1170 2092 ἐλπίδι
1208 2037 1318 2091 τῶν
1363 2037 1745 2108 ἀποκειμένων

156 2129 297 2197 ἡμῖν
354 2128 701 2196 ἐπαγγελιῶν
758 2129 910 2201 παρὰ
963 2129 1059 2183 τοῦ
1109 2130 1354 2201 Κυρίουο
1396 2128 1534 2183 ἀλλὰ
1588 2127 1642 2180 εἴ
1690 2146 1742 2181 τι

153 2216 341 2287 ἑαυτῷ
362 2220 818 2290 ἐπραγματεύετο
841 2222 949 2274 τῶν
982 2220 1359 2292 ἀνθρωπίνων,
1392 2219 1489 2274 καὶ
1522 2222 1743 2291 ῥήματα

155 2307 419 2374 πίστεως,
451 2310 548 2362 καὶ
594 2310 820 2381 πλάσμα
856 2311 967 2382 (91)
1021 2311 1331 2376 εὐλαϐείας,
1385 2313 1561 2366 πάντα
1606 2312 1743 2383 πρὸς

155 2398 259 2469 τὴν
284 2398 395 2451 τῶν
441 2400 875 2471 ἐντυγχανόντων
908 2402 1126 2473 ἀπάτην
1169 2402 1556 2473 ἐπετηδεύετοο
1596 2403 1743 2473 ὑμᾶς

156 2490 219 2543 δὲ
268 2491 326 2544 τί
383 2495 684 2545 καταπονεῖ
713 2493 775 2545 τὸ
831 2492 1084 2564 συμϐάν;
1148 2494 1214 2547 Τί
1265 2495 1487 2565 χείρους
1531 2493 1744 2548 ἑαυτῶν

158 2580 429 2649 γεγόνατε
460 2581 612 2652 παρὰ
648 2582 841 2649 τοῦτο;
880 2584 1132 2654 Ἐλειψεν
1161 2580 1241 2648 εἷς
1284 2586 1350 2638 ὲκ
1390 2584 1486 2638 τοῦ
1526 2584 1746 2656 πληρώ-

161 2687 337 2741 ματος
359 2670 546 2741 ὑμῶν’
592 2674 642 2725 εί
700 2671 757 2725 δὲ
807 2675 905 2727 καὶ
946 2674 1258 2744 συναπῆλθέ
1299 2675 1410 2746 (9‘2)
1441 2692 1544 2728 που
1587 2675 1746 2739 ἄλλος

157 2756 264 2827 εἷς,
297 2761 331 2832 ἢ
373 2761 647 2833 δεύτερος,
698 2762 923 2816 ὲλεεινοὶ
958 2765 1068 2836 (95)
1099 2764 1195 2818 τοῦ
1239 2764 1533 2834 πτώματος
1576 2760 1744 2828 οὗτοι,

158 2852 320 2922 ὑμῶν
368 2853 426 2907 δὲ
487 2853 550 2906 τὸ
606 2854 766 2926 σῶμα
820 2855 1113 2928 ὁλόκληρόν
1165 2858 1282 2910 ἐστι
1335 2861 1402 2928 τῇ
1461 2858 1556 2912 τοῦ
1610 2857 1745 2911 Θεοῦ

159 2946 370 3017 χάριτι.
396 2947 505 2999 Καὶ
526 2946 637 3019 γὰρ
670 2950 764 3001 καὶ
793 2947 855 3001 τὸ
878 2948 1177 3020 ἀχρειωθὲν
1213 2951 1485 3022 ἀπερρύη,
1524 2951 1619 3004 κα)⁸
1647 2952 1749 3003 οὑκ

158 3040 475 3110 ὲκολοϐὡθη
506 3042 566 3093 τὸ
604 3041 783 3111 μένον.
816 3042 879 3094 Ei
909 3041 968 3094 δὲ
997 3043 1123 3113 ἀνιᾷ
1162 3042 1329 3112 ὑμᾶς,
1372 3043 1454 3095 ὃτι
1491 3043 1604 3095 τῶν
1636 3042 1746 3094 τοί-

157 3152 273 3205 χων
321 3133 683 3205 ἐξεϐλήθητεο
729 3134 846 3187 ἀλλ’
885 3137 944 3187 ὲν
990 3136 1168 3206 σκέπῃ
1216 3134 1311 3188 τοῦ
1352 3135 1489 3188 Θεοῦ
1524 3135 1617 3189 τοῦ
1657 3136 1749 3188 οὑ-

1771 838 1817 894 Α

2255 819 2308 873 Ν
2314 820 2654 890 icopolitanis
2677 820 3025 891 presbyteris.

1921 931 2127 1002 Accepi
2178 932 2393 989 litteras
2437 934 2660 1003 pietatis
2703 941 2934 999 vestrae,
2988 949 3091 989 nec
3134 933 3431 1005 quidquam

1849 1023 2003 1093 potui
2040 1027 2339 1088 recentius,
2385 1025 2454 1081 iis
2488 1040 2611 1095 qum
2634 1025 2748 1096 jam
2777 1041 3060 1091 noveram,
3097 1042 3163 1082 ex
3197 1027 3306 1082 illis
3347 1027 3433 1079 di-

1848 1130 2024 1170 scere.
2057 1113 2224 1169 Venit
2257 1116 2404 1170 enim
2436 1116 2580 1169 fama
2608 1116 2663 1170 in
2695 1131 2914 1171 omnem
2949 1117 3230 1181 viciniam,
3258 1118 3429 1180 illius,

1848 1207 1944 1277 qui
1998 1207 2143 1277 apud
2191 1222 2292 1262 vos
2333 1208 2524 1278 lapsus
2574 1216 2682 1275 est,
2736 1209 3091 1281 ignominiam
3140 1209 3433 1266 circumfe-

1849 1313 1978 1353 rens
2009 1317 2022 1352 :
2053 1299 2145 1368 qui
2176 1299 2403 1366 quidem
2445 1300 2630 1354 inanis
2659 1302 2847 1371 gloriae
2878 1302 3198 1372 cupiditate,
3229 1303 3438 1373 turpis-_

1849 1390 2044 1443 simam
2086 1390 2192 1444 sibi
2237 1391 2356 1460 ipse
2402 1393 2743 1461 comparavit
2790 1393 3147 1463 ignominiam
3178 1412 3191 1446 :
3217 1403 3272 1448 et
3305 1394 3431 1469 ﬁdei

1847 1484 2066 1554 quidem
2094 1483 2336 1554 praemiis
2364 1484 2432 1539 ob
2463 1485 2549 1539 sui
2581 1485 2755 1554 ipsius
2781 1499 3027 1540 amorem
3056 1486 3299 1551 decidit;
3333 1485 3431 1541 sed

1847 1583 2031 1630 tamen
2063 1575 2323 1629 miseram
2351 1573 2499 1627 illam
2537 1575 2850 1645 gloriolam.
2883 1574 3045 1645 cujus
3074 1574 3260 1630 studio
3297 1590 3428 1628 ven-

1846 1665 1995 1720 ditus
2027 1671 2112 1721 est
2144 1665 2434 1735 impietati,
2468 1681 2577 1720 non
2614 1672 2946 1720 consecutus
2979 1672 3084 1729 est,
3112 1665 3183 1719 ob
3211 1680 3424 1727 eorum,

1845 1757 1941 1827 qui
1971 1756 2263 1811 Dominum
2300 1758 2522 1821 timent,
2554 1757 2768 1827 justum
2808 1757 3017 1812 odium.
3045 1758 3114 1810 At
3139 1758 3231 1812 ille
3259 1758 3429 1812 totius

1846 1865 1960 1905 sua:
2014 1850 2139 1904 vitae
2189 1848 2703 1906 manifestissimum
2760 1851 2990 1920 protulit
3034 1850 3292 1904 indicium
3360 1866 3427 1904 ex

1844 1943 2099 2011 praesenti
2130 1941 2390 2006 consilio,
2423 1957 2484 1997 se
2518 1941 2770 1996 videlicet
2806 1957 3089 2012 nunquam
3127 1941 3333 1996 vixisse
3368 1942 3423 1995 in

1846 2050 1944 2104 spe
1984 2036 2353 2106 repositarum
2402 2033 2566 2089 nobis
2600 2034 3030 2104 promissionum
3080 2048 3111 2088 a
3145 2033 3379 2088 Domino
3411 2053 3425 2088 :

1847 2126 1943 2181 sed
1989 2127 2034 2181 si
2076 2125 2208 2196 quid
2244 2125 2349 2181 sibi
2394 2133 2766 2195 aucuparetur
2792 2124 3158 2180 humanarum
3214 2141 3425 2194 rerum,

1847 2224 1901 2273 et
1943 2217 2065 2272 ﬁdei
2101 2217 2293 2282 verba,
2329 2224 2385 2272 et
2430 2217 2653 2287 pietatis
2698 2216 2928 2279 larvam,
2977 2215 3161 2269 omnia
3192 2215 3430 2285 denique

1845 2309 1912 2363 ad
1934 2310 2130 2364 obvios
2152 2323 2406 2379 quosque
2429 2306 2783 2377 decipiendos
2808 2306 3143 2361 elaborasse.
3169 2304 3274 2360 Sed
3296 2304 3428 2376 quid

1844 2409 2078 2456 eventus
2112 2402 2204 2456 ille
2238 2415 2339 2456 vos
2381 2398 2567 2454 laedit?
2611 2400 2692 2451 An
2736 2396 2944 2452 idcirco
2990 2396 3232 2451 deterius
3262 2411 3427 2466 quam

1846 2501 2007 2549 antea
2046 2509 2144 2549 vos
2185 2492 2438 2548 habetis?
2466 2490 2678 2546 Deiecit
2722 2506 2865 2545 unus
2904 2506 2971 2543 ex
3021 2496 3205 2543 vestro
3235 2495 3425 2542 coetu:

1845 2585 1993 2656 quod
2020 2588 2066 2640 si
2091 2586 2258 2641 etiam
2304 2599 2431 2639 cum
2462 2584 2584 2654 ipso
2618 2582 2805 2637 abiere
2835 2580 2996 2651 367
3029 2594 3171 2635 unus
3214 2588 3311 2634 aut
3342 2579 3427 2632 al-

1846 2688 1952 2742 ter,
1996 2677 2295 2732 miserandi
2326 2676 2407 2730 illi
2446 2677 2516 2731 ob
2548 2677 2762 2745 lapsum
2794 2693 2808 2729 :
2843 2681 2898 2727 at
2946 2688 3149 2744 corpus
3178 2681 3428 2727 vestrum

1847 2767 1943 2824 Dei
1975 2768 2122 2823 dono
2170 2769 2442 2838 integrum
2474 2775 2579 2823 est.
2612 2764 2746 2820 Nam
2789 2773 2846 2820 et
2877 2765 3022 2835 quod
3066 2764 3260 2819 inutile
3289 2771 3430 2825 erat,

1848 2859 2100 2924 deﬂuxit,
2129 2875 2233 2915 nec
2260 2874 2516 2913 mancum
2555 2866 2640 2914 est
2667 2858 2814 2929 quod
2846 2857 3136 2912 remansit.
3185 2854 3343 2922 Quod
3385 2857 3432 2910 si

1849 2954 1985 3008 illud
2014 2968 2114 3008 vos
2147 2952 2319 3023 angit,
2347 2951 2493 3021 quod
2518 2960 2675 3005 extra
2706 2964 2893 3004 muros
2918 2948 3080 3019 ejecti
3123 2948 3298 3013 estis;
3335 2946 3435 3001 sed

1851 3048 1907 3100 in
1941 3045 2287 3116 protectione
2317 3042 2414 3098 Dei
2444 3043 2568 3099 caeli
2596 3041 3077 3097 commorabimini
3101 3040 3173 3105 ⁷⁸,
3195 3046 3250 3094 et
3276 3053 3436 3108 ange-

1851 3138 1938 3192 lus
1992 3136 2257 3191 Ecclesia:
2320 3135 2602 3202 inspector
2657 3148 2765 3187 una
2825 3132 3113 3188 vobiscum
3180 3130 3435 3186 secessit.

163 3225 331 3296 ρανοῦ
362 3224 777 3297 αὑλισθήσεσθε,
807 3227 901 3279 κα)⁹
928 3229 956 3279 ὁ
983 3226 1214 3295 ἄγγελος
1246 3228 1274 3279 ὁ
1294 3228 1392 3298 τῆς
1427 3227 1749 3299 Ἐκκλησίας

1853 3231 2033 3297 Quare
2076 3230 2133 3284 in
2168 3228 2360 3284 vacuis
2392 3227 2605 3282 aedibus
2644 3225 2893 3296 quotidie
2933 3225 3222 3287 recubant,
3266 3237 3436 3293 grave

159 3318 358 3390 ἔφορος
395 3320 739 3389 συναπῆλθεν
785 3320 935 3391 ὑμῖν.
983 3320 1147 3372 Ὥστε
1204 3323 1382 3383 κενοῖς
1417 3319 1748 3388 ἐγκατακλι-

1853 3322 1958 3378 sibi
1991 3337 2058 3377 ex
2099 3321 2287 3392 populi
2318 3319 2666 3390 dispersione
2707 3317 2981 3387 judicium
3029 3321 3436 3385 comparantes.

160 3425 349 3461 νονται
373 3408 485 3478 (94)
523 3410 645 3464 καθ’
681 3411 920 3482 ἑκάστην
952 3410 1188 3482 ἡμέραν,
1216 3414 1280 3464 ἐκ
1309 3412 1407 3482 τῆς
1447 3412 1750 3484 διασπορᾶς

1854 3413 2015 3481 Quod
2038 3414 2085 3471 si
2113 3415 2240 3485 quis
2271 3413 2375 3467 hac
2404 3413 2462 3467 in
2493 3426 2555 3466 re
2584 3411 2760 3474 labor,
2796 3409 3028 3463 Domino
3049 3407 3285 3473 conﬁdo,
3315 3406 3440 3462 inu-

160 3499 257 3553 τοῦ
300 3500 432 3554 λαοῦ
470 3500 608 3572 βαρὺ
662 3504 875 3568 ἑαυτοῖς
922 3504 983 3558 τὸ
1012 3507 1186 3575 κρῖμα
1225 3503 1746 3569 κατασκευάζοντες.

1853 3508 2002 3562 tilem
2054 3506 2207 3560 illum
2253 3505 2412 3560 vobis
2452 3519 2565 3558 non
2611 3502 2880 3557 futurum.
2920 3500 3286 3567 Quamobrem
3328 3512 3439 3569 quo

162 3592 229 3645 Ei.
258 3592 319 3647 δέ
348 3611 433 3657 τις
465 3595 558 3649 καὶ
606 3596 774 3659 κόπος
807 3597 958 3650 ἐστὶν
997 3599 1057 3649 ὲν
1095 3595 1174 3667 τῷ
1208 3599 1516 3667 πράγματι,
1552 3597 1746 3650 πέπει-

1854 3600 2041 3670 plures
2082 3599 2416 3653 tentationes
2467 3596 2685 3652 fueritis
2732 3594 2965 3665 experti,
3011 3609 3079 3648 eo
3110 3590 3435 3662 locupletio-

165 3701 304 3755 σμαι
324 3684 406 3755 τῷ
431 3686 624 3758 Κυρίῳ
669 3687 745 3758 μὴ
766 3689 847 3751 εἰς
868 3688 1024 3741 κενὸν
1062 3688 1190 3758 ὑμῖν
1216 3687 1587 3756 ἀποϐήσεσθαι
1624 3687 1749 3740 τοῦ-

1853 3709 1969 3749 rem
1996 3692 2066 3748 ab
2091 3707 2248 3761 aequo
2279 3691 2467 3761 judice
2511 3689 2821 3745 mercedem
2857 3692 3196 3759 exspectate.
3248 3684 3438 3753 Itaque

162 3778 419 3833 το.Ὢστε
439 3779 549 3850 ὅσῳ
574 3779 640 3833 ἂν
654 3780 765 3851 (95)
790 3783 848 3834 ὲν
870 3780 1079 3834 πλείοσι
1103 3781 1479 3853 πειρατηρίοις
1495 3780 1747 3852 γένησθε,

1855 3798 1957 3837 nec
2005 3782 2298 3852 praesentia
2344 3782 2537 3852 iniquo
2577 3781 2762 3835 animo
2806 3778 2966 3842 ferte,
3010 3791 3190 3846 neque
3234 3774 3293 3829 in
3341 3788 3438 3844 spe

164 3868 411 3940 τοσούτῳ
458 3870 914 3942 πολυτελέστερον
960 3870 1113 3943 παρὰ
1159 3870 1252 3924 τοῦ
1309 3870 1519 3924 δικαίου
1560 3868 1748 3943 κριτοῦ

1856 3874 2097 3930 deﬁcite.
2130 3874 2327 3928 Adhuc
2356 3874 2503 3929 enim
2540 3872 2902 3944 perpusillum
2932 3868 3216 3939 temporis,
3255 3866 3439 3922 veniet

168 3961 364 4032 μισθὸν
412 3963 731 4034 ἀναμένετε.
763 3966 918 4036 Μήτε
951 3961 1044 4020 οὖν
1091 3965 1413 4036 δυσφορεϊτε
1454 3966 1568 4027 τοῖς
1612 3981 1753 4035 παρ-

1860 3966 1926 4022 ad
1953 3982 2052 4022 vos
2084 3966 2381 4022 auxiliator
2417 3972 2622 4030 vester,
2654 3972 2709 4020 et
2738 3978 2847 4019 non
2880 3961 3119 4017 tardabit
3139 3961 3206 4016 τ’.

162 4053 311 4119 οὖσι,
342 4056 479 4126 μήτε
533 4056 881 4127 ἀποκάμνετε
909 4060 976 4127 τῇ
1014 4057 1210 4111 ἐλπίδι.
1247 4057 1370 4110 Ἔτι
1403 4057 1513 4128 γὰρ
1550 4056 1747 4129 μικρὸν
1782 4057 1907 4111 ὅσον
1956 4059 2079 4112 ὅσον
2120 4056 2256 4129 (96),
2309 4055 2432 4127 ἣξει
2475 4056 2615 4129 πρὸς
2654 4055 2799 4127 ὑμᾶς
2843 4055 2873 4106 ὁ
2913 4050 3443 4124 ἀντιλαμϐανόμενος

165 4148 347 4219 ὑμῶν,
387 4150 482 4203 καὶ
507 4150 569 4203 οὐ
598 4154 804 4222 χρονιεῖ
834 4152 945 4224 (97)

676 4270 1040 4325 ἘΠΙΣΤΟΛΗ
1088 4272 1250 4326 ΣΛΘ’.

2252 4240 2620 4320 ἘΡιεΤοιΑ
2671 4259 2979 4318 ccxxxrx

166 4384 405 4450 Deplorat
427 4381 638 4450 Racilius
659 4396 902 4450 (erumnas
925 4384 1173 4450 Ecclesiae,
1194 4382 1465 4435 hominibus
1483 4381 1880 4450 nequissimisati
1897 4377 2224 4450 episcopatum
2246 4377 2439 4450 evntis,
2460 4375 2626 4450 qualis
2643 4382 2747 4446 erat
2766 4375 2809 4427 is
2832 4387 2973 4450 quem
2992 4372 3274 4450 Angsiustet
3296 4375 3445 4445 Ecdi-

450 4443 689 4510 Bcclesias
718 4444 1042 4510 immiserant.
1095 4438 1255 4510 Iidem
1292 4450 1471 4510 Nyssa:
1501 4438 1594 4497 vile
1646 4438 1964 4510 plausipjun't,
1992 4438 2187 4510 Do'aris,
2214 4447 2265 4510 ut
2286 4438 2587 4510 mulierculae
2609 4438 2775 4510 impia:
2798 4438 3177 4510 assentareutur,
3201 4438 3444 4510 hominem

228 4506 546 4570 pestilentem,
587 4505 839 4570 fugitivum
871 4521 1065 4570 servum
1092 4498 1448 4570 constituerunt.
1493 4507 1677 4567 (Interit
1701 4498 2117 4570 dein'deBasilius
2141 4498 2307 4570 quales
2330 4503 2509 4570 dmidce
2535 4498 2771 4550 Dorot'lico
2789 4498 2985 4570 litterae,
3006 4510 3155 4570 quem
3174 4512 3281 4548 cum
3317 4501 3445 4570 Squ-

228 4558 681 4634 ctissimqﬂonmﬁ
693 4568 874 4619 iturum
905 4567 1255 4634 suspicabatur:
1281 4558 1653 4634 Purumsperat
1675 4563 2133 4634 ecc'haclegatione,
2152 4558 2198 4634 et
2231 4563 2563 4614 Occidentales
2603 4569 2798 4612 accusat
2820 4559 2950 4626 quod
2986 4558 3232 4611 veritatem
3268 4558 3445 4612 audire

227 4628 402 4680 nolint.
433 4631 643 4680 Venerat
665 4629 718 4679 in
739 4638 943 4681 utentem
970 4629 1156 4680 Basilio
1174 4629 1404 4694 privatim
1426 4633 1490 4680 ad
1515 4626 1684 4683 eorum
1706 4626 2020 4694 coryphwum
2042 4628 2273 4677 scribere.

446 4736 737 4798 Εὑσεϐἰφ,
762 4737 1072 4803 ἐπισκόπει)
1098 4740 1484 4805 Σαμοσάτων.

2147 4731 2410 4793 Eusebio,
2453 4732 2693 4799 episc0po
2733 4729 3159 4785 Samosatorum.

241 4824 297 4878 Ι.
334 4824 573 4877 Ἔδωκεν
600 4827 629 4877 ό
662 4825 864 4897 Κύριος
894 4829 1027 4897 ἡμῖν
1058 4827 1153 4882 καὶ
1184 4826 1278 4881 νῦν
1317 4827 1405 4881 διὰ
1435 4826 1527 4881 τοῦ
1572 4826 1758 4881 ποθει-

1939 4825 1988 4879 l.
2032 4823 2190 4878 Dedit
2239 4825 2403 4878 nobis
2454 4823 2720 4876 Dominus
2761 4823 2930 4875 etiam
2975 4835 3122 4874 nunc
3163 4834 3261 4889 per
3301 4817 3445 4873 desi-

168 4914 400 4968 νοτάτω
436 4914 532 4967 καὶ
572 4915 969 4970 εὐλαϐεστάτου
1011 4916 1243 4987 ἀδελφοῦ
1280 4916 1438 4988 ήμῶν
1488 4917 1758 4988 Ἀντιόχου

1864 4916 2274 4973 deratissimum
2302 4931 2366 4970 ac
2402 4914 2890 4986 religiosissimum
2941 4912 3161 4967 fratrem
3194 4920 3445 4966 nostrum

241 5070 265 5101 "
335 5068 484 5124 Psal.
526 5083 623 5133 xc,
654 5069 721 5148 .1.
795 5070 842 5101 τ’
882 5068 1089 5125 Habac.
1133 5086 1199 5135 tt,
1233 5071 1300 5138 5;
1325 5069 1488 5126 Hebr.
1522 5087 1574 5134 χ,
1616 5072 1706 5126 57.

242 5223 370 5306 ,(90)
394 5223 938 5294 Περιατΐέλλουσα.
964 5223 1134 5281 Coisl.
1159 5225 1369 5295 primus
1386 5234 1435 5280 et
1461 5224 1600 5280 Med.
1622 5225 1766 5294 διαγ-

169 5293 465 5364 γέλλουσα.
585 5293 590 5294 ⁷
1160 5293 1175 5295 ⁷

248 5364 368 5435 (9i)
401 5363 681 5435 Πλᾴσμα,
712 5364 882 5419 Coisl.
920 5364 1130 5435 primus
1162 5363 1477 5435 πλάσματα.

272 5432 367 5499 92)
396 5435 465 5486 Et
499 5432 691 5487 δὲκαὶ
731 5432 1113 5502 συναπῆλθε.
1158 5434 1286 5488 Duae
1316 5432 1530 5503 priores
1560 5436 1766 5490 vocula:

175 5502 387 5560 desunt
417 5505 469 5556 in
495 5504 888 5558 vetustissimis
916 5503 1203 5559 codicibus
1230 5502 1371 5559 Med.
1404 5514 1458 5559 et
1484 5506 1655 5560 Coisl.

1868 5224 2086 5297 cunidus
2107 5231 2162 5279 et
2186 5223 2360 5297 Paris.
2395 5224 2902 5297 ἐγκατακρίνονται,

1940 5294 2369 5376 (95)“Ὅσῳηᾶν..
2399 5294 2491 5376 Sic
2532 5293 2674 5376 Med.
2716 5304 2770 5349 et
2800 5295 2967 5349 Coisl.
3011 5302 3261 5364 uterque.
3301 5293 3445 5349 Editi

1867 5363 2216 5452 daoxkpeest
2245 5365 2310 5419 ἀν
2346 5366 2683 5452 iAn‘plIIIribus
2712 5381 2854 5452 mssl.‘
2899 5436 2909 5445 υ
2948 5434 2960 5452 Ι
3153 5363 3163 5364 ί
3190 5411 3202 5421 .

412 5435 465 5486 Et
499 5434 567 5485 δὲ
592 5434 691 5487 καί
731 5434 1113 5502 συναπῆλθε.
1158 5434 1286 5488 Duae
1318 5434 1530 5503 priores
1560 5436 1766 5490 vocula:
1944 5434 2058 5505 (96)
2089 5436 2296 5488 Ὅσον.
2341 5434 2666 5488 Addidimus
2701 5451 2767 5488 ex
2815 5434 2982 5489 (loisl.
3011 5442 3264 5502 utroque,
3311 5436 3444 5503 lleg.

412 5503 1208 5593 Ξε.ῑεῖεῖξξί,ίεξίιξ’ίξςράίεὶιξμξ
1230 5504 1371 5593 9‘s!-
1404 5506 1660 5593 ss‘cisl;
1871 5505 2196 5593 εθςξιειρει
2214 5503 2599 5593 βεβριιβεξιηςε
2629 5504 3159 5593 terreres???
3174 5505 3448 5593 91.9m-

175 5572 370 5698 υἐξὲξ)
392 5572 709 5651 ξελεεινοί.
743 5572 820 5627 Ita
855 5589 988 5630 mss.
1037 5590 1255 5631 summo
1292 5590 1587 5631 consensu.
1620 5575 1767 5629 Editi

307 5658 443 5696 ινου.

1942 5572 2338 5697 (97)..Χρςνιεῖ.
2374 5575 2510 5656 Med.
2550 5582 2604 5629 et
2628 5572 3028 5661 Coisl._p_rimus
3050 5574 3307 5646 χρονίσει.

2055 5660 2136 5726 Las
2373 5642 2587 5726 Scripta
2623 5643 2921 5726 aurigam.

253 5712 371 5784 (94)
414 5712 993 5783 Ἐτκατακλίνονται.
1033 5713 1204 5771 Coisl.
1239 5723 1488 5786 uterque,
1515 5713 1646 5785 Reg.
1680 5730 1768 5771 se-

1941 5720 1978 5739 “
2004 5715 2154 5771 Alias
2179 5713 2249 5771 X.
2279 5712 2667 5786 Scripta'anno
2686 5714 2811 5768 576.
