3856 6224
397 282 496 339 891

1633 279 1695 335 S.
1736 280 1982 335 BASILII
2025 279 2240 335 MACNI

3565 280 3669 337 892

399 400 734 458 Antiochum
775 402 1284 472 compresbyterum
1336 400 1581 455 salutare
1626 401 1981 455 sanctitatem

2103 399 2177 452 τοῦ
2219 398 2704 470 συμπρεσϐυτὲρου
2743 395 3218 469 προσφθέγξασθαί
3267 412 3362 449 σου
3399 394 3497 466 τὴν
3529 395 3670 447 ὁσιό-

405 508 580 568 tuam,
609 506 772 569 teque
806 508 865 553 ut
897 513 997 569 pro
1027 512 1180 553 more
1211 504 1307 552 tuo
1350 512 1449 568 pro
1489 513 1577 553 me
1608 498 1857 568 preceris
1887 498 1986 552 ad-

404 602 639 666 hortari,
681 608 736 656 et
777 615 845 655 ex
876 601 1182 655 litterarum
1214 600 1494 671 colloquio
1537 599 1763 671 aliquod
1810 600 1987 670 longze

404 707 671 763 absentiae
696 706 954 763 solatium
985 705 1276 776 consequi.
1313 705 1429 761 Hoc
1460 712 1642 761 autem
1678 720 1845 760 orans
1875 706 1988 775 pri-

405 816 555 855 mum
582 808 637 857 et
670 801 969 855 maximum
991 840 1007 864 ,
1033 814 1241 869 quaeso,
1271 806 1395 870 pete
1429 813 1460 852 a
1493 797 1758 865 Domino,
1793 806 1854 853 ut
1890 813 1988 852 nos

406 907 439 946 a
466 892 692 947 nefariis
722 901 777 947 et
817 893 1003 962 pravis
1038 892 1356 946 hominibus
1383 891 1684 945 liberemur
1712 909 1725 945 :
1765 891 1860 961 qui
1889 905 1989 960 po-

408 988 567 1059 pulos
592 989 666 1042 ita
695 988 750 1041 in
787 1002 940 1042 suam
983 993 1307 1055 potestatem
1353 984 1701 1053 redegerunt,
1748 989 1809 1035 ut
1841 981 1981 1035 nihil

411 1081 560 1135 aliud
610 1096 800 1145 nunc,
860 1079 967 1134 nisi
1014 1077 1259 1133 Judaicrc
1307 1077 1648 1147 captivitatis
1694 1075 1989 1146 imaginem

411 1172 614 1228 intueri
645 1172 951 1227 videamur.
994 1171 1214 1237 Quanto
1252 1169 1399 1225 enim
1424 1167 1689 1223 Ecclesia:
1722 1169 1863 1221 fiunt
1893 1166 1991 1222 de—

412 1265 676 1328 biliores,
711 1272 865 1318 tanto
899 1263 1136 1332 amplius
1168 1261 1522 1317 cinerescunt
1566 1259 1850 1315 hominum
1885 1259 1991 1313 im-

416 1355 649 1427 perandi
680 1355 1015 1425 cupiditates
1053 1371 1068 1407 :
1094 1360 1149 1408 et
1178 1352 1246 1406 ad
1277 1351 1513 1406 miseros
1549 1349 1836 1412 homines,
1865 1365 1991 1405 γει·-

412 1464 610 1504 narum
655 1462 878 1511 vernas,
913 1446 1135 1502 devenit
1183 1459 1332 1499 nunc
1368 1445 1722 1515 episcopatus
1751 1458 1988 1509 nomen;

414 1556 542 1595 cum
594 1540 783 1595 nullus
813 1555 879 1594 ex
913 1537 1009 1592 Dci
1048 1537 1270 1592 famulis
1298 1550 1488 1591 eorum
1518 1535 1842 1605 competitor
1873 1534 1989 1588 fieri

412 1634 568 1695 velit,
604 1631 701 1686 sed
729 1637 938 1685 tantum
970 1629 1224 1683 homines
1254 1626 1553 1697 desperati,
1579 1626 1760 1696 qualis
1788 1636 1872 1681 est
1897 1624 1991 1695 qui

419 1739 568 1779 nunc
599 1724 669 1778 ab
693 1722 902 1794 Anysio
928 1720 1141 1792 Evippii
1171 1721 1420 1783 alumno,
1437 1726 1492 1772 et
1513 1717 1582 1772 ab
1612 1716 1832 1772 Ecdicio
1855 1715 1987 1771 Par—
2023 1742 2067 1797 Β

414 1830 656 1871 nasseno
680 1814 886 1870 missus
901 1821 986 1869 est
1013 1831 1026 1866 :
1052 1827 1213 1882 quem
1235 1810 1329 1881 qui
1359 1809 1670 1872 constituit,
1696 1809 1996 1879 pessimum

415 1907 635 1977 sibiipsi
674 1906 874 1961 futurae
898 1906 1021 1960 vita:
1053 1904 1313 1959 viaticum
1346 1904 1403 1957 in
1434 1902 1708 1956 Ecclesias
1745 1901 1991 1955 immisit.

417 1999 481 2054 lli
507 2013 656 2053 nunc
668 1996 892 2053 fratrem
912 2013 1092 2052 meum
1108 1995 1282 2067 Nyssa
1300 1997 1645 2065 expulerunt,
1664 2001 1717 2048 et
1733 1992 1853 2063 ejus
1875 1993 1996 2047 loco

414 2091 838 2146 introduxerunt
865 2089 1030 2161 368
1055 2089 1329 2142 hominem
1359 2126 1375 2153 ,
1412 2087 1499 2141 vel
1552 2085 1737 2156 potius
1790 2086 1999 2139 manci-

414 2187 563 2256 pium
582 2183 774 2255 paucis
798 2183 974 2237 obolis
1004 2183 1214 2245 venale,
1235 2178 1331 2235 sed
1359 2178 1506 2250 quod
1528 2178 1596 2234 ad
1617 2178 1741 2233 fidei
1771 2193 1999 2247 corrup-

413 2286 578 2339 telam
628 2284 844 2345 attinet,
887 2281 975 2336 his
1020 2280 1116 2351 qui
1159 2280 1534 2343 constituere,
1581 2294 1694 2333 non
1743 2277 1994 2332 inferius.

415 2378 559 2444 Quin
600 2387 657 2432 et
703 2377 983 2430 hominem
1015 2374 1398 2444 pestilentem,
1436 2373 1769 2443 pupillorum
1813 2369 1996 2424 famu-

415 2471 567 2534 luin,
614 2468 982 2536 eumdemque
1019 2481 1050 2519 a
1096 2465 1212 2520 suis
1255 2465 1429 2534 ipsius
1464 2464 1619 2519 heris
1673 2463 1997 2533 fugitivum,

420 2572 480 2616 nt
529 2568 887 2617 assententur
918 2558 1259 2612 muliercula:
1292 2557 1496 2626 impiae,
1538 2571 1659 2626 quae
1689 2555 1844 2625 prius
1874 2554 2000 2624 qui-

416 2659 538 2712 dem
575 2655 811 2725 Georgio
843 2653 911 2707 ad
964 2667 1125 2706 suum
1170 2650 1463 2704 arbitrium
1517 2664 1616 2703 usa
1661 2656 1804 2713 erat,
1852 2663 2001 2702 nunc

415 2762 550 2802 vero
580 2746 731 2800 hunc
767 2744 919 2798 illius
942 2755 1323 2798 successorem
1357 2747 1518 2794 nacta
1547 2747 1656 2803 est,
1688 2741 1745 2793 in
1768 2739 2003 2809 oppidu-

416 2841 530 2895 lum
556 2836 733 2892 Doara
761 2839 1072 2899 miserunt,
1104 2832 1483 2888 miserandum
1513 2833 1869 2902 episcopatus
1901 2847 2002 2886 no-

419 2948 545 2987 men
586 2929 922 2986 contumelia
964 2927 1287 2982 aiiicientes.
1317 2924 1455 2992 Quis
1489 2933 1672 2980 autem
1718 2925 1913 2995 possit,
1944 2937 2004 2980 ut

419 3042 519 3097 par
542 3032 647 3089 est,
682 3040 773 3079 res
808 3021 1239 3091 Nicopolitarum
1272 3017 1498 3088 lugere?
1523 3016 1792 3071 Nimirum
1835 3019 2004 3073 miser

419 3119 513 3172 ille
550 3114 757 3169 Fronto
786 3113 939 3183 prius
971 3111 1189 3181 quidem
1236 3107 1611 3163 defensionem
1652 3108 2003 3163 simulaverat

420 3208 701 3274 veritatis,
736 3206 832 3263 sed
864 3206 1084 3260 tandem
1119 3205 1353 3272 turpiter
1393 3200 1633 3272 prodidit
1661 3209 1716 3256 et
1760 3201 1918 3256 fidem
1948 3210 2004 3257 et

425 3314 705 3383 seipsum,
740 3324 805 3364 ac
847 3307 1155 3364 mercedem
1200 3304 1529 3375 proditionis
1561 3304 1775 3374 accepit
1803 3318 2003 3359 nomen

420 3404 752 3477 ignominiaa.
794 3401 1021 3471 Accepit
1076 3399 1224 3455 enim
1268 3398 1338 3452 ab
1382 3398 1494 3453 illis
1525 3397 1878 3467 episcopatus
1918 3396 2004 3451 di-

419 3511 721 3584 gnitatem,
752 3515 810 3561 ut
852 3506 1155 3567 existimat,
1200 3502 1296 3557 sed
1340 3500 1436 3557 Dei
1483 3500 1658 3571 gratia
1708 3499 1887 3554 factus
1920 3507 2004 3553 est

421 3601 733 3658 communis
764 3599 1070 3654 exsecratio
1108 3596 1277 3651 totius
1324 3593 1618 3648 Armeniae.
1669 3591 1776 3647 Sed
1818 3599 2004 3645 tamen

421 3709 525 3749 nec
550 3690 851 3763 quidquam
876 3695 960 3743 est
981 3687 1126 3757 quod
1150 3701 1259 3740 non
1284 3685 1545 3749 audeant,
1573 3699 1677 3739 nec
1698 3683 2006 3739 destituun-

433 3796 521 3845 tur
548 3788 733 3859 dignis
765 3804 824 3843 se
852 3784 1220 3856 adiutoribus.
1255 3783 1523 3837 Cteterum
1557 3783 1796 3853 reliquas
1833 3782 2005 3854 Syriae

492 3984 603 4057 (98)
653 3984 768 4053 Τῆς
817 3978 1073 4051 μακρᾶς.
1115 3977 1284 4034 Coisl.
1330 3979 1542 4049 primus
1600 3985 1655 4033 et
1699 3976 1841 4033 Med.
1906 3982 2004 4052 τῆς

425 4056 865 4213 μῗῶςξῒξᾼετεῖτ,
922 4118 1001 4175 ita
1052 4118 1202 4174 Harl.
1246 4126 1302 4175 et
1356 4119 1527 4176 Coisl.
1577 4118 1810 4189 primus.
1860 4119 2004 4175 Editi

422 4213 582 4337 mil).
612 4190 946 4337 iﬁéﬂzﬁc
965 4258 1267 4337 ᾴλοὲφεως·
1295 4257 1413 4337 NP“
1440 4260 1809 4337 ολΡί-ίνίίθίθητ
1840 4259 2007 4332 ΒθδΫ

424 4330 662 4391 ionicam
686 4334 938 4402 intelligit
964 4330 1346 4402 Basilius,_sed
1374 4345 1469 4402 eas
1488 4331 1854 4402 calamitates,
1882 4330 2005 4401 qua:

2088 508 2256 561 τητα·
2311 492 2403 546 καὶ
2455 491 2514 544 σὲ
2564 492 2661 561 μὲν
2706 489 3085 561 παρακαλέσαι
3124 489 3195 542 τά
3230 486 3437 558 συνήθη
3470 490 3667 547 ποιεῖν,

2090 578 2485 651 προσεύχεσθαι
2532 579 2673 651 ὑπὲρ
2723 577 2914 651 ἡμῶν·
2969 580 3181 641 ἑαυτοῖς
3224 576 3282 630 δὲ
3327 577 3509 648 εὑρεῖν
3547 593 3670 629 τινα

2088 674 2188 744 τῆς
2217 675 2430 745 μακρᾶς
2457 673 2566 742 (98)
2593 671 2926 741 ἀπολείψεως
2958 670 3309 742 παραμυθίαν
3355 671 3422 722 ἐκ
3451 668 3554 739 τῆς
3582 668 3672 721 διὰ

2089 765 2184 818 τοῦ
2230 766 2555 836 γράμματος
2610 763 2847 834 ὁμιλίας.
2899 760 3341 833 Προσευχόμενος
3397 758 3457 813 δὲ
3514 757 3671 812 τοῦτο

2090 856 2306 926 πρῶτον
2330 857 2423 908 καὶ
2456 855 2708 926 μέγιστον
2730 852 3049 925 παρακαλοῦ
3059 869 3157 923 μεν
3184 854 3354 906 αἰτεῖν
3381 850 3493 922 (99)
3519 851 3670 922 παρά

2089 948 2184 1000 τοῦ
2230 947 2457 1018 Κυρίου,
2512 946 2776 1017 ρυσθῆναι
2822 946 2970 1015 ἡμᾶς
3023 943 3132 997 ἀπὸ
3170 943 3279 996 τῶν
3318 943 3537 997 ἀτόπων
3574 943 3676 995 καὶ

2092 1038 2344 1111 πονηρῶν
2377 1037 2697 1109 ἀνθρώπων,
2726 1036 2775 1089 οἳ
2810 1034 3061 1089 τοσοῦτον
3105 1035 3523 1105 κατεκράτησαν
3562 1031 3673 1086 τῶν

2090 1130 2254 1195 λαῶν,
2303 1130 2445 1183 ὥστε
2485 1130 2637 1183 οὐδὲν
2685 1130 2870 1201 ἕτερον
2915 1125 3009 1180 νῦν
3052 1126 3086 1197 ἢ
3127 1126 3197 1179 τὰ
3237 1126 3337 1196 τῆς
3375 1124 3674 1194 Ἰουδαϊκῆς

2093 1220 2346 1285 ἁλώσεως
2388 1222 2462 1292 (Ι)
2506 1222 2653 1292 ἡμᾶς
2700 1218 3120 1283 ἐνεικονίζεσθαι
3165 1218 3485 1289 πράγματα.
3524 1216 3676 1286 Ὅσῳ

2092 1316 2200 1388 γὰρ
2223 1315 2316 1368 ἐπὶ
2346 1314 2406 1368 τὸ
2447 1314 2830 1385 ἀσθενέστερον
2850 1311 3204 1383 ὑπορρέουσιν
3233 1311 3289 1363 αἱ
3332 1307 3674 1379 Ἐκκλησίαι,

2091 1407 2342 1461 τοσοῦτον
2369 1405 2448 1477 (2)
2473 1405 2884 1476 ὲπακμάζουσιν
2921 1404 2978 1457 αἱ
3015 1400 3125 1455 τῶν
3152 1398 3453 1471 ἀνθρώπων
3479 1399 3679 1469 φιλαρ-

2092 1498 2227 1568 χίαι.
2293 1496 2404 1550 Καὶ
2469 1496 2550 1559 εἰς
2619 1495 2913 1565 δυστήνους
2978 1488 3300 1562 ἀνθρώπους
3363 1486 3679 1559 οἰκότριϐας

2094 1588 2356 1661 περιέστη
2392 1586 2486 1641 νῦν
2516 1587 2578 1640 τὸ
2621 1586 2720 1657 τῆς
2754 1583 3061 1654 ἐπισκοπῆς
3102 1582 3293 1652 ὄνομα,
3334 1579 3551 1642 οὐδενὸς
3599 1580 3682 1632 αξ-

2096 1681 2359 1754 ρουμένου
2390 1680 2732 1748 ἀντεισάγειν
2778 1678 2968 1732 ἑαυτὸν
3013 1674 3120 1729 τῶν
3157 1674 3357 1728 δούλων
3392 1673 3489 1726 τοῦ
3518 1671 3678 1737 Θεοῦ,

2095 1773 2129 1844 ἢ
2169 1772 2280 1826 τῶν
2318 1770 2775 1841 ἀπεγνωσμένων,
2819 1768 2992 1823 ὁποῖοί
3037 1770 3174 1821 εἰσιν
3213 1768 3261 1819 οἱ
3300 1764 3397 1818 νῦν
3443 1766 3681 1834 ἐπιπεμ-

2097 1864 2321 1936 φθέντες
2378 1866 2507 1936 παρ’
2549 1862 2792 1916 ’Δνυσίου
2859 1860 2954 1914 τοῦ
3009 1860 3324 1930 θρέμματος
3382 1854 3675 1916 Εὐιππίου,

2096 1958 2192 2010 καὶ
2231 1954 2501 2008 Ἐκδικίου
2546 1954 2620 2025 ('5)
2663 1952 2757 2006 τοῦ
2817 1949 3240 2020 Παρνασσηνοῦ·
3286 1948 3346 2001 ὃν
3395 1947 3566 2002 κακὺν
3600 1946 3681 2016 (4)

2098 2040 2276 2111 ἑαυτῷ
2324 2040 2424 2111 τῆς
2465 2039 2765 2110 μελλούσης
2816 2039 2961 2108 ζωῆς
3014 2038 3222 2107 ἑφόδιον
3273 2035 3511 2106 ὲναφῆκε
3562 2039 3683 2099 ταῖς

2110 2134 2456 2206 Ἐκκλησίαις
2482 2136 2511 2188 ὁ
2551 2134 2915 2205 καταστήσας.
2940 2126 3097 2186 Οὗτοι
3144 2130 3239 2185 νῦν
3281 2130 3551 2201 ἐξήλασαν
3583 2130 3686 2201 μὲι

2096 2226 2195 2298 τῆς
2221 2227 2269 2280 Ν
2275 2225 2444 2298 ύσσης
2479 2226 2555 2297 (5)
2590 2225 2682 2279 τὸν
2704 2226 2929 2294 ἀδελφὸν
2950 2224 3040 2278 τὸν
3058 2223 3210 2295 ἐμὸν,
3242 2224 3336 2277 καὶ
3359 2224 3685 2294 ἁντεισήγα-

2098 2334 2195 2386 γον
2241 2319 2432 2391 ἄνδρα,
2486 2318 2688 2390 μᾶλλον
2737 2318 2795 2372 δὲ
2850 2317 3181 2390 ἀνδράποδον
3229 2315 3425 2384 ὀλίγων
3478 2314 3684 2369 ὀϐολῶν

2100 2410 2279 2477 ἄξιον,
2338 2411 2444 2483 τὴν,
2482 2411 2539 2465 δὲ
2596 2413 2696 2483 τῆς
2749 2409 2986 2474 πίστεως
3037 2408 3335 2480 διαφθορὰν
3386 2406 3685 2476 ἐφάμιλλον

2099 2504 2211 2566 τοῖς
2262 2503 2659 2572 καταστήσασι.
2702 2499 2928 2571 Δοάροις
2960 2498 3017 2552 δὲ
3055 2500 3122 2569 τῇ
3157 2498 3321 2570 κώμῃ
3361 2495 3560 2567 φθορόν
3590 2497 3686 2550 ἄν·

2101 2592 2341 2664 θρωπον,
2390 2590 2640 2665 ὀρφανῶν
2665 2589 2743 2663 (6)
2772 2590 3014 2661 οἰκέτην,
3057 2588 3366 2660 ἀποδράντα
3404 2586 3505 2658 μὲν
3557 2588 3687 2649 τοὺς

2103 2684 2295 2738 ἑαυτοῦ
2326 2683 2611 2748 δεσπότας,
2640 2682 2729 2736 διὰ
2771 2683 2827 2736 δὲ
2865 2679 3154 2744 κολακείας
3186 2679 3346 2733 ἀθέου
3374 2677 3621 2747 γυναίου,
3648 2678 3690 2748 ἢ

2103 2777 2366 2847 πρότερον
2409 2775 2506 2845 μὲν
2556 2771 2817 2844 Γεωργίῳ
2862 2772 3127 2843 ἐκέχρητο
3169 2771 3306 2842 πρὸς
3337 2770 3398 2824 τὸ
3437 2768 3565 2823 ἴδιον
3590 2769 3684 2822 θέ-

2102 2866 2272 2937 λημα,
2314 2863 2410 2918 νῦν
2453 2863 2510 2917 δὲ
2553 2863 2743 2917 τοῦτον
2787 2862 2911 2933 ἔσχε
2962 2862 3200 2933 διάδοχον
3246 2860 3478 2925 ἐκείνου,
3509 2860 3684 2930 ἔπεμ-

2102 2955 2232 3025 ψαν,
2268 2956 2331 3008 τὸ
2378 2954 2608 3007 ἐλεεινὸν
2640 2956 2739 3025 τῆς
2773 2953 3078 3024 ἐπισκοπῆς
3115 2953 3536 3025 καθυϐρίζοντες
3563 2952 3689 3006 δνο-

2029 3076 2071 3133 C
2108 3067 2204 3120 μα.
2241 3050 2321 3102 Τὰ
2345 3048 2403 3103 δὲ
2426 3048 2796 3103 Νικοπολιτῶν
2821 3047 2904 3111 τίς
2933 3046 3000 3101 ἂν
3034 3046 3170 3118 πρὸς
3204 3045 3361 3111 ἀξίαν
3394 3045 3679 3117 ὁδύραιτος

2104 3138 2197 3192 τοῦ
2232 3137 2414 3192 ἀθλίου
2443 3137 2751 3209 Φρόντωνος
2777 3138 3041 3209 πρότερον
3073 3136 3171 3207 μὲν
3199 3136 3358 3206 δῆθεν
3399 3136 3501 3207 τὴν
3542 3136 3683 3209 ὑπὲρ

2102 3238 2203 3297 της
2232 3208 2842 3298 ἀληθείαςίσυνηγορίαν
2872 3208 3343 3297 σχήματιζομένου
3372 3225 3469 3296 (7).
3501 3208 3685 3279 τελευὲ

2103 3321 2255 3372 ταῖον
2285 3318 2343 3372 δὲ
2370 3318 2610 3390 αἰσχρῶς
2638 3318 2925 3390 προδόντος
2952 3319 3048 3372 καὶ
3072 3318 3172 3389 τὴν
3199 3316 3382 3370 πίστιν
3417 3318 3514 3371 καὶ¹
3558 3319 3683 3370 ἐαυ-

2105 3410 2216 3474 τδν,
2247 3410 2342 3464 καὶ
2372 3409 2561 3480 μισθὸν
2613 3411 2710 3481 τῆς
2752 3409 3043 3482 προδοσίας
3071 3409 3326 3473 λαϐόντος
3366 3408 3537 3481 ὄνομα
3567 3410 3683 3461 ἀτι-

2108 3502 2256 3572 μίας.
2289 3501 2536 3567 Ἐδέξατο
2566 3501 2664 3573 μὲν
2688 3500 2797 3573 γὰρ
2824 3504 2953 3573 παρ’
2984 3501 3162 3556 αὐτῶν
3195 3502 3503 3572 ἐπισκοπῆς
3530 3500 3686 3566 ἀξίωφ

2109 3609 2204 3663 μα,
2253 3593 2329 3656 ὡς
2366 3595 2569 3647 οἴεταιο
2600 3593 2790 3662 γέγονε
2831 3594 2888 3647 δὲ
2919 3596 2986 3666 τῇ
3038 3594 3134 3648 τοῦ
3158 3582 3311 3648 ’Θεοῦ
3346 3594 3531 3666 χάριτι
3570 3610 3686 3647 κοι-

2105 3685 2194 3739 νὺν
2240 3684 2512 3755 βδέλυγμα
2540 3685 2720 3756 πάσης
2758 3685 2860 3756 τῆς
2903 3687 3215 3757 Ἀρμενίας.
3267 3686 3416 3757 Πλὴν
3447 3688 3529 3741 ὅτι
3559 3685 3681 3739 οὔτε

2105 3786 2288 3851 αὐτοῖς
2312 3786 2389 3860 (8)
2419 3785 2720 3858 ἀτόλμητόν
2762 3804 2837 3853 τι,
2883 3784 3005 3840 οὔτε
3049 3786 3315 3859 ἀποροῦσι
3360 3787 3470 3843 τῶν
3520 3786 3685 3854 ἀξίων

2106 3984 2315 4057 Ecdicii
2348 3984 2515 4057 simul
2537 3991 2593 4039 et
2616 3982 2827 4057 Evippii
2863 3983 3025 4057 longe
3042 3984 3405 4057 antiquioris,
3450 3993 3513 4040 ut
3540 3995 3686 4057 patet

2106 4072 2173 4125 ex
2204 4055 2366 4125 epist.
2416 4054 2543 4125 128,
2590 4056 2849 4109 alumnus
2877 4055 3009 4118 dici,
3040 4055 3095 4109 id
3126 4054 3228 4122 est,
3282 4057 3352 4109 ah
3382 4054 3604 4112 Ecdicio
3630 4068 3684 4111 et

2107 4123 2335 4195 Evip’pio
2360 4123 2646 4179 ordinatus
2671 4136 2725 4178 et
2758 4125 3066 4181 institutus.
3095 4125 3201 4181 Sed
3231 4141 3353 4180 cum
3371 4126 3630 4183 Ecdicius
3652 4144 3690 4180 a

2106 4194 2473 4250 Demosthene
2504 4195 2841 4250 constitutus
2874 4196 3401 4265 fuissetiepiscopus
3445 4195 3683 4252 Parnas-

2108 4265 2604 4346 scnus,_conjunxit
2627 4280 2685 4319 se
2709 4265 2762 4317 in
2791 4265 3026 4346 concilio
3049 4264 3683 4346 l‘iﬂysseno’cnnrAnysio

2108 4335 2322 4407 Evippii
2350 4336 2595 4407 alumno,
2622 4343 2825 4394 etcum
2856 4335 2952 4389 illo
2985 4350 3050 4407 ea
3079 4337 3323 4407 facinora
3350 4335 3689 4407 designavit,

425 4403 840 4479 Hierosolymis,
867 4399 1180 4455 'obsideute
1229 4399 1586 4479 Vespasiane,
1613 4399 1960 4479 __accide_runt
1983 4420 1999 4469 ;
2032 4409 2080 4469 ι)
2104 4399 2225 4476 (ιυαξ
2248 4399 2443 4460 ’Βοείιίί
2468 4413 2526 4479 et
2558 4406 2825 4479 bonorum
2853 4405 3099 4461 omnium
3131 4406 3392 4478 lacrymis
3420 4399 3501 4461 ac'
3515 4399 3684 4479 gemié

424 4492 549 4529 cum
590 4471 755 4529 simul
793 4481 847 4525 et
879 4479 1106 4525 externo
1138 4478 1516 4539 premerentur
1544 4471 1704 4534 bello,
1734 4480 1787 4524 et
1811 4472 2001 4528 deme-

427 4547 584 4599 sticis
617 4542 981 4598 seditionibus
1012 4542 1453 4602 absumerentur,
1486 4551 1547 4593 ut
1571 4541 1725 4593 aiunt
1752 4540 2003 4596 Orienta-

425 4616 505 4670 les
545 4613 786 4684 episcopi
826 4616 880 4665 in
919 4611 1080 4684 epiSt.
1114 4610 1231 4684 92.“
1238 4611 1333 4684 ubi
1381 4626 1505 4664 cum
1537 4611 1642 4664 hoc
1686 4610 1999 4666 Judazorum

426 4696 568 4739 statu
581 4679 914 4752 "comparant
933 4679 1173 4735 Orientis
1192 4679 1485 4744 Ecclesias,
1506 4696 1625 4750 quae
1642 4689 1836 4749 praeter
1851 4698 2003 4751 aper-

427 4768 540 4809 tum
577 4755 955 4808 hatreticorum
986 4753 1208 4815 bellum,
1248 4752 1568 4806 domesticis
1612 4752 1755 4805 inter
1792 4753 1998 4807 Catho-

425 4826 564 4880 licos
594 4822 1035 4879 dissensionibus
1089 4821 1430 4877 laborabant.
1466 4820 1667 4876 Eadem
1713 4836 2002 4891 compara-

426 4899 577 4951 tione
613 4898 786 4949 utitur
833 4892 1071 4947 Basilius
1099 4893 1157 4945 in
1206 4894 1606 4947 commentario
1652 4892 1709 4945 in
1767 4889 1998 4961 Isaiam,

426 4967 638 5037 p.455.
772 5033 797 5037 μ
963 5031 1008 5037 __
1064 5031 1077 5037 _
1163 5029 1297 5037 *η
1422 5033 1432 5037 Α

498 5036 574 5107 (2)
610 5033 928 5107 Τοσοῦτον.
962 5031 1126 5107 Med,
1152 5029 1320 5107 Coisl.
1354 5033 1565 5107 primus
1587 5031 1753 5107 et_aiii
1780 5031 2002 5107 duo‘re-

427 5102 701 5161 centiores
733 5103 1008 5173 TOGOLSTty._
1036 5102 1222 5173 l‘auio__
1250 5115 1375 5172 pOSt
1418 5103 1581 5158 iidem
1622 5102 1733 5157 duo
1781 5102 2000 5158 codices

428 5176 567 5231 Med.
601 5183 656 5230 et
683 5175 851 5229 Cuisl.
884 5171 1134 5244 περίεστι
1150 5171 1278 5244 νῦν.

499 5248 573 5318 (3)
606 5246 716 5299 Καὶ
743 5241 1080 5318 βῷιδικίου.
1117 5241 1299 5297 Mallet
1319 5242 1681 5318 Comhefisius
1698 5242 1768 5296 Et
1798 5242 2002 5318 Ecdicit'

425 5313 771 5371 Pa'rnasseni.
800 5313 907 5369 Sed
930 5319 1235 5382 repugnant
1256 5328 1364 5366 non
1393 5314 1569 5367 solum
1596 5329 1729 5369 mss.
1754 5314 1999 5377 codices,

427 5389 483 5443 in
508 5388 709 5457 quibus
742 5394 1009 5455 punctum
1037 5383 1262 5457 ponitur
1290 5393 1412 5453 post
1442 5383 1737 5457 Εὑιετπίου,
1769 5384 2000 5457 ut_indi-

425 5453 584 5511 retur
610 5453 872 5526 Anysium
893 5469 1169 5526 inon‘esse
1192 5453 1726 5526 alumnum_Evippii
1755 5466 1807 5526 et
1835 5453 1997 5507 Ecdi-

425 5528 521 5589 cii,
550 5527 645 5581 sed
678 5524 797 5595 ipsa
833 5525 995 5578 etiam
1026 5524 1276 5595 historia.
1306 5524 1442 5577 Nam
1480 5524 1735 5580 Ecdicius
1771 5525 1999 5595 iilernu-

426 5593 731 5667 pcrefuerat
771 5603 989 5667 creatus
1033 5593 1349 5667 episcopus,
1391 5601 1449 5667 ut
1480 5603 1565 5649 est
1596 5596 1648 5648 in
1674 5594 1997 5667 praecedenti

426 5664 495 5721 ad
530 5665 825 5720 Eusebium
877 5664 1130 5733 epistola.
1169 5664 1351 5729 Quare
1398 5666 1636 5736 Anysius
1677 5664 1786 5720 non
1825 5665 1999 5733 potuit

2102 4473 2251 4531 tibus
2288 4475 2572 4529 materiam
2603 4473 2891 4530 dederunt.

2174 4546 2253 4616 (4)
2292 4547 2401 4598 Ὃν
2437 4544 2663 4617 κωςόνη
2692 4544 2954 4611 Quamvis
2999 4550 3160 4599 antea
3211 4545 3449 4601 Basilius
3481 4548 3681 4617 plurali

2102 4614 2331 4670 numero
2364 4630 2499 4669 usus
2527 4614 2712 4678 fuerit,
2745 4630 2912 4668 unum
2935 4625 3117 4670 tamen
3140 4623 3195 4670 et
3231 4614 3686 4672 eumdem—homi-

2102 4702 2227 4740 nem
2262 4686 2534 4754 designat,
2571 4691 2633 4739 ut
2656 4685 2988 4755 perspicitur
3013 4701 3082 4741 ex
3115 4687 3446 4757 praecedenti
3468 4689 3540 4743 ad
3571 4688 3683 4742 Eu-

2103 4757 2311 4812 sebium
2337 4757 2589 4824 epistola.

2101 4826 2249 4949 Ν’(5)
2281 4827 2556 4894 Νύσσης.
2611 4824 2843 4892 Quidam
2896 4825 3115 4880 codices
3157 4841 3293 4881 mss.
3353 4841 3479 4881 cum
3518 4827 3681 4883 editis

2156 4914 2309 4949 υσης.

2156 4914 2309 4960 υσης.

2174 4914 2615 5054 (ῗῦὶςδορφανῶν.
2655 4965 2773 5021 Duo
2804 4964 3025 5021 codices
3056 4980 3168 5019 non
3196 4967 3565 5022 vetustissimi
3587 4969 3681 5042 ὀρ-

2101 5054 2817 5178 φαῖἵῖοὶῗχηματιζομένου.
2875 5105 3008 5174 Reg.
3068 5105 3454 5178 secundushet
3494 5105 3676 5178 Cois].

2103 5175 2378 5248 secundus
2400 5175 2645 5248 κατασχη
2656 5177 3036 5248 ματιζομὲνου.
3068 5175 3183 5230 Hoc
3200 5176 3384 5248 Dasiiii
3409 5176 3679 5247 judicium

2101 5249 2170 5302 de
2200 5247 2476 5302 Frontone
2523 5247 2883 5301 confirmatur
2928 5262 2997 5300 ex
3047 5247 3373 5316 pramedenti
3423 5249 3679 5316 epistola.

2101 5318 2214 5373 Cur
2242 5327 2424 5372 autem
2446 5332 2572 5371 eum
2603 5317 2884 5374 existimet
2915 5317 3122 5371 larvam
3163 5317 3382 5386 pietatis
3408 5317 3679 5373 hactenus

2102 5404 2214 5457 pra:
2248 5402 2306 5442 se
2333 5388 2545 5449 tulisse.
2574 5402 2676 5442 nec
2713 5387 2869 5441 fidem
2895 5402 3136 5457 unquam
3149 5402 3292 5457 _vere
3315 5398 3370 5441 et
3394 5403 3463 5442 ex
3494 5390 3679 5443 animo

2100 5454 2434 5523 defendisse,
2466 5458 2849 5512 examinamus
2878 5459 2934 5511 in
2980 5456 3101 5511 Vita
3134 5454 3195 5510 S.
3226 5456 3437 5511 Basilii.

2174 5529 2249 5599 (8)
2274 5528 2422 5581 Οὔτε
2452 5528 2676 5595 αὐτοῖς.
2707 5527 2781 5581 ita
2817 5526 2966 5584 Harl.
2997 5543 3126 5583 cum
3155 5527 3334 5583 tribus
3357 5529 3507 5585 aliis.
3536 5523 3671 5584 Edit’

2101 5597 2234 5652 οὔτε
2249 5598 2481 5661 ἑαυτοῖς.
