3856 6224
194 309 303 393 89:!

1081 311 1579 374 EPISTULARUM
1606 319 1897 377 CLASSIS
1937 324 2003 381 ιι.
2031 302 2254 383 EPIST.
2296 327 2491 387 CCXL.

3369 329 3476 385 δεδι

194 424 380 488 αὐτοῖς
414 426 711 497 συνεργῶν.
765 426 846 481 Τὰ
878 427 936 482 δὲ
975 428 1140 484 λοιπὰ
1182 432 1283 503 τῆς
1329 433 1531 506 Συρίας
1570 435 1790 506 ἄμεινον

1901 454 1983 494 res
2009 441 2324 497 accuratius
2343 456 2509 512 quam
2543 456 2645 497 nos
2663 449 2719 497 et
2753 442 2906 497 novit
2931 448 2987 498 et
3008 441 3287 497 enarrabit
3308 442 3477 498 frater

194 514 352 586 ἡμῶν
372 518 467 571 καὶ
508 513 618 571 οἶδε
659 520 753 573 καὶ
792 520 1110 593 διηγήσεται
1155 525 1184 576 ὁ
1232 523 1459 595 ἀδελφὸς
1493 525 1569 598 (9)
1609 527 1787 581 ’Δντί-

194 621 342 675 οχος.

266 696 324 751 2.
356 698 482 762 Τοῖς
510 698 568 752 δέ
609 700 675 753 ὲκ
710 701 811 771 τῆς
846 701 1049 765 δύσεως
1080 702 1244 766 αὐτὸς
1280 703 1659 775 προενέτυχες,
1707 708 1789 758 δι-

195 787 550 858 ηγησαμένου
591 789 767 843 πάντα
803 790 898 843 τοῦ
927 790 1156 861 ἀδελφοῦ
1187 792 1497 863 Δωροθέου·
1532 787 1578 861 ᾧ
1619 811 1787 846 ποτα-

196 883 308 945 πὰς
354 883 461 955 χρὴ
505 882 689 936 δοῦναι
750 884 912 937 πάλιν
960 884 1251 949 ἐπιστολὰς
1310 885 1564 951 ἀπιόντι;
1627 887 1789 949 Ἴσως

194 972 304 1045 γὰρ
334 975 654 1046 κοινωνήσει
681 975 782 1045 τῆς
808 975 928 1030 ὁδοῦ
960 976 1039 1047 τῷ
1065 976 1218 1048 καλῷ
1239 977 1627 1048 Σαγκτισσίμῳ
1653 976 1786 1049 (10),

197 1062 400 1133 πολλὴν
452 1063 627 1133 ἔχοντι
674 1065 928 1137 σπουδὴν,
982 1066 1078 1120 καὶ
1131 1067 1395 1139 περιιόντι
1445 1068 1546 1139 τὴν
1594 1069 1787 1121 ἁνατο·

193 1154 316 1227 λὴν,
360 1156 454 1208 καὶ
495 1158 624 1227 παρ’
680 1157 910 1210 ἑκάστου
963 1159 1073 1212 τῶν
1129 1160 1417 1230 ἐπισήμων
1464 1160 1787 1231 ὑπογραφάς

194 1248 293 1300 καὶ
324 1247 613 1312 ἐπιστολὰς
637 1250 1004 1322 κομιζομένῳ.
1046 1251 1180 1305 Τίνα
1229 1249 1324 1306 οὖν
1364 1253 1449 1306 δεῖ
1487 1251 1786 1306 ἐπιστεῖλαι

193 1337 262 1390 δι’
289 1338 490 1401 αὐτῶν,
535 1338 568 1410 ἢ
611 1343 726 1404 τοῖς
769 1342 1142 1396 ἐπιστέλλουσι
1189 1343 1306 1408 πῶς
1349 1344 1656 1408 συνθέσθαι,
1684 1345 1785 1398 αὐ-

193 1431 287 1494 τδς
326 1433 424 1503 μὲν
463 1432 685 1505 ἀπορῶ·
736 1433 833 1487 ἐὰν
878 1434 937 1487 δὲ
987 1435 1155 1508 εὕρῃς
1193 1437 1252 1489 ἐν
1292 1436 1447 1506 τάχει
1489 1436 1617 1499 τοὺς
1652 1434 1787 1507 πρὸς

192 1526 346 1595 ἡμᾶς
387 1526 859 1597 ἀφικνουμένους,
910 1528 1244 1594 καταξίωσον
1304 1530 1435 1600 ἡμῖν
1494 1528 1785 1600 γνωρίσαι.

206 1618 365 1687 Ἐμοὶ
398 1619 495 1688 μὲν
533 1618 640 1690 γὰρ
672 1620 735 1672 τὸ
780 1619 875 1672 τοῦ
923 1620 1221 1691 Διομήδους
1247 1622 1539 1693 ἐπέρχεται
1570 1622 1782 1690 λέγειν·

192 1711 253 1761 Μ
262 1708 294 1776 ὴ
324 1707 541 1777 ὄφελες
565 1709 892 1764 λίσσεσθαι
929 1711 1078 1781 (11)·
1117 1710 1287 1779 διότι,
1321 1715 1506 1784 φησὶν,
1546 1712 1785 1784 ἀγήνωρ

1896 529 2205 587 Antiochus

1962 711 2033 765 2.
2075 712 2153 767 De
2207 709 2373 768 rebus
2421 720 2603 768 autem
2652 709 3105 767 Occidentalibus
3150 708 3304 780 prius
3354 708 3476 780 ipse

1891 801 2157 867 didicisti,
2188 810 2448 857 narrante
2472 802 2657 856 omnia
2689 801 2862 855 fratre
2883 799 3181 862 Dorotheo,
3211 798 3301 853 cui
3337 813 3479 869 qua-

1891 897 1971 952 les
1996 895 2190 951 dandze
2221 912 2417 952 rursus
2435 896 2633 951 litterae
2663 892 3209 950 abeunti‘iFortasse
3233 894 3381 949 enim
3415 909 3477 949 se

1888 988 2106 1043 itineris
2135 988 2345 1043 socium
2365 987 2560 1059 junget
2586 988 2795 1057 optimo
2815 986 3207 1052 Sanctissimo,
3235 987 3330 1057 qui
3357 1002 3476 1041 ma-

1888 1096 1998 1150 gno
2028 1082 2183 1136 ardet
2231 1081 2415 1136 studio
2457 1096 2522 1136 ac
2559 1080 2837 1136 Orientem
2881 1088 3158 1151 peragrat,
3190 1088 3245 1134 et
3288 1078 3358 1134 ab
3388 1080 3477 1133 in-

1889 1169 2229 1240 signioribus
2277 1170 2594 1241 quibusque
2634 1169 3073 1240 subscriptiones
3108 1176 3163 1224 et
3208 1168 3474 1239 epistolas

1889 1263 2125 1333 colligit.
2157 1262 2292 1329 Quae
2337 1263 2506 1334 igitur
2542 1263 2817 1332 peripsos
2862 1260 3155 1316 scribenda
3198 1260 3334 1327 sint,
3377 1268 3474 1313 aut

1889 1353 2165 1424 quomodo
2209 1369 2336 1408 cum
2371 1354 2746 1410 scribentibus
2786 1351 3020 1406 consilia
3053 1335 3470 1421 conju‘ngenda,

1887 1443 2142 1513 equidem
2188 1442 2415 1504 dubito;
2460 1442 2557 1496 sed
2593 1443 2640 1497 si
2687 1442 2800 1496 cito
2825 1439 3095 1510 reperias,
3133 1438 3224 1508 qui
3258 1438 3327 1493 ad
3371 1454 3473 1492 nos

1886 1534 2330 1604 proficiscantur,
2377 1533 2539 1586 nobis
2572 1546 2849 1602 exponere
2896 1545 2967 1585 ne
3012 1530 3283 1599 graveris.
3338 1527 3471 1581 Mihi

1887 1625 2035 1681 enim
2063 1625 2215 1680 venit
2258 1624 2315 1679 in
2354 1633 2593 1679 mentem
2642 1621 2778 1677 illud
2823 1619 3104 1676 Diomedis
3146 1634 3419 1689 usurpare
3456 1638 3471 1673 :

1897 1714 2112 1769 Utinam
2132 1726 2378 1785 precatus
2410 1732 2513 1768 non
2538 1731 2699 1778 esses,
2734 1714 3009 1785 quoniam,
3034 1712 3234 1782 inquit,
3285 1712 3364 1765 air
3396 1721 3473 1764 est

192 1799 371 1852 ἐστὶν
405 1803 437 1854 ό
461 1800 637 1869 ἁνήρ.
668 1800 759 1872 Τῷ
784 1801 897 1855 δντι
928 1801 1483 1875 γὰρ’θεραπευόμενα
1519 1804 1589 1858 τὰ
1615 1806 1785 1878 ὑπερ-

1901 1809 2166 1879 superbus.
2222 1809 2358 1863 Nam
2397 1824 2589 1863 revera
2633 1806 2805 1860 animi
2832 1806 3000 1875 elati,
3045 1806 3175 1860 dum
3210 1805 3476 1875 obsequio

194 1895 383 1965 ήφανα
447 1895 551 1967 ἤθη
604 1895 814 1949 ἑαυτῶν
862 1897 1351 1971 ὑπεροπτικώτερα
1399 1898 1647 1967 γίνεσθαι
1701 1901 1789 1953 πέ-

194 2003 359 2053 φυκε.
386 1987 495 2040 Καὶ
523 1988 653 2061 γὰρ,
682 1988 775 2042 ἐὰν
801 1989 899 2059 μὲν
928 1989 1119 2061 ἱλασθῇ
1146 1992 1280 2060 ἡμῖν
1307 1991 1336 2042 ὁ
1370 1990 1595 2063 Κύριος,
1629 1992 1789 2057 ποίας

195 2075 391 2147 ἐτέρας
420 2076 737 2148 προσθήκης
762 2078 1028 2150 δεόμεθα·
1060 2082 1158 2134 ἐὰν
1182 2080 1239 2134 δέ
1271 2082 1530 2154 ἐπιμείνῃ
1571 2083 1604 2154 ἠ
1649 2082 1786 2155 ὀργὴ

193 2167 293 2222 τοῦ
321 2169 477 2232 Θεοῦ,
508 2172 638 2224 ποία
684 2171 905 2243 βοήθεια
955 2175 1085 2243 ἡμῖν
1138 2173 1235 2244 τῆς
1280 2173 1505 2244 δυτικῆς
1545 2173 1785 2245 ὀφρύοςς

196 2262 263 2316 υἱ
302 2264 365 2318 τὸ
409 2264 606 2335 ἀληθὲς
654 2264 777 2318 οὔτε
825 2267 1028 2329 ἴσασιν,
1078 2264 1202 2320 οὔτε
1245 2267 1435 2338 μαθεῖν
1481 2267 1784 2338 ἀνέχονται,

194 2356 417 2426 ψευδέσι
447 2357 506 2411 δὲ
549 2358 825 2421 ὑπονοίαις
864 2357 1310 2429 προειλημμένοι,
1356 2360 1541 2412 ἐκεῖνα
1572 2359 1787 2411 ποιοῦσι

196 2452 317 2515 νῦν,
347 2450 383 2505 ἃ.
414 2452 678 2523 πρότερον
712 2452 802 2505 ἐπὶ
830 2451 1165 2523 Μαρκέλλῳ·
1199 2452 1337 2524 πρὸς
1385 2451 1486 2522 μὲν
1531 2452 1659 2514 τοὺς
1687 2452 1786 2523 τὴν

196 2544 455 2615 ἀλήθειαν
526 2545 710 2608 αὐτοῖς
774 2543 1216 2612 ἀπαγγέλλοντας
1271 2542 1743 2615 φιλονεικήσαντες
1766 2584 1782 2609 ,

196 2635 295 2703 τὴν
345 2637 403 2689 δὲ
449 2636 660 2707 αἵρεσιν
705 2635 770 2688 δι’
806 2636 1015 2689 ἑαυτῶν
1065 2633 1481 2704 βεὸαιώσαντες.
1521 2634 1663 2704 Ἐγὼ
1687 2635 1784 2705 μὲν

205 2729 308 2799 γὰρ
337 2728 500 2788 αὐτὸς
535 2729 663 2783 ἄνευ
702 2726 798 2780 τοῦ
838 2727 1019 2781 κοινοῦ
1054 2729 1333 2799 σχήματος
1365 2726 1664 2799 ἐϐουλόμην
1689 2728 1787 2782 αῦ-

205 2819 306 2871 τῶν
334 2819 631 2872 ἐπιστεῖλαι
666 2818 741 2891 τῷ
792 2819 1105 2890 κορυφαίῳ·
1138 2820 1267 2891 περὶ
1303 2818 1403 2890 μὲν
1442 2818 1551 2872 τῶν
1588 2820 1788 2891 ἐκκλη-

199 2912 499 2965 σιαστικῶν
548 2910 719 2975 οὐδὲν,
770 2913 819 2964 εἰ
881 2911 955 2981 μὴ
1016 2912 1141 2964 ὅσον
1194 2910 1657 2982 παραινίξασθαι,
1704 2914 1786 2967 ὅτι

198 3001 325 3056 οὔτε
379 3003 526 3076 ῐσᾳσι
569 3003 677 3055 τῶν
722 3003 852 3074 παρ’
885 3005 1020 3073 ἡμῖν
1063 3003 1164 3074 τὴν
1202 3003 1481 3074 ἀλήθειαν,
1525 3002 1650 3057 οὔτε
1687 3004 1785 3077 τὴν

199 3100 315 3155 ὁδὸν
338 3100 405 3153 δι’
432 3095 500 3171 ἦς
533 3098 598 3153 ἂν
623 3099 938 3171 μανθάνοιεν
963 3096 1075 3169 (12)
1105 3098 1522 3170 καταδέχονται·
1553 3099 1785 3155 καθόλου
1816 3148 1858 3206 c

199 3194 256 3247 δὲ
294 3193 425 3264 περὶ
453 3192 548 3246 τοῦ
586 3191 659 3264 μὴ
689 3192 799 3245 δεῖν
834 3195 946 3256 τοῖς
977 3191 1083 3245 ὑπὸ
1110 3191 1220 3245 τῶν
1249 3192 1571 3265 πειρασμῶν
1597 3210 1788 3247 ταπει-

202 3286 455 3341 νωθεῖσιν
497 3284 868 3349 ἐπιτίθεσθαι,
918 3283 1052 3355 μηδὲ
1092 3283 1309 3355 ἀξίωμα
1356 3283 1564 3355 κρίνειν
1614 3284 1786 3355 ὑπερ-

204 3376 461 3448 ηφανίαν,
491 3376 795 3448 ἁμάρτημα
819 3375 913 3429 καὶ
953 3373 1112 3445 μόνον
1165 3371 1369 3446 ἀρκοῦν
1400 3372 1599 3447 ἔχθραν
1632 3374 1788 3446 ποιῆ-

203 3485 295 3523 σαι
324 3468 406 3533 εἰς
432 3466 584 3522 Θεόν.

700 3612 717 3623 ’
734 3625 1083 3680 amarum
1132 3624 1261 3679 21w.

1890 1903 2172 1968 coluntur,
2210 1901 2375 1956 solito
2404 1897 2819 1969 arrogantiores
2851 1896 2969 1953 fieri
3010 1898 3211 1952 solent.
3256 1895 3475 1950 Etenim

1891 1997 1937 2051 si
1979 1995 2139 2050 nobis
2182 1995 2432 2065 placetur
2478 1992 2765 2056 Dominus,
2805 2006 3044 2062 quonam
3083 1991 3192 2045 alio
3235 1990 3474 2045 admini-

1889 2088 2017 2142 culo
2075 2086 2423 2157 indigemus?
2469 2084 2566 2138 Sin
2622 2091 2803 2138 autem
2856 2088 3172 2154 perseveret
3222 2081 3305 2135 ira
3353 2080 3472 2142 Dei.

1889 2174 2050 2247 quale
2076 2177 2235 2232 nobis
2260 2175 2571 2247 praesidium
2606 2173 2886 2243 supercilii
2917 2170 3336 2227 Occidentalis?
3367 2169 3476 2237 Qui

1889 2271 2178 2324 veritatem
2212 2283 2388 2337 neque
2412 2275 2636 2331 norunt,
2671 2280 2849 2336 neque
2877 2265 3092 2319 discere
3114 2263 3342 2325 volunt,
3377 2261 3475 2317 sed

1892 2362 2045 2416 falsis
2058 2360 2467 2431 suspicionibus
2488 2356 2853 2428 praeoccupati
2871 2356 3058 2411 eadem
3074 2370 3222 2409 nunc
3239 2353 3472 2419 faciunt,

1890 2469 1955 2508 ac
1994 2454 2147 2524 prius
2183 2452 2237 2506 in
2276 2450 2517 2516 Marcelli
2542 2466 2731 2515 causa,
2764 2450 2819 2504 in
2849 2464 2958 2520 qua
2991 2463 3117 2502 cum
3157 2446 3477 2503 hominibus

1890 2548 2179 2602 veritatem
2216 2544 2324 2600 sibi
2368 2543 2757 2598 nuntiantibus
2787 2542 3181 2611 delitigarunt,
3216 2537 3475 2593 haeresim

1890 2653 2023 2693 vero
2045 2653 2142 2707 per
2173 2637 2388 2707 seipsos
2417 2634 2839 2691 confirmarunt.
2870 2631 2983 2703 Ego
3016 2632 3133 2702 ipse
3161 2630 3300 2685 citra
3322 2645 3476 2684 com-

1891 2745 2112 2785 munem
2168 2727 2403 2783 formam
2462 2726 2532 2781 ad
2580 2742 2773 2781 eorum
2826 2723 3178 2795 coryphaeum
3231 2721 3477 2777 scribere

1888 2821 2161 2885 volebam,
2198 2820 2265 2875 de
2295 2819 2463 2875 rebus
2490 2818 2709 2889 quidem
2741 2814 3139 2872 ecclesiasticis
3160 2812 3335 2880 nihil,
3366 2813 3476 2869 nisi

1890 2923 2165 2987 quatenus
2209 2913 2556 2968 subobscure
2594 2912 2968 2966 insinuassem
2993 2948 3008 2974 ,
3041 2922 3221 2977 neque
3250 2906 3375 2962 illos
3408 2905 3478 2962 de

1888 3007 2055 3061 rebus
2086 3005 2293 3060 nostris
2321 3019 2446 3059 vera
2460 3018 2646 3070 nosse,
2679 3018 2856 3072 neque
2878 3002 3021 3055 viam
3049 3014 3158 3069 qua
3189 2998 3478 3053 addiscere

1893 3100 2130 3170 possint,
2153 3096 2446 3167 amplecti;
2468 3110 2530 3149 ac
2548 3094 2846 3166 generatim
2872 3092 3282 3148 admonuissem
3306 3089 3478 3144 homi-

1894 3194 2093 3255 nibus,
2132 3206 2273 3262 quos
2318 3188 2653 3244 tentationes
2703 3187 3047 3251 alllixerunt,
3098 3183 3476 3239 insultandum

1893 3298 2004 3337 non
2021 3297 2168 3347 esse,
2191 3293 2370 3350 neque
2387 3278 2705 3348 dignitatem
2730 3274 3107 3330 aestimandam
3129 3271 3440 3343 superbiam
3459 3288 3474 3323 :

1895 3374 2042 3446 quod
2090 3379 2379 3443 peccatum
2414 3370 2499 3426 vel
2537 3369 2762 3424 unicum
2816 3367 2870 3422 id
2906 3367 3085 3433 valet,
3129 3374 3190 3419 ut
3227 3363 3477 3418 inimicos

1896 3466 2008 3522 Deo
2034 3464 2249 3520 elﬁciat.

2250 3617 2416 3689 369
2466 3613 2808 3670 EPISTOLA
2845 3610 3080 3669 CCXL‘.

206 3739 427 3795 Basilius
448 3739 670 3793 hortatur
687 3739 754 3802 ad
775 3739 1093 3802 constantiam
1116 3737 1166 3789 in
1187 3737 1535 3802 persecutione.
1559 3751 1617 3787 ac
1641 3750 1725 3800 spe
1747 3734 1926 3802 auxilii
1944 3748 1975 3783 a
2003 3734 2099 3783 Deo
2124 3729 2313 3802 uenturi
2351 3729 2624 3780 consolatur
2649 3740 2670 3802 :_
2689 3734 2847 3797 monet
2888 3740 2948 3777 ne
2966 3801 2971 3802 γ
2986 3725 3171 3802 fucum,
3190 3721 3483 3802 faciat
3550 3757 3561 3763 -

271 3787 1369 3868 Ebibit};ﬁdaﬁdasithoniaivzgat‘sé
1391 3787 1605 3866 unquam
1626 3787 2014 3856 contritissurum,
2039 3802 2090 3845 ut
2115 3797 2409 3843 Frontonem
2443 3797 2672 3856 agnoscat
2698 3787 2996 3853 episcopum,
3018 3789 3091 3838 vel
3120 3787 3323 3850 recipiat
3361 3798 3483 3851 quos

268 3864 354 3918 ille
372 3863 692 3917 ordinauerit.

546 3972 972 4036 Νικοπολίταις
1007 3969 1454 4040 πρεσϐυτέροις.

282 4090 339 4144 1.
367 4088 480 4142 Καὶ
515 4086 919 4150 ἐπιστείλαντες
960 4087 1090 4158 ἡμῖν
1116 4085 1297 4149 καλῶς
1323 4084 1435 4155 (15)
1475 4076 1790 4154 ἐποιήσατε,

207 4183 310 4238 καὶ
359 4181 448 4235 διὰ
486 4178 728 4233 τοιούτου
770 4177 960 4251 ἀνδρὸς
1000 4176 1421 4239 ἐπιστείλαντες,
1451 4174 1508 4239 ὃς
1542 4176 1636 4227 καὶ
1667 4172 1793 4226 ἄνευ

209 4273 562 4347 γραμμάτων
614 4269 907 4343 ἐξήρκεσεν
973 4268 1039 4324 ἂν
1089 4270 1221 4341 ἡμῖν
1277 4268 1378 4339 τήν
1428 4284 1487 4320 τε
1531 4267 1623 4319 ἐπὶ
1677 4266 1798 4326 ταῖς

210 4370 465 4443 φροντίσι
511 4366 867 4440 παραμυθίαν
915 4365 1105 4437 ἱκανὴν
1150 4366 1475 4437 παρασχεῖν,
1522 4362 1618 4415 καὶ
1654 4361 1800 4415 διδα-

2288 3957 2685 4029 Nicopolitanis
2716 3957 3058 4028 presbyteris.

1971 4076 2024 4130 1.
2059 4074 2229 4132 Recte
2276 4073 2505 4138 fecistis,
2553 4080 2609 4129 et
2648 4072 2794 4145 quod
2836 4071 3173 4142 scripseritis
3198 4109 3214 4135 ,
3245 4077 3300 4125 et
3330 4066 3480 4138 quod

1901 4184 2002 4240 per
2034 4169 2202 4223 talem
2237 4167 2418 4223 virum
2453 4166 2793 4237 scripseritis
2813 4206 2828 4231 ,
2858 4164 2953 4235 qui
2986 4166 3150 4219 etiam
3188 4162 3307 4219 sine
3332 4161 3484 4216 litte-

1901 4261 1982 4316 ris
2012 4261 2285 4330 potuisset
2332 4259 2495 4315 nobis
2530 4268 2585 4314 et
2621 4258 2881 4313 idoneum
2920 4258 2977 4311 in
3013 4253 3483 4313 sollicitudinibus

1906 4352 2162 4408 solatium
2197 4358 2496 4422 praestare,
2526 4357 2582 4405 et
2613 4357 2873 4405 accurate
2908 4348 2976 4403 de
3018 4348 3182 4401 rebus
3219 4345 3481 4400 edocere.

213 4440 445 4517 σκαλίαν
475 4459 677 4532 ἀκριϐῆ
713 4459 822 4512 τῶν
851 4457 1190 4530 πραγμάτων
1227 4454 1574 4527 ποιήσασθαι.
1619 4451 1792 4505 Πολλά

1904 4444 2072 4498 Multa
2102 4444 2252 4499 enim
2278 4450 2435 4498 erant
2456 4485 2471 4511 ,
2509 4458 2634 4514 qua:
2671 4443 2969 4498 avebamus
3000 4456 3068 4495 ex
3098 4440 3284 4509 aliquo
3319 4450 3489 4491 accu-

211 4555 328 4625 γὰρ
359 4548 429 4625 ἧν
461 4550 496 4606 ἃ.
525 4547 899 4621 ἐπεζητοῦμεν
925 4546 1078 4619 παρὰ
1105 4544 1199 4599 τοῦ
1229 4545 1543 4614 σαφέστατα
1573 4545 1801 4596 ἐπιστα-

220 4646 384 4718 μένου
419 4642 630 4715 μαθεῖν,
653 4641 742 4695 διὰ
767 4641 831 4694 τὸ
860 4639 959 4703 τὰς
990 4640 1179 4710 φήμας
1204 4635 1633 4708 πεπλανημένως
1663 4633 1802 4705 πρὸς

215 4740 369 4813 ἡμᾶς
392 4734 711 4800 διαϐαίνειν,
736 4732 772 4788 δι
805 4734 984 4787 πάντα
1013 4731 1124 4801 (14)
1162 4730 1440 4796 εὐσταθῶς
1473 4731 1567 4785 καὶ
1603 4727 1801 4799 ἐμπεί-

220 4850 332 4905 ρως
362 4830 659 4901 διηγήσατο
701 4829 834 4898 ἡμῖν
865 4827 895 4879 ὁ
928 4823 1301 4887 ποθεινότατος
1339 4825 1433 4877 καὶ
1476 4821 1803 4894 τιμιώτατος

214 4922 451 4992 ἁδελφὸς
485 4918 645 4992 ἡμῶν
678 4917 961 4985 Θεοδόσιος
987 4918 1016 4970 ὁ
1048 4914 1551 4988 συμπρεσϐύτερος.
1590 4916 1658 4967 Ἃ
1694 4913 1806 4965 τοί-

220 5151 236 5166 .
295 5079 372 5154 (9)
517 5078 801 5167 ᾁδελφός.
838 5075 1230 5167 Editiaddunt
1267 5073 1446 5147 ἡμῶν,
1477 5072 1623 5143 quod
1651 5072 1806 5128 deest

216 5168 280 5210 111
307 5168 399 5205 SEX
443 5166 577 5205 ItlSS.
994 5166 1003 5167 ί

300 5221 414 5294 (l0)
448 5217 884 5294 Σαγκτισσίμῳ.
919 5217 993 5271 tta
1005 5215 1231 5294 __ilarl.,_
1251 5215 1400 5280 γαίη
1428 5213 1809 5294 Eegiushuter-

219 5282 336 5363 que
377 5282 630 5363 ét‘lioisl.
660 5282 969 5363 Secundus;
993 5287 1169 5349 ,Editi.
1194 5282 1581 5363 Σαγκτησίμζυ.
1635 5282 1808 5339 Paulo

222 5357 355 5434 post
384 5360 516 5443 editi
696 5359 763 5443 σὺ
810 5359 911 5443 δέ..
936 5357 1099 5443 Deest
1120 5357 1431 5443 pronomen
1479 5360 1545 5443 lin
1572 5366 1804 5443 septem

222 5428 369 5489 inss.
402 5430 461 5485 In
491 5429 825 5485 editionibus
870 5429 1005 5496 Hag.
1035 5441 1089 5482 et
1120 5428 1351 5483 Froben.
1398 5428 1418 5481 ι
1460 5428 1613 5482 deest
1640 5428 1806 5496 etiam

223 5504 337 5557 alia
363 5501 576 5556 vocula.
600 5498 770 5553 Paulo
793 5509 916 5571 post
947 5495 1236 5555 Medicaaus
1260 5499 1433 5553 codex
1462 5495 1808 5551 συνεπιστέλ-

221 5573 422 5710 λοῖῗῗ)
459 5642 815 5700 Λίσσεσθαι.
858 5640 1004 5697 Citat
1034 5639 1271 5696 Basilius
1299 5654 1366 5696 ex
1411 5637 1576 5693 Iliad.
1613 5651 1652 5702 ι,
1685 5652 1809 5692 ver—

228 5726 334 5770 sus
358 5712 463 5766 695
490 5722 545 5767 et
572 5713 698 5767 696.

312 5782 423 5854 με)
453 5782 845 5839 Μανθάνοιεν.
879 5783 954 5838 [ta
985 5782 1225 5853 quinque
1259 5781 1433 5837 nostri
1465 5777 1683 5836 codices
1705 5793 1807 5849 op-

1903 4537 2182 4593 ratissime
2214 4537 2425 4593 sciente
2464 4551 2802 4608 cognoscere
2823 4574 2839 4599 ,
2880 4542 3175 4607 propterea
3211 4530 3357 4601 quod
3388 4544 3487 4582 ru-

1908 4644 2089 4685 mores
2142 4629 2268 4700 vagi
2322 4629 2467 4700 apud
2522 4645 2627 4684 nos
2679 4634 3117 4699 spargerentur;
3151 4624 3248 4679 sed
3300 4620 3484 4676 omnia

1906 4729 2228 4777 constanter
2274 4735 2340 4775 ac
2384 4722 2560 4791 perite
2606 4720 2860 4791 exposuit
2903 4718 3060 4773 nobis
3101 4714 3485 4786 Optatissimus

1907 4826 1971 4868 ac
2009 4813 2508 4871 reverendissimus
2551 4812 2718 4867 frater
2750 4818 2940 4867 noster
2966 4807 3309 4863 Theodosius
3333 4817 3508 4871 como.

1907 4907 2213 4980 presbyter.
2268 4906 2460 4975 Itaque
2511 4918 2635 4974 qua:
2690 4902 2826 4957 mihi
2883 4901 3003 4971 ipse
3056 4897 3261 4954 suadeo
3289 4934 3305 4959 ,
3367 4893 3485 4947 haec

1909 5081 2054 5134 limat
2084 5086 2245 5132 notae.
2273 5074 2426 5146 iEditi
2467 5073 2708 5146 μάθοιεν.

1979 5148 2091 5220 (15)
2122 5145 2354 5213 Καλῶς.
2382 5138 2583 5220 Ιιξιξεοιι
2610 5159 2746 5220 mss.
2780 5142 2921 5220 Editi
2950 5140 3134 5196 καλόν.
3170 5138 3337 5193 Paulo
3360 5144 3487 5208 post

1907 5212 2083 5274 Coisl;
2113 5212 2325 5288 primus
2347 5226 2401 5271 et
2430 5215 2571 5288 Myd.
2597 5212 2987 5288 ἐπιζητοῦμεν.

1982 5277 2191 5361 (Mi-fit
2214 5287 2432 5361 πάντα.
2459 5286 2626 5341 Coisl.
2662 5277 2951 5361 priinuslet
2978 5281 3118 5361 Med.
3148 5282 3347 5361 παντα.
3375 5277 3487 5361 N_ec

1907 5351 2273 5430 longe'jidem
2313 5358 2532 5430 codices
2558 5351 2830 5430 *παρόντα
2861 5353 2997 5424 βίον.
3026 5352 3376 5430 Sic_vi_det:i_r
3404 5351 3488 5430 ⁸ο-

1909 5420 2395 5502 gis§e_Scu_ltetus.
2422 5425 2597 5502 Vertit
2630 5420 2776 5502 enim
2898 5424 3145 5502 praesenti
3166 5426 3298 5502 vita.
3333 5420 3487 5502 unde

1908 5491 2134 5571 vapulat
2157 5498 2511 5571 Combelisio.
2549 5495 2661 5571 Sed
2686 5509 2796 5571 non
2828 5491 3346 5571 vidit__Combelisius
3370 5491 3484 5562 βίον

1910 5564 2025 5626 sive
2055 5570 2217 5623 vitam
2249 5568 2353 5622 hoc
2384 5568 2504 5623 loco
2535 5574 2589 5621 et
2612 5565 2863 5636 pluribus
2892 5565 3016 5620 aliis
3054 5564 3196 5620 idem
3225 5579 3288 5620 ac
3313 5576 3486 5618 sicca-

1909 5642 2020 5696 tum
2056 5653 2273 5695 sonare.

1987 5716 2002 5734 '
2029 5711 2181 5767 Alias
2210 5707 2414 5766 CXCII.
2449 5705 2662 5778 Scripta
2697 5722 2840 5762 anno
2861 5704 2987 5761 376.
