3856 6224
399 273 508 334 895

1716 280 1774 336 ε.
1819 280 2069 336 BASILII
2110 278 2330 334 MAGNI

3572 285 3677 341 896

394 390 562 444 etiam
589 387 654 443 ad
682 397 922 444 vestram
954 390 1214 463 pietatem
1257 390 1443 447 scribo
1470 411 1485 446 :
1524 392 1715 448 multis
1747 393 1858 463 jam
1895 409 1977 448 ea-

2091 410 2185 446 νυν
2231 393 2447 457 ἑαυτοῖς
2506 392 2946 464 συμϐουλεύομεν
2991 392 3127 463 (15),
3174 393 3349 447 ταῦτα
3394 393 3491 448 καὶ
3541 398 3678 468 πρὸς

395 480 522 535 dem
557 494 621 535 ac
654 481 813 536 vobis
840 483 1143 554 contigisse
1170 501 1185 548 ;
1219 498 1284 537 ac
1323 498 1433 538 non
1459 484 1634 538 solum
1671 486 1773 539 hac
1799 493 1977 549 aetate,

396 569 494 626 sed
528 573 813 642 praeterito
852 574 1020 628 etiam
1072 583 1323 644 tempore
1367 575 1659 630 innumera
1708 576 1978 646 ejusmodi

392 663 669 732 exempla,
724 663 925 732 partim
986 664 1343 719 historiarum
1387 668 1764 722 monumentis
1797 667 1982 722 consi-

394 764 592 824 gnata,
640 756 845 824 partim
894 748 1058 816 nobis
1103 770 1215 810 non
1263 758 1472 826 scripta
1518 760 1906 814 recordatione
1949 776 1979 814 a

394 845 590 915 peritis
641 829 847 901 tradita
894 847 1092 911 fuisse,
1143 848 1613 918 quemadmodum
1661 850 1871 904 viritim
1925 860 1979 906 et

392 936 699 1007 oppidatim
748 939 1086 995 tentationes
1136 956 1234 1010 pro
1278 942 1505 997 nomine
1536 941 1751 997 Domini
1803 945 1981 998 corri-

394 1012 865 1097 puerinteos,qui
910 1028 965 1081 in
983 1030 1158 1098 ipsum
1180 1030 1494 1099 sperabant.
1517 1027 1622 1084 Sed
1643 1036 1823 1085 tamen
1842 1045 1981 1100 prae-

392 1118 663 1173 terierunt
693 1120 903 1182 omnia,
938 1135 1041 1175 nec
1087 1135 1335 1175 aerumna
1378 1136 1609 1190 prorsus
1643 1122 1753 1175 ulla
1784 1138 1979 1192 perpe-

393 1216 545 1263 tuam
571 1210 736 1265 habet
771 1213 1106 1267 molestiam.
1141 1213 1617 1279 Quemadmodum
1644 1216 1793 1270 enim
1816 1231 1976 1286 gran-

393 1300 576 1366 dines,
609 1309 1000 1375 torrentesque
1031 1314 1085 1360 et
1119 1322 1466 1378 quaecunque
1495 1308 1635 1361 mala
1667 1324 1799 1363 casu
1830 1309 1979 1363 acci-

392 1391 553 1456 dunt,
578 1394 840 1449 mollibus
868 1395 1089 1465 quidem
1126 1396 1286 1451 facile
1320 1406 1600 1453 nocentac
1624 1413 1688 1454 ea
1718 1407 1975 1467 vastant;

394 1483 492 1538 sed
517 1484 564 1539 si
598 1484 655 1539 in
683 1485 911 1542 duriora
948 1487 1217 1555 incidant,
1244 1491 1527 1560 patiuntur
1559 1490 1766 1560 aliquid
1792 1493 1976 1562 potius

391 1587 557 1644 quam
608 1573 847 1629 laedunt:
904 1576 979 1629 ita
1030 1583 1087 1631 et
1132 1578 1484 1632 vehementes
1536 1577 1871 1633 tentationes
1920 1579 1974 1632 in

394 1661 700 1719 Ecclesiam
732 1665 1061 1729 concitatae,
1109 1665 1502 1722 imbecilliores
1535 1666 1659 1722 ﬁdei
1706 1667 1762 1720 in
1813 1669 1974 1722 (111τί-

2087 484 2187 555 τὴν
2212 484 2490 555 ὑμετέραν
2524 484 2811 539 εὐλάϐειαν
2835 486 3150 557 γράφομεν·
3178 485 3261 539 ὅτι
3304 486 3527 552 πολλοῖς
3554 505 3679 541 συνο

2088 575 2187 646 έϐη
2230 575 2422 639 ταῦτα,
2465 574 2502 628 ἃ
2542 575 2637 629 καὶ
2685 576 2846 647 ὑμῖν·
2882 577 2976 630 καὶ
3012 576 3072 629 οὐ
3103 575 3244 629 κατά
3289 575 3380 632 τὸν
3433 578 3680 650 παρόντα

2087 667 2279 739 καιρὸν
2343 669 2528 739 μόνον,
2575 669 2713 722 ἀλλά
2760 669 2856 722 καὶ
2894 670 2953 723 ὲν
2996 669 3074 741 τῷ
3126 669 3448 742 παρελθόντι
3500 672 3679 744 χρόνῳ

2091 760 2260 832 μυρία
2303 760 2414 814 τῶν
2456 760 2715 814 τοιούτων
2758 761 2827 814 τὰ
2875 761 3281 833 ὑποδείγματα·
3330 763 3401 817 τά
3449 765 3547 835 μὲν
3583 767 3679 834 ἔγ-

2086 850 2315 922 γράφως
2357 852 2413 904 αἱ
2458 851 2692 922 ἱστορίαι
2746 852 3190 918 καταλελοίπασι,
3221 852 3291 907 τὰ
3322 853 3379 908 δὲ
3410 858 3476 926 τῇ
3511 857 3680 929 ἀγρά-

2086 960 2171 1013 φῳ
2204 945 2393 1015 μνήμῃ
2432 942 2583 1014 παρά
2620 942 2738 1002 ,τῶν
2784 942 3000 997 εἰδότων
3044 943 3427 1016 διεδεξάμεθα·
3466 948 3551 1001 ὅτι
3584 949 3676 1002 καὶ

2084 1035 2226 1088 κατὰ
2277 1034 2449 1112 ἀνδρα
2502 1035 2754 1098 ἕκαστον,
2805 1036 2898 1088 καὶ
2950 1036 3091 1090 κατὰ
3145 1037 3327 1102 πόλεις
3375 1042 3677 1112 πειρασμοὶ

2086 1103 2391 1197 περιέσχον-
2416 1126 2558 1199 ὑπὲρ
2599 1126 2690 1181 τοῦ
2732 1127 2996 1195 ὀνόματος
3031 1128 3126 1182 τοῦ
3176 1130 3382 1201 Κυρίου
3424 1103 3553 1197 τοὺς
3585 1103 3678 1197 ἐἰς

2084 1214 2247 1269 αὐτὸν
2296 1216 2616 1284 ὴλπικότας.
2668 1216 2807 1270 Ἀλλ’
2863 1218 3013 1288 ὅμως
3062 1218 3306 1291 παρῆλθε
3346 1220 3546 1283 πάντα,
3580 1222 3677 1275 καὶ

2083 1306 2233 1359 οὐδὲν
2265 1306 2375 1360 τῶν
2422 1307 2764 1380 σκυθρωπῶν
2813 1307 3081 1362 ἀθάνατον
3127 1310 3251 1381 ἔσχε
3291 1310 3353 1364 τὸ
3406 1311 3673 1384 λυπηρόν.

2095 1398 2184 1459 Ὠς
2228 1398 2337 1470 γὰρ
2397 1398 2507 1470 (16)
2540 1402 2598 1453 αί
2655 1398 2918 1471 χάλαζαι,
2974 1403 3070 1456 καὶ
3119 1403 3169 1457 oi
3213 1404 3525 1477 χείμαρροι,
3581 1406 3679 1458 καί

2083 1487 2184 1541 ὃσα
2215 1488 2323 1541 τῶν
2356 1489 2543 1543 κακῶν
2576 1490 2921 1561 αὐτοσχέδια,
2962 1491 3033 1544 τὰ
3072 1492 3172 1562 μὲν
3215 1493 3436 1565 μαλακά
3477 1495 3676 1566 ῥᾳδίως

2083 1580 2283 1651 ἔϐλαψε
2324 1581 2422 1634 καὶ
2467 1581 2852 1654 διελυμήνατο,
2897 1585 3011 1647 τοῖς
3059 1584 3116 1638 δὲ
3154 1585 3471 1652 ἀντιτύποις
3518 1605 3677 1661 περι-

2082 1672 2312 1741 τυχόντα
2354 1672 2526 1726 ἔπαθέ
2578 1690 2633 1726 τι
2680 1673 2882 1745 μᾶλλον
2930 1676 2963 1746 ἦ
3022 1675 3277 1748 ἔδρασεν·
3309 1680 3453 1735 οὔτω
3493 1682 3588 1735 καὶ
3622 1682 3671 1734 οί

393 1759 542 1807 stum
591 1752 851 1808 ﬁrmitate
876 1754 1233 1824 deprehensae
1283 1762 1434 1811 sunt.
1501 1754 1972 1822 Quemadmodum

2088 1764 2268 1835 λάϐροι
2315 1765 2457 1819 κατὰ
2499 1766 2599 1837 τῆς
2644 1767 2973 1839 Ἐκκλησίας
3013 1773 3313 1842 πειρασμοὶ
3358 1774 3674 1843 κινηθέντες

395 1859 528 1917 ergo
556 1845 849 1916 grandinis
894 1847 1072 1901 nubes
1104 1848 1390 1917 praeteriit,
1424 1856 1478 1902 et
1514 1855 1733 1904 torrens
1759 1850 1973 1903 alveum

391 1935 751 2007 prasterﬂuxit
788 1938 906 2007 (illa
956 1939 1103 1993 enim
1156 1940 1210 1994 in
1258 1940 1612 1995 serenitatem
1660 1941 1973 2010 dissoluta;

392 2028 480 2083 hic
511 2045 641 2085 vero
668 2032 895 2085 evanuit
919 2031 975 2086 in
1010 2032 1369 2102 profundum,
1400 2037 1566 2099 viam,
1596 2050 1703 2107 qua
1726 2034 1935 2090 ellluxit
1958 2075 1973 2098 ,

389 2122 600 2177 siccam
644 2132 699 2177 et
752 2123 968 2179 aridam
1020 2125 1401 2198 relinquens);
1453 2127 1530 2180 ita
1576 2135 1630 2182 et
1684 2142 1833 2182 nunc
1889 2129 1976 2183 in-

392 2223 656 2283 gruentes
679 2216 840 2272 nobis
868 2219 1123 2287 procellae
1146 2221 1311 2289 paulo
1333 2228 1459 2291 post
1495 2236 1604 2276 non
1621 2232 1805 2277 erunt.
1833 2222 1980 2277 Tan-

392 2306 678 2361 tummodo
714 2308 769 2363 in
814 2309 1059 2364 animum
1101 2310 1433 2369 inducamus
1474 2328 1583 2367 non
1603 2313 1668 2367 ad
1687 2317 1975 2384 pmsentia

390 2399 688 2469 respicere,
724 2400 819 2456 sed
860 2402 1025 2472 paulo
1057 2404 1351 2460 remotiora
1384 2420 1483 2475 spe
1518 2405 1746 2461 intueri.

460 2655 515 2711 2.
559 2656 688 2713 Sive
719 2658 921 2729 igitur,
963 2658 1189 2724 fratres,
1223 2662 1408 2731 gravis
1442 2665 1709 2731 tentatio;
1756 2665 1978 2721 labores

391 2759 459 2800 ac
489 2747 840 2804 dillicultates
874 2749 1256 2819 perferamus;
1301 2769 1465 2808 nemo
1521 2756 1667 2810 enim
1710 2772 1819 2812 non
1854 2774 1980 2828 per-

392 2850 592 2892 cussus
619 2839 676 2892 in
730 2845 1055 2905 certamine,
1104 2857 1208 2897 nec
1236 2845 1464 2913 pulvere
1492 2860 1787 2916 aspersus,
1821 2863 1980 2903 coro-

391 2938 598 2994 !‘atur;
650 2929 768 2985 sive
803 2932 944 2987 levia
990 2933 1106 2989 haec
1140 2935 1344 2990 diaboli
1393 2937 1664 3003 ludibria,
1698 2947 1753 2994 et
1781 2940 1879 3010 qui
1922 2941 1977 2995 in

2076 1856 2457 1929 ἀσθενέστεροι
2520 1858 2616 1912 τοῦ
2686 1861 3070 1933 στερεώματος
3133 1863 3236 1934 τῆς
3292 1866 3376 1928 εἰς
3438 1866 3676 1937 Χριστὸν

2076 1945 2313 2010 πίστεως
2343 1948 2742 2021 διεδείχθησαν.
2789 1952 2878 2015 Ὠς
2917 1948 3012 2006 οὖν
3062 1953 3312 2025 παρῆλθε
3353 1956 3456 2026 τῆς
3494 1957 3661 2026 χαλάι

2078 2036 2178 2109 ζης
2220 2038 2281 2092 τὺ
2322 2039 2508 2108 νέφος,
2552 2041 2648 2094 καὶ
2690 2044 2978 2115 παρεῤῥύη
3024 2046 3124 2116 τὴν
3172 2046 3451 2119 χαράδραν
3490 2050 3519 2102 ὁ
3551 2049 3665 2118 χει-

2082 2133 2291 2204 μαρρος
2341 2132 2422 2203 (τὸ
2464 2134 2562 2204 μὲν
2606 2134 2716 2207 γὰρ
2759 2137 2841 2199 είς
2892 2136 3110 2208 αἰθρίαν
3149 2138 3390 2210 διελύθη,
3428 2143 3457 2194 ό
3489 2140 3549 2194 δὲ
3579 2143 3665 2193 ἐν·

2077 2222 2354 2303 ηφανίσθη
2394 2222 2473 2294 τῷ
2504 2223 2673 2295 βυθῷ,
2709 2226 2879 2298 ξηρὰν
2911 2228 3007 2303 καὶ
3052 2228 3281 2301 ἀνικμον
3322 2231 3421 2303 τὴν
3456 2232 3576 2286 ὁδὸν
3603 2233 3672 2287 δι’
3720 2216 3727 2223 ’

2179 2312 2349 2386 ἐρρύη
2392 2315 2766 2388 καταλιπών)·
2801 2299 2965 2373 οὕτω⁷
2997 2321 3092 2376 καὶ
3137 2299 3207 2375 τά
3244 2322 3342 2376 νῦν
3376 2299 3536 2394 ημᾶς
3561 2342 3672 2395 χει-

2081 2402 2321 2475 μάζοντα
2353 2406 2549 2478 μικρὸν
2586 2406 2814 2481 ὕστερον
2854 2411 2956 2465 οὐκ
2993 2411 3165 2467 ἔσται.
3214 2414 3414 2467 Μόνον-
3442 2414 3537 2468 ἐὰν
3569 2433 3672 2469 κα·-

2076 2494 2432 2567 ταδεξώμεθα
2471 2496 2546 2569 μὴ
2599 2500 2660 2553 τὸ
2712 2500 2887 2572 παρὸν
2937 2504 3092 2574 ὁρᾷν,
3137 2502 3275 2557 ἀλλά
3310 2507 3426 2569 τοῖς
3472 2507 3672 2578 μικρὸν

2078 2588 2415 2660 πορρωτέρῳ
2448 2593 2570 2654 ταῖς
2602 2590 2818 2647 ἐλπίσιν
2852 2595 3200 2660 ὲνατενίζειν,

2148 2676 2203 2729 2.
2241 2677 2365 2730 Είτε
2399 2674 2492 2732 οὖν
2528 2679 2701 2751 βαρὺς
2732 2685 2760 2736 ὁ
2789 2689 3120 2757 πειρασμὸς,
3160 2687 3399 2758 ἀδελφοὶ,
3441 2690 3671 2761 ὑπομεί-

2078 2784 2259 2840 νωμεν
2285 2771 2352 2825 τὰ
2387 2772 2652 2828 ἐπίπονα·
2689 2777 2865 2842 οὐδεὶς
2894 2777 3005 2850 γὰρ
3047 2780 3123 2852 μὴ
3160 2780 3389 2853 πληγεὶς
3434 2785 3493 2837 ἐν
3526 2784 3671 2852 ἀγῶ-

2080 2876 2172 2926 σι,
2228 2863 2364 2933 μηδὲ
2429 2867 2818 2938 κονισάμενος,
2878 2871 3264 2940 στεφανοῦται·
3317 2875 3429 2927 εἴτε
3492 2876 3673 2946 κοῦφα

2078 2951 2252 3006 ταῦτα
2283 2954 2375 3007 τοῦ
2406 2955 2653 3012 διαϐόλου
2686 2959 2755 3013 τὰ
2794 2962 3039 3031 παίγνια,
3078 2965 3172 3018 καὶ
3204 2966 3253 3018 οἱ
3287 2968 3668 3038 ἐπιπεμφθέν-

391 3036 495 3076 uos
529 3031 657 3076 sunt
705 3023 959 3089 immissi,
993 3027 1210 3082 molesti
1253 3029 1478 3099 quidem
1527 3039 1678 3096 sunt,
1718 3047 1785 3087 eo
1832 3033 1977 3103 quod

2088 3060 2172 3108 τες
2202 3047 2356 3116 ἡμῖν,
2384 3048 2610 3121 ὀχληροὶ
2652 3052 2776 3122 μὲν,
2814 3023 2950 3109 διότι
2985 3023 3174 3112 τούτου
3212 3059 3257 3129 (l
3274 3058 3327 3130 7)
3363 3023 3528 3114 εἰσίν⁸
3557 3063 3663 3115 ὐπ-

392 3111 514 3175 ejus
553 3112 665 3167 sint
696 3114 959 3179 ministri,
997 3120 1385 3195 conteliutendi
1418 3129 1635 3183 tamen,
1668 3123 1795 3192 quia
1834 3122 1978 3179 Deus
2005 3112 2047 3167 ο
2087 3154 2162 3207 ηρ

393 3202 616 3257 illorum
666 3207 923 3275 nequitia:
948 3207 1290 3265 debilitatem
1322 3212 1541 3281 junxit;
1579 3229 1876 3272 caveamus
1911 3232 1979 3271 ne

393 3294 466 3347 ob
511 3310 743 3366 magnos
798 3298 854 3351 in
900 3298 1093 3368 parvis
1145 3300 1510 3359 incommodis
1556 3305 1795 3374 ejulatus
1845 3322 1979 3361 con-

392 3386 739 3444 demnemur.
796 3388 975 3445 Unum
1030 3393 1176 3447 enim
1245 3394 1437 3451 dolore
1491 3396 1768 3467 dignum,
1828 3399 1978 3455 illius

394 3478 576 3546 ipsius
627 3481 936 3550 pernicies,
987 3485 1080 3554 qui
1120 3500 1180 3539 se
1218 3485 1288 3540 ob
1326 3490 1713 3557 temporariam
1745 3491 1976 3562 gloriam

390 3567 481 3640 (si
522 3583 707 3625 tamen
758 3573 931 3643 gloria
975 3574 1244 3643 dicenda,
1286 3578 1466 3647 palam
1513 3595 1575 3636 se
1607 3581 1976 3657 dedecorare)

390 3668 600 3715 aeterno
640 3662 925 3731 justorum
960 3665 1168 3723 honore
1200 3669 1479 3738 spoliavit.
1522 3670 1647 3727 Filii
1689 3673 1977 3732 confesso-

392 3767 540 3816 rum,
569 3754 665 3808 lilii
700 3757 838 3811 estis
863 3765 1190 3829 martyrum,
1218 3761 1315 3830 qui
1345 3760 1413 3815 ad
1446 3764 1769 3835 sanguinem
1803 3783 1979 3839 usque

393 3852 620 3913 peccato
678 3848 1024 3903 reStiterunt.
1098 3849 1427 3908 DomeSticis
1502 3864 1692 3911 utatur
1743 3860 1979 3931 quisque

395 3937 663 4008 exemplis
688 3938 756 3992 ad
781 3941 951 3996 robur
984 3956 1083 4012 pro
1112 3943 1314 4013 pietate
1342 3947 1768 4002 ostendendum.
1807 3950 1979 4008 Nemo

394 4034 647 4083 nostrum
679 4030 855 4101 plagis
878 4031 1179 4090 dilaniatus
1210 4042 1340 4092 est:
1375 4036 1542 4108 37o
1583 4041 1790 4097 nullius
1833 4043 1978 4101 aedes

395 4118 689 4188 publicatae
738 4130 906 4189 sunt;
980 4125 1202 4181 exsules
1251 4142 1364 4181 non
1418 4126 1675 4197 fuimus;
1725 4147 1980 4193 carceres

392 4211 606 4279 experti
639 4226 745 4265 nou
783 4227 996 4269 sumus.
1032 4216 1306 4281 Quidnam
1345 4219 1474 4272 mali
1527 4221 1691 4278 nobis
1739 4225 1981 4281 accidit?

395 4302 506 4357 nisi
557 4302 700 4360 forte
749 4305 854 4360 hoc
899 4307 971 4362 sit
1004 4309 1322 4375 molestum,
1361 4313 1507 4381 quod
1552 4315 1691 4369 nihil
1728 4318 1976 4388 perpessi

2166 3138 2303 3205 έται,
2342 3142 2810 3215 εὐκαταφρόνητοι
2839 3148 2915 3212 δὲ,
2945 3149 3029 3204 ὅτι
3066 3154 3130 3223 τῇ
3156 3153 3391 3225 πονηρίᾳ
3426 3155 3607 3208 αὐτῶν
3642 3159 3672 3210 ὁ

2078 3228 2211 3293 Θεὸς
2237 3232 2543 3303 ἀδυναμίαν
2578 3236 2783 3307 συνῆψε
2802 3256 2815 3268 ·
2847 3242 3215 3313 φυλαξὼμεθα
3249 3244 3348 3315 τὴν
3382 3248 3670 3316 κατάγνω-

2081 3339 2186 3384 σιν,
2221 3323 2297 3386 ὼς
2343 3325 2436 3377 ἐπὶ
2487 3331 2702 3399 μικροῖς
2738 3330 3025 3403 παθήμασι
3072 3336 3285 3405 μεγάλα
3324 3338 3669 3412 ὀδυρόμενοι.

2085 3415 2180 3468 ’Ἑν
2200 3416 2308 3487 γάρ
2333 3417 2479 3472 ἐστιν
2505 3419 2699 3492 ὀδύνης
2726 3423 2897 3487 ἄξιον,
2920 3426 2952 3494 ή
2983 3426 3150 3480 αὐτοῦ
3174 3428 3384 3483 ἐκείνου
3405 3430 3668 3497 ἀπώλεια,

2077 3504 2173 3557 τοῦ
2224 3507 2325 3577 τῆς
2370 3510 2707 3582 προσκαίρου
2753 3512 2940 3566 ἕνεκεν
2972 3514 3133 3585 δόξης
3178 3516 3360 3588 (εἴπερ
3391 3515 3487 3573 οὖν
3513 3520 3670 3585 δόξαν

2078 3594 2183 3665 Χρὴ
2212 3594 2392 3664 λέγειν
2429 3599 2489 3651 τὸ
2528 3600 2765 3674 δημοσίᾳ
2791 3606 3148 3676 ἀσχημονεῖν)
3182 3608 3281 3678 τῆς
3309 3610 3538 3674 αἰωνίας
3562 3611 3669 3664 τῶν

2078 3683 2301 3739 δικαίων
2350 3689 2520 3760 τιμῆς
2567 3691 2762 3746 ἑαυτὸν
2804 3695 3297 3769 ἀποστερήσαντος.
3335 3698 3516 3753 Τέκνα
3543 3703 3669 3771 ὁμο-

2079 3775 2358 3848 λογητῶν,
2414 3781 2509 3834 καὶ
2559 3783 2726 3836 τέκνα
2772 3786 3068 3858 μαρτύρων
3117 3790 3261 3855 ἐστὲ,
3316 3790 3425 3845 τῶν
3477 3792 3669 3865 μέχρις

2080 3866 2313 3936 αἵματος
2355 3868 2866 3928 ἀντικαταστάντων
2913 3877 3052 3947 πρὸς
3080 3878 3180 3947 τὴν
3210 3879 3511 3950 ἁμαρτίαν.
3545 3882 3670 3946 Τοῖς

2080 3957 2300 4022 οἰκείοις
2314 3959 2547 4025 ἔκαστος
2562 3964 2859 4036 χρησάσθω
2876 3966 3236 4039 ὑποδείγμασι
3254 3970 3393 4041 πρὸς
3412 3972 3513 4044 τὴν
3531 3975 3670 4047 ὑπὲρ

2079 4049 2178 4118 τῆς
2193 4049 2476 4116 εὐσεϐείας
2494 4052 2744 4109 ἔνστασιν
2767 4056 2899 4127 (18).
2917 4058 3105 4123 Οὐδεὶς
3125 4062 3159 4131 ἡ
3168 4060 3284 4130 μῶν
3298 4062 3408 4133 (19)
3426 4064 3669 4136 πληγαῖς

2080 4141 2402 4214 κατεξάνθη,
2452 4144 2670 4211 οὐδενὸς
2716 4144 2865 4213 οἶκος
2910 4149 3217 4225 ἐδημεύθη·
3251 4154 3315 4207 οὐ
3361 4156 3464 4227 τὴν
3503 4157 3671 4229 ὑπερ-

2079 4232 2232 4304 ορίαν
2268 4234 2586 4307 ᾠκήσαμεν,
2628 4239 2691 4293 οὐ
2727 4240 3100 4314 δεσμωτήριον
3151 4245 3557 4320 ἐγνωρίσαμεν.
3606 4249 3670 4305 Τί

2081 4324 2429 4398 πεπόνθαμεν
2459 4328 2662 4397 δεινόν;
2707 4333 2756 4385 εί
2800 4333 2874 4404 μὴ
2914 4335 3057 4405 τάχα
3090 4335 3252 4391 τοῦτο
3290 4337 3557 4411 λυπηρὸν,
3589 4342 3670 4395 ὃτι

392 4409 629 4461 sumus,
672 4411 856 4465 neque
885 4396 1034 4468 digni
1073 4399 1266 4465 habiti,
1299 4402 1394 4471 qui
1428 4418 1532 4473 pro
1564 4404 1788 4462 Christo
1824 4416 1977 4477 pate-

2088 4416 2247 4487 μηδὲν
2305 4396 2689 4495 πεπόνθαμεν,
2749 4396 2885 4496 μῆδὲ
2939 4396 3308 4499 ἐνομίσθημεν
3370 4396 3516 4497 ἀξίοι
3545 4396 3671 4486 ⁷τῶν

396 4501 585 4540 remur
631 4485 699 4539 3°.
753 4487 848 4541 Sin
898 4498 1078 4543 autem
1130 4491 1277 4561 quod
1335 4493 1427 4549 ille
1473 4494 1698 4550 domum
1743 4509 1977 4569 occupat

2088 4485 2224 4577 ὑπὲρ
2272 4508 2509 4579 Χριστοῦ
2557 4485 2922 4583 παθημάτων.
2972 4485 3045 4568 Εἰ.
3074 4516 3131 4570 δὲ
3300 4521 3329 4572 ὁ
3382 4485 3534 4575 δέῖνα
3580 4485 3671 4575 τὸν

396 4577 767 4646 precationis,
810 4594 909 4635 vos
957 4588 1138 4636 autem
1185 4583 1289 4636 sub
1331 4583 1423 4638 dio
1466 4586 1714 4642 adoratis
1759 4590 1882 4644 caeli
1924 4588 2015 4646 et.

396 4676 558 4722 teme
588 4666 905 4728 Dominum.
956 4670 1011 4725 id
1041 4688 1139 4727 vos
1183 4675 1368 4745 angit,
1412 4676 1669 4746 cogitate,
1722 4680 1976 4737 undecim

396 4758 700 4828 discipulos
732 4760 787 4813 in
811 4763 1104 4818 cwnaculo
1136 4764 1438 4822 conclusos
1464 4766 1668 4831 fuisse,
1699 4780 1812 4825 tum
1850 4786 1975 4827 cum

396 4849 458 4916 ii,
487 4850 578 4920 qui
611 4849 896 4907 Dominum
927 4854 1338 4926 cruciﬁxerant,
1368 4857 1419 4913 in
1449 4859 1812 4918 celeberrimo
1837 4870 1978 4919 tem-

468 5006 515 5039 ⁸ο
550 5007 671 5062 Act.
696 5024 759 5074 v,
806 5008 895 5064 41.

612 5128 1127 5207 ξρμϐουειεύρμεν.
1157 5132 1338 5207 Codex
1374 5132 1511 5207 Med.
1548 5134 1896 5207 βουλεύομεν.

504 5196 607 5274 16).
645 5195 740 5263 Ὡς
971 5195 1252 5257 Posterior
1283 5205 1479 5274 vocula
1516 5195 1698 5259 addita
1726 5195 1790 5260 ei
1837 5206 1972 5274 Reg.

401 5266 646 5322 seettndo
682 5276 737 5321 et
787 5266 956 5324 Coisl.
1010 5276 1273 5330 secundo.
1324 5273 1460 5328 Illud
1504 5285 1685 5330 autem
1722 5277 1824 5331 ὅσα
1868 5266 1976 5331 τῶν

403 5335 592 5416 κακῶν
641 5337 957 5408 αὐτοσχέδια
1005 5341 1473 5416 interpretandum
1520 5354 1675 5416 putat
1705 5345 1978 5402 Gomheti-

407 5407 545 5481 sius,
572 5407 891 5481 qga'cunque
929 5414 1074 5464 mala
1109 5407 1281 5468 subito
1305 5407 1572 5481 accidunt,
1601 5415 1696 5470 sed
1731 5417 1863 5470 mihi
1895 5419 1976 5472 vi-

404 5478 568 5556 detur
597 5476 832 5556 Basilius
860 5494 923 5533 ea
948 5482 1267 5556 αὐτοσχέδια
1297 5499 1515 5556 vocare.
1544 5476 1603 5540 ut
1627 5495 1980 5556 opponantur

409 5548 499 5605 iis,
531 5562 652 5614 quae
688 5548 969 5603 hominum
1003 5548 1209 5606 malitia
1239 5554 1563 5611 inferuntur.

481 5616 591 5686 (Π)
629 5617 783 5686 Διότι
815 5620 1050 5675 τούτου.
1094 5621 1236 5680 Med.
1268 5624 1404 5679 διότι
1438 5626 1687 5682 τοιοῦτοι.
1724 5627 1859 5686 Tres
1889 5629 1978 5684 alii

412 5685 629 5743 totliccs
657 5685 788 5740 διότι
817 5689 1077 5744 τοιούτου.

2084 4590 2231 4649 οἷκον
2262 4599 2485 4668 κατέχει
2517 4602 2618 4671 τῆς
2651 4606 2983 4676 προσευχῆς,
3031 4609 3188 4678 ὑμεῖς
3218 4610 3276 4662 δὲ
3307 4612 3364 4662 ὲν
3395 4611 3473 4682 τῷ
3505 4614 3671 4667 ὑπαί-

2084 4684 2198 4756 θρῳ
2243 4693 2603 4759 προσκυνεῖτε
2654 4693 2744 4746 τὸν
2790 4696 3022 4767 οὐρανοῦ
3076 4699 3171 4752 καὶ
3214 4699 3320 4768 γῆς
3366 4702 3667 4773 Δεσπότην,

2081 4774 2241 4829 τοῦτο
2269 4779 2413 4849 ὑμᾶς
2446 4781 2594 4854 ἀνιᾷ,
2618 4784 2962 4858 ἐνθυμήθητε
2987 4787 3122 4861 (20),
3144 4789 3227 4842 ὅτι
3264 4792 3313 4842 οἱ
3346 4791 3445 4861 μὲν
3479 4792 3671 4847 ἕνδεκα

2087 4868 2327 4942 μαθηταὶ
2370 4877 2428 4927 ἐν
2472 4874 2551 4947 τῷ
2596 4876 2832 4950 ὑπερῴῳ
2876 4875 3020 4951 ἦσαν
3065 4880 3575 4953 ἀποκεκλεισμένοι,
3621 4887 3669 4939 oi

2158 5139 2272 5220 (178.)
2288 5141 2648 5220 ΔἝνᾳτασίν.
2672 5140 2810 5220 Male
2831 5141 3195 5220 Combelisius
3212 5148 3535 5220 vertendum
3550 5167 3667 5220 pro-

2085 5211 2327 5282 nuntiat,
2360 5209 2612 5282 aduersus
2640 5213 2765 5272 vim,
2796 5228 2919 5280 qua:
2946 5214 3131 5282 pietati
3161 5216 3413 5275 infertur.

2159 5280 2272 5358 _(l9)
2317 5278 2531 5349 Ἡμῶν.
2566 5281 2625 5335 1η
2667 5289 2781 5335 tota
2816 5278 2923 5358 hac
2946 5278 3247 5358 “verborum
3283 5289 3667 5358 complexione

2087 5351 2319 5432 primam
2347 5352 3052 5436 personamuapposhuimus.
3085 5355 3213 5436 quia
3246 5357 3336 5436 sic.
3362 5351 3666 5436 reperimus

2087 5421 2143 5508 i,n
2173 5435 2267 5508 sex
2307 5421 2780 5508 mss._codicibus.
2825 5422 2968 5476 Editi
2998 5421 3175 5494 ὑμῶν,
3208 5437 3261 5479 et
3290 5427 3371 5481 sic
3401 5421 3662 5503 deinceps

2087 5490 2409 5612 (iugo-are...
2445 5491 2787 5561 ἐνομίσθητε.
3037 5490 3047 5494 ’
3601 5490 3617 5503 ’

2089 5627 2123 5644 ﬁ
2160 5560 2193 5644 (.
2218 5561 2272 5631 0)
2320 5560 2744 5644 Ἐνθμμήρῃτε.
2777 5560 3247 5644 Editi__a_pponunt
3283 5566 3373 5622 hic
3422 5569 3663 5640 ἀδελφοί.

2089 5627 2196 5685 Sed
2225 5627 2290 5685 ea
2318 5646 2421 5686 vox
2447 5627 2599 5687 deest
2625 5627 2680 5686 iu
2707 5647 2802 5689 sex
2826 5627 3112 5691 codicibus
3140 5651 3272 5692 mss.
