3856 6224
158 274 265 332 897

1041 261 1536 321 EPISTOLARUM
1571 258 1862 318 CLASSIS
1898 259 1962 315 ll.
2000 258 2222 315 EPIST.
2248 257 2473 314 CCXLI.

3326 259 3435 317 898

157 386 216 439 δὲ
246 379 658 453 σταυρώσαντες
689 377 781 431 τὸν
808 376 1014 448 Κύριον
1050 376 1108 428 ὲν
1149 373 1228 445 τῷ
1278 373 1590 442 περιϐοήτῳ
1633 370 1748 441 ναῷ

1861 370 1946 440 plo
1973 369 2185 424 cultum
2215 368 2508 423 Ju'laicum
2541 366 2925 438 adimplercnt.
2961 365 3133 423 Judas
3169 367 3316 423 enim
3338 351 3466 440 qui
3512 420 3519 429 .

156 475 260 545 τὴν
304 472 599 542 Ἰουδαῖκὴν
626 470 884 541 λατρείαν
922 467 1212 539 ἐπλήρουν.
1252 465 1454 528 Ἰούδας
1497 465 1627 534 γὰρ,
1654 463 1746 517 τὸν

156 565 226 620 δι’
257 565 494 634 ἀγχόνης
523 563 751 617 θάνατον
775 560 871 613 τοῦ
901 559 1019 630 μετ’
1042 557 1305 629 αἰσχύνης
1335 559 1434 628 ζῇν
1470 557 1745 627 προτιμή-

158 676 283 722 σας,
308 657 477 723 ἔδειξε
499 656 639 726 τάχα
663 654 772 708 τῶν
797 652 893 708 νῦν
916 652 1437 724 άπερυθριασάντων
1461 649 1574 721 (21)
1609 648 1747 721 πρὸς

157 751 341 804 πᾶσαν
371 747 675 820 ἀνθρώπων
703 745 1070 814 κατάγνωσιν,
1102 744 1193 797 καὶ
1220 743 1308 796 διά
1333 742 1491 795 τοῦτο
1517 739 1747 804 ἀναιδῶς

156 842 296 915 πρὸς
330 840 397 894 τά
424 838 626 910 αἰσχρά
660 836 1041 908 διακειμένων,
1067 835 1258 889 ἑαυτὸν
1289 832 1671 906 αἱρετώτερον.

230 954 287 1009 3.
322 952 497 1007 Μόνον
548 952 624 1022 μὴ
654 948 1034 1019 ἐξαπατηθῆτε
1071 951 1191 1012 ταῖς
1230 947 1601 1019 ψευδολογίαις
1652 947 1750 1001 αύ-

153 1046 269 1101 τῶν
318 1043 432 1115 (22)
475 1041 960 1113 ἐπαγγελλομένων
1004 1039 1274 1112 ὀρθότητα
1323 1039 1577 1104 πίστεως.
1613 1040 1749 1111 Χρι-

156 1137 457 1207 στέμποροι
487 1133 595 1205 γὰρ
619 1133 668 1186 οἱ
700 1130 958 1195 τοιοῦτοι,
986 1130 1082 1185 καὶ
1113 1131 1174 1183 οὐ
1206 1129 1544 1202 Χριστιανοὶ,
1573 1120 1635 1181 τὸ
1662 1128 1748 1181 ἀεὶ

154 1226 345 1289 αὐτοῖς
397 1223 540 1278 κατά
592 1224 684 1276 τὸν
730 1221 844 1293 βίον
891 1220 1081 1274 τοῦτον
1125 1218 1435 1274 λυσιτελοῦν
1476 1218 1572 1273 τοῦ
1628 1218 1747 1272 κατ’

160 1316 426 1389 ἀλήθειαν
468 1315 568 1388 ζῇν
607 1315 1005 1388 προτιμῶντες.
1059 1315 1189 1368 Ὅτε
1233 1314 1492 1386 ὲνόμισαν
1516 1313 1749 1368 κτᾶσθαι

152 1410 259 1480 τὴν
305 1410 469 1479 κενὴν
513 1408 718 1478 ταύτην
765 1408 962 1480 ἀρχὴν,
1018 1406 1349 1478 προσέθεντο
1395 1408 1509 1469 τοῖς
1535 1404 1750 1476 ἐχθροῖς

154 1501 253 1555 τοῦ
308 1498 546 1570 Χριστοῦ
568 1515 583 1530 ’
636 1499 727 1553 ὅτε
770 1497 911 1552 εἶδον
954 1500 1079 1564 τοὺς
1136 1498 1299 1562 λαοὺς
1343 1496 1746 1570 ἀγριαίνοντας,

157 1590 589 1662 σχηματίζονται
637 1588 798 1643 πάλιν
840 1587 941 1660 τὴν
992 1588 1282 1661 ὀρθότητα.
1336 1588 1450 1641 Οὐκ
1485 1582 1603 1641 οἶδα
1632 1587 1751 1640 ὲπί-

157 1697 383 1744 σκοπον,
415 1680 550 1751 μηδὲ
606 1679 976 1751 ἀριθμήσαιμι
1022 1680 1079 1732 ὲν
1129 1678 1334 1750 ἱερεῦσι
1381 1677 1618 1749 Χριστοῦ
1657 1678 1749 1732 τὸν

1850 459 2152 530 suspendio
2207 459 2435 513 interire
2489 456 2725 522 tualuit,
2780 472 2946 527 quam
2997 473 3121 512 cum
3169 458 3440 515 dedecore

1849 551 2051 614 vivere,
2089 550 2320 606 forsitan
2358 549 2426 604 iis
2464 550 2559 618 qui
2603 563 2751 602 nunc
2795 548 2863 602 ad
2892 564 3112 604 omnem
3148 550 3434 605 hominum

1824 642 2369 696 condemnationem
2423 640 2544 695 sine
2595 639 2797 694 rubore
2829 654 2952 694 sese
2995 640 3330 704 obﬁrmant,
3380 648 3439 696 et

1849 732 2060 785 idcirco
2091 731 2489 801 impudentiam
2542 729 2610 784 ad
2649 731 2829 802 turpia
2863 746 2975 801 prae
3004 746 3063 787 se
3099 730 3282 787 ferunt
3321 748 3439 788 me-

1850 823 2042 877 liorem
2071 839 2129 879 se
2159 823 2434 878 exhibuit.

1919 935 1972 991 5.
2015 935 2255 991 Tantum
2310 951 2381 991 ne
2415 935 2770 1007 decipiamini
2829 935 3047 991 illorum
3092 935 3436 1004 mendaciis,

1849 1026 1978 1082 dum
2032 1038 2240 1083 rectam
2282 1027 2444 1083 ﬁdem
2491 1044 2603 1099 prae
2652 1044 2712 1084 se
2779 1027 2983 1084 ferunt.
3034 1027 3239 1083 Christi
3288 1031 3438 1085 enim

1851 1128 2193 1177 mercatores
2243 1120 2518 1191 ejusmodi
2574 1121 2864 1185 homines,
2917 1136 3029 1175 non
3078 1119 3435 1188 Christiani;

1851 1228 2069 1284 semper
2104 1213 2159 1268 id
2187 1254 2203 1277 ,
2239 1215 2387 1285 quod
2432 1215 2569 1285 ipsis
2614 1215 2669 1269 in
2717 1214 2820 1270 hac
2856 1215 2966 1269 vita
3002 1215 3138 1270 utile
3161 1222 3283 1283 est,
3312 1215 3441 1271 vitae

1851 1307 1920 1360 ad
1969 1307 2257 1362 veritatem
2325 1306 2750 1362 accommodata:
2814 1314 3236 1376 anteponentem
3295 1304 3436 1362 Cum

1852 1411 2215 1469 speraverant
2258 1399 2558 1470 adepturos
2603 1415 2664 1454 se
2701 1401 2921 1454 inanem
2954 1399 3108 1453 illum
3155 1400 3437 1471 principa-

1852 1500 2005 1555 tum,
2038 1491 2412 1561 adjunxerunt
2446 1506 2506 1546 se
2541 1490 2784 1545 inimicis
2815 1491 3042 1545 Christi:
3076 1490 3166 1546 ubi
3203 1492 3438 1561 populos

1850 1582 1934 1637 ira
1964 1583 2222 1638 eﬂ‘eratos
2247 1583 2456 1648 vident,
2488 1598 2685 1638 rursus
2716 1591 2925 1637 rectam
2950 1580 3108 1637 fidem
3142 1582 3434 1638 simulant.

1849 1673 1968 1729 Non
2028 1690 2271 1745 agnosco
2330 1674 2688 1745 episc0pum,
2738 1688 2841 1728 nec
2898 1671 3236 1727 numerarim
3292 1671 3438 1726 inter

158 1770 314 1844 παρά
341 1771 453 1824 τῶν
492 1770 736 1841 βεϐήλων
782 1770 981 1842 χειρῶν
1032 1769 1125 1824 ἐπὶ
1170 1768 1465 1824 καταλύσει
1515 1769 1613 1840 τῆς
1662 1769 1748 1822 πί-

1861 1767 2064 1823 Christi
2098 1766 2418 1824 sacerdotes
2451 1783 2576 1823 eum
2606 1768 2701 1837 qui
2731 1781 2762 1820 a
2804 1766 3051 1836 profanis
3082 1764 3340 1819 manibus
3365 1762 3437 1818 ad

160 1881 334 1927 στεως
361 1865 441 1927 είς
479 1863 813 1932 προστασίαν
849 1860 1314 1933 προϐεϐλημένον.
1346 1859 1494 1932 Αὕτη
1532 1861 1683 1914 ἐστὶν
1713 1860 1747 1931 ἡ

156 1952 271 2024 ἐμὴ
299 1951 501 2023 κρίσις.
540 1951 731 2022 Ὑμεῖς
778 1950 836 2005 δὲ
876 1950 932 2004 εί
965 1967 1086 2004 τινα
1113 1950 1265 2021 ἔχετε
1307 1948 1427 2021 μεθ’
1455 1949 1614 2021 ἡμῶν
1649 1967 1749 2021 με-

160 2043 307 2115 ρίδα,
330 2044 506 2098 ταυτά
539 2044 671 2115 ἡμῖν
701 2043 1000 2115 φρονήσετε
1031 2041 1301 2112 δηλονότιο
1332 2043 1382 2095 εί
1415 2041 1473 2095 δὲ
1504 2042 1588 2110 ἐφ’
1616 2042 1749 2095 ἐαυ-

160 2136 272 2188 τῶν
300 2135 415 2206 (25)
454 2134 797 2207 βουλεύεσθε,
828 2135 926 2206 τῆς
970 2134 1104 2197 ἰδίας
1134 2132 1360 2205 γνώμης
1392 2133 1622 2197 ἕκαστος
1647 2132 1749 2187 κύ-

161 2227 279 2298 ριός
328 2228 499 2291 ἐστιν,
546 2230 712 2299 ἡμεῖς
754 2226 923 2289 eoeo;
962 2225 1072 2281 ἀπὸ
1112 2225 1207 2279 τοῦ
1254 2226 1488 2297 αἵματος
1534 2225 1746 2280 τούτου.

158 2317 353 2381 Ταῦτα
377 2319 437 2373 δὲ
466 2319 704 2390 ἔγραψα,
736 2318 835 2389 οὐχ
864 2319 994 2390 ὑμῖν
1023 2317 1290 2383 ἀπιστῶν,
1318 2317 1456 2373 ἀλλά
1498 2317 1561 2372 τό
1588 2334 1752 2372 τινων

159 2410 464 2483 ἀμφίϐολον
502 2410 775 2485 στηρίζων
816 2413 883 2466 ὲκ
933 2410 1027 2465 τοῦ
1060 2411 1327 2482 γνωρίσαι
1372 2411 1474 2484 τὴν
1511 2410 1750 2483 ἐμαυτοῦ

158 2502 412 2575 γνώμην,
461 2504 537 2568 ὼς
590 2504 664 2577 μὴ
715 2502 1095 2574 πφληφθῆναί
1124 2502 1234 2574 (24)
1264 2520 1384 2557 τινα
1435 2505 1516 2566 είς
1560 2520 1753 2557 κοινω-

160 2596 302 2658 νίαν.
337 2595 474 2667 μηδὲ
511 2595 611 2667 τῆς
644 2595 826 2669 χειρὸς
873 2595 1053 2650 αὐτῶν
1099 2594 1359 2667 ἐπιϐολὴν
1400 2594 1750 2667 δεξαμένους,

165 2687 306 2759 μετά
346 2686 514 2740 ταῦτα
557 2687 782 2758 εἰρήνης
822 2685 1142 2757 γενομένης,
1190 2685 1476 2756 βιάζεσθαι
1522 2686 1751 2751 ἑαυτοὺς

162 2775 480 2848 ὲναριθμεῖν
541 2774 619 2845 τῷ
671 2773 928 2846 ῖερατικῷ
998 2773 1348 2845 πληρώματι.
1412 2773 1598 2828 Πάντα
1660 2774 1752 2828 τὸν

161 2868 386 2940 κλῆρον,
402 2867 495 2921 τόν
523 2884 585 2920 τε
618 2867 760 2921 κατὰ
785 2865 884 2938 τὴν
910 2865 1086 2932 πόλιν,
1110 2867 1205 2921 καὶ
1237 2866 1328 2920 τὸν
1358 2867 1452 2920 ἐπὶ
1479 2865 1581 2937 τῆς
1611 2883 1755 2939 παρ-

160 2961 362 3025 οικίας,
411 2960 550 3031 μετά
586 2960 790 3024 παντὸς
842 2959 939 3014 τοῦ
975 2959 1108 3014 λαοῦ
1158 2959 1254 3014 τοῦ
1294 2958 1630 3031 φοϐουμένου
1661 2959 1752 3014 τὸν

166 3051 396 3124 Κύριον,
430 3050 792 3123 ἀσπαζόμεθα
821 3050 890 3105 δι’
923 3050 1078 3122 ὑμῶν
1103 3050 1236 3123 (25).

673 3210 1025 3264 ΕΙΙῘΣΤΟΛΗ
1065 3210 1244 3265 ΣΜΑἎ

1850 1861 2193 1916 eversionem
2236 1861 2363 1916 ﬁdei
2407 1860 2778 1932 principatum
2829 1860 3062 1929 accepit.
3102 1856 3218 1913 Hoc
3251 1872 3434 1913 meum

1850 1964 1936 2009 est
1961 1954 2255 2022 judicium.
2289 1952 2401 2009 Vos
2435 1963 2616 2008 autem
2665 1953 2712 2008 si
2759 1966 2924 2022 quam
2972 1957 3183 2021 partem
3220 1964 3434 2006 mecum

1849 2045 2090 2109 habetis,
2120 2044 2312 2100 eadem
2338 2045 2529 2114 utique
2560 2058 2624 2097 ac
2653 2055 2778 2113 ego,
2811 2042 3062 2098 sentietis
3090 2060 3103 2096 :
3135 2043 3219 2095 sin
3247 2045 3433 2095 autem

1850 2137 2010 2193 vobis
2044 2136 2149 2207 ipsi
2185 2151 2439 2192 seorsum
2481 2136 2775 2191 consilium
2807 2134 3027 2205 capitis,
3062 2149 3177 2188 sua:
3201 2134 3439 2203 quisque

1852 2229 2146 2285 sententiae
2172 2228 2434 2284 dominus
2456 2234 2562 2292 est,
2595 2243 2699 2283 nos
2728 2227 2799 2283 ab
2822 2228 2926 2282 hoc
2946 2227 3218 2297 sanguine
3243 2226 3434 2282 inson-

1850 2327 1935 2377 tes
1985 2336 2199 2377 sumus.
2256 2319 2387 2376 Haec
2433 2306 2617 2375 autem
2665 2319 2902 2389 scripsi,
2957 2333 3070 2373 non
3101 2316 3251 2387 quod
3281 2315 3438 2371 vobis

1850 2409 2112 2474 diliidam,
2139 2410 2235 2466 sed
2271 2420 2329 2465 ut
2353 2409 2747 2464 nonnullorum
2772 2408 3174 2463 dubitationem
3212 2404 3435 2476 signiti-

1850 2504 2070 2558 catione
2093 2517 2233 2558 meae
2267 2504 2556 2559 sententiae
2585 2502 2934 2565 confirmem,
2964 2514 3033 2555 ne
3057 2500 3152 2567 qui
3187 2511 3438 2552 commu-

1853 2593 2019 2648 nione
2048 2597 2504 2664 praeoécupentur
2524 2634 2539 2657 ,
2571 2609 2739 2657 neve,
2774 2600 3002 2664 accepta
3034 2593 3104 2648 ab
3128 2592 3210 2647 eis
3238 2605 3441 2645 manus

1851 2682 2227 2753 impositione,
2266 2692 2456 2754 postea
2505 2699 2642 2753 pace
2673 2684 2923 2748 reddita,
2955 2683 3064 2736 vim
3102 2681 3328 2745 faciant,
3375 2688 3441 2733 ut

1853 2775 1910 2830 in
1942 2784 2161 2831 sacrato
2190 2785 2339 2831 coetu
2366 2785 2784 2833 recenseantur.
2820 2777 3039 2832 Clerum
3075 2789 3291 2830 omnem
3320 2780 3436 2827 tum

1853 2868 1948 2937 qui
1980 2868 2036 2922 in
2062 2868 2219 2932 urbe,
2246 2876 2361 2922 tum
2390 2869 2483 2938 qui
2516 2869 2570 2923 in
2602 2869 2844 2938 partecia
2868 2883 2976 2922 una
3001 2882 3128 2921 cum
3159 2866 3309 2922 omni
3335 2880 3435 2937 po-

1853 2961 1985 3031 pulo
2011 2959 2300 3015 Dominum
2332 2960 2563 3017 timente
2594 2976 2692 3032 per
2716 2975 2815 3017 vos
2848 2961 3156 3017 salutamus

2328 3206 2664 3264 EPISTOLA
2702 3206 2907 3266 CCXLI
2935 3210 2977 3263 ⁶.

163 3349 416 3402 Rationem
435 3348 602 3401 reddit
625 3347 862 3412 Basilius,
888 3362 977 3400 cur
999 3362 1130 3414 saepe
1144 3348 1202 3414 in
1226 3347 1400 3414 litteris
1429 3362 1509 3400 res
1528 3346 1757 3414 molestas
1780 3346 1993 3414 Eusebio
2008 3345 2208 3403 nuntiet,
2235 3359 2406 3414 nempe
2427 3353 2478 3396 ut
2500 3360 2552 3398 se
2576 3345 2681 3410 ipse
2704 3347 2915 3398 sublevet
2947 3347 3199 3410 gemenda,
3220 3352 3264 3398 et
3286 3349 3416 3400 Euse

1138 3409 1270 3461 bium
1287 3412 1352 3460 ad
1373 3408 1678 3462 intentiorem
1697 3424 1789 3474 pro
1810 3407 2028 3462 Ecclesia
2053 3421 2249 3474 precem
2271 3406 2464 3459 excitet.

431 3539 719 3606 Εἰνσεϐίφ,
747 3539 1061 3604 ἐπισκόπῳ
1093 3538 1480 3610 Σαμοσάτων.

234 3674 350 3746 Οὐχ
380 3672 520 3728 ὥστε
554 3673 773 3738 πλείους
807 3676 1033 3746 ποιῆσαι
1066 3676 1163 3741 τάς
1203 3674 1462 3747 ἀθυμίας,
1488 3674 1597 3730 τῶν
1627 3676 1754 3730 δυσ-

166 3768 343 3839 χερῶν
400 3766 661 3832 πολλάκις
709 3770 767 3821 ὲν
817 3771 932 3832 τοῖς
979 3768 1116 3840 πρὸς
1162 3768 1262 3839 τὴν
1305 3766 1597 3839 τιμιότητά
1659 3784 1753 3820 σου

164 3861 492 3932 γράμμασιν
543 3860 603 3913 οὐ
655 3859 990 3930 φειδόμεθα,
1047 3859 1163 3913 ἀλλ’
1226 3858 1369 3913 ὥστε
1428 3859 1638 3920 ἑαυτοῖς
1692 3856 1753 3910 τέ

164 3971 289 4007 τινα
315 3955 426 4024 (2(3)
449 3952 803 4026 παραμυθίαν
845 3951 1028 4006 δοῦναι
1064 3952 1153 4007 διὰ
1187 3951 1296 4006 τῶν
1333 3950 1672 4021 στεναγμῶν,
1702 3949 1752 4002 οἳ

166 4043 446 4112 πεφύκασί
480 4061 596 4108 πως
627 4043 689 4096 τὸ
754 4046 813 4097 ὲν
873 4042 953 4114 τῷ
996 4042 1149 4114 βάθει
1180 4042 1426 4111 ἀλγεινὸν
1451 4042 1749 4113 διαφορείν,

164 4135 297 4188 ὅταν
326 4132 610 4202 γίνωνται·
640 4135 735 4187 καὶ
762 4133 860 4205 τὴν
900 4134 1000 4207 σὴν
1035 4132 1389 4205 μεγαλόνοιαν
1427 4132 1564 4204 πρὸς
1595 4132 1751 4184 ἐκτε-

166 4226 430 4297 νεστέραν
472 4226 572 4297 τὴν
609 4226 750 4296 ὑπὲρ
795 4226 904 4280 τῶν
949 4225 1285 4297 Ἐκκλησιῶν
1329 4225 1494 4296 εὐχὴν
1540 4241 1751 4297 παρορ-

170 4316 367 4388 μῆσαι.
416 4316 566 4370 Ἐπεὶ⁸
598 4317 692 4371 καὶ
724 4317 964 4387 Μωῢσῆς
992 4314 1192 4388 ηὔχετο
1222 4315 1321 4386 μὲν
1363 4314 1452 4368 ἀεὶ
1484 4313 1625 4378 ὑπὲρ
1654 4311 1749 4367 τοῦ

165 4406 302 4462 λαοῦ
344 4407 615 4477 δηλονότι·
667 4408 757 4462 ὅτε
803 4407 987 4477 μέντοι
1021 4407 1158 4480 πρὸς
1197 4406 1291 4460 τὸν
1327 4405 1573 4477 Ἀμαλὴκ
1602 4402 1753 4471 ἀγὼν

166 4498 322 4570 αὐτῷ
368 4502 726 4571 συνειστήκει,
759 4501 821 4555 οὐ
861 4499 1071 4571 καθῆκε
1112 4499 1211 4564 τάς
1241 4501 1427 4571 χεῖρας
1458 4496 1518 4562 ἐξ
1547 4496 1622 4549 ἕω
1655 4496 1751 4567 μέ-

168 4608 293 4663 χρις
325 4590 594 4663 ἑσπέρας·
634 4590 748 4644 ἀλλ’
777 4592 810 4662 ή
843 4589 1063 4654 ἒκτασις
1100 4588 1210 4642 τῶν
1246 4587 1446 4659 χειρῶν
1470 4585 1566 4640 τοῦ
1596 4584 1753 4655 ἁγίου

166 4680 248 4752 τῷ
279 4681 424 4735 τέλει
452 4682 555 4753 τῆς
588 4684 770 4755 μάχης
801 4682 1249 4755 συναπηρτίζετο.

241 4847 288 4879 ⁸¹
330 4847 502 4905 Exod.
548 4865 696 4910 xvtt,
734 4848 822 4903 12.

2148 3538 2397 3601 Eusebio,
2429 3554 2669 3608 episcopo
2700 3539 3126 3594 Samosatorum.

1928 3672 2047 3727 Non
2089 3680 2150 3727 ut
2194 3687 2485 3727 maerorem
2529 3686 2779 3741 augeam,
2813 3686 2957 3742 saepe
2978 3685 3160 3727 rerum
3185 3671 3439 3726 molesta-

1858 3781 1983 3820 rum
2011 3766 2066 3820 in
2092 3765 2240 3821 datis
2270 3764 2340 3819 ad
2368 3771 2521 3819 tuam
2545 3763 2873 3835 dignitatem
2904 3762 3108 3819 litteris
3135 3778 3245 3817 non
3274 3778 3441 3832 parce

1859 3856 2108 3923 memini,
2144 3855 2243 3912 sed
2275 3864 2336 3910 ut
2365 3862 2422 3910 et
2466 3854 2602 3908 mihi
2658 3854 2778 3924 ipse
2820 3854 3077 3910 solatium
3127 3853 3297 3913 feram
3341 3870 3443 3925 per

1859 3949 2115 4019 gemitus.
2139 3948 2235 4018 qui
2262 3948 2442 4004 solent
2471 3945 2882 4017 quodammodo
2908 3946 3163 4001 intimum
3188 3945 3439 4001 dolorem

1858 4040 2181 4106 dissolvere,
2229 4041 2360 4096 dum
2404 4048 2734 4111 erumpunt;
2783 4048 2838 4094 et
2880 4054 3140 4109 magnum
3190 4039 3437 4093 animum

1858 4141 2014 4189 tuum
2044 4132 2113 4189 ad
2133 4134 2485 4189 intentiorem
2509 4148 2609 4203 pro
2634 4131 2902 4188 Ecelesiis
2932 4146 3151 4201 precem
3176 4131 3438 4187 excitem.

1856 4225 1993 4280 Nam
2022 4233 2077 4282 et
2106 4223 2288 4281 Moses
2329 4239 2547 4294 semper
2571 4224 2791 4293 quidem
2816 4237 2917 4293 pro
2955 4222 3159 4293 populo
3192 4222 3386 4277 orabat
3416 4240 3435 4277 ς

1859 4326 1913 4372 at
1946 4333 2070 4372 cum
2095 4332 2333 4389 pugnam
2362 4331 2487 4372 cum
2518 4315 2739 4370 Amalec
2769 4315 3137 4371 committeret
3156 4356 3170 4376 ,
3200 4327 3313 4368 non
3341 4327 3435 4366 re-

1859 4414 2009 4470 misit
2043 4426 2239 4466 manus
2268 4410 2337 4465 ah
2364 4425 2564 4464 aurora
2597 4408 2664 4463 ad
2708 4423 2994 4479 vesperam
3012 4407 3092 4474 3‘;
3137 4406 3232 4463 sed
3259 4406 3437 4462 sancti

1861 4519 2125 4559 manuum
2147 4503 2402 4559 extensio
2431 4517 2539 4556 non
2568 4504 2700 4567 alio,
2718 4515 2885 4573 quam
2903 4514 3109 4571 pugna,
3142 4499 3437 4554 terminata

1860 4604 1946 4651 est
1981 4594 2108 4650 line.

266 5025 360 5097 21)
397 5022 1008 5094 Ἀπερυθριασάντων.
1039 5022 1117 5078 Ita
1136 5038 1272 5082 mss.
1308 5023 1572 5094 quinque.
1606 5021 1750 5076 Editi
1785 5025 1829 5080 D
1856 5020 2526 5097 soﬁLCoislauterqueet
2565 5012 2770 5097 Regius
3082 5014 3141 5097 ll}
3168 5007 3431 5097 ξξιέειξξιο

169 5097 705 5169 ἀπερυθριαζρντωγ.

251 5163 367 5233 (22)
389 5163 614 5220 Ἁύτῶν.
649 5163 725 5218 Ita
765 5163 929 5235 iidem
965 5181 1059 5221 sex
1091 5179 1225 5221 mss.
1251 5164 1394 5219 Editi
1430 5163 1750 5235 ἀνθρώπων.

248 5238 389 5307 (25(
409 5235 532 5304 Ἐφ’
560 5236 808 5307 ἑαυτῶν,
846 5234 925 5289 lta
953 5237 1124 5291 Coisl.
1156 5237 1369 5307 primus
1406 5234 1543 5289 cum
1574 5234 1755 5289 tribus

172 5309 319 5363 aliis.
351 5306 495 5360 Editi
525 5307 619 5375 ἀφ’
644 5306 873 5375 ἑαυτῶν.

249 5378 364 5446 (24)
390 5376 487 5445 Μὴ
506 5374 928 5445 πωληφθῆναί
945 5392 1096 5430 τινα.
1125 5375 1299 5433 Paris.
1327 5382 1381 5431 et
1402 5375 1532 5445 Reg.
1561 5388 1760 5446 secun-

174 5444 287 5507 dus
318 5444 395 5520 μὴ
426 5444 801 5519 προληφθῆναί
835 5464 1009 5511 τινας.
1052 5446 1255 5502 Ibidem
1283 5447 1411 5502 editi
1447 5444 1629 5518 χειρὸς
1657 5446 1756 5499 αύ-

1929 5074 2042 5169 (25)
2068 5074 2369 5169 Ᾰξξὺμῷνῖ
2408 5086 2574 5150 Mem,
2605 5074 2772 5139 Coisl.
2816 5074 3046 5148 uterqite
3076 5085 3130 5132 et
3172 5074 3305 5145 Reg.
3341 5091 3434 5131 se-

1856 5161 2069 5220 cundus
2097 5161 2185 5216 διὰ
2211 5161 2325 5214 σοῦ.

1930 5216 2063 5302 (26)
2108 5228 2378 5302 Ἐαυτοῖς
2416 5224 2655 5302 τέ-τιτςᾳ.
2686 5221 2856 5302 Coisl.
2892 5218 3167 5302 secundus
3195 5223 3250 5272 et
3295 5216 3431 5284 Reg.

1859 5293 2136 5362 secundus
2164 5301 2286 5355 τινὰ
2324 5299 2554 5358 ἑαυτοῖς.
2588 5294 2737 5347 Harl.
2768 5293 2973 5362 αὐτοῖς.

1935 5383 1953 5399 ’
1988 5375 2138 5428 Alias
2167 5368 2369 5427 CCXL.
2406 5367 2625 5437 Scripta
2656 5378 2801 5418 anno
2829 5360 2956 5416 576.
