3856 6224
412 274 526 331 903

1835 267 1893 324 S.
1935 266 2180 323 ΒΑειῑιιι
2216 266 2429 322 MAGNI

3582 271 3693 328 ΘΜ

419 390 605 444 minus
630 396 817 443 noster
842 385 1004 443 Jesus
1031 385 1313 450 Christus.
1344 400 1469 441 cum
1489 400 1651 441 suum
1687 385 1860 456 ipsius
1877 402 2000 442 coro

2108 387 2399 450 ἐπίσκοπος
2426 387 2765 457 Καισαρείας
2804 388 2903 460 τῆς
2935 388 3353 453 Καππαδοκίας.
3401 390 3460 443 ’0
3487 388 3696 463 Κύριος

422 496 528 551 pus
554 480 820 551 .dignatus
858 481 932 534 sit
975 478 1255 548 appellare
1302 477 1617 532 universam
1660 477 1753 532 Dei
1810 476 2003 532 Eccle-

423 573 596 636 siam,
625 586 838 641 nosque
868 571 1146 639 sigillatim
1197 570 1428 623 aliorum
1473 570 1706 623 invicem
1760 569 2002 623 membra

421 665 699 731 effecerit,
731 666 880 720 dedit
912 672 966 718 et
1006 663 1167 719 nobis
1200 663 1459 717 omnibus
1489 662 1554 716 ad
1582 677 1773 715 onmcs
1809 676 2002 714 neces—

423 756 721 813 situdinem
767 757 972 811 habere
1016 758 1320 809 secunlum
1352 754 1725 808 membrorum
1772 768 2002 806 concor-

422 849 588 904 diam.
612 849 977 919 QuaprOpter,
1016 849 1120 902 etsi
1144 862 1304 917 quam
1326 847 1642 917 longissime
1672 846 1742 900 ab
1773 846 2001 899 invicem

425 940 665 1010 sejuncti
718 955 912 995 sumus
956 939 1393 993 habitationibus
1416 976 1431 1000 ,
1468 946 1559 1002 at,
1597 938 2004 1007 conjunctionis

425 1032 612 1085 habita
644 1032 897 1095 ratione,
926 1030 1094 1085 vicini
1147 1031 1291 1085 inter
1337 1046 1439 1085 nos
1474 1045 1686 1084 sumus.
1732 1027 2001 1095 Quoniam

423 1124 591 1194 igitur
619 1140 726 1178 non
752 1132 927 1193 potest
962 1132 1128 1192 caput
1154 1121 1388 1193 pedibus
1410 1123 1595 1177 dicere
1623 1137 1636 1173 :
1669 1120 1821 1190 Opus
1848 1120 2005 1174 vobis

423 1229 534 1269 non
556 1213 731 1269 habeo
750 1213 832 1279 3‘;
867 1229 967 1269 nec
992 1229 1092 1269 vos
1130 1212 1378 1284 profecto
1405 1213 1787 1276 committetis,
1819 1219 1879 1266 ut
1902 1226 2004 1266 nos

422 1307 571 1361 velut
602 1307 811 1362 alienos
860 1307 1126 1377 rcjiciatis
1155 1348 1170 1369 ,
1203 1306 1301 1362 sed
1348 1313 1562 1360 tantum
1620 1305 1882 1361 dolebitis
1937 1321 2002 1359 ex

423 1399 688 1452 aerumnis
723 1398 965 1461 nostris,
1001 1397 1204 1467 quibus
1252 1396 1439 1450 traditi
1470 1410 1661 1450 sumus
1702 1397 1773 1448 ob
1815 1405 2004 1449 nostra

423 1496 644 1558 peccata
667 1527 683 1551 ,
712 1501 978 1557 quantum
1034 1504 1134 1544 nos
1166 1488 1452 1543 vobiscum
1489 1488 1756 1549 laetamur,
1805 1486 1895 1555 qui
1947 1484 2003 1537 in

424 1597 559 1651 pace
588 1582 745 1635 vobis
783 1596 813 1635 a
866 1580 1099 1636 Domino
1145 1581 1272 1635 data
1306 1581 1538 1651 gloriam
1569 1580 1805 1634 habetis.
1838 1578 2003 1649 373

420 1671 542 1726 Jam
589 1674 814 1743 quidem
861 1681 916 1727 et
948 1674 1086 1729 alias
1114 1672 1474 1728 clamavimus
1526 1671 1596 1726 ad
1652 1672 2002 1726 dilectionem

2103 477 2263 549 ἡμῶν
2301 476 2506 549 Ἰησοῦς
2539 477 2792 549 Χριστὸς,
2830 480 2991 550 σῶμα
3018 481 3214 535 ἑαυτοῦ
3255 482 3697 553 καταδεξάμενος

2104 568 2368 638 ὀνομάσαι
2398 569 2498 640 τὴν
2522 570 2704 622 πᾶσαν
2728 570 2824 623 τοῦ
2856 571 2992 623 θεοῦ
3033 572 3381 642 Ἐκκλησίαν,
3422 575 3518 627 καὶ
3562 576 3697 639 τοὺς

2104 661 2227 714 καθ’
2260 660 2357 714 ἕνα
2389 665 2420 732 ἡ
2431 662 2547 732 μῶν
2574 662 2822 733 ἀλλήλων
2860 665 3148 731 ἀποδείξας
3201 666 3359 736 μέλη,
3392 666 3563 720 ἔδωκε
3596 667 3699 723 καὶ

2104 752 2237 820 ἡμῖν
2296 753 2429 805 πᾶσι
2464 752 2601 824 πρὸς
2662 753 2870 818 πάντας
2915 754 3058 824 ἔχειν
3106 758 3358 820 οἰκείως,
3398 756 3542 811 κατὰ
3589 758 3697 830 τὴν

2103 842 2214 896 τῶν
2247 842 2427 914 μελῶν
2458 845 2795 914 συμφωνίαν.
2823 846 3024 918 Διόπερ
3057 848 3105 899 εί
3138 849 3229 900 καὶ
3255 849 3508 903 πλεῖστον
3527 850 3698 922 ἀλλή-

2105 933 2211 987 λων
2230 934 2567 1005 διωρίσμεθα
2588 939 2708 1000 ταῖς
2735 939 3037 1006 οίκήσεσιν,
3061 938 3198 993 ἀλλὰ
3219 939 3297 1009 τῷ
3325 957 3389 1008 γε
3414 941 3561 1011 λόγῳ
3589 942 3697 1011 τῆς

2107 1025 2404 1093 συναφείας
2456 1028 2625 1095 ἐγγὺς
2670 1027 2915 1099 ἀλλήλων
2952 1030 3139 1100 ἐσμέν,
3180 1031 3332 1083 Ἐπεὶ
3370 1028 3465 1085 οὖν
3499 1034 3561 1085 οὐ
3602 1033 3698 1085 δύο

2104 1133 2263 1169 ναται
2298 1117 2331 1187 ἡ
2361 1117 2571 1188 κεφαλὴ
2600 1121 2713 1183 τοῖς
2749 1120 2908 1172 ποσὶν
2935 1120 3132 1185 εἰπεῖν,
3168 1122 3372 1193 Χρείαν
3406 1123 3565 1193 ὑμῶν
3590 1125 3695 1178 οὐκ

2106 1207 2245 1278 ἔχω,
2299 1209 2519 1273 πάντως
2563 1210 2687 1264 οὐδὲ
2736 1212 2894 1281 ὑμεῖς
2940 1212 3197 1277 ἀνέξεσθε
3249 1214 3695 1286 ἀποποιήσασθαι

2106 1300 2275 1368 ἡμᾶς,
2306 1298 2443 1352 ἀλλά
2485 1299 2740 1353 τοσοῦτον
2794 1301 3181 1373 συμπαθήσετε
3224 1304 3382 1375 ἡμῶν
3423 1307 3548 1368 ταῖς
3580 1305 3698 1358 θλί-

2103 1388 2263 1457 ψεσιν
2295 1385 2381 1453 αἷς
2416 1390 2797 1462 παρεδόθημεν
2823 1392 2912 1446 διὰ
2936 1393 3033 1458 τὰς
3062 1396 3336 1466 ἁμαρτίας
3360 1397 3538 1468 ἡμῶν,
3564 1399 3696 1451 ὅσον

2105 1481 2201 1534 καὶ
2257 1482 2421 1552 ἡμεῖς
2476 1483 2848 1554 συγχαίρομεν
2886 1485 3014 1556 ὑμῖν
3070 1486 3451 1558 δοξαζομένοις
3502 1491 3563 1543 ἐν
3622 1492 3693 1562 τῇ

2105 1575 2317 1643 είρήνῃ,
2421 1574 2717 1645 ἐχαρίσατο
2755 1576 2885 1646 ὑμῖν
2936 1579 2965 1630 ὁ
3015 1577 3238 1649 Κύριος.
3271 1580 3412 1650 Ἤδη
3454 1582 3554 1651 μὲν
3596 1580 3696 1637 οὖν

2106 1665 2201 1717 καὶ
2232 1664 2418 1719 ἄλλοτε
2451 1664 2877 1737 ἐπεόοησάμεθα
2911 1669 3012 1739 τὴν
3044 1670 3319 1742 ὑμετέραν
3351 1673 3578 1743 ἀγάπην
3610 1675 3694 1738 είς
3736 1675 3748 1686 ’

423 1772 664 1819 vestram
690 1804 703 1827 ,
741 1774 798 1818 ut
844 1764 1005 1820 nobis
1054 1780 1211 1834 opem
1244 1777 1299 1820 et
1331 1766 1865 1819 commiserationem
1899 1764 2001 1817 im-

2108 1757 2389 1827 ἁντίληψιν
2437 1759 2593 1829 ⁴ἡμῶν
2634 1761 2728 1813 καὶ
2766 1761 3147 1831 ιτυμλιπιτάθειαν⁹
3184 1763 3320 1816 ἀλλὰ
3349 1766 3573 1828 πάντως
3602 1765 3692 1821 διὰ

422 1855 768 1926 ρεηιίοτοιίεε
802 1856 895 1911 sed
956 1855 1238 1926 profecto,
1273 1857 1403 1927 quia
1446 1871 1556 1909 non
1605 1855 1829 1924 impleta
1882 1862 2003 1909 erat

420 1946 695 2011 vindicta,
744 1960 1071 2001 concessum
1124 1948 1283 2001 vobis
1337 1963 1445 2002 non
1496 1947 1597 2001 fuit
1629 1946 1696 2000 ad
1728 1945 1998 1998 auxilian-

421 2039 551 2093 dum
583 2039 935 2093 exsuscilari.
974 2038 1111 2093 Illud
1144 2040 1292 2094 enim
1327 2043 1566 2095 maxime
1612 2043 1957 2108 exquinnms
1982 2077 1997 2101 ,

422 2136 484 2182 ut
509 2129 613 2199 ipsi
644 2144 864 2199 quoque
882 2129 1034 2184 orbis
1055 2131 1223 2183 vestri
1251 2129 1569 2199 imperatori
1602 2138 1799 2184 vestrae
1828 2131 2002 2199 pieta-

422 2221 494 2276 tis
533 2235 700 2291 opera
727 2220 1039 2275 innotescat
1071 2236 1254 2274 rerum
1278 2229 1592 2275 nostrarum
1623 2221 1997 2290 perturbatio;

423 2317 518 2363 aut
543 2310 589 2363 si
628 2310 680 2364 id
712 2308 932 2363 dillicile
977 2308 1180 2373 fuerit,
1227 2311 1423 2363 saltem
1478 2324 1508 2361 a
1552 2312 1706 2365 vobis
1737 2311 1996 2373 xeniant,

420 2402 516 2473 qui
547 2403 772 2457 visitent
818 2410 873 2457 et
909 2401 1270 2458 consolentur
1295 2401 1546 2467 aluictos,
1576 2409 1637 2455 ut
1669 2402 1849 2457 oculis
1877 2403 1998 2456 suis

421 2496 721 2566 subjiciam
744 2493 987 2550 Orientis
1013 2494 1285 2560 miserias,
1311 2510 1434 2565 quae
1461 2508 1740 2564 nequeunt
1767 2496 1999 2550 auribus

420 2588 614 2659 accipi,
647 2589 775 2658 quia
808 2589 957 2642 nulla
984 2589 1265 2643 invenitur
1287 2588 1486 2652 oratio,
1521 2603 1642 2658 quae
1663 2604 1751 2645 res
1780 2597 2001 2644 nostras

421 2682 572 2736 clare
600 2680 758 2735 vobis
788 2680 1083 2749 exprimat.

491 2852 547 2906 2.
580 2851 899 2908 Persecutio
927 2850 1289 2921 apprehendit
1326 2866 1428 2905 nos
1451 2892 1467 2917 ,
1493 2849 1692 2907 fratres
1718 2850 1772 2905 in
1807 2851 2001 2922 primis

420 2944 634 2999 colendi
658 2982 674 3007 ,
699 2951 753 2998 et
787 2944 1231 3013 persecutionum
1255 2943 1582 2998 saevissima.
1603 2941 1740 2996 Nam
1770 2943 2001 3012 abigun-

2102 1848 2165 1900 τὸ
2189 1848 2263 1919 μὴ
2288 1850 2745 1921 ἀναπληρωθῆναι
2775 1852 2874 1921 τὴν
2909 1854 3187 1925 ἐκδίκησιν
3205 1854 3339 1925 (45),
3364 1857 3425 1907 οὐ
3454 1872 3694 1926 συνεχω-

2106 1938 2312 2008 ρήθητε
2358 1938 2715 2011 διαναστῆναι
2772 1942 2912 2012 πρὸς
2959 1944 3059 2013 τὴν
3106 1946 3410 2016 ἀντίληψιν.
3466 1946 3695 2018 Ἐπιζη-

2103 2028 2304 2099 τοῦμεν
2336 2030 2446 2100 γὰρ
2471 2031 2706 2101 μάλιστα
2735 2032 2836 2102 μὲν
2863 2033 2956 2086 καὶ
2977 2033 3126 2103 αὑτῷ
3153 2034 3232 2105 τῷ
3267 2034 3559 2105 κρατοῦντι
3588 2037 3691 2106 τῆς

2103 2120 2225 2174 καθ’
2267 2122 2411 2192 ὑμᾶς
2458 2124 2784 2195 οἰκουμένης
2841 2127 3081 2196 φανερὰν
3138 2126 3393 2194 γενέσθαι
3445 2127 3535 2180 διὰ
3590 2128 3692 2198 τῆς

2104 2214 2378 2284 ὑμετέρας
2420 2213 2708 2278 εὐλαϐείας
2754 2215 2853 2286 τὴν
2900 2217 3179 2287 ἡμετέραν
3218 2218 3514 2289 σύγχυσινο
3550 2222 3601 2272 εἰ
3633 2218 3693 2271 δὲ

2101 2305 2260 2358 τοῦτο
2301 2306 2593 2370 δύσκολον,
2644 2307 2759 2360 ἀλλ’
2817 2307 2994 2361 ἐλθεῖν
3042 2326 3197 2372 τινας
3228 2311 3379 2381 παρ’·
3407 2311 3563 2381 ὑμῶν
3610 2313 3693 2374 είς

2104 2396 2390 2467 ἐπίσκεψιν
2441 2399 2537 2450 καὶ
2596 2398 2948 2469 παραμυθίαν
2999 2398 3110 2452 τῶν
3175 2399 3551 2470 θλιϐομένων.
3619 2399 3689 2454 ἶν’

2101 2486 2398 2558 ὀφθαλμοῖς
2445 2486 2758 2541 ὑποσάλωσι
2784 2487 2924 2557 (46)
2961 2488 3032 2542 τὰ
3072 2489 3219 2559 πάθη
3263 2490 3364 2561 τῆς
3400 2490 3695 2560 ἀνατολῆς,

2104 2581 2250 2650 ειπερ
2298 2582 2491 2643 ἀκοαῖς
2543 2578 2803 2632 ἀδύνατον
2852 2580 3260 2651 παραδέξασθαι
3279 2620 3295 2644 ,
3347 2581 3429 2651 τῷ
3486 2582 3694 2651 μηδένα

2102 2670 2259 2738 λόγον
2317 2669 2670 2741 εὑρίσκεσθαι
2730 2670 2977 2742 ἐναργῶς
3032 2672 3387 2743 παριστῶντα
3441 2672 3574 2741 ὑμῖν
3621 2671 3694 2726 τὰ

2102 2762 2371 2832 ἡμέτερα.

2171 2850 2225 2905 2.
2263 2851 2514 2922 Διωγμὸς
2537 2852 2867 2923 κατειληφεν
2892 2854 3062 2923 ἡμᾶς,
3090 2852 3310 2922 ἀδελφοὶ
3340 2852 3689 2924 τιμιώτατοι,

2104 2941 2197 2993 καὶ
2230 2941 2489 3012 διωγμῶν
2522 2945 2551 2995 ὁ
2584 2942 2908 3015 βαρύτατος.
2940 2943 3238 2998 Διώκονται
3265 2943 3377 3015 γὰρ
3404 2945 3687 3014 ποιμένες,

420 3044 514 3089 tur
548 3043 818 3104 pastores,
854 3041 915 3087 ut
941 3048 1136 3105 greges
1163 3034 1573 3104 disperguntur.
1604 3032 1672 3086 Et
1692 3031 1840 3103 quod
1875 3048 2000 3103 gra-

2108 3033 2191 3088 ῐνα
2217 3034 2682 3106 διασκορπισθῶσι
2706 3036 2774 3088 τὰ
2813 3034 3064 3106 ποίμνια.
3105 3034 3218 3087 Καὶ
3254 3035 3317 3087 τὸ
3358 3034 3687 3105 βαρύτατον,

420 3124 707 3178 vissimum
737 3130 848 3188 est,
871 3137 976 3178 nec
1005 3122 1099 3193 qui
1129 3133 1423 3188 vexantur,
1472 3124 1617 3177 mala
1648 3122 1704 3177 in
1751 3122 2001 3194 martyrii

2108 3128 2190 3181 ὅτι
2217 3125 2340 3180 οὔτε
2374 3128 2423 3180 oi
2461 3127 2559 3198 μέν
2585 3125 2917 3196 κακούμενοι
2945 3128 3058 3196 (47)
3087 3128 3147 3180 ἐν
3179 3126 3522 3199 πληροφορίᾳ
3547 3143 3691 3199 μαρ-

422 3212 624 3267 ﬁducia
660 3212 982 3283 perferunt,
1024 3228 1205 3283 neque
1235 3214 1390 3284 plebs
1431 3214 1486 3267 in
1523 3222 1825 3283 martyrum
1880 3214 2003 3268 loco

422 3304 658 3360 athletas
691 3305 857 3369 colit,
890 3304 1020 3375 quia
1055 3303 1501 3359 Christianorum
1547 3305 1771 3359 nomine
1818 3319 2004 3375 perse-

422 3403 644 3448 cutores
672 3395 856 3448 ornati
889 3401 1039 3448 sunt.
1081 3392 1263 3448 Unum
1291 3394 1500 3450 crimen
1523 3410 1609 3451 eSt
1631 3434 1647 3460 ,
1679 3395 1826 3466 quod
1857 3410 2003 3451 nunc

419 3485 773 3540 vehementer
800 3487 1045 3557 punitur,
1071 3494 1333 3541 accurata
1365 3488 1620 3542 custodia
1649 3497 2002 3558 paternarum

419 3581 796 3636 traditionum.
845 3580 978 3634 Eam
1026 3582 1117 3637 obo
1136 3596 1363 3638 causam
1416 3583 1595 3652 patria
1648 3582 2005 3651 expelluntur

422 3674 531 3743 pli;
559 3674 613 3727 in
637 3673 885 3729 desertas
907 3674 1160 3745 regiones
1178 3674 1603 3730 transferuntur.
1631 3672 1749 3728 Non
1774 3673 2003 3729 canities

421 3764 566 3835 apud
608 3763 827 3834 judices
879 3763 1190 3835 iniquitatis
1237 3765 1601 3821 reverentiam
1656 3764 1861 3829 habet,
1892 3778 2003 3818 non

493 3897 541 3928 “
576 3896 596 3950 l
635 3895 764 3951 Cor.
811 3912 921 3963 xu,
958 3895 1048 3950 21.

494 4009 1139 4083 (45)-Τὴκᾳέκδίκησιν.
1194 4009 1337 4083 Editi
1389 4010 1597 4083 addunt
1630 4008 1809 4083 ἡμῶν,
1858 4009 2005 4079 quod

422 4079 668 4137 deest'in
699 4080 876 4135 tribus
902 4081 1290 4136 vetustissimis
1322 4079 1607 4134 codicibus
1640 4089 1694 4133 et
1720 4079 1774 4132 in
1807 4095 1917 4133 uno
1936 4096 2002 4135 ex

424 4150 631 4221 Regiis.
678 4149 947 4221 Harlaeani
980 4150 1187 4205 codicis
1236 4165 1344 4221 non
1399 4148 1846 4221 parumarridet
1889 4150 2005 4204 hinc

427 4218 726 4292 scriptura,
759 4219 943 4292 διὰτὸ
977 4218 1447 4292 ἀναπληρωθῆναι
1476 4219 1575 4289 τὴν
1606 4218 1907 4290 ἐκδίκησιν,
1942 4236 2003 4273 eo

423 4291 562 4363 quod
586 4290 817 4363 vindicta
844 4291 1155 4363 impleatur.

2107 3220 2295 3290 τυρίον
2326 3218 2395 3273 τὰ
2429 3218 2574 3290 πάθη
2612 3218 3029 3290 δέχοιινται,οί3·.τε⁹
3058 3219 3111 3274 oi
3145 3218 3265 3274 λαοὶ
3303 3221 3360 3273 ἐν
3396 3232 3690 3291 μαρτύρων

2108 3314 2259 3379 τάξει
2290 3315 2419 3375 τοὺς
2448 3312 2687 3383 ἀθλητὰς
2718 3312 3103 3384 θεραπεύουσι,
3131 3313 3221 3366 διὰ
3251 3313 3316 3367 τὺ
3342 3310 3692 3383 Χριστιανῶν

2106 3404 2281 3476 ὄνομα
2307 3408 2422 3467 τοῖς
2454 3404 2713 3458 διώκουσι
2760 3405 3122 3476 περικεῖσθαι.
3151 3404 3252 3457 Ἕν
3299 3406 3448 3457 ἐστιν
3494 3402 3691 3473 ἐγκλη-

2113 3514 2189 3567 μα
2217 3496 2314 3550 νῦν
2365 3496 2610 3568 σφοδρῶς
2659 3496 3061 3567 ἐκδικούμενον,
3104 3497 3137 3566 ἡ
3185 3494 3420 3566 ἀκριϐὴς
3461 3497 3691 3566 τήρησις

2107 3586 2215 3639 τῶν
2245 3585 2532 3658 πατρικῶν
2566 3586 2937 3658 παραδόσεων.
2964 3585 3064 3639 Διὰ
3099 3585 3259 3639 τοῦτο
3294 3585 3690 3639 ἀπελαύνονται

2115 3678 2214 3749 μὲν
2240 3678 2350 3732 τῶν
2378 3678 2654 3750 πατρίδων
2682 3680 2732 3731 oi.
2755 3678 3033 3741 εὐσεϐεῖςο
3080 3677 3214 3747 πρὸς
3240 3677 3301 3730 δὲ
3331 3677 3430 3740 τὰς
3455 3678 3689 3748 ἐρημίας

2112 3771 2526 3841 μετοικίζονται.
2561 3772 2635 3825 υύ
2672 3770 2831 3826 πολιά
2873 3773 2987 3834 τοῖς
3019 3770 3134 3841 (48)
3178 3771 3399 3842 κριταῖς
3432 3770 3534 3840 τῆς
3577 3768 3689 3823 ἀδι-

2111 4014 2286 4066 mitlat
2303 4030 2433 4083 quos
2449 4012 2681 4083 disponit
2711 4015 2975 4067 coronari.
2998 4011 3178 4083 Neque
3207 4014 3344 4067 enim
3370 4012 3517 4083 nobis
3535 4013 3689 4083 igno-

2111 4084 2279 4136 minia
2315 4081 2403 4136 est
2443 4081 2552 4150 pati
2578 4100 2610 4137 α
2642 4083 2899 4151 fratribus
2922 4084 3061 4153 quod
3080 4081 3270 4151 passus
3316 4093 3395 4153 est
3423 4081 3689 4153 Christus,

2110 4169 2203 4207 nec
2229 4153 2339 4205 illis
2384 4153 2553 4223 gloria
2586 4150 2665 4223 est
2694 4153 2867 4223 facere
2916 4150 3053 4223 quod
3082 4150 3282 4216 fecerit
3315 4150 3511 4223 ludas.
3541 4151 3690 4207 Idem

2110 4223 2272 4277 docet
2311 4221 2607 4276 concilium
2640 4221 2968 4277 Sardiccnsc
3003 4224 3055 4276 in
3102 4223 3335 4291 epistola
3381 4224 3447 4277 ad
3482 4221 3690 4276 .Inlium

2111 4307 2331 4364 papam,
2362 4291 2687 4364 etLilierius
2712 4308 2852 4364 papa
2884 4293 2938 4345 in
2958 4293 3198 4364 cpistola
3221 4293 3452 4364 septima
3475 4292 3543 4346 ad
3572 4292 3691 4364 Dio-

496 4361 607 4432 (46)
680 4358 1183 4432 ’Υποϐάλωοςιηιιξι
1227 4357 1403 4432 H_a_rl.,
1452 4358 1625 4432 Coisl.
1676 4365 2001 4432 uterqueAet
2032 4427 2066 4432 _
2112 4357 2354 4432 Elysium,
2393 4357 3123 4432 Eusebiumet—Lucil’ei-um
3156 4363 3207 4415 in
3250 4357 3444 4415 eisilio
3478 4362 3688 4415 consui-

424 4427 561 4502 Ije'g.
589 4427 912 4502 secundus.
932 4427 1105 4502 ’ἘξιίὶιὶΔ
1143 4429 1524 4502 ιῖιποδόιλλιιξσι.Δ
1556 4429 1616 4483 In
1651 4429 1759 4502 alio
1796 4427 2000 4502 codice
2029 4427 2078 4485 υ
2105 4427 2270 4502 ιιῐιοε.
2303 4430 2599 4502 Gregorius
2632 4431 3010 4487 Nazianzenus
3030 4439 3170 4486 orat.
3201 4446 3433 4502 “Imp,
3466 4432 3586 4495 Mli,
3620 4432 3690 4486 de

428 4497 619 4571 Regio,
654 4499 747 4569 qui
777 4507 862 4571 est
892 4498 1051 4561 1834,
1092 4499 1290 4569 legitur
1316 4498 1646 4571 ὑπολάϐητε.
1676 4497 1848 4554 Paulo
1873 4508 1997 4567 post

424 4570 558 4625 editi
591 4570 954 4637 παριστάντα.
994 4577 1208 4638 beptem
1238 4585 1372 4625 mss.
1404 4580 1465 4623 ut
1490 4570 1545 4623 in
1575 4576 1747 4623 textu.

498 4640 607 4711 (47)
658 4636 722 4692 Οἱ
744 4638 862 4711 μὲν
890 4636 1265 4711 κακούμενοι.
1308 4640 1634 4711 Itaseptem
1669 4636 1996 4711 mss.__Edit_i

422 4711 473 4763 oi
504 4707 953 4780 κακουχούμενοι.
983 4707 1186 4780 Ibidem
1212 4709 1461 4780 nonnulli
1490 4707 1710 4763 codices
1732 4709 1780 4761 οί
1802 4708 1859 4760 δὲ
1882 4709 1999 4761 λαοὶ

424 4780 525 4833 οὐκ
564 4781 642 4843 ἐν,
666 4777 954 4847 ethSaepe
979 4780 1114 4834 alias
1141 4777 1396 4842 Basilius,
1429 4777 1557 4831 dum
1588 4780 2001 4847 persecutiones

426 4849 668 4905 Orientis
691 4849 975 4912 describit,
1020 4849 1122 4902 hoc
1147 4847 1550 4903 incommodum
1585 4858 1998 4910 commemorat,

426 4920 571 4989 quod
600 4935 709 4973 non
750 4919 888 4989 idem
930 4918 1277 4989 sit_r_nartyrii
1307 4918 1566 4987 splendor
1591 4931 1655 4989 ac
1692 4917 1796 4972 sub
1823 4918 2002 4972 ethni-

427 4986 508 5044 cis
537 4988 975 5059 imperatoribus.
1007 4986 1127 5041 Non
1158 4986 1366 5059 idcirco
1396 4986 1668 5059 tamende
1690 5002 1879 5059 eorum
1905 4989 2001 5057 qui

428 5054 776 5130 patiebantur
804 5060 1001 5111 merito
1043 5057 1256 5130 detrahi
1294 5058 1540 5130 putabat.
1572 5054 1705 5130 Nam
1757 5057 1811 5109 in
1837 5054 2000 5126 epist.

428 5126 531 5184 257
558 5138 791 5184 testatur
819 5139 1197 5198 persecutores
1220 5126 1368 5197 ipsos
1390 5126 1767 5198 Christianum
1804 5142 2001 5182 nomen

427 5200 689 5268 obiicere,
735 5206 795 5250 ut
822 5196 1176 5253 adversariis
1203 5196 1476 5268 inartyrii
1537 5196 2001 5268 existimationem

430 5265 686 5339 eripiunt,
718 5283 782 5321 ac
814 5268 1176 5339 simpliciores
1202 5266 1305 5321 hac
1325 5265 1673 5321 cavillatione
1698 5265 1922 5339 decipi:
1950 5276 2006 5319 at

434 5336 621 5392 revera
672 5336 940 5407 ejusmodi
991 5339 1408 5408 persecutionis,
1460 5352 1581 5406 qua:
1630 5351 1660 5389 a
1712 5336 2004 5390 tribulibus

432 5408 652 5471 accidit,
688 5424 753 5462 eo
783 5408 1035 5462 uberiora
1070 5423 1193 5463 esse
1231 5408 1511 5461 contendit
1534 5408 1776 5476 prannia,
1808 5421 1918 5475 quo
1951 5414 2006 5460 et

432 5478 649 5546 gravior
680 5486 734 5531 et
758 5476 1160 5546 adicavendum
1197 5477 1467 5531 dillicilior
1492 5485 1598 5536 est,
1632 5490 1695 5529 ac
1721 5476 1902 5531 minus
1938 5476 2004 5530 ad

436 5545 682 5618 martyrii
723 5545 936 5618 laudem
976 5548 1224 5618 insignis,
1255 5562 1419 5617 quam
1461 5547 1508 5603 si
1532 5548 1610 5618 Aab
1650 5546 2005 5618 ethniciscx:

435 5614 715 5669 citaretur.
742 5617 833 5670 Sic
854 5618 1016 5688 etiam
1045 5614 1352 5688 Cyprianus
1380 5619 1432 5670 in
1457 5616 1689 5688 epistola
1710 5616 1778 5669 55
1807 5614 2007 5688 :_Nihit

433 5690 643 5740 interest
678 5703 791 5755 qius
825 5686 1001 5740 tradat
1042 5684 1142 5741 aut
1164 5688 1366 5749 sariat,
1398 5684 1511 5741 cuni
1556 5687 1692 5740 Deus
1723 5684 1860 5739 tradi
1889 5700 2005 5751 per-

2103 4501 2349 4573 V'alentis
2377 4497 2762 4573 pérsecut‘ione
2780 4502 2877 4573 psic
2900 4502 3140 4573 loquitur
3169 4520 3182 4556 :
3210 4497 3690 4573 Ἀρτιδέῥάπρε-

2101 4570 2209 4642 uti];
2245 4570 2495 4640 ἄρχεται,
2522 4641 2531 4642 7
2557 4570 2652 4642 καὶ
2677 4570 2738 4623 τὸ
2765 4570 2991 4641 ἀμύνειν
3009 4570 3372 4642 ,Χριστιανοῖς
3396 4571 3689 4642 πρόσχημα

2100 4640 2239 4711 ἔχων
2272 4643 2371 4713 τῆς
2401 4641 2677 4713 ἀσεξείας,
2708 4640 2819 4713 τοῖς
2842 4641 3057 4713 ἀληθῶς
3082 4640 3430 4713 Χριστιανοῖς
3459 4641 3687 4707 ἐπιφύε-

2100 4710 2227 4782 ται·
2267 4710 2362 4782 καὶ
2390 4710 2640 4782 τοσοῦτον
2674 4711 2883 4763 ἐκείνου
2915 4710 3294 4782 χαλεπώτερος
3312 4710 3549 4782 γίνεται,
3577 4713 3688 4782 δσῳ

2101 4780 2352 4851 τρτεμέν
2385 4781 2418 4850 ἡ
2450 4779 2679 4851 ἄθλησις
2711 4779 3150 4851 περιφανεστέρα
3184 4779 3278 4851 καὶ
3311 4779 3686 4851 λαμπροτέρα,

2104 4849 2197 4921 νῦν
2230 4850 2287 4903 δὲ
2322 4849 2415 4921 καῖ
2439 4852 2500 4901 τὸ
2519 4849 2712 4921 παθεῖν
2740 4849 3255 4921 ἀφιλότιμον,’παρά
3275 4867 3340 4918 γε
3366 4849 3484 4912 τοῖς
3512 4851 3573 4921 ού
3607 4850 3687 4903 δι-

2104 4920 2278 4981 καίοις
2315 4917 2424 4972 τῶν
2454 4920 2643 4972 παθῶν
2682 4917 2977 4989 λογισταῖς)
3014 4917 3389 4989 Nunc'autem
3426 4920 3590 4986 turpis
3638 4931 3688 4973 et

2105 4989 2353 5061 indecora
2381 4991 2674 5061 persecutio
2696 4993 2963 5054 cooritur;
2988 5007 3126 5061 quia,
3147 4988 3573 5044 Christianorum
3594 5005 3690 5055 pa-

2107 5059 2383 5129 trocinium
2412 5059 2481 5111 ad
2515 5059 2868 5128 defensionem
2915 5059 3173 5129 impietati
3219 5076 3331 5113 sum
3377 5070 3686 5128 praetextam,

2106 5145 2251 5181 veros
2290 5127 2624 5183 Christianos
2657 5132 2961 5199 aggreditur
2986 5127 3003 5182 ὲ
3032 5131 3129 5183 hoc
3158 5131 3337 5199 utique
3366 5132 3575 5183 neruine
3603 5145 3665 5181 su

2104 5200 2307 5269 periore
2335 5202 2693 5269 persecutione
2724 5200 2981 5261 acerbior,
3012 5201 3151 5269 quod
3185 5210 3295 5252 tum
3336 5201 3547 5269 quidem
3587 5201 3689 5251 mi-

2107 5270 2246 5321 nime
2277 5268 2439 5321 dubia
2486 5280 2535 5322 et
2584 5271 2809 5322 obscura
2857 5280 2972 5323 erat
3019 5268 3314 5338 martyrum
3352 5268 3688 5323 'dccertatio:

2108 5354 2247 5410 nime
2285 5347 2461 5391 autem
2496 5356 2577 5392 res
2618 5357 2678 5394 eo
2728 5339 2903 5402 rediit,
2947 5351 3006 5392 ut
3047 5341 3317 5393 cruciatus
3354 5355 3558 5410 quoque
3584 5340 3691 5410 ipsa

2107 5409 2264 5529 gaude
2307 5418 2507 5474 careat,
2557 5412 2746 5463 saltem
2795 5410 2934 5479 apud
2981 5410 3191 5488 irriguos
3232 5411 3565 5477 cruciqtuum
3599 5409 3687 5478 ju-

2147 5494 2270 5529 tces.

2147 5494 2270 5531 1688.

2179 5547 2292 5615 (i8)
2328 5549 2409 5618 οὐ
2433 5548 2618 5605 πολιὰ
2648 5548 2789 5615 τοῖς.
2819 5548 3135 5618 Simplicior
3160 5550 3275 5603 haec
3303 5549 3575 5618 scriptura
3601 5562 3689 5602 co-

2109 5617 2292 5701 dicum
2325 5616 2474 5704 ηιμ-Ι.
2503 5628 2560 5676 et
2581 5619 2751 5676 CoiSl.
2778 5616 2962 5691 primi,
2994 5634 3161 5691 quam
3193 5616 3504 5691 vulgata'oii
3534 5617 3691 5674 πολιὰ

2114 5704 2261 5757 παρα
2287 5705 2417 5750 τοις.
