3856 6224
173 293 281 355 903

1019 294 1509 353 EPISTOLARUM
1544 290 1834 351 CLASSIS
1868 290 1936 348 ιι.
1975 255 2205 350 EPIST.
2237 289 2509 349 ccxuu.

3323 285 3427 344 90E

175 414 301 476 κίας
330 410 641 481 αἰδέσιμος,
670 410 771 465 οὐκ
802 410 1035 479 ἄσκησις
1063 409 1376 475 εὐσεϐείας,
1408 409 1471 462 οὐ
1501 405 1751 462 πολιτεία

1871 405 2174 463 :xercitatio
2199 405 2445 479 pietatis,
2468 419 2581 460 non
2612 404 2721 458 vita
2744 402 3048 460 secundum
3070 400 3430 474 Evangelium
3468 382 3473 385 ’

176 504 318 558 κατὰ
360 503 423 557 τὸ
456 502 786 572 Εὐαγγέλιον
819 504 885 555 ἐκ
930 502 1181 573 νεότητος
1216 503 1299 566 είς
1342 500 1522 573 γῆρας
1567 498 1752 553 διανυ-

179 594 392 648 σθεῖσα.
444 593 605 648 Ἀλλὰ
636 593 943 666 κακοῦργος
977 593 1075 664 μὲν
1126 592 1304 657 οὐδεὶς
1345 592 1474 647 ἄνευ
1512 590 1751 661 ἐλέγχων

178 682 635 747 καταδικάζεταιο
676 683 969 737 ἐπίσκοποι
1004 681 1062 735 δὲ
1100 680 1209 735 ἀπὸ
1232 681 1401 752 μόνης
1441 678 1554 750 (49)
1591 695 1753 732 συκο-

179 773 410 845 φαντίας
458 774 734 839 ἑάλωσαν,
788 774 884 829 καὶ
930 761 1203 845 μηδεμιᾶς
1263 772 1589 837 ἀποδείξεως
1639 772 1753 834 τοῖς

178 867 522 939 ἐγκλήμασιν
560 865 943 937 ἐπενεχθείσης
968 868 1090 929 ταῖς
1122 865 1414 936 τιμωρίαις
1435 863 1749 918 ἐκδίδονται.

178 962 341 1026 Τινὲς
370 961 429 1016 δὲ
450 959 574 1014 οὔτε
602 958 903 1033 ἐγνώρισαν
929 957 1043 1030 (50)
1081 957 1441 1029 κατηγόρους,
1464 953 1589 1009 ούτε
1616 953 1755 1008 εἶδον

177 1052 529 1128 δικαστήρια,
560 1048 684 1103 οὔτε
730 1048 1251 1120 ἐσυκοφαντήθησαν
1279 1047 1378 1120 τὴν
1410 1047 1605 1121 ἀρχὴν,
1638 1045 1755 1100 ἀλλ’

176 1145 324 1216 ἀωρὶ
382 1143 492 1196 τῶν
539 1141 751 1196 νυκτῶν
794 1140 986 1211 βιαίως
1037 1139 1481 1212 ἁναρπασθέντες
1525 1140 1603 1205 είς
1656 1139 1757 1211 τὴν

179 1228 480 1308 ὑπερορίαν
506 1233 970 1305 ἐφυγαδεύθησαν,
999 1234 1118 1296 ταῖς
1149 1234 1214 1286 ἐκ
1239 1233 1339 1304 τῆς
1376 1232 1612 1304 ἐρημίας
1651 1248 1755 1285 κα-

178 1325 501 1389 κοπαθείαις
525 1324 923 1397 παραδοθέντες
951 1326 1032 1388 εἰς
1060 1324 1311 1379 θάνατον.
1348 1323 1428 1377 Τὰ
1453 1323 1511 1377 δὲ
1545 1322 1758 1387 τούτοις

177 1420 425 1491 ἑπόμενα
455 1417 709 1489 γνώριμα
750 1417 948 1480 παντὶ,
985 1416 1090 1470 κᾶν
1143 1417 1306 1486 ἡμεῖς
1355 1417 1753 1486 σιωιιτήσωμεν⁸

179 1508 357 1580 φυγαὶ
406 1507 793 1579 πρεσϐυτέριον
814 1545 830 1570 ,
878 1506 1051 1576 φυγαὶ
1093 1504 1388 1568 διακόνων,
1419 1505 1515 1558 καὶ
1558 1503 1760 1567 παντὸς

176 1602 278 1656 τοῦ
299 1602 502 1673 κλήρου
521 1599 781 1671 λεηλασία
796 1599 929 1669 (51).
950 1599 1185 1670 ’Δνάγκη
1203 1596 1365 1669 γὰρῆ
1386 1596 1753 1667 προσκυνῆσαι

112 1710 121 1719 '
176 1695 248 1764 τῇ
283 1692 474 1755 εἰκόνι,
502 1690 536 1762 ἢ
569 1693 636 1764 τῇ
674 1691 886 1762 πονηρᾷ
919 1688 1078 1759 φλογὶ
1118 1689 1227 1743 τῶν
1263 1689 1544 1760 μαστίγων
1584 1704 1761 1759 παρα-

1853 513 1886 554 a
1903 500 2195 569 juventute
2224 499 2294 555 ad
2321 507 2599 554 senectam
2635 513 2811 568 usque
2845 504 3142 553 transacta.
3172 494 3279 550 Sed
3307 508 3430 550 sce-

1854 591 2066 648 leratus
2093 591 2313 663 quidem
2352 591 2537 647 nullus
2573 590 2693 646 sine
2731 589 2897 645 certis
2921 587 3140 645 indiciis
3162 587 3429 642 condem-

1854 692 2018 739 natur
2060 700 2075 738 :
2104 684 2351 755 episcopi
2393 691 2579 738 autem
2609 697 2675 737 ex
2709 682 2825 736 sola
2873 679 3150 736 calumnia
3184 678 3430 733 damnati

1856 783 2023 842 sunt,
2045 790 2109 831 ac
2134 776 2286 831 nullo
2315 781 2643 846 argumento
2672 770 3155 827 criminationibus
3189 769 3428 840 adjecto,
3455 827 3462 843 ‘

1856 865 2141 937 suppliciis
2163 865 2478 921 traduntur.
2506 863 2621 919 lmo
2646 863 2895 918 nonnulli
2941 878 3117 932 neque
3141 869 3430 917 accusato-

1854 973 1947 1013 res
1973 937 2352 1029 agnoverunt,
2386 970 2567 1026 neque
2598 953 2854 1010 viderunt
2903 953 3223 1012 tribunalia.
3254 967 3432 1021 neque

1858 1048 2090 1105 omnino
2137 1047 2436 1105 calumniis
2486 1046 2715 1119 appetiti
2764 1045 2986 1101 fuerunt
3018 1085 3035 1110 ,
3078 1045 3177 1101 sed
3235 1045 3434 1100 intem--

1858 1149 2015 1212 pesta
2043 1148 2204 1195 nocte
2234 1138 2502 1194 violenter
2528 1137 2712 1207 rapti,
2743 1137 2801 1191 in
2829 1136 3160 1207 longinquas
3183 1136 3436 1207 regiones

1859 1231 2033 1303 fugati
2061 1239 2234 1297 sunt,
2265 1245 2330 1286 ex
2364 1229 2683 1287 solitudinis
2709 1228 3075 1285 incommodis
3102 1229 3171 1283 ad
3203 1238 3437 1283 mortem

1860 1325 2087 1396 objecti.
2134 1322 2270 1389 Qua:
2300 1332 2480 1378 autem
2505 1337 2573 1378 ex
2614 1321 2710 1378 his
2758 1328 3091 1393 sequuntur,
3123 1327 3253 1375 nota
3307 1319 3442 1374 sunt

1861 1398 2121 1474 omnibus
2142 1456 2158 1484 ,
2197 1417 2414 1473 etiamsi
2441 1423 2761 1481 taceamus;
2794 1414 2938 1486 fugae
2964 1412 3436 1485 presbyterorum,

1863 1512 2003 1583 fugat
2025 1510 2386 1566 diaconorum
2406 1549 2422 1572 ,
2447 1522 2513 1562 ac
2555 1507 2689 1562 cleri
2721 1504 2896 1561 totius
2928 1504 3298 1576 depopulatio.
3330 1501 3441 1557 Ne-

1869 1617 2020 1659 cesse
2047 1602 2194 1657 enim
2213 1607 2298 1657 est
2327 1610 2420 1654 aut
2455 1599 2751 1670 imaginem
2776 1597 3010 1653 adorare
3028 1597 3096 1662 ⁸⁸,
3134 1605 3232 1664 aut
3257 1611 3442 1667 pravae

1863 1693 2096 1749 ﬂammae
2146 1692 2485 1764 ﬂagellorum
2548 1692 2711 1755 tradi.
2747 1689 3083 1761 Populorum
3156 1689 3438 1761 gemitus.

172 1758 422 1856 δοθῆναι.
456 1758 756 1854 Στεναγμοὶ
923 1758 1092 1844 λαῶν,
1119 1758 1359 1853 δάκρυον
1389 1781 1638 1852 διηνεκὲς
1666 1758 1763 1833 καὶ

1871 1787 2141 1842 continua:
2173 1786 2427 1857 privatim
2463 1802 2528 1840 ac
2574 1784 2793 1856 publice
2840 1784 3129 1855 lacrymaa,
3178 1781 3442 1837 omnibus

178 1876 305 1932 κατ’
351 1873 535 1938 οἴκους
585 1876 680 1928 καὶ
724 1873 993 1950 δημοσίᾳ,
1053 1873 1270 1927 πάντων
1315 1872 1450 1945 πρὸς
1503 1870 1763 1941 ἀλλήλους

178 1965 526 2039 ὣυρομὲνων
570 1964 607 2019 ἃ
641 1965 962 2035 πάσχουσιν.
1006 1964 1195 2026 Οὐδεὶς
1224 1961 1333 2034 γὰρ
1378 1960 1520 2014 οὕτω
1566 1959 1764 2025 λίθινος

180 2057 281 2130 τὴν
321 2057 566 2130 καρδίαν,
597 2056 760 2122 ὥστε,
796 2056 1002 2128 πατρὸς
1028 2055 1335 2126 στερηθεὶς.
1360 2056 1549 2128 πράως
1577 2056 1764 2128 φέρειν

178 2150 283 2222 τὴν
316 2149 599 2222 ὀρφανίαν.
630 2145 802 2220 ’Ἦχος
835 2147 1182 2219 θρηνούντων
1228 2149 1286 2201 ἐν
1324 2147 1498 2211 πόλει,
1530 2142 1664 2219 ἦχος
1706 2148 1764 2200 ἐν

180 2243 414 2312 ἀγροῖς,
457 2242 515 2294 ὲν
557 2241 718 2305 ὁδοῖς,
757 2242 816 2295 ἐν
859 2239 1139 2312 ἐρημίαις.
1193 2239 1310 2294 Μία
1359 2240 1510 2311 φωνὴ
1559 2238 1766 2293 ἐλεεινὰ

181 2334 407 2387 πάντων
438 2332 552 2404 (53)
595 2333 690 2384 καὶ
726 2331 1027 2402 σκυθρωπὰ
1052 2330 1463 2402 φθεγγομένων.
1509 2330 1765 2402 Ἐξῆρται

180 2424 332 2497 χαρὰ
370 2426 466 2478 καὶ
496 2422 803 2495 εὐφροσύνη
832 2423 1202 2496 πνευματική,
1240 2425 1331 2487 Εἰς
1359 2421 1554 2486 πένθος
1577 2423 1767 2494 ἐστρά-

182 2533 368 2590 φησαν
398 2516 558 2589 ἡμῶν
603 2517 661 2569 αί
703 2516 922 2589 ἐορταί·
967 2515 1108 2569 οἶκοι
1145 2515 1465 2587 προσευχῶν
1511 2516 1763 2570 ἐπεκλεί-
1802 2582 1809 2587 ρ

180 2606 433 2679 σθησανσ
488 2606 634 2677 ἀργὰ
681 2605 751 2659 τὰ
801 2606 1171 2677 θυσιαστήρια
1229 2606 1327 2675 τῆς
1392 2606 1766 2677 πνευματικῆς

181 2698 459 2770 λατρείας.
499 2698 696 2751 υύκέτι
725 2697 975 2766 σύλλογοι
1008 2697 1374 2768 Χριστιανῶν,
1406 2698 1590 2751 οὐκέτι
1620 2697 1766 2751 διδαο

182 2792 405 2846 σκάλων
435 2791 737 2863 προεδρίαι,
768 2793 830 2845 ού
862 2791 1170 2861 διδάγματα
1214 2793 1479 2864 σωτήρια,
1505 2793 1565 2845 οὐ
1593 2810 1767 2863 πανη-

1865 1877 2012 1933 inter
2046 1894 2107 1934 se
2139 1879 2283 1932 mala
2314 1894 2415 1934 sua
2468 1876 2817 1933 dcilentibus.
2874 1874 3048 1931 Nemo
3080 1874 3228 1930 enim
3275 1872 3443 1927 corde

1864 1978 1950 2026 est
1993 1968 2129 2024 adeo
2162 1971 2375 2040 lapideo
2399 2010 2415 2034 ,
2448 1978 2509 2024 ut
2555 1981 2707 2040 patre
2739 1968 2984 2040 privatus
3006 2008 3021 2027 .
3050 1967 3236 2021 animo
3282 1980 3443 2034 atquo

1867 2063 2007 2119 ferat
2035 2063 2350 2118 orbitatem.
2401 2061 2583 2117 Sonus
2614 2061 3029 2116 lamentantium
3062 2059 3118 2114 in
3146 2059 3283 2114 urbe
3303 2097 3318 2122 ,
3351 2072 3443 2113 so-

1865 2170 1975 2210 nus
2004 2156 2059 2209 in
2088 2155 2236 2225 agris
2257 2194 2271 2218 ,
2299 2154 2355 2209 in
2380 2156 2484 2209 viis
2508 2193 2524 2212 .
2570 2151 2736 2226 374
2763 2152 2819 2205 in
2874 2148 3290 2206 solitudinibus.
3323 2146 3442 2201 Vox

1868 2260 1979 2300 una
2031 2244 2276 2307 auditur,
2326 2243 2639 2299 miseranda
2685 2241 2944 2297 omnibus
2988 2255 3053 2295 ac
3122 2239 3307 2294 tristia
3357 2238 3443 2292 lo-

1867 2336 2187 2408 quentibus.
2220 2332 2509 2390 Sublatum
2537 2342 2624 2389 est
2648 2333 2933 2404 gaudium,
2965 2339 3021 2388 et
3058 2331 3249 2386 laetitia
3279 2329 3446 2402 spiri-

1867 2427 2239 2483 tualis.Versi
2285 2436 2417 2482 sunt
2469 2426 2525 2481 in
2574 2427 2781 2480 luctum
2828 2423 2955 2481 festi
3002 2423 3126 2479 dies
3161 2423 3334 2478 nostri
3359 2421 3441 2488 ⁸⁶;

1869 2521 2150 2575 conclusae
2172 2520 2552 2590 precationum
2579 2517 2810 2585 domus;
2846 2523 3044 2572 vacant
3066 2515 3261 2571 altaria
3291 2516 3445 2570 cultu

1868 2611 2165 2683 spirituali.
2196 2609 2313 2666 Non
2340 2610 2452 2680 jam
2486 2618 2791 2665 conventus
2820 2608 3262 2664 Christianorum
3283 2648 3299 2675 ,
3334 2622 3445 2662 non

1863 2703 1979 2773 jam
2009 2702 2370 2774 praesidentes
2408 2701 2664 2757 doctores
2685 2741 2700 2767 ,
2734 2717 2844 2757 non
2880 2702 3210 2757 documenta
3238 2702 3447 2757 saluta-

1868 2796 2130 2863 ria,non
2180 2794 2596 2860 solemnitates,
2629 2809 2743 2849 non
2793 2793 3127 2866 hymnorum
3186 2795 3447 2852 nocturni

180 2882 398 2956 γύρεις,
415 2884 514 2955 οὐχ
536 2884 804 2955 ὐμνῳδίαι
824 2885 1157 2955 νυκτεριναὶ,
1186 2886 1248 2938 οὐ
1271 2885 1330 2939 τὸ
1359 2885 1629 2958 μακάριον
1653 2885 1766 2956 (54)

1871 2896 2086 2952 cantus,
2115 2901 2295 2957 neque
2318 2886 2479 2941 beata
2507 2885 2600 2939 illa
2628 2886 2936 2940 animarum
2974 2885 3294 2951 exsultatio,
3323 2901 3448 2957 quae

181 2977 365 3029 ἐκεῖνο
393 2975 500 3029 τῶν
526 2975 714 3047 ψυχῶν
746 2976 1080 3048 ἁγαλλίαμα,
1114 2977 1175 3030 τὸ
1213 2978 1305 3031 ἐπὶ
1348 2979 1469 3041 ταῖς
1513 2976 1766 3042 συνάξεσι

1871 2995 1937 3037 ex
1963 2979 2266 3053 synaxibus
2304 2988 2363 3035 et
2402 2980 2904 3037 communicatione
2949 2979 3223 3035 donorum
3278 2980 3447 3050 spiri-

181 3068 372 3140 καὶτῇ
409 3069 662 3141 κοινωνίᾳ
693 3068 801 3123 τῶν
841 3070 1229 3142 πνευματικῶν
1260 3056 1615 3140 χαρισμάτων
1646 3073 1766 3135 ταῖς

1871 3074 2105 3130 tualium
2152 3073 2445 3130 animabus
2472 3072 2814 3130 credentium
2841 3072 2900 3128 in
2949 3071 3246 3127 Dominum
3294 3073 3448 3127 inna-

180 3160 390 3231 ψυχαῖς
435 3161 788 3233 ἐγγινόμενον
839 3161 949 3217 τῶν
1001 3163 1370 3215 πιστευόντων
1417 3165 1496 3227 είς
1536 3161 1762 3235 Κύριον.

1871 3166 2064 3223 scitur.
2118 3165 2283 3222 Decet
2318 3182 2424 3223 nos
2451 3165 2678 3222 dicere:
2716 3164 2842 3221 Non
2881 3170 2959 3219 est
2998 3165 3056 3219 in
3085 3173 3316 3234 tempore
3349 3160 3448 3219 ἧσο

192 3254 364 3325 Ἦμῖν
392 3254 591 3328 πρέπει
628 3253 840 3323 λέγειν,
876 3256 959 3309 ὅτι
1008 3257 1132 3309 Οὐκ
1166 3255 1339 3310 ἔστιν
1378 3256 1448 3309 ἐν
1470 3253 1551 3321 τῷ
1586 3254 1768 3325 καιρῷ

1871 3260 2129 3329 princeps,
2153 3276 2314 3331 neque
2335 3259 2592 3331 propheta
2611 3299 2628 3324 ,
2666 3275 2830 3330 neque
2849 3258 2961 3313 dua:
2984 3299 3000 3324 ,
3028 3272 3193 3330 neque
3220 3257 3444 3325 oblatio,
3524 3324 3535 3339 η

181 3347 380 3409 τούτῳ
417 3345 640 3416 ἅρχων,
682 3347 820 3400 οὔτε
846 3346 1186 3416 προφήτης,
1226 3347 1363 3402 οὔτε
1411 3348 1764 3416 ἡγούμενος,

179 3436 328 3492 οὔτε
378 3437 725 3507 προσφορὰ,
767 3437 907 3491 οὔτε
944 3438 1239 3508 θυμίαμα,
1290 3441 1362 3492 οὐ
1418 3439 1601 3504 τόπος
1660 3438 1768 3492 τοῦ

182 3527 501 3597 καρπῶσαι
525 3530 785 3586 ἐνώπιον
815 3531 1059 3599 Κυρίου,
1089 3530 1187 3587 καὶ
1213 3530 1410 3599 εὑρεῖν
1431 3532 1621 3596 ἕλεος.

257 3623 313 3677 5.
350 3621 534 3677 Ταῦτα
558 3623 756 3677 είδόσιν
789 3623 1200 3694 ὲπιστέλλομεν,
1232 3623 1366 3677 διότι
1405 3623 1560 3679 οὐδὲν
1601 3623 1768 3696 μέρος

184 3712 309 3765 ἐστὶ
334 3713 434 3783 τῆς
467 3714 816 3787 οἰκουμένης,
845 3714 874 3768 ὃ
895 3713 996 3778 τὰς
1019 3714 1293 3786 ἡμετέρας
1323 3715 1506 3768 λοιπὸν
1531 3716 1766 3786 ἠγνόησε

68 3845 76 3850 .
187 3804 494 3876 συμφοράς.
526 3805 692 3858 Ὥστε
719 3806 780 3860 ού
810 3805 1163 3870 διδασκαλίας
1190 3806 1378 3861 ἕνεκεν
1407 3810 1534 3871 τοὺς
1575 3806 1767 3876 λόγους

182 3894 413 3959 τούτους
456 3894 728 3950 ποιεῖσθαι
779 3898 924 3968 ἡμᾶς
968 3898 1209 3968 νομίζειν
1268 3899 1544 3970 προσῆκεν
1570 3937 1585 3963 ,
1646 3899 1767 3953 ούδέ

181 3985 283 4041 τοῦ
324 3985 437 4056 (55)
480 3987 789 4059 ύπομνησαι
820 3987 974 4059 ὑμῶν
1022 3988 1120 4061 τὴν
1172 3989 1492 4063 ἐμμέλειαν.
1532 3990 1766 4063 Οἴδαμεν

184 4078 321 4149 γὰρ,
356 4078 438 4131 ὅτι
466 4079 568 4133 ούκ
606 4079 672 4133 ἄν
702 4097 833 4134 ποτε
873 4080 1223 4136 ἐπιλάθοισθε
1248 4082 1430 4154 ἡμῶν,
1461 4084 1522 4137 ού
1565 4078 1775 4154 μᾶλλόν

183 4187 253 4239 γε
298 4170 332 4243 ἢ
381 4171 413 4240 ή
468 4172 653 4243 μήτηρ
716 4170 826 4226 τῶν
876 4173 1119 4242 ἐκγόνων
1160 4175 1260 4246 τῆς
1307 4174 1514 4239 κοιλίας
1571 4176 1762 4246 αὐτῆς.

196 4262 340 4315 Ἀλλ’
371 4264 558 4349 ἐπειδὴ
587 4265 637 4318 οἱ
668 4266 997 4338 περιωδυνίᾳ
1027 4268 1139 4339 (56)
1164 4271 1270 4323 τιν).
1296 4271 1651 4342 κατεχόμενοι
1676 4272 1766 4326 διὰ

182 4353 297 4407 τῶν
327 4354 646 4425 στεναγμῶν
694 4356 973 4425 κουφίζειν
1003 4375 1121 4422 πως
1163 4358 1263 4422 τὰς
1315 4359 1616 4430 ἀλγηδόνας
1659 4377 1759 4412 πε-

1869 3367 2034 3420 neque
2084 3351 2285 3421 suﬁitus
2305 3391 2321 3416 ,
2355 3367 2517 3423 neque
2555 3351 2702 3406 locus
2732 3351 3076 3421 sacriﬁcandi
3123 3368 3305 3419 coram
3334 3350 3448 3406 Do-

1869 3445 2033 3509 mino,
2054 3452 2106 3499 et
2137 3443 2433 3499 inveniendi
2464 3443 2889 3500 misericordiam
2918 3443 2987 3498 ⁸⁷.

1941 3624 1992 3678 3.
2029 3620 2336 3680 Scribimus
2374 3623 2490 3679 haec
2521 3623 2848 3689 scientibus,
2873 3639 3001 3680 cum
3037 3641 3166 3698 pars
3199 3626 3351 3682 nulla
3377 3627 3449 3683 sit

1868 3714 2024 3770 orbis
2043 3721 2319 3770 terrarum
2342 3759 2358 3785 ,
2381 3731 2503 3785 quae
2523 3715 2635 3786 jam
2668 3716 3018 3774 calamitates
3042 3727 3263 3776 nostras
3293 3719 3450 3790 igno-

1868 3814 1971 3863 ret.
2002 3805 2184 3874 Quare
2229 3822 2340 3862 non
2380 3806 2616 3862 docendi
2639 3822 2811 3862 causa
2842 3808 2958 3862 haec
2988 3823 3021 3863 a
3053 3808 3215 3864 nobis
3245 3809 3449 3866 disseri

1869 3897 2240 3965 credendum,
2277 3906 2370 3952 aut
2403 3908 2463 3953 ut
2489 3898 3051 3957 commonefaciamus
3089 3907 3327 3956 vestram
3364 3900 3447 3954 di-

1870 3989 2172 4061 ligentiam.
2207 3987 2472 4045 Novimus
2492 3988 2638 4043 enim
2660 4003 2945 4059 nunquam
2971 4004 3071 4045 vos
3105 3991 3281 4045 nostri
3309 3991 3418 4046 obli

1870 4088 2026 4137 turos
2052 4096 2207 4144 esse,
2242 4095 2354 4135 non
2385 4080 2561 4150 magis
2591 4094 2727 4136 sane
2748 4094 2914 4150 quam
2943 4089 3175 4148 matrem
3209 4080 3473 4136 tiliam!"-

1868 4174 2013 4231 uteri
2031 4174 2117 4229 sui
2151 4174 2220 4225 ⁸⁸.
2250 4171 2360 4228 Sed
2388 4172 2648 4242 quoniam
2665 4172 2759 4243 qui
2786 4171 2976 4227 dolore
2992 4172 3176 4242 aliquo
3201 4172 3445 4228 detinen—

1869 4274 1982 4330 tur,
2014 4266 2311 4339 gemitibus
2344 4265 2528 4320 levare
2558 4265 2745 4336 aliquo
2774 4264 2938 4320 modo
2964 4280 3200 4337 angores
3236 4266 3450 4331 solent,

1872 4361 2014 4416 idem
2065 4371 2120 4415 et
2189 4376 2291 4415 nos
2349 4357 2619 4426 iacimus;
2669 4359 2979 4414 excutimus
3047 4359 3453 4435 quodammodo

181 4443 417 4515 φύκασι,
446 4445 604 4500 τοῦτο
645 4449 741 4503 καὶ
774 4449 935 4520 ἡμεῖς
980 4449 1239 4522 ποιοῦμεν
1264 4464 1276 4476 ’
1306 4446 1419 4506 οἷον
1454 4452 1762 4506 ἀποσκευα-

1871 4454 2129 4508 ιιιωιοιὶε
2182 4451 2432 4523 pondus,
2462 4453 2591 4507 dum
2632 4450 2915 4507 dilectioni
2948 4460 3148 4507 vestrae
3191 4452 3455 4522 multipli-

254 4606 305 4638 ⁸³
341 4601 480 4657 Dan.
522 4617 623 4667 ιιι,

264 4755 373 4836 (ἐθ)
418 4757 561 4836 ζΑπῤ
584 4757 801 4826 μόνης.
832 4756 1081 4825 Quatuor
1105 4760 1326 4818 codices
1354 4778 1463 4818 non
1491 4764 1761 4836 antiquis-

185 4827 313 4882 simi
348 4826 455 4879 ὑπὸ
481 4826 664 4890 μόνης.

259 4844 313 4881 ιιι
348 4844 455 4879 οπο
549 4845 578 4880 ν
618 4844 664 4890 ς.

259 4844 556 4983 (⁵0).
581 4846 933 4983 Xersen“
972 4898 1153 4983 Νειιξρ
1192 4914 1532 4983 aerumna
1578 4905 1760 4983 διέξει.

184 4974 542 5023 accusatores
568 4966 819 5036 producti
853 4983 1037 5025 coram
1060 4966 1168 5026 illis
1196 4966 1304 5025 non
1333 4972 1571 5030 fuerunt.
1609 4966 1763 5030 Desi;

182 5046 321 5109 gnat
364 5038 456 5109 illa
484 5052 586 5091 vox
634 5036 937 5109 ἐγνώρισαν
979 5054 1102 5093 eum
1139 5045 1502 5108 cognoscendi
1536 5045 1762 5099 modum

181 5107 282 5182 qui
316 5107 493 5182 certis
508 5116 565 5182 et
585 5107 883 5182 exploratis
902 5118 1119 5182 constat
1143 5107 1381 5182 indiciis.
1413 5111 1506 5168 Sic
1532 5113 1766 5169 Basilius

183 5175 245 5232 ιιι
270 5177 435 5256 epist.
644 5177 916 5256 [Ῑρότερον
954 5180 1110 5256 αὐτοι
1137 5181 1252 5256 μετ’
1285 5182 1528 5256 ἀλλήλων
1548 5185 1766 5256 ᾼγνωρίτ-

185 5246 321 5301 σατε
357 5246 602 5332 ἑαυτοὺς,
650 5246 734 5300 ἵνα
760 5246 978 5319 γνῶμεν
1009 5246 1149 5322 πρὸς
1183 5252 1334 5316 τίνας
1369 5246 1502 5323 ifpiv
1543 5246 1697 5307 ἐσταὶ
1729 5254 1764 5323 ἡ

184 5333 498 5387 συμφωνια.

260 5386 378 5455 (51)
406 5389 734 5455 Λεηλασιά,
782 5386 860 5443 Ita
906 5397 1118 5448 veteres
1163 5390 1288 5446 libri
1338 5399 1569 5462 septem.
1622 5391 1766 5450 Editi

182 5457 492 5511 λεηλασίαι.

251 5473 492 5527 ηΑασιαι.

262 5528 377 5593 (52)
406 5529 747 5605 Στειςᾳγμοί.
786 5528 1025 5605 podices
1069 5534 1402 5605 recentiores
1445 5549 1556 5589 non
1603 5533 1765 5605 pauci

184 5596 514 5674 “evanui;
546 5596 743 5674 Ibidem
781 5597 1032 5674 δακρύων
1061 5602 1306 5674 διηνεκές
1338 5603 1394 5674 in
1432 5596 1618 5673 prima
1644 5604 1763 5659 edi-

184 5670 342 5721 tione
376 5666 548 5721 Paris.
594 5668 766 5721 Aliter
793 5666 914 5724 aliis
944 5672 998 5724 in
1025 5666 1308 5727 codicibus
1329 5666 1494 5728 editis
1541 5681 1597 5728 et
1627 5689 1763 5729 mss.

262 5736 377 5806 (53)
402 5734 673 5790 Πάντων.
708 5735 799 5793 Sic
817 5754 1007 5796 omnes
1030 5759 1162 5796 mss.
1193 5742 1334 5798 Editi
1359 5744 1617 5798 ἁπάντων
1670 5742 1767 5777 "in

518 5828 782 5894 Ριιτιιοι..
819 5836 868 5895 G
917 5879 933 5898 .
979 5834 1248 5897 XXXII.

700 4605 787 4660 10.
879 4603 925 4636 ⁸⁸
965 4605 1133 4662 Amos
1173 4623 1306 4672 vm,
1349 4608 1437 4663 l0.
1521 4608 1564 4642 ⁸⁷
1607 4607 1745 4667 Dan.

1875 4650 1891 4678 ,
1934 4611 2024 4677 58,
2067 4611 2157 4668 '59.
2246 4610 2292 4643 ⁸³
2331 4608 2436 4665 lsa.
2481 4626 2643 4676 χιιις,
2689 4612 2773 4666 15.

1872 4774 2052 4821 autem
2101 4767 2369 4838 occurrit,
2395 4766 2635 4838 insignis
2671 4766 2912 4823 varietas
2946 4767 3002 4823 in
3036 4774 3274 4837 quatuor
3312 4781 3447 4824 mss.

1872 4852 1980 4909 non
2014 4836 2433 4909 vetustissimis,
2454 4836 2732 4907 inquibus
2764 4839 2851 4909 sic
2877 4836 3078 4909 legitur
3093 4836 3116 4909 _:
3150 4838 3267 4891 Μία
3295 4838 3449 4909 φωνὴ

1871 4906 2097 4978 ἐλεεινήο
2130 4908 2351 4961 πάντων
2381 4906 2450 4978 τᾲ
2488 4906 2789 4978 σκυθρωπὰ
2814 4906 3236 4978 φθεγγομένων.

1943 4974 2163 5047 (suos
2192 4978 2260 5030 τὸ
2277 4976 2593 5047 μακάρων.
2625 4974 2699 5031 ita
2724 4974 2951 5034 codices
2968 4974 3100 5032 mss.
3127 4985 3272 5032 octo.
3305 4974 3450 5047 Editi
3531 5030 3538 5039 ,

1856 5045 2015 5100 οὔτε.
2045 5046 2217 5102 Paulo
2241 5045 2366 5117 pbst
2406 5046 2537 5102 editi
2565 5048 2593 5100 ὃ
2623 5048 2716 5100 ἐπὶ
2755 5049 2943 5110 ταῖς...
2979 5047 3272 5116 ἐγγίνεται.
3313 5046 3449 5105 Tres

1868 5117 2229 5172 vetustissimi
2260 5117 2483 5171 codices
2519 5129 2577 5173 ut
2601 5117 2657 5171 in
2693 5126 2871 5172 textu.

1941 5185 2051 5259 (55)
2071 5186 2226 5242 Οὐδὲ
2249 5187 2377 5259 τοῦ.
2398 5185 2544 5259 Tres
2562 5187 2928 5259 vetustissimi
2957 5185 3176 5259 codices
3208 5188 3326 5243 οὐδὲ
3349 5188 3447 5259 τῷ.

1868 5253 2038 5329 Paulo
2072 5266 2197 5326 post
2229 5257 2363 5312 editi
2391 5255 2743 5328 ἐπιλάθησθε.
2779 5257 2929 5312 Harl.
2960 5263 3016 5312 et
3042 5256 3212 5315 Coisl;
3240 5253 3450 5329 primus

1869 5333 1930 5381 ut
1960 5327 2016 5381 in
2056 5334 2229 5382 textu.

1940 5396 2051 5480 (ξε)
2070 5400 2134 5480 ΟΞ
2161 5396 2545 5480 περιωδυνία.
2557 5395 2663 5479 Sic
2685 5398 3450 5480 tres_vetustissiini_codices,

1872 5466 2292 5555 qp'ibusfavent
2322 5475 2447 5555 tres
2478 5468 2569 5549 alii
2602 5468 2666 5555 in
2682 5469 2908 5555 ‘r'luibus
2950 5472 3148 5555 legitur
3176 5472 3453 5555 dicm-5pc;

1872 5537 2051 5611 όδύνῃ.
2078 5536 2302 5611 Ιέθεὶιιιι·
2328 5539 2380 5590 in
2411 5538 2578 5611 Hegio
2598 5536 2832 5611 _l8'2£,oi
2858 5540 2987 5611 περ).
3005 5536 3272 5611 ἒύδονείᾳ.
3308 5536 3453 5597 Edili

2086 5600 2257 5681 Pa'ulo
2284 5619 2407 5681 post
2437 5600 2565 5681 editi
2592 5600 3002 5681 διαγγέλλομέν.
3028 5614 3164 5669 Tres
3193 5600 3369 5670 vctust
3397 5630 3450 5667 s-

1874 5678 2015 5733 simi
2040 5678 2258 5734 codices
2291 5678 2710 5750 ἐξαγγέλλομεν.

3135 5857 3211 5914 ευ
