3856 6224
441 310 533 372 ΜΠ

1784 311 1840 367 S.
1885 309 2128 368 BASlLll
2168 311 2382 371 MAG‘NI

3587 319 3691 375 908

438 447 524 487 tes
573 438 793 486 nos.th
839 423 1183 484 calamitates
1231 429 1581 494 nuntiamus,
1610 429 1657 485 si
1705 410 1817 501 quo
1846 431 2000 486 modo

2114 431 2318 502 ζόμεθα
2345 432 2444 504 τῆς
2476 429 2653 503 λύπης
2684 431 2746 486 τὺ
2776 430 2962 503 βάρος,
2996 432 3063 487 δι’
3085 425 3159 486 ὧν
3184 431 3322 506 πρὸς
3358 430 3460 502 τὴν
3493 431 3690 504 ὑμετέ-

436 521 910 580 vehementiusad
961 522 1312 595 ,preeandum
1355 538 1457 594 pro
1518 522 1680 579 nobis
1715 523 2009 589 commoti,

433 616 723 672 Dominum
753 617 996 673 exoretis
1030 625 1092 671 ut
1116 615 1510 673 reconcilietur
1543 616 1727 672 nobis.
1774 614 1931 683 Quod
1963 615 2009 672 si

431 721 687 763 aerumnae
713 721 837 778 quae
864 721 965 763 nos
994 706 1241 778 amigunt
1285 707 1417 763 sola:
1471 715 1662 762 essent
1681 746 1696 772 ,
1723 706 2011 762 statuisse-

329 867 341 882 .
429 814 552 854 mus
588 797 777 868 utique
806 797 948 869 apud
979 799 1350 871 nosmetipsos
1381 807 1566 853 tacere
1587 838 1602 864 ,
1637 805 1801 869 atque
1832 798 1887 852 in
1927 798 2010 852 in-

429 890 735 946 commodis
773 904 874 961 pro
921 889 1145 946 Christo
1199 889 1547 960 perferendis
1574 892 1851 961 gaudere:
1883 887 2010 943 Non

427 981 574 1039 enim
605 990 730 1037 sunt
759 980 1342 1053 condignapassionea
1367 982 1522 1052 hujus
1555 983 1804 1052 temporis
1823 983 1891 1036 ad
1923 981 2010 1050 [u-

429 1085 606 1128 turam
634 1073 892 1146 gloriam,
931 1091 1052 1146 qua:
1099 1073 1420 1129 revelabitur
1448 1075 1504 1128 in
1537 1075 1688 1128 nobis
1730 1075 1797 1130 ".
1846 1073 2008 1131 Nunc

425 1175 609 1222 autem
638 1181 915 1231 veremur,
965 1165 1258 1236 nequando
1318 1167 1712 1237 ingravescens
1756 1168 2004 1231 malum,

429 1258 574 1314 velut
620 1256 843 1314 ﬂamma
874 1257 1123 1328 quaedam
1155 1257 1440 1313 ardentem
1475 1260 1762 1312 materiam
1813 1274 2008 1330 perva-

425 1349 560 1405 dens
583 1389 599 1415 ,
627 1357 920 1421 postquam
956 1349 1368 1420 consumpserit
1416 1367 1538 1420 quae
1567 1351 1813 1420 proxima
1837 1359 2004 1416 sunt,

424 1441 654 1511 attingat
685 1441 850 1496 etiam
885 1449 940 1497 et
986 1442 1307 1496 remotiora.
1355 1440 1684 1512 Depascitur
1715 1443 1863 1498 enim
1895 1442 2010 1498 hae-

423 1546 607 1587 reseos
649 1532 854 1586 malum
877 1540 972 1604 ,.et
1016 1533 1184 1587 timor
1223 1540 1307 1588 εει
1344 1549 1448 1598 ne,
1483 1534 1690 1589 voratis
1741 1533 2006 1592 Ecclesiis

421 1624 663 1688 nostris,
709 1611 908 1695 serpat
950 1631 1142 1696 postea
1183 1640 1358 1695 usque
1417 1625 1485 1679 ad
1536 1641 1728 1681 sanam
1790 1637 2002 1698 partem

420 1719 617 1768 vestrae
674 1711 956 1781 parteeiae.
1013 1711 1276 1770 Fortasse
1328 1714 1516 1785 igitur,
1546 1716 1680 1786 quia
1722 1716 1865 1787 apud
1900 1732 2004 1773 nos

421 1803 720 1860 abundavit
765 1813 1089 1874 peccatum,
1122 1806 1288 1876 primi
1341 1806 1398 1862 in
1443 1823 1629 1863 escam
1681 1808 1867 1864 traditi
1911 1827 2004 1864 su-

423 1913 545 1953 mus
578 1897 898 1953 crudelibus
933 1897 1285 1954 inimicorum
1311 1898 1408 1954 Dei
1445 1899 2004 1958 dentibus.Fortasse

423 1986 624 2055 etiam,
667 1986 816 2059 quod
862 1998 918 2043 et
950 1988 1314 2044 verisimilius
1366 1999 1482 2055 est,
1513 1992 1774 2060 quoniam
1823 1989 2005 2045 Evan-

422 2078 621 2152 gelium
656 2079 808 2150 regni
836 2119 852 2144 ,
884 2087 1048 2151 capto
1083 2094 1114 2133 a
1152 2080 1363 2136 nostris
1400 2081 1540 2139 locis
1570 2081 1727 2136 initio
1748 2121 1763 2145 ,
1792 2081 1848 2136 in
1880 2097 2001 2136 om-

421 2194 542 2234 nem
575 2178 826 2250 pervenit
871 2187 1145 2234 terrarum
1172 2177 1364 2233 orbem
1385 2218 1401 2243 ,
1435 2177 1644 2232 idcirco
1686 2177 2002 2233 communis

424 2272 728 2327 animarum
765 2279 1085 2326 nostrarum
1115 2271 1293 2326 hostis
1337 2267 1604 2340 perﬁcere
1651 2278 1904 2330 conatur,
1942 2275 2002 2321 ut

423 2363 740 2421 defectionis
806 2362 1054 2426 semina,
1085 2368 1307 2433 sumpto
1351 2361 1421 2416 ab
1466 2359 1662 2415 iisdem
1719 2359 1858 2415 locis
1891 2359 2000 2414 ini-

421 2457 529 2522 tio,
573 2457 630 2513 in
661 2463 839 2512 totum
887 2463 1163 2510 terrarum
1199 2453 1387 2508 orbem
1435 2450 1834 2507 diffundantur.
1867 2449 2002 2517 Qui-

419 2551 522 2606 bus
549 2549 697 2606 enim
727 2547 937 2604 all'ulsit
966 2546 1301 2602 illuminatio
1333 2544 1668 2616 cognitionis
1698 2543 1905 2600 Christi
1926 2544 1999 2610 ’°,

419 2641 484 2696 ad
520 2656 617 2696 eos
656 2649 718 2696 ut
758 2639 984 2695 veniant
1032 2638 1198 2693 etiam
1233 2636 1533 2707 impietatis
1567 2635 1838 2700 tenebrae,
1885 2649 2000 2688 ma-

419 2734 694 2790 chinatur.

485 3005 539 3060 ι.
570 3001 798 3059 Vestras
841 3001 1010 3072 igitur
1042 3000 1361 3056 existimate
1394 2997 1720 3055 amictiones
1749 3003 1995 3058 nostras,

418 3102 476 3148 ut
509 3093 627 3149 veri
666 3092 929 3163 discipuli
977 3091 1215 3146 Domini.
1260 3089 1380 3145 Non
1420 3089 1489 3144 de
1545 3088 1828 3160 pecuniis,
1887 3102 1994 3140 non
2025 3113 2070 3172 ρ

415 3185 577 3259 375
607 3185 674 3241 de
695 3185 869 3257 gloria
891 3226 906 3251 ,
941 3200 1050 3240 non
1083 3183 1151 3238 de
1183 3183 1293 3237 ulla
1345 3182 1451 3236 alia
1487 3197 1553 3236 ex
1583 3181 1747 3236 rebus
1787 3187 1998 3248 tempo-

414 3276 579 3332 rariis
609 3275 813 3332 bellum
849 3275 1194 3332 sustinemus
1225 3293 1238 3328 :
1274 3274 1369 3329 sed
1404 3272 1472 3328 de
1515 3270 1791 3326 communi
1826 3269 1997 3324 haere-

411 3367 612 3432 ditate,
642 3367 824 3438 patrio
854 3368 1120 3424 thesauro
1170 3381 1320 3422 sanae
1367 3364 1490 3419 tidei
1543 3371 1752 3419 stamus
1805 3361 2000 3417 decer-

413 3468 614 3517 tantes.
661 3460 915 3516 Dolorem
969 3472 1222 3516 nostrum
1265 3459 1481 3521 dolete,
1530 3473 1562 3512 o
1615 3471 1713 3512 vos
1763 3455 1994 3510 fratrum

411 3561 698 3621 amantes,
722 3553 984 3628 quoniam
1031 3553 1257 3609 occlusa
1296 3560 1428 3608 sunt
1459 3549 1605 3621 apud
1648 3564 1751 3606 nos
1778 3549 1995 3620 piorum

410 3662 538 3712 ora,
569 3654 759 3717 aperta
791 3660 922 3702 vero
957 3645 1143 3700 omnis
1166 3644 1346 3699 audax
1374 3652 1428 3698 et
1453 3641 1773 3712 blaspheme
1812 3640 1997 3711 lingua

410 3738 755 3809 loquentium
801 3738 1070 3794 adversus
1096 3735 1266 3792 Deum
1306 3735 1650 3806 iniquitatem
1671 3735 1740 3788 ἰ.
1768 3731 1996 3788 Colum-

410 3845 496 3885 nae
539 3837 594 3886 et
647 3829 881 3885 fulcrum
911 3829 1162 3884 veritatis
1214 3830 1270 3883 in
1297 3828 1640 3899 dispersione
1667 3844 1681 3892 ;
1713 3841 1815 3882 nos
1847 3841 1996 3888 vero,

409 3922 506 3995 qui
559 3922 630 3978 ob
682 3921 1006 3977 tenuitatem
1077 3922 1376 3990 contempti
1437 3919 1686 3984 fuimus,
1739 3917 1999 3988 loquendi

410 4014 763 4070 destituimur
809 4014 1086 4069 libertate.
1135 4013 1422 4070 Decertate
1471 4027 1570 4083 pro
1603 4011 1858 4083 populis,
1894 4025 1997 4067 nec

411 4114 655 4178 spectate
704 4105 870 4160 modo
930 4115 1178 4162 vestrum
1240 4113 1482 4170 statum,
1536 4103 1795 4160 videlicet
1851 4101 1999 4174 quod

410 4198 468 4250 in
508 4196 761 4267 portibus
796 4196 1112 4266 tranquillis
1149 4197 1311 4252 statis
1332 4237 1347 4259 ,
1386 4195 1478 4250 Dei
1508 4195 1686 4266 gratia
1712 4194 1940 4250 omnino
1968 4208 1999 4248 a

410 4286 635 4342 turbine
687 4286 958 4340 malorum
1007 4295 1293 4341 ventorum
1353 4300 1450 4342 vos
1496 4293 1835 4356 protegente.
1892 4283 1998 4339 Sed

411 4391 636 4432 manum
676 4376 845 4431 etiam
873 4375 1140 4432 Eeclesiis
1176 4385 1501 4447 tempestate
1545 4377 1840 4448 exagitatis
1873 4392 1999 4446 por-

2115 539 2216 595 ραν
2257 522 2480 593 ἀγάπην
2518 521 2618 586 τὰς
2660 523 2961 587 πολυειδεῖς
2994 523 3152 595 ἡμῶν
3199 523 3487 596 συμφορὰς
3533 524 3691 592 ἐξαγ-

2113 612 2396 684 γέλλομεν,
2425 613 2478 667 εἰ
2501 630 2619 676 πως
2643 613 2708 668 ἂν
2744 613 3104 686 σφοδρότερον
3132 615 3211 679 εἰς
3239 615 3338 676 τὰς
3366 614 3507 684 ὑπὲρ
3531 613 3563 684 ἡ
3574 611 3690 684 μῶν

2114 703 2424 776 προσευχὰς
2461 703 2796 772 κινηθέντες,
2834 703 3195 774 δυσωπήσητε
3225 703 3338 774 (57)
3369 701 3463 756 τὸν
3489 702 3688 773 Κύριον

2111 794 2466 865 διαλλαγῆναι
2497 797 2652 866 ἡμῖν.
2691 796 2756 849 Εἰ
2786 795 2886 867 μὲν
2907 791 3001 849 οῦν
3033 797 3087 850 αἰ
3114 793 3323 863 θλίψεις
3357 791 3499 866 ἦσαν
3531 795 3687 864 μόναι

2111 888 2169 940 αἱ
2198 885 2601 940 καταπονοῦσαι
2623 887 2794 958 ἡμᾶς,
2821 885 2922 940 κᾶν
2947 885 3443 956 συνεϐουλεύσαμεν
3475 886 3686 949 ἑαυτοῖς

2109 983 2210 1052 τὴν
2245 979 2471 1052 ἡσυχίαν
2506 981 2683 1049 ἄγειν,
2732 980 2825 1033 καὶ
2867 979 3080 1050 χαίρειν
3120 980 3233 1042 τοῖς
3269 978 3410 1049 ὑπὲρ
3447 976 3684 1048 Χριστοῦ

2111 1072 2465 1144 παθήμασιν,
2519 1071 2708 1141 ἐπειδὴ
2761 1071 2882 1124 Οὐκ
2920 1069 3062 1134 ἄξια
3106 1069 3177 1123 τὰ
3209 1069 3529 1138 παθήματα
3580 1069 3686 1123 τοῦ

2110 1165 2227 1219 νῦν
2269 1162 2477 1233 καιροῦ
2522 1163 2672 1231 πρὸς
2706 1161 2820 1230 τὴν
2835 1162 3186 1232 μέλλουσαν
3236 1161 3424 1226 δόξαν
3463 1163 3688 1215 ἀποκαο

2108 1255 2530 1326 λυρθήσεσθαι
2556 1257 2644 1319 εἰς
2671 1251 2859 1323 ἡμᾶς’
2893 1253 2987 1306 νῦν
3025 1253 3083 1307 δὲ
3105 1251 3435 1323 φοϐούμεθα,
3477 1253 3688 1323 μήποτ*

2109 1349 2476 1422 αὐξανόμενον
2524 1349 2586 1402 τὸ
2640 1347 2845 1412 κακὸν,
2900 1345 3091 1417 ὥσπερ
3143 1362 3229 1409 τις
3273 1343 3405 1415 φλὸξ
3450 1343 3539 1397 διὰ
3588 1344 3689 1415 τῆς

2108 1443 2405 1513 καιομένης
2441 1440 2575 1512 ὕλης
2604 1437 2894 1510 βαδίζουσα
2920 1436 3054 1507 (58),
3082 1435 3301 1490 ἐπειδάν
3331 1434 3688 1508 καταναλώσῃ

2107 1533 2174 1586 τὰ
2222 1533 2481 1603 πλησίον,
2532 1531 2738 1602 ἅψηται
2790 1530 2886 1584 κα)⁵
2927 1529 3034 1582 τῶν
3085 1528 3295 1600 πόρρω.
3335 1526 3688 1598 Ἐπινέμεται

2108 1627 2215 1697 γάρ
2243 1625 2304 1678 τδ
2340 1624 2508 1677 κακὸν
2534 1624 2630 1694 τῆς
2661 1623 2960 1695 αἱρέσεως·
2998 1622 3093 1674 καὶ
3121 1621 3243 1684 δέος
3278 1621 3415 1684 ἐστὶ,
3451 1619 3545 1690 μὴ,
3587 1617 3688 1683 τάς

2107 1717 2380 1788 ἡμετέρας
2409 1715 2734 1787 Ἐκκλησίας
2764 1713 3181 1784 καταφαγοῦσα,
3213 1713 3357 1784 ἓρψῃ
3378 1712 3569 1766 λοιπὸν
3595 1710 3689 1764 καὶ

2035 1775 2078 1830 Β
2107 1775 2198 1863 ι’ἑτὶ
2218 1775 2544 1876 τδιύγιαίνον
2569 1775 2734 1880 μέρος
2756 1808 2856 1879 τῆς
2884 1775 3010 1860 atad"
3030 1775 3176 1877 ὑμᾶς
3202 1775 3514 1876 παροικίας.
3535 1804 3690 1873 Τάχα

2107 1901 2206 1973 μὲν
2239 1897 2351 1967 οὖν,
2385 1899 2473 1954 διὰ
2504 1899 2566 1953 τὸ
2590 1901 2726 1972 παρ’
2756 1901 2888 1972 ἡμῖν
2921 1899 3217 1954 πλεονάσαι
3250 1900 3350 1969 τὴν
3386 1898 3685 1970 ἁμαρτίαν,

2106 1991 2312 2065 πρῶτοι
2341 1990 2724 2063 παρεδόθημεν
2745 1992 2827 2054 εἰς
2854 1991 3203 2063 κατάϐρωσιν
3229 1993 3341 2054 τοῖς
3369 1990 3688 2061 ὠμοφάγοις

2102 2085 2279 2138 ὀδοῦσι
2318 2084 2426 2138 τῶν
2467 2084 2679 2157 ἐχθρῶν
2735 2084 2829 2138 τοῦ
2861 2082 2996 2137 Θεοῦ
3029 2083 3180 2155 (59)-
3219 2083 3365 2153 τάχα
3398 2082 3477 2145 δὲ,
3521 2082 3551 2135 δ
3594 2083 3687 2135 καὶ

2107 2176 2307 2246 μᾶλλόν
2331 2178 2478 2230 ἐστιν
2506 2177 2745 2240 εἰκάσαι,
2782 2177 2884 2240 ὅτι,
2919 2175 3108 2246 ἐπειδὴ
3143 2175 3203 2228 τὸ
3231 2174 3564 2244 Εὑαγγέλιον
3589 2177 3687 2246 τῆς

2105 2269 2404 2340 βασιλείας,
2435 2268 2542 2322 ἀπὸ
2575 2267 2683 2322 τῶν
2721 2268 3006 2340 ἡμετέρων
3030 2267 3212 2320 τόπων
3243 2267 3572 2338 ἀρξάμενον,
3605 2269 3685 2332 εἰς

2103 2362 2282 2413 πᾶσαν
2317 2359 2507 2430 ἐξῆλθε
2559 2359 2660 2430 τὴν
2708 2360 3069 2430 οἰκουμένην·
3103 2358 3192 2412 διὰ
3235 2357 3395 2412 τοῦτο
3431 2360 3460 2412 ὁ
3506 2357 3686 2421 κοινὸς

2100 2451 2209 2504 τῶν
2236 2450 2424 2522 ψυχῶν
2451 2451 2609 2522 ἡμῶν
2648 2450 2861 2523 ἐχθρὸς,
2893 2450 2963 2504 τὰ
2998 2451 3099 2522 τῆς
3134 2449 3473 2513 ἀποστασίας
3518 2449 3685 2522 σπέρι-

2104 2559 2272 2614 ματα,
2316 2542 2424 2596 ἀπὸ
2454 2543 2566 2596 τῶν
2617 2542 2798 2596 αὐτῶν
2844 2542 3024 2595 τόπων
3067 2542 3166 2614 τὴν
3207 2541 3381 2614 ἀρχὴν
3425 2541 3680 2605 λαϐόντα,

2100 2635 2181 2697 εἷς
2209 2634 2388 2686 πᾶσαν
2417 2633 2744 2704 οἰκουμένην
2766 2633 3077 2705 διαδοθῆναι
3100 2633 3412 2704 φιλονεικεῖ.
3445 2635 3563 2704 Ἐφ’
3591 2633 3684 2699 οὓς

2100 2724 2210 2796 γάρ
2244 2724 2484 2796 ἔλαμψεν
2519 2727 2547 2778 ὁ
2577 2726 2856 2797 φωτισμὸς
2892 2725 2992 2796 τῆς
3016 2725 3271 2795 γνώσεως
3298 2725 3393 2779 τοῦ
3419 2726 3679 2798 Χριστοῦ,

2100 2821 2192 2874 ἐπὶ
2247 2819 2468 2885 τούτους
2518 2820 2692 2873 ἐλθεῖν
2755 2821 2850 2873 καὶ
2901 2820 2960 2874 τὸ
3022 2819 3125 2890 τῆς
3171 2819 3429 2884 ἀσεϐείας
3493 2821 3680 2883 σκότος

2100 2915 2329 2968 ἐπινοεῖ.

2168 2999 2222 3054 4.
2268 2999 2543 3071 ’Υμέτερα
2588 2995 2682 3054 οὖν
2719 2998 3004 3068 λογίσασθε
3053 3001 3122 3055 τὰ
3173 3000 3322 3074 πάθη
3373 3002 3568 3073 ἡμῶν,
3605 3004 3680 3065 ὡς

2102 3095 2315 3165 γνήσιοι
2360 3093 2601 3166 μαθηταὶ
2637 3091 2731 3146 τοῦ
2768 3094 2997 3164 Κυρίου.
3035 3094 3148 3165 Οὐχ
3177 3094 3318 3164 ὑπὲρ
3359 3095 3680 3165 χρημάτων,

2101 3188 2199 3256 οὐχ
2231 3185 2369 3258 ὑπὲρ
2417 3185 2605 3255 δόξης,
2641 3186 2737 3256 οὐχ
2782 3185 2925 3257 ὑπὲρ
2973 3185 3134 3240 ἄλλου
3183 3186 3328 3250 τινὸς
3366 3186 3475 3239 τῶν
3511 3203 3680 3257 προσο

2100 3278 2307 3350 καίρων
2331 3278 2860 3349 καταπολεμούμεθα
2894 3279 3034 3349 (60)·
3065 3279 3180 3333 ἀλλ’
3213 3281 3355 3351 ὑπὲρ
3385 3279 3480 3334 τοῦ
3503 3279 3681 3334 κοινοῦ

2100 3371 2403 3440 κτήματος,
2445 3369 2545 3423 τοῦ
2586 3369 2859 3442 πατρικοῦ
2888 3369 3165 3442 θησαυροῦ
3200 3371 3301 3443 τῆς
3334 3371 3679 3443 ὑγιαινούσης

2100 3461 2371 3526 πίστεως,
2451 3463 2767 3532 ἑστήκαμεν
2825 3463 3237 3534 ἀγωνιζόμενοι.
3298 3465 3678 3536 Συναλγησατε

2097 3556 2253 3625 ἡμῖν,
2275 3547 2321 3607 ὦ
2347 3553 2684 3623 φιλάδελφοι,
2709 3554 2790 3608 ὃτι
2816 3554 3238 3610 ἁποκέκλεισται
3268 3558 3366 3629 μὲν
3395 3561 3525 3630 παρ’
3551 3560 3678 3628 ἡμῖν

2097 3647 2206 3700 τῶν
2237 3644 2605 3699 εὐσεϐούντων
2634 3645 2702 3699 τὰ
2731 3646 2998 3718 στόματα,
3026 3649 3276 3720 ηνοικται
3305 3650 3418 3719 (61)
3450 3649 3508 3702 δὲ
3535 3652 3680 3704 πᾶσα

2100 3739 2330 3810 θρασεῖα
2360 3739 2452 3793 καὶ
2479 3739 2798 3810 βλάσφημος
2824 3739 3045 3806 γλῶσσα
3067 3740 3176 3795 τῶν
3204 3741 3512 3796 λαλούντων
3544 3742 3680 3796 κατά

2098 3829 2194 3883 τοῦ
2233 3830 2369 3884 Θεοῦ
2409 3829 2644 3886 ἀδικίαν.
2691 3833 2752 3884 Ol
2789 3831 2973 3885 στῦλοι
3032 3835 3126 3887 καὶ
3167 3834 3227 3887 τὺ
3261 3834 3546 3907 ἑδραίωμα
3585 3836 3680 3907 τῆς

2101 3919 2356 3992 ἀληθείας
2401 3922 2458 3974 ὲν
2509 3921 2815 3993 διασπορᾷ·
2865 3925 3024 3994 ἡμεῖς
3075 3923 3161 3988 δὲ,
3208 3927 3255 3978 οἱ
3309 3925 3398 3979 διὰ
3454 3927 3675 3998 σμικρό-

2099 4029 2238 4082 τητα
2263 4013 2374 4084 (62)
2404 4013 2797 4084 παροφθέντες,
2827 4015 3282 4086 ἁπαῤῥησίαστοι.
3316 4017 3679 4087 Ἀγωνιάσατε

2102 4104 2242 4176 ὑπὲρ
2274 4104 2380 4157 τῶν
2427 4105 2602 4159 λαῶν·
2632 4109 2726 4160 καὶ
2772 4108 2846 4178 μὴ
2889 4108 2949 4160 τὸ
2993 4107 3114 4160 καθ’
3158 4111 3384 4175 ἑαυτοὺς
3429 4114 3680 4164 σκοπεῖτε

2104 4198 2285 4268 μόνον,
2309 4199 2390 4252 ὅτι
2418 4201 2475 4252 ἐν
2509 4198 2723 4270 λιμέσιν
2752 4200 2946 4264 εὐδίοις
2975 4200 3392 4273 ὁρμίζεσθε,τῆς
3423 4201 3521 4256 τοῦ
3543 4202 3682 4256 Θεοῦ

2103 4289 2324 4361 χάριτος
2363 4290 2545 4342 πᾶσαν
2577 4290 2705 4358 ὑμῖν
2747 4288 2958 4358 σκέπην
3001 4289 3379 4360 χαρισαμένης
3424 4289 3540 4357 (65)
3577 4288 3680 4343 ἀπὶ

2103 4378 2204 4449 τῆς
2238 4379 2407 4448 ζάλης
2440 4377 2548 4431 τῶν
2579 4379 2905 4448 πνευμάτων
2937 4379 3037 4450 τῆς
3071 4379 3358 4449 πονηρίας.
3402 4378 3564 4434 Ἀλλά
3593 4381 3682 4438 καὶ

409 4469 606 4540 rigite,
655 4468 946 4540 nequando
987 4468 1301 4534 derelictae,
1336 4469 1556 4538 penitus
1605 4469 1730 4523 fidei
1782 4469 2000 4525 naufra-

2108 4472 2224 4533 ταῖς
2256 4469 2682 4540 χειμαζομέναις
2727 4469 2838 4523 τῶν
2883 4469 3220 4542 Ἐκκλησιῶν
3249 4471 3408 4541 χεῖρα
3435 4471 3666 4541 ὀρέξατε

494 4627 539 4660 ⁸⁸
577 4626 738 4682 Rom.
778 4642 910 4692 vm,
951 4626 1041 4681 i8.

484 4744 595 4816 (εἴ)
624 4743 1058 4816 Δυοζωίτήσητε.
1083 4742 1158 4798 Ita
1172 4759 1272 4816 per
1299 4759 1432 4798 mss.
1459 4741 1994 4816 Editi_8tiam-_rri;osrs.

487 4812 600 4886 (58)
633 4812 988 4886 Βαδίζουᾳα,
1028 4812 1278 4886 ἐπειδάνή
1309 4812 1729 4886 καταναλώσῃ.
1763 4812 1841 4868 Ita
1868 4823 1995 4870 octo

411 4884 588 4949 mss.,7
610 4887 718 4942 nisi
751 4884 899 4955 quod
939 4885 994 4940 in
1034 4885 1314 4939 nonnullis
1360 4884 1762 4955 recentioribus
1795 4886 1996 4955 legitur

415 4955 700 5027 βαδίσασα.
750 4953 894 5010 Editi
935 4955 1254 5027 βαδίζουσα,
1291 4953 1512 5008 ἐπειδὰν
1559 4953 1868 5009 καταλάϐοι
1904 4956 1998 5008 καὶ

413 5025 806 5081 καταναλώσει.

491 5095 604 5165 (59)
633 5097 738 5163 Εἰς
777 5094 1370 5165 κατάϐρωσινγτοῖς...
1419 5093 1526 5148 τοῦ
1559 5094 1728 5165 θεοῦ.
1774 5093 1850 5150 Ita
1887 5105 1999 5152 tres

415 5163 780 5222 vetustissimi
825 5163 1063 5236 codices.
1110 5164 1255 5219 Editi
1307 5166 1386 5228 εἰς
1428 5163 1770 5236 κατάϐρωμα
1815 5169 1994 5227 τοῖς...

414 5237 510 5289 τοῦ
537 5236 796 5308 Χριστοῦ.
831 5235 1000 5308 Paulo
1031 5246 1154 5308 post
1185 5236 1426 5305 quinque
1450 5235 1670 5292 codices
1699 5235 1812 5291 non
1850 5236 1997 5290 anti-

417 5307 670 5377 quissimi
699 5307 1039 5370 ἀποστασίας
1075 5307 1315 5377 ῥήματα.

491 5375 603 5445 (60)
637 5375 1234 5446 Καταπολεμούμεθα,
1267 5375 1521 5445 Quinque
1547 5376 1767 5431 codices
1801 5389 1998 5446 recen-

419 5444 591 5502 tiores
618 5444 1020 5519 πολεμούμεθα.
1057 5447 1146 5502 Sic
1169 5447 1334 5519 etiam
1359 5444 1567 5519 habent
1587 5447 1868 5519 editiones
1892 5444 2000 5519 lla:

422 5518 720 5586 ganoensis
753 5514 822 5573 'et
866 5514 1248 5572 Frobenianae.
1296 5517 1500 5572 Ibidem
1534 5517 1665 5572 editi
1719 5514 2000 5586 ὺπὲρτοῦ

422 5585 602 5639 κοινοῦ
637 5585 915 5660 θησαυροῦ
961 5587 1056 5640 τοῦ
1109 5587 1374 5659 πατρικοῦ
1428 5588 1726 5712 activum;
1776 5585 2004 5640 (Iudices

423 5672 560 5711 niss.
596 5669 790 5712 omnes
824 5667 882 5712 ut
911 5659 965 5712 in
999 5665 1171 5712 textu.
1204 5659 1260 5712 In
1291 5657 1478 5712 codice
1561 5659 1778 5712 atieano
1804 5656 2004 5712 legitur

423 5672 560 5711 uiss.
596 5669 790 5712 omnes
822 5657 882 5712 iit
911 5659 965 5712 in
999 5665 1171 5713 textu.
1204 5657 1260 5714 In
1291 5657 1478 5714 codice
1512 5657 1592 5712 Va

424 5725 793 5790 πνευματικοῦ
834 5729 1127 5800 κτήματος.

1136 4626 1182 4658 ὀ
1221 4624 1261 4677 ll
1297 4624 1426 4679 Cor.
1480 4641 1566 4690 tv,
1607 4623 1659 4678 6.
1736 4625 1778 4655 ⁹¹
1818 4623 1964 4682 Psal.
2007 4641 2203 4688 anv,
2246 4624 2300 4679 6.

2177 4742 2290 4815 (6t)
2346 4744 2675 4796 Ἤνοικται.
2735 4749 2814 4796 .ta
2866 4751 2978 4798 tres
3029 4748 3394 4798 vetustrssrmt
3440 4743 3692 4800 codices.

2100 4812 2244 4868 Editi
2273 4813 2487 4868 ἠνοίγη.

2187 4813 2244 4866 iti
2272 4813 2487 4880 ἠνοίγη.

2531 4883 2920 4951 σμικρότητα.
2969 4881 3065 4937 His
3094 4900 3159 4940 ex
3193 4881 3376 4938 verbis
3406 4883 3692 4940 concludit

2101 4951 2635 5023 Combetisius_hane
2663 4953 2950 5022 epistolam
2975 4967 3006 5006 a
3037 4955 3156 5008 solo
3188 4953 3394 5008 Basilio
3423 4954 3692 5023 scriptam

2103 5040 2214 5077 non
2246 5021 2435 5094 fuisse.
2461 5021 2527 5076 Id
2557 5021 2716 5087 enim,
2747 5023 2945 5094 inquit,
2969 5025 3025 5076 in
3053 5040 3150 5077 sua
3175 5023 3413 5094 Basilius
3437 5021 3691 5092 persona,

2103 5094 2259 5163 idque
2307 5093 2498 5158 solius,
2527 5109 2632 5146 non
2669 5092 2838 5162 facile
2861 5093 3027 5156 dicat,
3071 5102 3234 5148 tanta?
3261 5092 3402 5147 sedis
3439 5095 3688 5157 antistes,

2107 5166 2316 5233 ipseque
2347 5163 2424 5219 sic
2454 5165 2654 5233 clarus.
2691 5163 2848 5217 Nulla
2881 5163 3092 5218 ratione
3125 5164 3317 5218 nititur
3347 5164 3552 5217 eruditi
3586 5165 3691 5218 viri

2073 5286 2076 5288 _
2108 5232 2438 5304 observatio.
2471 5232 2541 5289 Ut
2567 5234 2961 5304 omittamloca
2994 5249 3131 5304 pene
3153 5233 3598 5304 innumerabilia,
3633 5235 3690 5287 in

2107 5303 2408 5374 quibusde
2448 5319 2508 5358 se
2551 5303 2947 5374 ipsoiBasilius
2983 5303 3378 5359 demississime
3408 5303 3686 5374 loquitur;

2107 5373 2255 5445 certe
2285 5374 2346 5445 in
2377 5374 2607 5445 epistola
2635 5373 2741 5428 225
2777 5383 3159 5445 contemptum
3184 5389 3242 5428 se
3278 5374 3450 5428 fuisse
3479 5373 3618 5445 dicit
3658 5388 3688 5426 a

2102 5441 2534 5514 jndieibusfqui
2563 5443 2802 5500 furorem
2829 5441 3078 5500 suum—iu
3121 5442 3447 5515 Gregorium
3480 5441 3688 5516 Nysse—

2107 5529 2239 5568 num
2264 5523 2558 5569 verterant.

2181 5584 2296 5655 (65)
2322 5582 2779 5664 Χαρισίςιμέγηςλ
2800 5583 2882 5664 ita
2915 5592 3026 5638 tres
3046 5583 3421 5664 _vetustissimi
3465 5583 3689 5640 codices

1597 5659 1778 5714 ticano
1804 5656 2006 5726 legitur
2108 5652 2234 5710 eum
2263 5669 2372 5711 uno
2392 5671 2458 5710 ex
2493 5652 2681 5726 Regiis
2738 5652 2880 5710 Editi
2909 5652 3291 5724 χαριζομένης.
