3856 6224
158 342 262 399 9οθ

970 338 1468 399 [Ριδτοιλιιυιι
1503 337 1794 398 CLASSIS
1829 338 1896 394 ll.
1934 335 2155 393 EPIST.
2220 334 2493 393 CCXLI".

3313 335 3420 398 910

159 463 389 534 μήποτε,
410 457 943 529 ὲγκαταλειῳθεισαι,
965 461 1247 526 παντελῶς
1271 462 1607 532 ὑπομείνωσι
1633 461 1733 533 τῆς

1837 457 1986 526 gium
2024 457 2423 529 perpetiantur.
2450 456 2797 530 lngemiscite
2831 465 3020 516 nostra
3041 471 3212 515 causa
3235 498 3248 524 ,
3285 459 3416 528 quia

158 555 392 616 πίστεως
435 541 518 605 τὸ⁸
554 552 835 621 ναυάγιον.
872 552 1172 618 Στενάξατε
1227 554 1314 624 ἐφ’
1373 557 1506 627 ἡμῖν
1524 595 1540 620 ,
1573 554 1657 608 δτι
1701 554 1732 606 6

157 641 465 714 Μονογενὴς
494 643 918 715 βλασφημεῖται,
954 645 1050 699 καὶ
1080 647 1109 699 6
1128 645 1424 716 ἀντιλέγων
1455 645 1558 700 οὐκ
1593 644 1730 700 ἐστι.

157 739 228 791 T6
270 734 497 806 Πνεῦμα
545 735 610 788 1:6
659 735 816 804 ἅγιον
873 735 1179 804 ἀθετεῖται,
1217 738 1312 791 καὶ
1356 738 1387 790 6
1435 737 1736 809 δυνάμενος

155 829 400 898 ἐλέγχειν
444 825 827 882 ἀποδιὼκεται.
873 827 1140 882 Πολυθεῖα
1179 830 1512 901 κεκράτηκε.
1543 829 1735 898 Μέγας

151 915 284 984 θὲὸς
314 921 446 990 παρ’
479 920 663 984 αὐτοῖς
690 920 786 975 καὶ
820 919 1036 993 μικρός.
1073 921 1202 984 Υἱὸς
1235 921 1347 993 (64)
1373 922 1495 993 οὐχ).
1518 922 1734 993 φύσεως

151 1013 344 1084 ὄνομα,
375 1012 513 1067 ἀλλά
542 1013 708 1086 τιμῆς
753 1031 903 1078 τινος
941 1011 1082 1070 εἶναι
1129 1016 1476 1089 προσηγορία
1521 1017 1734 1087 νενόμι-

151 1118 311 1156 σταιο
352 1101 414 1155 τὸ
442 1103 668 1174 Πνεῦμα
695 1103 758 1156 τὸ
810 1104 965 1174 ἅγιον
1001 1105 1064 1159 ού
1097 1106 1555 1178 συμπληρωτικὸν
1593 1101 1733 1162 εῖναι

147 1195 253 1264 τῆς
277 1194 441 1264 ἁγίας
475 1195 727 1267 Τριάδος,
753 1197 875 1250 οὐδὲ
907 1198 1166 1252 κοινωνὸν
1193 1198 1294 1269 τῆς
1319 1198 1472 1263 θείας
1503 1199 1598 1253 καὶ
1629 1215 1734 1270 μα-

149 1286 353 1357 καρίας
385 1285 623 1356 φύσεως,
647 1287 762 1340 ἀλλ’
785 1289 843 1341 ἓν
868 1305 922 1341 τι
949 1288 1060 1342 τῶν
1093 1291 1158 1342 ὲκ
1184 1290 1282 1361 τῆς
1308 1289 1558 1354 κτίσεως,
1585 1290 1731 1362 εἰκῆ,

147 1379 246 1433 καὶ
289 1379 368 1442 ὡς
411 1378 589 1450 ἔτυχε,
639 1379 815 1452 Πατρῖ⁹
863 1380 957 1436 καὶ
1001 1379 1114 1452 Υίῷ
1165 1381 1586 1454 προσεῤῥίφθαι.
1636 1383 1733 1449 Τίς

145 1469 330 1526 δώσει
369 1469 444 1540 τῇ
489 1471 726 1541 κεφαλῇ
769 1490 888 1542 μου
949 1473 1125 1545 ὕδωρ,
1180 1476 1278 1530 καί
1335 1475 1460 1542 τοῖς
1508 1476 1732 1546 ὀφθαλ-

141 1561 285 1630 μοῖς
308 1559 418 1630 (65)
441 1578 561 1630 μου
595 1561 802 1630 πηγὴν
829 1562 1139 1634 δακρύωνς
1171 1565 1266 1618 καὶ
1304 1565 1608 1636 κλαύσομαι
1642 1567 1732 1620 τὸν

145 1653 280 1706 λαὸν
309 1653 522 1724 ἡμέρας
550 1652 771 1718 πολλὰς,
803 1655 894 1708 τὸν
929 1658 1054 1721 ταῖς
1080 1659 1347 1728 πονηραῖς
1389 1656 1618 1722 ταύταις
1650 1658 1732 1711 δι-

142 1743 467 1808 δασκαλίαις
495 1744 632 1816 πρὸς
662 1745 759 1817 τὴν
781 1744 1056 1800 ἀπώλειαν
1091 1745 1518 1818 συνωθούμενον.
1541 1750 1731 1821 Παρα-

1839 547 2170 620 Uuigenitus
2190 548 2630 616 blasphematur,
2659 565 2760 606 nec
2789 559 2875 606 est
2925 551 3019 621 qui
3048 549 3414 605 contradicat.

1838 641 2080 713 Spiritus
2126 651 2358 698 sanctus
2403 643 2675 714 rejicitur,
2707 653 2764 700 et
2807 645 2902 716 qui
2933 645 3270 716 redarguere
3317 659 3417 715 po—

1835 742 1975 797 test,
2013 734 2252 805 fugatur.
2284 733 2573 792 Multitudo
2603 736 2848 792 obtinuit
2890 737 3138 793 deorum.
3183 735 3418 807 Magnus

1837 826 1981 883 Deus
2016 827 2162 898 apud
2193 828 2318 884 illos
2349 837 2404 885 et
2439 845 2664 900 parvus.
2694 829 2870 886 Filius
2899 845 3010 885 non
3053 839 3266 884 naturae
3315 845 3419 885 no-

1833 933 1960 973 men
1981 957 1997 984 ,
2027 918 2123 974 sed
2157 917 2451 991 dignitatis
2485 921 2728 990 alicujus
2763 921 3065 993 appellatio
3098 937 3258 989 esse;
3292 920 3420 993 Spi-

1834 1012 1976 1067 ritus
2033 1020 2260 1068 sanctus
2300 1027 2413 1067 non
2456 1013 2736 1083 complere
2767 1011 3096 1068 Trinitatem
3135 1023 3419 1078 sanctam;

1833 1119 2013 1174 neque
2041 1105 2315 1174 particeps
2347 1119 2472 1161 esse
2504 1103 2705 1160 divinae
2737 1119 2803 1160 ac
2844 1105 3018 1160 beatae
3045 1114 3292 1168 natura,
3321 1107 3420 1160 sed

1835 1210 1944 1250 una
1979 1195 2163 1266 aliqua
2201 1211 2269 1250 ex
2321 1195 2490 1253 rebus
2535 1198 2777 1262 creatis,
2829 1205 3037 1254 temere
3081 1204 3138 1253 et
3191 1197 3420 1252 fortuito

1835 1285 1982 1340 Patri
2009 1294 2066 1342 et
2101 1285 2242 1340 Filio
2263 1285 2512 1356 adjectus
2563 1287 2932 1343 existimatur.
2981 1288 3114 1354 Quis
3143 1286 3295 1342 dabit
3324 1306 3420 1344 ca-

1832 1377 1932 1445 piti
1958 1393 2071 1430 meo
2108 1393 2338 1447 aquam,
2370 1388 2420 1431 et
2457 1377 2726 1447 palpebris
2760 1379 2888 1434 meis
2923 1378 3123 1448 [autent
3151 1378 3418 1450 lacryma-

1835 1471 2011 1522 rum”
2031 1470 2053 1522 ?
2073 1469 2336 1526 etdiebus
2367 1471 2553 1526 multis
2567 1471 2828 1540 populum
2847 1470 3058 1526 deﬂebo
3079 1472 3265 1541 pravis
3298 1473 3418 1529 istis

1835 1558 2104 1614 doctrinis
2151 1558 2217 1612 ad
2271 1559 2500 1614 exitium
2551 1560 2866 1630 impulsum.
2909 1559 3266 1616 Seducuntur
3295 1563 3418 1617 sim-

1839 1651 2126 1721 pliciorum
2173 1666 2374 1712 aures,
2403 1652 2632 1722 jamque
2679 1660 2918 1708 assuetae
2964 1662 3097 1709 sunt
3148 1655 3417 1710 haeretica

1839 1744 2128 1815 impietati.
2174 1745 2552 1801 Enutriuntur
2599 1745 2860 1803 Ecclesiae
2916 1748 3157 1806 infantes
3210 1749 3264 1805 in
3319 1751 3417 1806 do-

145 1835 409 1908 σύρονται
438 1836 546 1890 τῶν
578 1838 981 1910 ἀκεραιοτὲρων
1011 1839 1066 1893 αἱ
1102 1839 1265 1893 ἀκοαί
1288 1850 1302 1864 ⁸
1337 1841 1418 1904 είς
1445 1839 1731 1910 συνήθειαν

1835 1838 2033 1893 ctrinis
2064 1839 2271 1908 impiis.
2299 1840 2442 1906 Quid
2463 1840 2610 1895 enim
2641 1840 2880 1896 facient?
2909 1839 3247 1911 Baptismata
3273 1842 3417 1913 apud

142 1927 338 1981 λοιπὸν
369 1923 531 1998 ἦλθον
571 1929 672 2000 τῆς
720 1930 1002 2002 αἱρετικῆς
1049 1929 1386 1994 δυσσεϐείας.
1431 1931 1732 2003 Συνεκτρέ-

143 2034 312 2088 φεται
332 2017 399 2070 τὰ
433 2018 602 2087 νήπια
623 2019 722 2088 τῆς
763 2018 1094 2090 Ἐκκλησίας
1123 2023 1237 2084 τοῖς
1266 2020 1446 2089 λόγοις
1475 2022 1574 2092 τῆς
1602 2022 1732 2075 ἀσε-

142 2108 326 2172 ϐείας.
345 2109 411 2162 Τί
438 2108 547 2180 γάρ
571 2109 664 2162 καὶ
693 2111 1018 2182 ποιήσουσι;
1040 2111 1406 2172 Βαπτίσματα
1439 2112 1568 2184 παρ’
1589 2113 1735 2166 ὲκεί-

140 2217 261 2263 νοις
287 2199 424 2270 (66),
465 2202 792 2272 προπομπαὶ
837 2201 946 2256 τῶν
989 2203 1376 2269 ὲξοδευόντων,
1412 2203 1734 2274 ἐπισκέψεις

139 2292 256 2347 τῶν
274 2291 666 2358 ἀσθενούντων,
684 2293 1056 2366 παρακλήσεις
1072 2293 1182 2366 (67)
1207 2295 1316 2348 τῶν
1335 2294 1692 2367 λυπουμένων
1717 2336 1732 2361 ,

139 2384 397 2457 βοήθειαι
435 2385 544 2440 τῶν
594 2387 1088 2457 καταπονουμένων
1111 2426 1127 2451 ,
1175 2387 1490 2459 ἀντιλήψεις
1532 2405 1734 2442 παντο-

139 2475 339 2537 δαπαὶ,
375 2475 691 2548 μυστηρίων
743 2477 1054 2531 κοινωνίαι·
1085 2476 1122 2531 ἃ.
1158 2477 1364 2542 πάντα,
1409 2479 1478 2533 δι’
1509 2479 1733 2534 ἐκείνων

139 2566 569 2637 ἐπιτελούμενα,
593 2567 889 2638 σύνδεσμος
917 2569 1126 2638 γίνεται
1154 2573 1268 2634 τοῖς
1291 2570 1442 2635 λαοῖς
1461 2575 1564 2644 τῆς
1597 2572 1734 2644 πρὸς

137 2658 350 2721 αὐτοὺς
373 2658 653 2728 ὁμονοίας*
687 2657 849 2723 ὥστε,
887 2658 1088 2730 μικροῦ
1130 2659 1323 2729 χρόνου
1353 2660 1730 2731 προελθόντος,

1834 1930 1960 1985 illos
1995 1970 2010 1994 ,
2069 1931 2432 1987 deductiones
2503 1933 3013 2002 proﬁciscentium,
3070 1935 3416 1989 visitationes

1835 2023 2217 2093 :egrotantium
2250 2062 2266 2087 ,
2315 2025 2728 2079 consolationes
2793 2025 3146 2080 mterentium
3177 2067 3192 2090 ,
3258 2027 3414 2095 adju-

1837 2125 2018 2169 menta
2049 2116 2232 2170 omnis
2262 2117 2502 2187 generis,
2541 2116 2931 2187 mysteriorum
2963 2118 3413 2174 communiones:

1833 2221 1957 2275 qua:
1984 2207 2168 2261 omnia
2192 2247 2206 2272 ,
2240 2221 2336 2276 per
2375 2221 2471 2261 eos
2506 2205 2925 2270 administrata,
2961 2208 3180 2277 populis
3222 2208 3412 2264 vincu-

1837 2291 1949 2346 lum
1977 2302 2106 2348 sunt
2143 2292 2458 2348 concordia:
2491 2307 2616 2347 cum
2641 2295 2723 2348 eis
2763 2293 3052 2358 ineundae;
3084 2295 3224 2349 adeo
3251 2301 3311 2348 ut
3336 2295 3408 2349 in-

1834 2391 1920 2439 tra
1948 2386 2112 2442 breve
2146 2395 2393 2456 tempus,
2416 2387 2634 2442 etiamsi
2665 2401 2776 2457 qua
2798 2386 3026 2442 libertas
3053 2385 3237 2454 detur,
3268 2389 3413 2443 nulla

1831 2480 1944 2550 jam
1975 2495 2102 2551 spes
2151 2480 2225 2537 sit
2271 2479 2456 2536 futura
2486 2481 2739 2536 homines
2786 2480 3049 2537 diuturna
3096 2480 3411 2552 deceptione

1835 2571 2112 2637 detentos,
2137 2573 2336 2629 iterum
2366 2572 2434 2628 ad
2461 2575 2712 2630 veritatis
2733 2573 3074 2645 agnitionem
3100 2585 3410 2630 revocaturr

1836 2681 1925 2719 11⁵1.

142 2749 276 2820 μηδ’
308 2751 357 2804 εί
390 2749 602 2819 γένοιτό
633 2767 718 2814 τις
764 2749 938 2817 ἀδεια,
963 2749 1156 2804 ἐλπίδα
1198 2750 1386 2806 λοιπὸν
1419 2747 1560 2806 εἶναι
1607 2753 1737 2817 τοὺς
1773 2754 1879 2808 ὑπὸ
1909 2756 2010 2824 τῆς
2036 2757 2257 2828 χρονίας
2286 2757 2500 2828 ἀπάτης
2537 2756 2994 2828 κατασχεθέντας,
3060 2757 3223 2814 πάλιν
3281 2759 3408 2829 πρὸς

133 2845 245 2918 τὴν
273 2843 571 2914 ἐπίγνωσιν
596 2845 697 2917 τῆς
721 2845 982 2917 ἀληθείας
1009 2845 1408 2918 ἀνακληθῆναι.

217 2937 274 2991 5.
312 2935 528 2990 Τούτων
554 2936 740 2992 ἕνεκεν
776 2936 1007 3002 πολλοὺς
1031 2940 1181 3010 ἡμᾶς
1207 2941 1374 3011 ἐχρῆν
1401 2939 1728 3012 συνδραμεῖν

1903 2939 1959 2994 5.
1996 2936 2092 2994 His
2108 2937 2176 2994 de
2189 2937 2375 2995 causis
2391 2937 2581 3010 plures
2607 2951 2672 2994 ex
2708 2937 2870 2994 nobis
2892 2938 3182 3009 oportebat
3215 2939 3283 2995 ad
3334 2955 3403 2996 ve

137 3029 288 3102 πρὸς
333 3031 434 3102 τὴν
485 3030 754 3102 ὑμετέραν
807 3033 1133 3103 σεμνότητα,
1180 3034 1274 3086 καὶ
1329 3033 1558 3088 ἕκαστον
1617 3033 1728 3088 τῶν

1835 3043 2007 3090 stram
2031 3032 2686 3104 dignitatemjaecurrere,
2705 3038 2761 3085 et
2795 3045 3239 3102 unumquemque
3255 3030 3410 3102 379

137 3122 346 3176 ἑαυτοῦ
373 3124 712 3195 πραγμάτων
744 3122 1017 3196 ἐξηγητὴν
1058 3124 1332 3194 γενέσθαι.
1379 3126 1494 3180 Νῦν
1534 3127 1592 3180 δὲ
1637 3129 1732 3182 καὶ

1833 3140 2016 3180 rerum
2049 3139 2273 3179 suarum
2322 3131 2665 3178 narratorem
2697 3120 2836 3177 ﬁeri.
2871 3119 3029 3177 Nunc
3065 3137 3197 3179 vero
3224 3131 3279 3179 et
3315 3122 3409 3177 hoc

136 3216 282 3270 αὐτὸ
327 3215 481 3270 τοῦτο
505 3217 701 3288 δεῖγμα
746 3217 986 3288 γενέσθω
1022 3219 1152 3290 ὑμῖν
1195 3217 1297 3288 τῆς
1337 3217 1734 3286 κακοπαθείας,

134 3310 203 3360 ἐν
308 3309 589 3380 διάγομεν,
625 3311 707 3364 ὅτι
738 3311 848 3364 οὐδ’
889 3310 1200 3383 ἀποδημίας
1241 3311 1409 3381 ἐσμὲν
1435 3310 1634 3384 κύριοι.
1667 3312 1730 3365 Εἰ

137 3401 258 3473 γάρ
301 3419 387 3465 τις
425 3401 518 3454 καὶ
566 3403 704 3474 πρὸς
738 3402 800 3456 τὸ
847 3401 1184 3473 βραχύτατον
1235 3401 1336 3474 τῆς
1407 3401 1731 3474 Ἐκκλησίας

136 3493 344 3549 ἑαυτοῦ
361 3492 476 3562 (68)
493 3495 785 3566 ἀποσταίη,
801 3494 1050 3559 ἐκδότους
1071 3496 1270 3567 ἀφήσει
1290 3497 1416 3558 τοὺς
1430 3496 1592 3560 λαοὺς
1616 3499 1730 3560 τοῖς

138 3585 551 3656 ἐφεδρεύουσιν.
595 3585 756 3640 Ἀλλά
790 3589 857 3657 τῇ
906 3585 1000 3639 τοῦ
1056 3584 1192 3639 Θεοῦ
1230 3584 1416 3657 χάριτι
1462 3587 1558 3640 ενα
1619 3587 1728 3640 ἀπν-

214 3745 266 3776 ”
305 3740 506 3799 Jercm.
552 3758 640 3809 Ix,
683 3743 734 3797 l.

215 3876 337 3945 (64)
376 3876 526 3941 Υἱός.
559 3874 698 3930 Editi
738 3875 1070 3945 prmmittunt
1101 3875 1415 3940 articulum,
1451 3876 1544 3946 qui
1574 3876 1728 3932 deest

134 3948 199 4002 in
231 3948 413 4000 tribus
433 3946 821 4001 vetustissimis
855 3946 1160 4000 codicibus.

219 4017 338 4088 (65)
363 4015 501 4088 Τοῖς
535 4015 882 4088 ὀφθαλμοῖς.
927 4013 1018 4070 Sic
1062 4023 1175 4071 tres
1221 4015 1579 4071 vetustissimi
1631 4032 1725 4072 co-

126 4085 320 4144 dices.
359 4085 499 4140 Editi
533 4089 646 4149 τοῖς
677 4086 984 4156 βλεφάροις.

213 4155 339 4228 (66)
356 4156 516 4228 γΙΙαρ’
537 4154 834 4228 ἐκείνοιςέᾷ
852 4154 954 4228 llic
981 4155 1154 4228 etiam
1182 4154 1465 4228 sequimur
1487 4161 1598 4211 tres
1625 4171 1720 4228 ve-

136 4224 489 4284 tuétisSimos
525 4227 760 4283 codices.
797 4225 953 4296 Editii
976 4225 1106 4296 παρ’
1141 4225 1384 4278 ἐκείνων.
1425 4224 1721 4294 Sequentia

129 4299 313 4355 verba
339 4298 418 4350 sic
443 4298 895 4366 interpretaretur
922 4295 1286 4366 Combetisjus
1311 4314 1324 4350 :
1359 4297 1719 4350 excedentia»:

128 4383 352 4439 pompa:
385 4363 646 4435 funebres,
685 4367 1144 4439 deductofunerq.
1178 4363 1234 4418 Si
1258 4366 1345 4420 cui
1371 4366 1550 4439 magis
1578 4367 1720 4439 arri-

129 4435 275 4496 deat
306 4439 423 4492 haec
455 4439 852 4506 interpretatio,
879 4436 1048 4491 libera
1079 4435 1241 4489 datur
1272 4436 1420 4506 optio
1458 4435 1712 4506 eligendi.

1833 3216 2011 3286 ipsum
2045 3215 2201 3271 vobis
2227 3213 2432 3270 indicio
2458 3213 2531 3268 sit
2551 3213 2700 3269 illius
2770 3213 2824 3267 in
2857 3228 2965 3284 qua
2997 3213 3247 3285 desimus
3277 3214 3410 3269 ami-

1831 3306 2053 3368 ctionis,
2077 3306 2224 3376 quod
2251 3321 2319 3361 ne
2348 3304 2582 3361 facultas
2617 3304 2840 3375 quidem
2872 3304 3034 3360 nobis
3075 3314 3161 3360 est
3203 3306 3410 3362 itineri!

1832 3399 2188 3469 suscipiendi.
2217 3396 2431 3453 Etenim
2463 3397 2508 3453 si
2540 3397 2665 3468 quis
2697 3399 2780 3453 vel
2811 3397 3140 3454 brevissimo
3171 3405 3412 3469 tempore

1830 3505 1860 3544 a
1896 3504 1996 3545 sua
2021 3488 2266 3544 Ecclesia
2307 3488 2566 3552 abfuerit,
2599 3489 2832 3544 traditos
2865 3488 3140 3560 relinquet
3178 3490 3410 3561 populos

1832 3583 2240 3639 insidiantibus.
2280 3580 2410 3646 Sed,
2440 3581 2535 3638 Dei
2568 3581 2764 3653 gratia,
2798 3597 2970 3637 unum
3003 3582 3259 3638 misimus
3296 3584 3407 3641 vict

1829 3871 2030 3944 mirum
2074 3884 2185 3925 non
2241 3870 2583 3944 fuissetsub
2631 3871 2884 3944 haeretica
2924 3876 3274 3944 imperatore,
3317 3879 3414 3933 sed

1828 3943 2125 4016 etiam_eos
2157 3942 2531 4016 ecclesiastica
2563 3943 2753 4016 m_t_tnia
2780 3945 2853 4016 ita
2884 3945 2987 4000 sibi
3007 3942 3327 4016 'arrogasse,
3353 3957 3415 4002 ut

1827 4011 2138 4066 Catholicos
2182 4013 2555 4067 excluderent.
2606 4011 2726 4068 Non
2781 4014 2890 4069 alio
2935 4011 3173 4070 consilio
3221 4016 3413 4073 Ariani

1826 4081 2174 4204 ﬁresbyteros
2197 4082 2597 4143 Antiochenos.
2623 4093 2680 4136 ut
2702 4083 2973 4140 discimus
3006 4100 3074 4141 ex
3108 4101 3321 4142 canone
3344 4088 3414 4142 l7

1870 4151 2033 4204 asiltt.
2080 4151 2262 4204 iurare
2303 4161 2624 4204 coenerunt.
2665 4169 2725 4204 se
2769 4170 3056 4204 nnnanam
3103 4159 3412 4204 sacer-dmin

1870 4151 2033 4226 asilii,
2073 4151 2262 4226 jurare
2303 4161 2624 4226 coegerunt.
2665 4169 2725 4209 se
2769 4170 3056 4226 nunquam
3103 4159 3412 4212 sacerdotio

1826 4221 2042 4292 publice
2074 4221 2478 4292 perfuncturus.
2524 4222 2835 4289 Quinetiam
2864 4221 3218 4282 ambitionem
3251 4242 3410 4283 suam

1824 4291 1890 4345 ad
1937 4291 2089 4347 alias
2119 4291 2391 4348 Ecelesias
2432 4293 2816 4349 extendebant.
2868 4293 3004 4349 Nam
3070 4295 3410 4359 Eustathius.

1822 4363 1914 4438 qui
1943 4376 2133 4438 eorum
2160 4363 2436 4438 ingenium
2462 4372 2709 4438 noverat,
2735 4365 2840 4438 bac
2868 4376 3196 4438 artejeorum
3223 4377 3411 4438 capta-

1821 4435 1901 4486 vit
1953 4433 2386 4488 benevolentiam
2438 4433 2774 4490 :advocavit
2828 4451 2924 4491 eos
2987 4436 3043 4490 in
3104 4433 3406 4492 Ecclesiam

133 4483 274 4565 ἒέῖί
306 4483 434 4563 Elui.
455 4483 1048 4578 ﬁas-iii-tiswiioéuloco—
1081 4483 1716 4578 Eéééitsézi'_'pF£é€i}ih3§
1748 4483 1792 4537 D
1821 4515 2001 4578 suam.
2038 4503 2351 4578 concionati
2387 4513 2518 4578 sunt
2548 4519 2761 4578 summa
2788 4520 2939 4578 cum,
2960 4514 3250 4578 potestate,
3293 4516 3408 4562 tra—

127 4583 476 4635 Arianorum
504 4577 684 4632 aditus
721 4576 788 4631 ad
826 4590 1066 4632 errorem
1103 4574 1515 4635 insinuandum.
1544 4574 1715 4632 multo

128 4651 327 4721 aptior
353 4647 568 4721 videtur
592 4648 736 4702 hunc
758 4647 826 4702 ad
855 4661 1013 4721 usum
1051 4644 1222 4721 fuisse
1247 4645 1713 4721 proficiscentium

126 4715 427 4777 deductio.
469 4733 633 4788 quam
676 4732 888 4788 pompa:
925 4715 1422 4788 [uttebres._Supra
1455 4715 1715 4788 observa-

121 4793 326 4846 vimus
355 4784 561 4843 morem
597 4784 784 4850 fuisse,
806 4784 879 4840 'ut
913 4787 959 4842 si
993 4786 1118 4854 quis
1143 4784 1433 4857 episcopus
1473 4784 1543 4839 ad
1583 4801 1716 4857 con—

117 4863 331 4916 cilium
367 4865 461 4910 aut
492 4857 560 4911 ad
590 4859 952 4927 celebritatem
974 4856 1222 4927 aliquant
1240 4864 1550 4927 vocaretur,
1586 4856 1713 4927 mit-

114 4939 352 4987 teretur
385 4928 479 4997 qui
506 4943 629 4982 eum
656 4926 966 4982 deduceret.
1005 4924 1161 4981 unde
1195 4925 1429 4997 Basilins
1461 4924 1566 4997 hoc
1598 4926 1716 4980 olli-

112 5004 288 5056 cium
314 5001 374 5054 in
399 4994 460 5053 se
488 4997 804 5052 advocanda
829 4998 1256 5066 praetermissum
1289 5009 1318 5049 a
1350 4994 1638 5066 Theodoro
1658 5003 1714 5052 et

118 5071 369 5127 Meletio
401 5068 650 5137 queritur
689 5068 743 5122 in
773 5065 931 5137 epist.
967 5068 1057 5122 98.
1093 5065 1264 5135 Negat
1302 5081 1362 5121 se
1393 5065 1712 5137 adiuturum

111 5146 186 5199 in
221 5140 396 5210 epist.
419 5133 517 5200 ’58,
547 5138 676 5201 nisi,
707 5145 766 5191 ut
806 5133 903 5205 par
940 5147 1047 5210 est,
1087 5133 1712 5210 advocetur._Eustatbii

111 5205 330 5278 clerici
365 5211 600 5262 Arianos
643 5223 745 5278 per
777 5215 948 5278 totam
979 5207 1264 5263 dioecesim
1309 5205 1714 5278 perhonoriﬁca

107 5274 508 5343 ﬂeduxerulit,
537 5274 700 5346 epist.
730 5277 856 5332 251.

200 5352 326 5422 (67)
359 5345 794 5422 Παρακλήσεις.
829 5346 887 5402 ln
924 5346 1174 5422 pluribus
1206 5361 1360 5422 mss._
1381 5345 1710 5422 recentiori:

107 5415 238 5481 bus
270 5415 473 5490 legitur
500 5418 844 5490 παράκλησις
865 5415 1191 5490 θιξβοήθεια.
1230 5415 1400 5490 Paulo
1428 5425 1554 5490 post
1576 5416 1711 5490 editi

106 5486 380 5550 ἅπαντα.
417 5486 593 5552 Harl.,
630 5486 798 5544 Coisl.
849 5486 1062 5559 primus
1108 5497 1163 5542 et
1209 5487 1396 5559 plures
1434 5486 1528 5559 alii
1561 5494 1621 5540 ut
1654 5488 1711 5541 in

104 5574 314 5622 textu.
357 5559 492 5627 Quae
533 5567 713 5614 autem
746 5559 835 5613 hic
850 5556 1220 5612 recensentur
1257 5571 1287 5609 a
1327 5556 1550 5621 Basilio,
1593 5571 1710 5611 ma-

93 5650 237 5710 gna
278 5648 347 5687 ex
377 5639 539 5710 parte
575 5629 750 5710 cilicia
778 5635 907 5710 sunt
933 5628 1316 5710 episcoporum
1349 5627 1711 5710 et_presl_)yte-

95 5697 343 5764 Forum.
377 5697 622 5755 indicant
655 5707 835 5754 autem
863 5697 976 5753 haec
1005 5699 1170 5752 verba
1207 5711 1314 5751 non
1342 5697 1519 5752 solum
1553 5697 1709 5750 Aria-

94 5792 233 5836 nos
266 5773 337 5829 ad
374 5773 477 5827 lies
509 5772 804 5842 dignitates
830 5766 984 5825 evehi
1016 5768 1212 5825 solitos
1237 5781 1382 5828 esse.
1406 5768 1554 5840 quod
1573 5782 1708 5825 sane
1784 5793 1786 5795 >

1818 4571 1968 4644 ditus
2010 4581 2108 4628 est-
2136 4576 2219 4628 eis
2272 4574 2528 4644 populus,
2582 4574 2842 4629 traditum
2893 4571 3084 4638 altare,
3126 4591 3192 4630 ac
3236 4571 3406 4634 totum

1818 4643 2105 4718 regionem
2137 4643 2766 4718 peragrarunt,_ubique
2807 4646 3175 4718 episcopalem
3225 4647 3404 4718 honos

1817 4727 1932 4788 rem
1964 4722 2025 4788 et
2054 4712 2494 4788 observationem
2539 4712 2858 4780 habentes,-
2881 4724 2940 4771 ut
2975 4712 3305 4788 perspicitur
3336 4716 3404 4774 ex

1815 4783 2062 4852 epistolis
2093 4783 2201 4838 ΞΜ
2229 4791 2285 4838 et
2320 4783 2448 4838 251.

1888 4851 2000 4928 (68)
2044 4852 2323 4928 Ἑαυτοῐζ.
2358 4853 2708 4928 _Sic_cod_ices
2739 4856 2988 4928 plerique
3021 4872 3156 4912 mss.
3196 4871 3297 4928 pro
3335 4872 3404 4912 eo

1815 4921 1963 4992 quod
1981 4921 2113 4977 erat
2152 4923 2210 4978 in
2239 4922 2403 4980 editis
2431 4924 2620 4980 αὑτοῦ.
2661 4921 2779 4981 Non
2821 4921 2942 4982 sin'e
2985 4942 3153 4983 causa
3197 4921 3400 4982 Orien-

1815 4993 1952 5048 tales
2001 4993 2105 5047 hac
2154 4995 2512 5049 excusatione
2560 4997 2877 5053 utebantur.
2925 4995 3201 5053 Metuendi
3251 4998 3400 5053 enim

1816 5063 1970 5118 locus
2011 5069 2152 5128 erat,
2203 5077 2274 5118 ne
2318 5061 2700 5121 Occidentales
2758 5067 3294 5128 suboﬂ‘enderentur.
3351 5068 3399 5122 si

1813 5132 2058 5202 episcopi
2091 5149 2200 5187 non
2232 5133 2504 5192 venirent.
2550 5135 2710 5190 Anno
2745 5136 2872 5201 571,
2916 5151 3042 5192 cum
3091 5135 3398 5193 Orientales

1813 5204 2130 5276 d_iac_o_uum_
2159 5202 2814 5276 misissentLAdiaconum
2871 5209 3074 5276 pariter
3127 5207 3400 5263 miserunt

1814 5272 2219 5329 Occidentales.
2247 5280 2407 5329 Anno
2435 5273 2542 5328 372
2578 5291 2741 5331 nemo
2767 5272 2972 5332 missus
3002 5279 3072 5332 ab
3101 5276 3398 5333 Orientali-

1816 5343 1940 5419 bus,
1972 5342 2069 5419 sed
2101 5359 2197 5419 per
2212 5343 2436 5419 litteras
2463 5345 2783 5419 suppliciter
2808 5349 3104 5419 petierunt,
3128 5355 3188 5401 ut
3208 5349 3396 5419 plures

1812 5414 2053 5483 episcopi
2089 5413 2159 5467 ad
2208 5413 2492 5469 ferendum
2529 5413 2741 5471 O‘rienti
2784 5413 3053 5472 auxilium
3090 5413 3394 5474 ’mitieren.

1813 5491 1925 5559 tur.
1956 5483 2262 5559 Αι-(ιιιιιιιιι)⁸
2288 5501 2518 5559 prorsus
2542 5487 2958 5556 responsionem
2989 5488 3352 5559 impetrarunt
3377 5507 3392 5542 :

1814 5554 2180 5640 inmourediens
2229 5554 2400 5636 Roma
2429 5554 2742 5640 Δὶςντξιενῐιις»⁹
2777 5554 3086 5640 presbyter'
3119 5561 3391 5640 nuntiavit

1813 5623 2038 5689 Basilio,
2071 5625 2244 5694 ipsius
2277 5627 2478 5693 scripta
2515 5623 3175 5697 Romanis'displicuisse,
3213 5645 3276 5682 ac
3311 5629 3390 5683 vi-

1813 5709 1906 5750 ros
1932 5699 2225 5752 autoritate
2263 5698 2519 5768 praeditos
2548 5697 2775 5755 Romam
2809 5713 2933 5756 esse
2964 5700 3280 5755 mittendos.
