3856 6224
179 244 277 300 9ιῖ

972 367 986 382 ν
1057 360 1081 380 τ

1100 247 1590 308 EPlSTOLARUM
1631 251 1919 324 CLASSIS
1957 251 2020 308 ll.
2062 254 2280 311 EPIST.
2309 254 2584 313 CCXLIV.

3333 252 3437 309 9H

180 358 437 428 ἔκπληξιν
474 361 820 418 πεπονθέναι.
864 365 986 435 ’Ἆρ’
1023 360 1116 419 οὖν
1147 369 1242 421 καὶ
1281 369 1346 422 σὺ
1393 369 1452 422 τὸ
1491 370 1602 424 τῶν
1638 370 1796 447 πολη

1888 374 2179 441 ιιῑρηόιιιιι,
2212 375 2456 446 ﬁuntque
2494 390 2605 429 non
2648 373 2896 430 veritatis
2929 372 3304 444 inquisitores,
3342 371 3436 426 sed

181 451 285 504 λῶν
333 452 623 519 πέπονθας,
678 455 752 519 οἳ,
814 457 1204 523 καταλιπόντες
1257 460 1367 514 τῶν
1416 463 1758 533 πραγμάτων

1888 465 2188 521 liﬁerentia:
2209 482 2570 538 personarum
2602 467 2984 533 aestimatores,
3012 466 3168 522 obliti
3191 464 3440 520 admoni-

181 541 454 609 ἐξετάζειν
500 545 600 616 τὴν
653 547 836 616 φύσιν,
877 552 990 612 τοῖς
1043 549 1351 624 ἀνθρώποις
1410 555 1758 624 προσέχουσι,

1864 556 2036 612 tionis
2069 557 2238 623 illius,
2270 555 2597 628 Cognoscere
2619 573 2898 627 personam
2923 559 2977 612 in
2997 555 3201 626 judicio
3228 572 3333 610 non
3360 564 3440 609 est

180 635 312 704 περὶ
349 631 425 689 ὦν
463 637 515 689 oi
556 637 725 706 λόγοι,
768 641 863 693 καὶ
901 641 1138 709 γίνονται
1185 643 1306 714 οὐχὶ
1355 645 1452 716 τῆς
1505 644 1762 715 ἀληθείας
1867 646 2140 703 bonum”.

181 725 484 792 ἐξετασταὶ,
549 729 686 784 ἀλλά
728 732 829 803 τῆς
884 733 1147 804 διαφορᾶς
1204 736 1313 789 τῶν
1357 736 1666 808 προσώπων
1714 740 2066 811 δοκιμασταὶ,
2113 743 2498 814 ἐπιλαθόμενοι
2563 742 2661 813 τῆς
2682 743 3092 814 επαραινέσεως,
3151 742 3233 795 ὅτι
3289 741 3443 792 Ἐπι-

183 819 501 908 τινώσκειν
523 825 939 892 πρόσωπον,ἐν
961 831 1152 898 κρίσει
1181 831 1317 902 (74),
1345 835 1417 887 οὐ
1450 837 1661 890 καλόν.

253 913 306 969 2.
333 913 480 985 Πλὴν
513 914 628 968 ἀλλ’
661 917 850 990 ἐπειδὴ
872 918 1004 984 Θεὸς
1039 923 1330 994 πρόσωπον
1359 925 1418 977 ἐν
1455 925 1635 996 κρίσει
1668 927 1764 980 ἀν-

184 1002 404 1075 θρώπου
431 1005 491 1058 οὐ
523 1004 812 1078 λαμϐάνει,
852 1010 918 1080 ἢν
952 1011 1089 1081 πρὸς
1120 1011 1184 1065 τὸ
1233 1013 1376 1084 μέγα
1416 1013 1767 1087 δικαστήριον

159 1097 482 1166 ¹ἀπολογίαν
530 1101 936 1172 παρεσκεύασα,
987 1103 1191 1174 ταύτην
1246 1108 1341 1160 καὶ
1385 1107 1472 1160 σοὶ
1503 1107 1767 1180 γνωρίσαι

187 1190 247 1242 οὐ
288 1191 722 1263 παραιτήσομαι.
763 1195 886 1247 Ὅτι
927 1195 1080 1250 οὐδὲν
1118 1197 1249 1269 παρ’
1279 1197 1436 1269 ἡμῶν
1473 1199 1535 1250 τὸ
1571 1199 1630 1266 ἐξ
1668 1201 1768 1271 ἁρ-

189 1281 311 1350 χῆς,
340 1280 463 1334 οὔτε
490 1284 683 1354 μικρὸν
711 1284 835 1337 οὔτε
875 1285 1059 1356 μεῖζον
1095 1289 1288 1356 γέγονε
1309 1289 1410 1360 τῆς
1437 1290 1768 1356 διαστάσεως

188 1373 393 1426 αἴτιον·
428 1373 543 1427 ἀλλ’
572 1375 849 1447 ἄνθρωποι
885 1379 1169 1448 μισοῦντες
1197 1382 1368 1451 ἡμᾶς,
1397 1382 1464 1435 δι’
1497 1381 1564 1445 ἃς
1593 1381 1770 1436 ἴσασιν

192 1466 499 1535 προφάσεις
529 1467 642 1539 (75)
670 1469 825 1522 αὐτοὶ
847 1468 927 1541 (οὐ
943 1472 1054 1542 γὰρ
1081 1472 1182 1542 ἐμὲ
1203 1473 1310 1544 χρὴ
1333 1473 1512 1542 λέγειν
1535 1475 1660 1546 περὶ
1675 1475 1771 1528 αὺ-

188 1554 302 1608 τῶν
338 1555 553 1626 οὐδὲν),
589 1561 832 1630 συνεχεῖς
876 1561 1159 1615 ἐποιοῦντο
1203 1563 1304 1626 τὰς
1345 1563 1616 1628 διαϐολάς.
1662 1564 1774 1618 Καὶ

1943 926 1998 980 2.
2037 924 2143 981 Sed
2190 925 2321 996 quia
2351 924 2496 982 Deus
2530 940 2822 996 personam
2861 927 2915 981 in
2960 926 3196 983 hominis
3236 929 3444 998 judicio

1874 1031 1988 1071 non
2021 1017 2243 1088 accipit,
2274 1030 2436 1086 quam
2466 1016 2599 1071 mihi
2631 1017 2773 1088 apud
2807 1032 3061 1088 magnum
3084 1019 3317 1073 tribunal
3352 1020 3445 1076 de-

1876 1109 2184 1169 fensionem
2216 1109 2425 1179 paravi,
2458 1123 2578 1164 eam
2611 1116 2664 1165 et
2690 1109 2786 1165 tibi
2817 1118 3001 1165 notam
3030 1111 3209 1167 facere
3236 1129 3346 1167 non
3373 1130 3449 1168 re-

1878 1201 2107 1256 cusabo.
2156 1200 2427 1256 Nimirum
2475 1201 2626 1256 nulla
2665 1217 2694 1255 a
2738 1203 2899 1258 nobis
2948 1203 3017 1258 ab
3066 1203 3225 1259 initio
3272 1221 3450 1276 neque

1881 1305 2047 1362 parva
2072 1306 2251 1360 neque
2275 1290 2451 1360 major
2479 1299 2599 1347 orta
2627 1299 2713 1347 est
2751 1293 2964 1348 dissidii
2992 1309 3192 1351 causa:
3223 1298 3317 1352 sed
3346 1297 3448 1352 ho-

1877 1381 2055 1437 mines
2100 1381 2260 1436 nobis
2285 1395 2392 1436 non
2433 1381 2617 1445 amici,
2645 1383 2714 1437 ob
2744 1398 2881 1452 quas
2911 1383 3016 1454 ipsi
3047 1385 3229 1439 sciunt
3255 1401 3450 1442 causas

1879 1473 2012 1545 (non
2055 1473 2201 1528 enim
2247 1487 2386 1543 opus
2418 1482 2504 1528 est
2539 1489 2625 1529 me
2664 1474 2959 1545 quidquam
2995 1475 3065 1531 de
3101 1476 3188 1532 his
3224 1477 3448 1550 dicere),

1880 1564 2178 1618 continuas
2199 1563 2332 1617 mihi
2369 1564 2670 1620 calumnias
2697 1572 3035 1621 struxerunt.
3067 1567 3145 1622 Ac
3175 1569 3296 1624 illas
3329 1571 3451 1640 qui-

191 1646 339 1714 ἀπαξ
373 1648 472 1718 μὲν
503 1651 700 1714 ταύτας
740 1652 834 1704 καὶ
857 1652 937 1716 δὶς
967 1655 1390 1726 ἀπεδυσάμεθα·
1441 1656 1516 1720 ὡς
1552 1656 1607 1709 δὲ
1644 1655 1776 1710 ἀπέ-

1888 1652 2002 1707 dem
2034 1653 2337 1722 repulimus
2363 1654 2530 1708 semel
2560 1661 2721 1723 atque
2753 1654 2981 1710 iterum:
3010 1658 3104 1711 sed
3134 1672 3257 1712 cum
3290 1659 3449 1714 ﬁnem

194 1754 392 1811 ραντον
453 1735 523 1810 ἦν
555 1740 615 1794 τὸ
649 1744 905 1813 πρᾶγμα,
943 1745 1037 1798 καὶ
1074 1746 1226 1798 οὐδὲν
1273 1746 1466 1816 δφελος
1506 1748 1607 1818 τῆς
1652 1764 1778 1800 συν-

191 1828 356 1899 εχοῦς
399 1831 714 1900 ἀπολογίας,
754 1834 911 1904 ἡμῶν
960 1837 1058 1906 μὲν
1106 1837 1320 1910 μακρὰν
1359 1839 1777 1909 ἀπῳκισμένων,

191 1921 306 1974 τῶν
330 1921 398 1974 δὲ
415 1922 752 1993 ψευδολόγων
790 1926 1019 1995 ἐγγύθεν
1053 1929 1286 1998 ἐχόντων
1306 1933 1426 1993 ταῖς
1469 1929 1592 1983 καθ’
1620 1929 1784 2002 ἡμῶν

191 2014 522 2086 τιτρώσκειν
563 2016 836 2080 διαϐολαῖς
875 2019 1101 2088 καρδίαν
1145 2021 1648 2090 εὐκαταγώνιστον,
1685 2023 1780 2076 καὶ

191 2106 258 2158 οὐ
293 2105 681 2179 δεδιδαγμένην
732 2108 830 2179 τὴν
878 2111 1073 2181 ἐτέραν
1126 2112 1234 2165 τῶν
1291 2113 1469 2166 ἀκοῶν
1513 2114 1777 2186 ἀκεραίαν

195 2197 489 2267 φυλάττειν
520 2198 597 2268 τῷ
642 2201 717 2272 μὴ
754 2201 984 2272 παρόντι
1009 2218 1024 2232 '
1060 2203 1173 2256 τῶν
1209 2203 1583 2258 Νικοπολιτῶν
1616 2205 1780 2258 ἀποει⁴

191 2289 433 2342 τοὺντων
461 2289 580 2343 τινὰ
623 2291 992 2363 πληροφορίαν
1033 2294 1267 2358 πίστεως
1322 2294 1370 2364 (ὃ
1407 2295 1623 2358 πάντως
1657 2296 1780 2348 οὐδέ

194 2383 360 2452 ὑμεῖς
407 2384 752 2454 ἠγνοήσατε),
803 2383 980 2448 ἔδοξεν
1032 2385 1164 2454 ἡμῖν
1218 2387 1318 2457 τὴν
1361 2385 1636 2440 διακονίαν
1685 2387 1778 2440 τοῦ

191 2474 528 2544 γράμματος
556 2474 931 2540 ὑποδέξασθαι.
981 2477 1370 2548 Ἐλογισάμεθα
1398 2477 1508 2550 γὰρ
1535 2477 1628 2531 δύο
1647 2496 1780 2532 κατ-

197 2565 468 2637 ορθώσειν
522 2569 579 2620 ἐν
619 2568 827 2637 ταυτῷ·
874 2570 1000 2632 τούς
1033 2587 1093 2623 τε
1148 2569 1516 2636 Νικοπολίτας
1573 2574 1781 2626 πείσειν

200 2659 280 2729 μὴ
304 2659 486 2722 κακῶς
525 2664 742 2728 φρονεῖν
771 2662 1012 2733 περὶτοῦ
1044 2665 1258 2734 ἀνδρὸς,
1287 2667 1378 2718 καὶ
1415 2665 1524 2719 τῶν
1559 2665 1779 2720 διαϐαλ-

194 2749 406 2803 λόντων
444 2753 590 2822 ἡμᾶς
633 2753 932 2823 ἐμφράξειν
958 2753 1025 2806 τὰ.
1056 2755 1320 2823 στόματα,
1363 2755 1464 2826 τῆς
1503 2755 1647 2809 κατά
1683 2755 1781 2826 τὴν

200 2841 393 2893 πίστιν
425 2844 743 2912 συμφωνίας
774 2843 874 2907 τὰς
899 2838 1236 2914 ἑκατέρωθεν
1262 2847 1626 2914 συκοφαντίας
1649 2847 1785 2900 ἀπο-

200 2930 518 3000 κλειούσης.
557 2931 665 2984 Καὶ
697 2931 763 3002 δὴ
804 2933 899 2986 καὶ
943 2933 1324 3004 συγγέγραπτο
1365 2933 1462 3003 μὲν
1496 2934 1528 3003 ὴ
1576 2932 1780 2995 πίστις,

1880 1741 1964 1795 illi
1997 1756 2107 1796 non
2134 1741 2398 1805 facerent,
2422 1757 2522 1797 nec
2547 1743 2843 1814 quidquam
2878 1746 3162 1816 prodesset
3191 1750 3452 1805 continua

1881 1833 2166 1900 defensio,
2217 1837 2674 1904 proptereaquod,
2738 1837 2898 1892 nobis
2963 1840 3152 1908 procul
3203 1841 3450 1907 dissitis,

1881 1923 2151 1979 mendacii
2208 1932 2464 1980 auctores
2507 1927 2758 1982 cominus
2801 1935 3053 1998 poterant
3098 1931 3215 1988 suis
3261 1940 3454 1988 contra

1882 2030 1983 2070 nos
2015 2015 2304 2070 vulnerare
2330 2015 2622 2071 calumniis
2659 2031 2755 2071 cor
2787 2016 2949 2074 facile
2979 2021 3314 2091 superabile,
3350 2038 3454 2078 nec

1880 2105 2135 2160 edoctum
2165 2121 2354 2161 aurem
2386 2106 2612 2162 alteram
2644 2107 2857 2163 absenti
2891 2109 3157 2181 integram
3192 2128 3448 2181 servare;

1881 2195 2279 2266 Nicopolitanis
2303 2197 2485 2267 aliqua
2519 2197 2642 2253 ﬁdei
2668 2199 2869 2253 indicia
2901 2200 2966 2254 ad
3009 2203 3453 2270 persuadendum

1883 2297 2007 2357 apta
2047 2291 2466 2359 exposcentibus
2496 2290 2660 2361 (quod
2696 2307 2766 2347 ne
2799 2308 2897 2347 vos
2943 2293 3165 2364 quidem
3224 2311 3453 2366 prorsus

1885 2380 2226 2453 ignorastis),
2244 2381 2404 2436 nobis
2423 2383 2600 2436 visum
2623 2391 2708 2438 est
2731 2385 2922 2453 scripti
2943 2384 3308 2442 ministerium
3337 2404 3458 2444 sus-

1889 2473 2091 2542 cipere.
2122 2471 2314 2528 Putavi
2355 2475 2499 2528 enim
2534 2489 2618 2529 me
2669 2475 2780 2529 duo
2829 2475 3196 2545 perfecturum
3244 2495 3351 2534 una
3399 2489 3454 2536 et

1882 2564 2074 2620 eadem
2125 2580 2331 2636 opera;
2379 2574 2434 2620 et
2475 2565 2872 2637 Nicopolitanis
2919 2583 3351 2638 persuasurum,
3387 2588 3457 2628 ne

1885 2654 2026 2709 male
2057 2654 2122 2709 de
2154 2655 2272 2709 viro
2304 2657 2594 2721 sentirent,
2640 2665 2695 2710 et
2735 2658 3195 2715 calumniatorum
3229 2670 3454 2717 nostro-

1883 2761 2004 2800 rum
2037 2761 2136 2799 ora
2185 2747 2592 2812 obturaturum,
2647 2747 2772 2802 ﬁdei
2823 2762 3100 2806 consensu
3151 2751 3456 2809 calumnias

1885 2835 2144 2904 utrinque
2173 2833 2516 2891 excludente.
2567 2835 2648 2890 Ac
2691 2837 2825 2893 ﬁdes
2871 2839 3093 2909 quidem
3141 2842 3456 2912 conscripta

1885 2935 1989 2989 est,
2022 2933 2076 2981 et
2118 2941 2148 2979 a
2179 2927 2340 2982 nobis
2369 2927 2570 2982 allata:
2604 2929 2914 3001 subscripta
2946 2939 3032 2986 est
3070 2931 3258 2987 etiam.
3291 2931 3456 2989 Post-

199 3020 556 3091 προσηνέχθη
629 3021 686 3075 δέ
750 3023 882 3094 παρ’
943 3023 1132 3095 ἡμῶν·
1195 3023 1487 3095 ὑπεγράφη
1547 3021 1624 3076 δέ.
1698 3023 1786 3086 Ὠς

1888 3031 2050 3086 quam
2105 3017 2445 3087 subscripta,
2501 3017 2656 3074 locus
2707 3018 3028 3090 designatus
3089 3029 3174 3077 est
3230 3022 3458 3078 alterius

198 3111 502 3183 ὒπεγράφη
539 3113 674 3184 (76).
708 3115 802 3166 καὶ
834 3113 1030 3186 χωρίον
1069 3113 1356 3185 ὑπεὰίχθη
1402 3113 1621 3168 συνόδου
1666 3113 1787 3166 δευ-

193 3204 391 3277 τέρας,
419 3206 511 3257 καὶ
548 3205 739 3277 καιρὸς
780 3205 1000 3277 ἐτεροςο
1032 3205 1174 3259 ὥστε
1213 3207 1308 3260 καὶ
1333 3207 1462 3268 τοὺς
1501 3205 1644 3259 κατὰ
1685 3208 1783 3276 τὴν

197 3300 502 3372 παροικίαν
531 3300 792 3369 ἀδελφοὺς
815 3300 974 3371 ἡμῶν
1007 3299 1358 3363 συνελθόντας
1398 3299 1664 3369 ἑνωθῆναι
1698 3298 1784 3351 ἀλ-

195 3389 409 3462 λήλοις,
437 3391 530 3444 καὶ
558 3391 786 3461 γνησίαν
818 3392 912 3445 καὶ
940 3391 1124 3447 ἄδολον
1157 3391 1252 3444 τοῦ
1287 3390 1474 3444 λοιποῦ
1504 3387 1644 3446 εἶναι
1682 3393 1784 3464 τὴν

199 3485 515 3538 κοινωνίαν.
551 3485 742 3556 Ἡμεῖς
781 3485 879 3556 μὲν
917 3480 1010 3538 οὖν
1060 3485 1451 3556 ἀπηντήσαμεν
1505 3485 1646 3540 κατά
1685 3485 1785 3556 τὴν

199 3575 566 3647 προθεσμίαν,
593 3577 686 3630 καὶ
707 3577 756 3629 οἱ
781 3576 877 3629 σὺν
903 3578 1034 3648 ἡμῖν
1059 3576 1281 3646 ἀδελφοὶ
1301 3577 1349 3628 οί
1387 3574 1485 3646 μὲν
1508 3575 1782 3645 παρῆσαν,

200 3673 256 3725 οἱ
290 3669 350 3724 δὲ
390 3670 675 3742 ἐπέρρεον,
719 3669 937 3740 φαιδροὶ
993 3670 1194 3732 πάντες
1235 3669 1328 3721 καὶ
1381 3666 1682 3738 πρόθυμοι,
1711 3665 1786 3728 ὡς

201 3766 303 3819 ἐπὶ
334 3765 553 3836 εἰρήνην
581 3762 900 3834 τρέχοντες·
950 3762 1045 3814 καὶ
1087 3759 1394 3831 γράμματα
1429 3757 1560 3828 παρ’
1604 3753 1782 3826 ἡμῶν,

200 3857 307 3909 καὶ
353 3855 718 3926 ἡμεροδρόμοι
773 3853 1158 3924 σημαίνοντες,
1204 3849 1288 3903 ὅτι
1329 3849 1646 3921 πάρεσμεν·
1693 3847 1788 3901 καὶ

200 3948 319 4017 γὰρ
363 3947 628 4018 ἡμέτερον
663 3942 731 4017 ἦν
761 3947 821 3999 τὸ
873 3945 1070 4016 χωρίον
1105 3945 1166 3998 τὸ
1213 3941 1663 4011 ἀποδεδειγμένον
1709 3942 1788 4002 εἰς

201 4039 479 4110 ὑποδοχὴν
510 4039 618 4092 τῶν
667 4037 1086 4108 συντρεχόντων.
1127 4035 1216 4099 Ὠς
1258 4034 1317 4088 δὲ
1347 4036 1412 4086 ἐκ
1452 4031 1546 4085 τοῦ
1599 4031 1785 4102 ἐτέρου

202 4133 415 4204 μέρους
459 4131 632 4194 οὐδεὶς
669 4126 758 4200 ἦν,
794 4128 918 4182 οὔτε
955 4129 1294 4200 προτρέχων,
1335 4125 1459 4180 οὔτε
1506 4122 1790 4192 εὐαγγελι-

201 4225 440 4295 ζόμενος
478 4223 576 4294 τὴν
618 4221 918 4289 παρουσίαν
950 4220 1057 4272 τῶν
1090 4215 1586 4289 προσδοκωμένων·
1635 4215 1684 4264 οἱ
1730 4210 1788 4264 δὲ

200 4316 346 4386 παρ’
376 4313 532 4385 ἡμῶν
557 4313 950 4374 ἀποσταλέντες
973 4308 1272 4378 ἐπανῆλθον
1309 4308 1615 4378 κατήφειαν
1661 4303 1789 4356 πολ-

1886 3115 2212 3174 conventus,
2242 3113 2297 3161 et
2325 3115 2540 3178 tempus
2568 3107 2721 3163 aliud
2749 3109 3137 3176 constitutum,
3174 3117 3235 3164 ut
3266 3119 3321 3165 et
3347 3110 3460 3165 fra-

1884 3205 1999 3254 tres
2025 3200 2220 3264 nostri,
2245 3201 2338 3270 qui
2363 3199 2417 3253 in
2443 3201 2682 3270 parmcia
2707 3213 2858 3268 sunt,
2882 3201 3294 3269 convenientes,
3319 3218 3456 3259 con-

1881 3292 2244 3363 iungerentur
2278 3293 2421 3348 inter
2445 3307 2526 3358 se,
2556 3300 2611 3348 et
2635 3296 2870 3365 genuina
2883 3309 2946 3350 ac
2959 3295 3175 3351 sincera
3197 3296 3454 3366 deinceps

1887 3385 2026 3440 foret
2080 3386 2414 3440 communio.
2469 3384 2657 3457 Itaque
2713 3402 2815 3444 nos
2861 3387 3082 3458 quidem
3135 3387 3453 3444 advenimus

1885 3478 2192 3547 prmstituto
2225 3486 2490 3548 tempore,
2524 3484 2579 3532 et
2611 3478 2705 3548 qui
2743 3493 2958 3534 meeum
2987 3479 3274 3548 conjuncti
3300 3486 3452 3533 erant

1886 3571 2117 3632 fratres,
2165 3570 2364 3638 partim
2413 3569 2660 3634 aderant,
2698 3571 2895 3640 partim
2937 3569 3306 3635 confluebant,
3351 3570 3454 3624 laeti

1885 3677 2076 3717 omnes
2110 3673 2273 3731 atque
2303 3663 2537 3728 alacres,
2569 3669 2630 3718 ut
2661 3662 2728 3717 ad
2749 3678 2938 3734 pacem
2962 3673 3281 3719 currentes:
3316 3664 3454 3717 litte~

1887 3767 1962 3807 ra:
1989 3754 2149 3808 etiam
2174 3770 2203 3806 a
2233 3754 2392 3808 nobis
2414 3769 2478 3808 ac
2503 3769 2778 3818 cursores,
2808 3756 2901 3826 qui
2940 3770 3041 3811 nos
3067 3757 3259 3812 adesse
3285 3755 3455 3827 signi.

1890 3845 2136 3908 ficarent,
2169 3846 2438 3914 siquidem
2465 3853 2654 3902 noster
2681 3856 2801 3901 erat
2840 3847 2931 3903 ille
2958 3849 3113 3904 locus
3143 3848 3210 3902 ad
3239 3862 3337 3902 eos
3363 3847 3467 3917 qui,

1888 3935 2290 3990 concurrebant
2326 3937 2680 4007 excipiendos
2717 3938 3059 4006 designatus.
3090 3937 3198 3994 Sed
3225 3955 3351 3995 cum
3389 3955 3454 3994 ex

1888 4025 2058 4080 altera
2102 4040 2256 4096 parte
2305 4042 2468 4082 nemo
2511 4027 2750 4096 adesset,
2800 4039 2894 4084 aut
2947 4045 3327 4099 praecurrens,
3365 4038 3471 4084 aut.-

1889 4118 2152 4173 nuntians
2175 4117 2469 4173 adventum
2489 4133 2681 4174 eorum
2707 4123 2799 4191 qui
2829 4121 3289 4191 exspectabantur
3313 4138 3328 4187 ;
3363 4122 3456 4190 qui

1890 4217 2072 4264 autem
2101 4223 2132 4262 a
2175 4209 2340 4265 nobis
2365 4209 2520 4265 missi
2546 4219 2724 4275 erant,
2761 4226 2886 4266 cum
2914 4212 3206 4268 rediissem
3233 4212 3459 4266 multam

1888 4315 2076 4355 eorum
2104 4301 2197 4370 qui
2231 4302 2343 4356 illic
2379 4308 2508 4356 sunt
2541 4302 2823 4357 tristitiam
2863 4317 2929 4356 ac
2969 4304 3460 4358 murmurationem

198 4372 309 4476 lin;
343 4372 438 4458 xei
468 4405 779 4474 γογγυσμδν
803 4403 911 4456 τῶν
931 4372 1058 4455 ἐκεῖ
1087 4372 1565 4472 διηγούμενοι,ὡς
1595 4398 1788 4468 καινῆς

1890 4400 2230 4458 enarrantes,
2263 4395 2421 4463 quasi
2474 4408 2612 4449 nova
2659 4394 2794 4450 ﬁdes
2843 4409 2875 4449 a
2917 4396 3077 4452 nobis
3123 4395 3461 4465 promulgata

202 4499 450 4561 πίστεως
488 4500 616 4569 παρ’
657 4496 813 4568 ήμῶν
857 4494 1320 4563 καταγγελθείσης
1344 4509 1358 4522 ο
1411 4492 1505 4545 καὶ
1544 4491 1792 4559 ἐλέγοντο

197 4586 611 4662 διορίζεσθαι,ἦ
643 4588 748 4659 μὴν
773 4588 846 4659 μὴ
871 4586 1179 4658 ἐπιτρέψειν
1198 4584 1278 4654 τῷ
1306 4584 1591 4653 ἐπισκόπῳ
1611 4581 1790 4635 αὐτῶν

201 4682 354 4752 πρὸς
383 4682 528 4752 ἡμᾶς
551 4679 800 4749 διαϐῆναι
821 4697 834 4709 ο
860 4675 989 4750 ἦλθε
1020 4679 1077 4731 δέ
1104 4695 1186 4741 τις
1219 4679 1313 4730 καὶ
1343 4677 1579 4747 γράμμα
1607 4675 1790 4745 φέρων

198 4777 349 4847 ἡμῖν
371 4775 777 4844 ἀφωσιωμένον,
824 4772 916 4825 καὶ
956 4769 1210 4840 οὐδεμίαν
1250 4769 1371 4839 ἔχον
1414 4769 1632 4839 μνήμην
1680 4765 1793 4819 τῶν

199 4867 274 4934 ἐξ
306 4865 485 4938 ἀρχῆς
507 4865 908 4935 συγκειμένωνο
949 4863 1042 4916 καὶ
1079 4864 1108 4915 ὁ
1154 4861 1334 4932 πάσης
1377 4861 1434 4914 δέ
1477 4877 1567 4931 μοι
1608 4859 1789 4921 αἰδοῦς

198 4958 313 5013 καὶ
352 4959 519 5028 τιμῆς
555 4957 701 5021 ἄξιος
748 4955 975 5023 ἀδελφὸς
1007 4954 1292 5023 Θεόφιλος,
1341 4953 1439 5007 ἕνα
1492 4950 1600 5004 τῶν
1640 4950 1789 5020 αὐτῷ

202 5045 484 5100 συνόντων
538 5044 883 5109 ἀποστείλας,
919 5043 1155 5114 ἐδήλωσέ
1179 5059 1323 5106 τινα,
1358 5041 1395 5096 ἃ
1436 5040 1655 5111 ἐνόμισε
1696 5039 1791 5092 καὶ

197 5137 371 5209 αὐτῷ
419 5137 774 5191 ἐπιϐάλλοντα
817 5132 953 5190 εἶναι
1001 5137 1208 5198 εἰπεῖν,
1255 5134 1348 5188 καὶ
1387 5133 1517 5204 ἡμῖν
1561 5129 1790 5185 ἀκοῦσαι

286 5272 334 5304 ⁸³
372 5269 528 5327 Deut.
572 5286 628 5336 ι,
666 5270 778 5336 l7;
818 5267 978 5322 Prov.
1020 5282 1188 5335 xvm,
1230 5266 1284 5324 5.

289 5385 416 5467 (3Q
451 5383 783 5467 ’Er_xp£eet.
819 5381 1172 5467 llzecndesunt
1206 5381 1267 5462 in
1291 5379 1552 5467 quinque
1578 5377 1819 5433 llOSll‘lS'

195 5451 528 5529 codicibus,
557 5451 809 5529 leguntur
843 5453 897 5529 in
928 5452 1099 5508 Coisl.
1138 5451 1334 5520 primo.
1552 5525 1561 5529 Δ
1603 5516 1615 5528 ο
1733 5518 1763 5529 η

291 5527 407 5597 (75)
438 5518 795 5597 Προφᾶσεις.
843 5522 918 5597 l_ta
962 5518 1167 5597 septem
1219 5535 1410 5597 omnes
1445 5518 1795 5597 nostri-codi-

197 5587 334 5656 ces.
391 5587 791 5656 Editi'airiaé.
848 5587 1042 5647 Paulo_
1076 5590 1416 5660 postieditio
1461 5587 1794 5660 Parisiensis

201 5664 670 5737 ἀπεκδυσάμεθα.
701 5665 867 5720 Coisl.
901 5658 1150 5732 uterque,
1189 5659 1338 5716 Harl.
1373 5667 1426 5716 et
1459 5658 1597 5717 Med.
1626 5667 1679 5714 et
1707 5675 1796 5713 vc-

1894 4491 2060 4550 esset,
2096 4485 2261 4554 hique
2296 4486 2556 4542 statuisse
2586 4486 2923 4554 dicerentur,
2953 4502 3012 4542 se
3039 4493 3189 4542 certe
3221 4500 3322 4540 suo
3349 4486 3462 4554 epi-

1894 4591 2061 4646 scopo
2095 4577 2163 4630 ad
2215 4593 2318 4632 nos
2367 4577 2748 4648 proﬁciscendi
2796 4579 3008 4648 c0piam
3060 4577 3305 4632 facturos
3353 4591 3462 4630 non

1890 4685 2015 4726 esse
2040 4686 2059 4735 ;
2087 4685 2322 4740 cumque
2343 4672 2584 4726 venisset
2610 4671 2832 4740 quidam
2857 4669 3091 4726 afferens
3116 4669 3273 4725 nobis
3297 4668 3465 4739 378

1893 4764 2181 4832 epistolam
2232 4764 2603 4833 perfunctorie
2653 4764 2913 4834 scriptam
2943 4806 2957 4828 ,
3010 4772 3215 4833 etquae
3257 4763 3462 4816 nullam

1895 4869 2087 4910 eorum
2110 4856 2178 4912 de
2205 4856 2408 4924 quibus
2450 4856 2521 4911 ab
2558 4856 2716 4911 initio
2744 4862 3100 4918 convenerat,
3131 4853 3463 4908 mentionem

1897 4943 2172 5010 habebat;
2213 4951 2266 4996 et
2301 4960 2424 4998 cum
2456 4947 2607 4999 omni
2643 4945 2776 5000 mihi
2809 4944 3117 5000 reverentia
3162 4951 3216 4998 et
3255 4942 3464 4996 honore

1897 5036 2093 5106 dignus
2135 5034 2302 5090 frater
2342 5035 2677 5107 Theophilus
2722 5052 2832 5092 uno
2878 5053 2946 5092 ex
2983 5037 3071 5094 his
3103 5037 3197 5107 qui
3229 5049 3353 5090 cum
3397 5047 3464 5088 eo

1903 5137 2036 5185 sunt
2071 5131 2264 5196 missi,
2309 5132 2574 5187 nonnulla
2618 5131 2995 5193 declarasset,
3045 5145 3164 5200 quae
3212 5142 3315 5184 nec
3358 5127 3488 5182 sibi.

1896 5384 2058 5431 tusta:
2093 5371 2360 5428 editiones
2392 5379 2450 5427 ut
2483 5371 2538 5426 in
2571 5380 2740 5428 textu.

1967 5445 2079 5514 (76)
2115 5445 2208 5510 Ὠς
2231 5441 2561 5512 ὑπεγράφη.
2586 5441 2726 5498 Editi
2761 5442 2847 5498 his
2870 5442 3099 5498 vocibus
3130 5442 3466 5513 praemittunt

1897 5515 2012 5580 καί,
2051 5530 2172 5585 quae
2218 5514 2531 5585 conjunctin
2573 5515 2729 5585 deest
2767 5516 2826 5585 in
2853 5529 2948 5568 sex
2980 5529 3114 5585 mss.
3145 5522 3199 5568 et
3227 5515 3464 5585 editione

1897 5583 2107 5658 ljagaii.
2158 5593 2213 5637 et
2249 5584 2422 5658 Bas“.
2470 5585 2665 5658 prima.
2718 5583 2918 5658 Ibidem
2970 5583 3098 5638 edit=
3150 5583 3462 5658 ἀπεδείξιθη.

1899 5653 2035 5712 Tres
2065 5653 2424 5712 vetustissimi
2456 5654 2675 5711 codices
2707 5664 2764 5710 ut
2792 5655 2846 5710 in
2878 5661 3050 5711 textu.
