3856 6224
455 317 560 375 915

1803 292 1863 350 S.
1901 286 2147 346 BASILII
2188 287 2327 344 HAG
2336 285 2400 342 Nl

3615 273 3722 330 916

455 436 712 492 indecora
759 429 911 488 dictu
975 437 1030 485 et
1073 427 1232 484 nobis
1279 425 1468 482 auditu
1511 416 1874 493 congruentia
1915 426 2031 469 esse

2142 411 2440 482 πρέποντα.
2493 403 2822 460 Ἐπιστεῖλαι
2855 400 2964 473 γάρ
2989 400 3089 455 οὐκ
3115 397 3364 470 ἠξίωσεν,
3413 397 3474 450 ού
3515 395 3609 448 τὸν
3657 398 3717 449 ἰ)

453 526 709 582 ducebat.
751 523 1007 580 Scribere
1033 522 1180 577 enim
1210 534 1322 574 non
1353 519 1609 588 dignatus
1641 520 1749 577 est,
1783 525 1896 565 non
1918 514 2031 563 tam

455 630 708 680 metuens
735 637 804 678 ne
833 635 900 676 ex
928 619 1128 676 litteris
1165 623 1516 686 argueretur,
1557 624 1723 682 quam
1761 604 2032 664 sollicitus

454 725 526 765 ne
563 725 665 766 nos
700 724 929 767 necesse
966 708 1194 763 haberet
1222 714 1282 760 ut
1311 706 1604 776 episcopos
1631 701 1906 763 salutare;
1936 694 2034 750 sed

455 811 610 857 certe
639 802 808 858 verba
847 809 1005 858 erant
1055 798 1422 864 vehementia,
1453 803 1510 851 et
1551 810 1618 850 ex
1651 800 1870 862 pectore
1917 788 2030 844 ler-

454 901 618 948 vcnte
646 894 880 964 prolata.
929 895 987 949 In
1022 893 1108 949 his
1136 890 1532 956 discessimus,
1567 887 1777 959 pudore
1814 883 2030 947 allecti,

455 985 921 1058 concidentesque
950 987 1154 1048 animo,
1195 999 1297 1039 nec
1330 982 1597 1038 habentes
1627 977 1776 1050 quod
1803 977 2036 1031 interro-

456 1077 713 1146 gantibus
745 1077 1228 1150 responderemus.
1256 1075 1478 1130 Interim
1505 1088 1614 1128 non
1642 1071 1873 1126 multum
1901 1077 2032 1123 tem-

457 1183 597 1237 pus,
637 1179 692 1225 et
727 1169 830 1225 iter
870 1169 926 1224 in
967 1168 1253 1223 Ciliciam:
1300 1165 1427 1221 inde
1467 1164 1696 1226 reditus,
1739 1175 1802 1216 ac
1847 1157 2032 1216 statim

456 1258 656 1316 littera:
687 1261 1129 1316 communionem
1158 1259 1320 1316 nobis
1350 1259 1746 1314 renuntiantes.

529 1435 582 1490 ’5.
613 1434 805 1506 nuptae
834 1444 1015 1494 autem
1039 1436 1442 1492 communionis
1491 1449 1678 1497 causa.
1709 1432 1852 1504 quod
1884 1432 2030 1501 Apo-

457 1526 676 1592 linario,
713 1527 911 1593 aiebat,
948 1527 1388 1599 scripsissemus,
1419 1534 1473 1581 et
1505 1525 1651 1596 quod
1681 1523 2032 1594 compresby—

457 1625 638 1673 terum
669 1628 921 1675 nostrum
962 1618 1256 1675 Diodorum
1299 1619 1627 1674 haberemus
1655 1616 2031 1671 communica-

456 1715 654 1764 torem.
687 1707 801 1781 Ego
844 1719 1026 1766 autem
1053 1710 1430 1782 Apolinarium
1485 1710 1705 1781 quidem
1751 1722 2028 1778 nunquam

458 1800 744 1857 inimicum
775 1801 930 1868 duxi,
964 1802 1076 1857 imo
1104 1817 1213 1857 non
1253 1801 1452 1858 desunt
1485 1803 1556 1858 ob
1578 1817 1700 1871 quae
1750 1801 1915 1856 etiam
1945 1815 2024 1855 re-

457 1906 652 1946 vercar
691 1892 868 1948 virum
893 1913 913 1949 :
943 1894 1040 1950 sed
1071 1901 1252 1949 tamen
1289 1909 1398 1949 nou
1427 1895 1503 1949 ita
1542 1910 1631 1950 me
1657 1893 1863 1948 homini
1896 1908 2032 1947 con-

451 1984 636 2055 junxi,
679 1993 740 2040 ut
774 1985 924 2044 illius
945 1987 1180 2042 crimina
1214 1988 1331 2058 ipse
1360 1986 1680 2056 suscipiam,
1717 1999 1843 2039 cum
1883 1991 2032 2038 certe

453 2085 512 2130 et
534 2076 652 2148 ipse
672 2079 937 2150 nonnulla
962 2078 1215 2144 habeam,
1248 2095 1371 2150 quae
1395 2079 1453 2134 in
1487 2078 1583 2133 illo
1610 2075 2028 2148 reprehendam,

379 2170 384 2174 ’
455 2166 617 2222 lectis
647 2169 796 2224 illius
831 2169 990 2226 libris
1019 2171 1321 2228 nonnullis.
1352 2170 1472 2228 Non
1501 2181 1682 2227 tamen
1713 2171 1781 2226 de
1820 2169 2029 2241 Spiritu

455 2268 653 2316 sancto
693 2271 789 2316 aut
826 2260 1029 2318 librum
1079 2278 1169 2319 me
1212 2265 1284 2319 ab
1324 2279 1390 2320 eo
1433 2273 1618 2334 petere
1647 2263 1904 2329 memini,
1937 2271 2032 2318 aut

454 2351 689 2408 missum
742 2353 1014 2423 accipere.
1063 2352 1170 2409 Sed
1200 2355 1642 2426 copiosissimum
1676 2353 1830 2408 illum
1865 2353 2030 2408 audio

455 2441 702 2496 omnium
723 2442 1056 2514 scriptorum
1077 2443 1358 2501 exstitisse
1383 2463 1396 2498 :
1430 2445 1531 2516 legi
1553 2451 1735 2500 autem
1761 2457 2030 2514 perpauca

452 2548 523 2588 ex
558 2534 708 2591 illius
737 2534 981 2605 scriptis,
1013 2519 1194 2607 neqﬁe
1227 2537 1374 2592 enim
1413 2536 1547 2591 mihi
1591 2535 1760 2591 otium
1789 2543 1875 2591 est
1901 2534 2031 2590 talia

455 2625 778 2693 scrutandi;
807 2640 873 2682 ac
894 2636 1154 2698 praeterea
1174 2629 1412 2686 dillicilis
1433 2629 1654 2701 quidam
1683 2643 1804 2685 sum
1828 2642 1894 2682 ac
1916 2642 2032 2684 mo-

455 2727 621 2768 rosus
657 2712 726 2768 ad
760 2715 1068 2771 recentiora
1097 2716 1471 2785 admittenda;
1509 2717 1713 2790 quippe
1741 2733 1866 2774 cum
1898 2716 2031 2771 mihi

453 2822 556 2876 per
602 2824 808 2882 corpus
839 2827 909 2869 ne
946 2813 1004 2868 in
1035 2809 1272 2868 lectione
1300 2809 1522 2881 quidem
1555 2809 1818 2866 divinitus
1859 2807 2035 2879 inspi-

453 2908 592 2957 rata:
614 2900 914 2975 Scriptura;
939 2904 1211 2961 laboriose
1244 2911 1408 2973 atque
1434 2913 1494 2957 ut
1524 2916 1624 2972 par
1650 2909 1755 2965 est,
1786 2907 2034 2972 perstare

456 2993 638 3050 liccat.
669 2994 812 3062 Quid
833 2995 939 3051 hoc
970 2995 1134 3067 igitur
1163 2995 1232 3050 ad
1258 3011 1364 3059 me,
1395 2995 1442 3051 si
1467 2994 1595 3066 quis
1622 2993 1756 3066 quid
1784 2992 2030 3064 scripsit,

2134 502 2244 555 τῶν
2263 499 2608 572 γραμμάτων
2634 498 2852 567 ἔλεγχον
2891 493 3238 566 ὑφορώμενος
3282 491 3558 556 τοσοῦτον,
3594 491 3711 544 ὅσοι

2137 591 2434 664 φροντίζων
2457 589 2550 642 τοῦ
2571 587 2646 660 μὴ
2674 591 2754 652 εἰς
2770 586 3014 657 ἀνάγκην
3033 584 3208 638 ἐλθεῖν
3228 585 3548 655 προσειπεῖν
3571 584 3710 653 ἡμᾶς

2133 683 2210 747 ὼς
2236 681 2592 744 ἐπισκόπουςο
2629 679 2768 750 πλὴν
2793 695 2858 747 γε
2878 679 2966 749 δὴ,
3007 677 3089 730 ὅτι
3133 674 3337 747 σφοδρά
3379 671 3450 746 ἦν
3501 674 3572 728 τά
3620 676 3689 746 ρή

2138 793 2304 850 ματα,
2337 776 2431 830 καὶ
2453 774 2562 830 ἀπὸ
2591 773 2816 843 καρδίας
2845 768 3307 841 έκθερμανθείσης
3343 766 3712 836 ἐξενεχθέντα.

2149 871 2274 926 Ἐπὶ
2304 867 2519 931 τούτοις
2563 865 2884 936 διελύθημεν
2933 861 3400 934 κατησχυμμένοι,
3445 860 3541 913 καὶ
3572 875 3719 927 συμ-

2135 959 2486 1023 πεπτωκότες
2523 961 2590 1029 τῇ
2623 954 2839 1026 γνώμη,
2869 955 2971 1007 οὐκ
3011 952 3224 1023 ἔχοντες
3269 951 3299 1004 ὅ
3328 967 3380 1004 τι
3418 952 3535 1013 τοῖς
3572 950 3719 1020 ἐρω-

2133 1054 2301 1108 τῶσιν
2346 1049 2813 1122 ἀποκρινούμεθα.
2857 1049 3064 1122 Χρόνος
3115 1045 3173 1098 δὲ
3219 1045 3280 1098 ού
3327 1043 3496 1108 πολὺς
3548 1045 3609 1098 έν
3641 1045 3717 1112 τῷ

2137 1149 2309 1222 μέσῳ,
2336 1149 2432 1202 καὶ
2459 1145 2736 1218 ἀποδημία
2768 1146 2929 1218 μέχρι
2963 1143 3225 1198 Κιλίκωνο
3257 1141 3513 1194 κάκεῖθεν
3545 1141 3715 1194 ἐπάν-

2135 1244 2278 1307 οδος,
2313 1243 2410 1296 καὶ
2448 1240 2752 1313 γράμματα
2797 1237 2978 1302 εὐθὺς.
3011 1237 3379 1307 ἀπαγόρευσιν
3403 1233 3597 1303 ἔχοντα
3615 1233 3718 1304 τῆς

2134 1337 2272 1409 πρὸς
2295 1337 2443 1407 ἡμᾶς
2473 1333 2778 1395 κοινωνίας.

2206 1430 2260 1484 5.
2303 1427 2370 1480 Ἦ
2392 1426 2452 1478 δὲ
2479 1425 2629 1480 αἰτία
2661 1425 2762 1494 τῆς
2792 1420 3166 1494 ἀπορρήξεως,
3199 1419 3281 1472 ὅτι
3331 1415 3714 1487 Ἀπολιναρίῳ,

2135 1521 2322 1592 φησιν,
2349 1517 2764 1587 επεστείλαμεν,
2796 1515 2888 1569 καὶ
2913 1512 3006 1567 τὸν
3042 1508 3524 1582 συμπρεσόύτερον
3555 1505 3740 1578 ἡμῶν

2133 1613 2398 1684 Διόδωρον
2429 1611 2625 1682 ἔχομεν
2647 1607 2960 1662 κοινωνικόν
2990 1605 3128 1674 (77).
3166 1601 3304 1671 Ἐγὼ
3327 1601 3384 1655 δὲ
3429 1598 3714 1684 Ἀπολινάο

2139 1722 2252 1776 ριον
2289 1678 2389 1775 ιὶὲν
2415 1678 2610 1774 ἐκδρδν
2651 1700 2907 1754 οὐδέποτε
2942 1695 3261 1768 ἡγησάμην,
3305 1693 3422 1748 ἀλλ’
3447 1693 3596 1746 ἔστιν
3631 1678 3715 1760 ἐφ’

2065 1776 2106 1831 Β
2134 1793 2216 1858 οἷς
2235 1795 2332 1847 καὶ
2359 1791 2613 1862 αἰδοῦμαι
2652 1790 2744 1843 τὸν
2775 1788 2941 1860 ἀνδρα
2962 1802 2976 1816 °
3009 1787 3070 1840 ού
3115 1786 3224 1858 μὴν
3259 1785 3432 1847 οὕτως
3476 1783 3716 1854 ἐμαυτὸν

2128 1885 2208 1957 τῷ
2252 1884 2526 1956 ἀνθρώπῳ
2570 1881 2802 1953 συνῆψα,
2848 1879 2990 1933 ὥστε
3040 1878 3110 1932 τά
3150 1877 3358 1930 ἐκείνου
3394 1874 3718 1946 ἐγκλήματα

2128 1976 2292 2042 αὐτὸς
2325 1974 2714 2046 ὑποδέχεσθαι·
2745 1974 2880 2026 ὅπου
2925 1987 2988 2040 γε
3020 1970 3128 2041 ἑχω
3151 1969 3275 2022 τινὰ
3303 1969 3398 2022 καὶ
3434 1965 3600 2029 αὐτὸς
3626 1967 3717 2034 έγ-

2129 2069 2316 2123 καλεῖν
2345 2067 2513 2138 αὐτῷ,
2546 2062 2781 2136 ἐντυχών
2810 2080 2918 2118 τισι
2946 2063 3054 2117 τῶν
3100 2061 3494 2131 συνταγμάτων
3522 2054 3715 2112 αὐτοῦ.

2130 2161 2207 2214 Ού
2239 2159 2346 2231 μὴν
2381 2159 2512 2230 περί
2549 2157 2646 2210 τοῦ
2690 2155 3009 2225 Πνεύματος
3050 2150 3146 2205 τοῦ
3192 2149 3346 2218 ἁγίου
3402 2148 3437 2220 ἢ
3481 2147 3717 2217 αἰτήσας

2130 2255 2293 2311 αὑτὸν
2316 2251 2433 2308 οῖδα
2463 2251 2685 2324 βιϐλίον,
2710 2250 2743 2321 ἥ
2771 2247 3071 2304 ἀποσταλὲν
3089 2242 3507 2314 ὑποδεξάμενος.
3553 2238 3719 2293 ’Δλλά

2130 2344 2576 2415 πολυφωνότατον
2626 2342 2724 2412 μὲν
2772 2340 2937 2394 αὑτὸν
2977 2336 3160 2391 ἀκούω
3205 2333 3425 2387 πάντων
3468 2344 3717 2400 συγγρα-

2133 2438 2282 2509 φέων
2305 2435 2640 2508 γεγενῆσθαι
2657 2452 2672 2466 ·
2696 2432 2897 2503 ὀλίγοις
2935 2431 2993 2485 δὲ
3028 2428 3364 2499 ὲντετύῃκα
3387 2424 3496 2478 τῶν
3529 2437 3720 2476 συντα-

2133 2527 2358 2600 γμάτων
2398 2524 2512 2597 (78)
2560 2522 2756 2578 αὐτοῦ’
2813 2521 2936 2576 οὐδὲ
2981 2518 3092 2589 γὰρ
3139 2517 3302 2589 σχολή
3353 2515 3443 2586 μοί
3478 2515 3598 2566 ἐστι
3645 2510 3718 2565 τὰ

2131 2621 2357 2674 τοιαῦτα
2384 2615 2784 2689 διερευνᾶσθαι,
2803 2615 2898 2668 καὶ
2917 2611 3033 2684 ἅμα
3047 2609 3312 2680 δυσχερής
3325 2621 3412 2670 τις
3434 2605 3553 2676 εἰμὶ
3577 2603 3719 2675 πρὸς

2129 2713 2231 2785 τὴν
2261 2711 2373 2767 τῶν
2399 2710 2677 2784 νεωτέρων
2699 2706 3034 2780 παραδοχὴν,
3065 2698 3110 2773 ᾧ
3128 2720 3194 2774 γε
3221 2703 3283 2756 τὸ
3314 2703 3476 2772 σῶμα
3501 2699 3628 2753 οὐδὲ
3647 2701 3714 2768 τῇ

2131 2803 2439 2874 ἀναγνώσει
2478 2801 2589 2856 τῶν
2613 2799 2986 2856 θεοπνεύστων
3021 2795 3252 2870 Γραφῶν
3285 2793 3589 2864 φιλοπόνως
3622 2790 3718 2845 καὶ

2133 2896 2256 2950 καθ’
2289 2895 2348 2949 ὃν
2391 2894 2474 2948 δεῖ
2517 2894 2718 2966 τρόπον
2773 2891 3046 2962 συγχωρεῖ
3103 2887 3463 2959 παραμένειν.
3511 2884 3579 2937 Τί
3622 2878 3715 2936 οὖν

2135 2989 2273 3060 πρὸς
2301 2987 2402 3059 ἐμὲ
2427 2985 2605 3053 τοῦτο,
2641 2985 2801 3048 εἴτις
2831 2980 3135 3054 συνέγραψε
3164 2997 3217 3033 τι
3251 2978 3326 3050 μὴ
3365 2977 3604 3049 ἀρέσκον
3638 2973 3713 3045 τῷ

455 3085 604 3153 quod
645 3086 861 3142 cuidam
910 3100 1020 3142 non
1064 3087 1320 3158 placeat?
1365 3084 1688 3156 Quanquam
1731 3092 1786 3140 et
1817 3090 2031 3154 oportet

2139 3081 2307 3146 δεῖνι,
2339 3079 2532 3134 Καίτοι
2570 3079 2619 3131 εί
2647 3076 2728 3130 δεῖ
2765 3075 2922 3130 ἀλλον
2970 3074 3108 3145 ὑπὲρ
3142 3072 3304 3126 ἄλλου
3342 3068 3443 3133 τὰς
3483 3067 3714 3130 εὐθύνας

453 3179 626 3235 alium
658 3193 759 3249 pro
791 3181 900 3235 alio
926 3181 1194 3236 rationem
1236 3177 1488 3242 reddere,
1518 3178 1566 3234 is
1595 3179 1688 3248 qui
1732 3191 1820 3232 me
1866 3189 2030 3230 accu-

454 3276 545 3323 sat
563 3268 632 3324 de
651 3269 990 3340 Apolinario,
1031 3268 1359 3342 respondeat
1385 3268 1548 3324 nobis
1568 3268 1637 3324 de
1655 3267 1787 3322 Ario
1808 3265 2029 3337 proprio

455 3375 560 3416 suo
609 3362 906 3431 magistro,
938 3369 991 3418 et
1035 3362 1105 3418 de
1146 3363 1306 3418 Aetio
1348 3361 1571 3432 proprio
1605 3375 1708 3416 suo
1737 3358 2027 3429 discipulo.

454 3451 568 3507 Nos
605 3460 788 3510 autem
821 3469 998 3526 neque
1020 3453 1349 3524 discipulum
1385 3453 1494 3506 ulla
1530 3453 1587 3508 in
1621 3467 1682 3508 re
1715 3450 2028 3514 habuimus,

454 3561 636 3618 neque
665 3547 987 3618 magistrum
1018 3548 1164 3605 hunc
1193 3547 1491 3612 hominem,
1521 3545 1682 3615 cujus
1715 3544 1946 3600 crimina
1973 3542 2030 3598 in

453 3655 560 3698 nos
588 3648 936 3696 convertunt.
970 3638 1269 3696 Diodorum
1291 3645 1499 3704 autem,
1539 3644 1599 3693 ut
1628 3636 1774 3693 beati
1807 3635 2031 3708 Sylvani

454 3733 765 3798 alumnum,
798 3733 869 3788 ab
900 3732 1058 3788 initio
1087 3730 1471 3802 suscepimus:
1507 3744 1657 3785 nunc
1685 3743 1816 3784 vero
1847 3735 1904 3783 et
1945 3727 2032 3782 di-

452 3823 679 3895 ligimus
725 3831 780 3880 et
821 3824 1240 3894 complectimur
1270 3824 1341 3878 ob
1370 3822 1594 3878 insitam
1639 3821 1718 3876 illi
1760 3821 2030 3877 sermonis

453 3919 718 3986 gratiam,
761 3930 870 3985 qua
913 3916 1071 3970 multi
1113 3930 1182 3970 ex
1222 3915 1290 3972 iis
1331 3914 1426 3986 qui
1477 3913 1632 3968 illum
1672 3911 2028 3980 conveniunt,

452 4009 708 4065 meliores
741 4008 899 4063 ﬁunt.

524 4100 580 4156 4.
609 4098 840 4170 Propter
877 4099 976 4156 has
1023 4100 1257 4166 litteras,
1303 4107 1366 4154 ut
1405 4097 1652 4164 decebat,
1686 4095 1935 4162 allectus,
1976 4105 2032 4151 et

454 4194 524 4249 ad
555 4202 665 4247 tam
697 4192 1128 4263 inexspectatam
1172 4206 1237 4246 ac
1277 4190 1516 4246 subitam
1545 4187 1901 4244 mutationem
1932 4188 2032 4242 ob-

453 4296 801 4356 stupescens,
838 4299 909 4340 ne
951 4283 1289 4354 respondere
1320 4279 1541 4352 quidem
1573 4279 1747 4350 potui.
1780 4278 2032 4334 Constri-

449 4388 605 4435 ctum
631 4377 779 4434 enim
811 4385 929 4432 erat
969 4374 1106 4430 mihi
1147 4389 1266 4441 cor,
1307 4373 1550 4430 resoluta
1594 4371 1800 4442 lingua,
1832 4384 2030 4426 manus

2139 3172 2382 3244 ὑπέχειν,
2411 3173 2441 3225 ὁ
2471 3171 2595 3242 ὲμοὶ
2636 3166 2886 3238 ἐγκαλῶν
2917 3166 3057 3236 ὑπὲρ
3095 3162 3472 3233 Ἀπολιναρίου
3520 3159 3716 3215 ἀπολο-

2137 3263 2342 3334 γείσθω
2371 3263 2484 3335 (79)
2507 3265 2661 3334 ἡμῖν,
2687 3261 2827 3331 ὑπὲρ
2843 3258 3051 3330 ’Δρείου
3084 3257 3180 3311 τοῦ
3208 3256 3338 3310 ίδίου
3369 3253 3711 3315 διδασκάλου,

2135 3356 2232 3410 καὶ
2259 3356 2400 3428 ὑπὲρ
2437 3355 2643 3408 ’Δετίου
2687 3352 2784 3406 τοῦ
2834 3351 2964 3404 ἰδίου
3001 3348 3167 3403 αὐτοῦ
3220 3346 3482 3419 μαθητοῦ.
3525 3347 3713 3417 Ἡμεῖς

2133 3446 2194 3500 δὲ
2231 3445 2354 3500 οὔτε
2395 3445 2749 3516 ἐδιδάχθημέν
2782 3459 2854 3506 τι,
2887 3441 3010 3495 οὗτε
3043 3439 3493 3512 ἐμαθητεύθημεν
3529 3436 3608 3506 τῷ
3631 3436 3715 3489 ἀν-

2133 3539 2242 3612 δρὶ,
2286 3531 2349 3593 οὗ
2409 3536 2478 3591 τά
2514 3537 2834 3606 ἐγκλήματα
2887 3536 3019 3605 ἡμῖν
3065 3532 3479 3605 περιτρέπουσι.
3519 3528 3713 3582 Διόδω-

2137 3647 2230 3704 ρον
2251 3631 2334 3696 δὲ,
2363 3629 2440 3694 ὼς
2479 3629 2703 3702 θρέμμα
2755 3626 2850 3681 τοῦ
2908 3626 3176 3698 μακαρίου
3227 3621 3538 3688 Σιλουανοῦ,
3572 3621 3633 3674 τὺ
3654 3619 3710 3685 ἐξ

2135 3724 2312 3796 ἀρχῆς
2343 3719 2720 3792 ὑπεδεξάμεθα
2753 3720 2894 3791 (80)·
2925 3718 3019 3773 νῦν
3055 3719 3113 3771 δὲ
3143 3718 3238 3772 καὶ
3269 3716 3577 3787 ἀγαπῶμεν
3620 3716 3712 3768 καὶ

2142 3816 2477 3889 περιέπομεν
2506 3814 2594 3868 διά
2608 3813 2705 3883 τὴν
2723 3810 3030 3884 προσοῦσαν
3050 3808 3202 3880 αὐτῷ
3217 3809 3313 3863 τοῦ
3342 3809 3504 3878 λόγου
3525 3809 3709 3879 χάριν,

2135 3909 2204 3962 δι’
2223 3904 2292 3980 ἦς
2319 3906 2502 3962 πολλοὶ
2523 3906 2633 3960 τῶν
2669 3904 3104 3976 ἐντυγχανόντων
3139 3903 3380 3974 βελτίους·
3413 3903 3680 3970 γίνονται.

2207 4088 2262 4143 4.
2307 4089 2432 4142 Ἔπὶ⁵
2463 4087 2674 4150 τούτοις
2701 4088 2812 4148 τοῖς
2840 4084 3130 4156 γράμμασι
3152 4080 3444 4144 διατεθεὶς,
3467 4079 3544 4144 ὡς
3570 4079 3736 4142 εἰκὸς

2134 4178 2225 4253 ἦν,
2257 4182 2354 4237 καὶ
2388 4179 2683 4248 ἐκπλαγεὶς
2735 4178 2872 4250 πρὸς
2922 4177 3021 4248 τὴν
3072 4174 3212 4228 οὕτω
3257 4173 3571 4243 παράλογον
3621 4171 3715 4226 καὶ

2137 4273 2339 4345 ἀθρόαν
2385 4271 2707 4344 μεταϐολὴν,
2757 4271 2878 4324 οὐδὲ
2932 4265 3392 4337 ἀντιφθέγξασθαι
3421 4262 3711 4335 ἠδυνήθην.

2137 4365 2418 4419 Συνδέδετο
2443 4364 2542 4435 μὲν
2563 4365 2671 4435 γάρ
2693 4381 2783 4434 μοι
2805 4364 2840 4434 ἡ
2862 4361 3076 4433 καρδία,
3102 4360 3325 4428 παρεῖτο
3339 4355 3394 4409 δὲ
3417 4357 3451 4426 ὴ
3473 4355 3712 4425 γλῶσσα,

451 4469 730 4540 torpebat,
762 4475 928 4537 atque
959 4465 1015 4520 in
1053 4464 1221 4520 animi
1263 4479 1374 4518 non
1418 4461 1576 4518 fortis
1624 4461 1815 4516 vitium
1865 4460 2030 4516 incidi

2139 4457 2460 4529 νεναρκήκει
2509 4453 2567 4507 δὲ
2633 4455 2667 4525 ἡ
2719 4450 2866 4524 χείρ·
2909 4450 3004 4504 καὶ
3059 4446 3259 4501 ἔπαθον
3302 4443 3476 4506 πάθος
3541 4442 3714 4512 ψυχῆς

453 4561 694 4632 (dicetur
742 4559 889 4615 enim
935 4557 1083 4630 quod
1130 4571 1322 4612 verum
1361 4561 1470 4621 est,
1511 4554 1609 4610 sed
1655 4561 1839 4609 tamen
1875 4553 2034 4609 venia

452 4651 726 4724 dignum):
763 4665 934 4722 prope
967 4650 1176 4704 factum
1207 4654 1314 4713 est,
1349 4657 1410 4703 ut
1448 4662 1538 4704 me
1565 4646 1784 4720 generis
1807 4645 2032 4700 humani

453 4744 642 4802 odium
676 4752 918 4813 caperet,
966 4756 1070 4797 nec
1113 4741 1208 4796 ulli
1247 4755 1429 4796 mores
1476 4741 1718 4810 suspecti
1758 4739 1889 4795 mihi
1922 4754 2032 4794 non

452 4845 672 4900 essent,
713 4834 1104 4906 crederemque
1145 4849 1257 4889 non
1299 4847 1425 4889 esse
1463 4831 1520 4886 in
1558 4831 1798 4888 hominis
1838 4839 2035 4886 natura

459 4929 744 4985 charitatis
783 4929 1027 4996 bonum;
1071 4927 1168 4984 sed
1211 4941 1409 4984 nomen
1438 4942 1564 4983 esse
1597 4925 1908 4996 speciosum
1946 4924 2034 4980 his

460 5021 548 5090 qui
584 5019 720 5074 illud
764 5019 1126 5089 pronuntiant
1163 5017 1373 5088 aliquid
1415 5016 1646 5071 honoris
1677 5014 1880 5078 ferens,
1921 5029 2033 5069 non

461 5126 639 5167 tamen
686 5125 876 5166 revera
918 5110 1102 5166 inesse.
1136 5107 1376 5164 hominis
1417 5105 1572 5162 cordi
1616 5105 1762 5161 banc
1795 5105 2034 5162 affectio-

463 5219 602 5261 nem.
634 5203 693 5260 Si
716 5205 860 5260 enim
895 5203 991 5274 qui
1019 5202 1308 5259 videbatur
1336 5217 1366 5255 a
1397 5215 1570 5272 puero
1595 5199 1663 5254 ad
1694 5199 1861 5270 379
1886 5213 2038 5254 sum-

524 5338 641 5408 (77)
677 5338 1059 5408 Κοινωνικόν.
1091 5335 1284 5408 lta_sex
1311 5351 1447 5392 mss.
1479 5334 1620 5408 Editi
1651 5335 1924 5408 xotvmv6v_.

528 5405 643 5478 (78)
677 5405 1249 5478 Συνταγμάτωνὲιια
1270 5415 1396 5478 tres
1421 5405 1782 5478 vetustissimi
1813 5405 2035 5478 co_dices

456 5474 583 5533 cum
625 5474 1085 5548 pluribus-aliis.
1136 5476 1281 5548 Editi
1330 5475 1810 5548 συγγραμμάτων.
1863 5474 2036 5548 Paulo

533 5557 584 5604 st
634 5544 764 5618 editi
797 5549 856 5602 ὃν
890 5564 955 5617 γε
998 5547 1060 5601 τὸ
1109 5547 1288 5618 σῶμα.
1330 5544 1820 5618 υιετίῇυ-εςροὶεΙ-.,
1866 5544 2033 5608 Med.,

489 5617 614 5672 lari.
643 5628 696 5674 ct
724 5616 858 5688 Reg.
894 5614 1106 5688 primus
1137 5614 1204 5671 ut
1235 5616 1291 5688 in
1325 5614 1502 5688 textu.
1532 5614 1715 5670 Editio
1746 5614 1954 5686 liagan.
1981 5624 2036 5673 et

463 5687 790 5743 Ilasilcensis
812 5686 990 5757 prima
1017 5687 1093 5750 ὣς
1120 5686 1267 5757 γετὸ
1294 5686 1470 5757 σῶμα.

534 5758 643 5829 (79)
687 5755 1140 5828 Ἀποζῖογείσθωζ
1174 5755 1322 5814 Harl.
1368 5755 1420 5813 ct
1457 5756 1624 5816 Coisl.
1659 5756 1867 5827 primus
1903 5757 2033 5812 ἀπο-

2139 4547 2398 4618 ἀγεννοῦς
2432 4547 2731 4618 (εἰρήσεται
2772 4544 2881 4614 γὰρ
2914 4540 3166 4611 τάληθὲς,
3225 4536 3364 4608 πλὴν
3412 4534 3555 4589 ἀλλά
3586 4550 3713 4602 συγ-

2137 4639 2364 4710 γνώμης
2427 4636 2620 4706 ἄξιον)·
2683 4633 2880 4706 μικροῦ
2925 4633 3022 4686 καὶ
3060 4632 3141 4696 είς
3181 4627 3600 4702 μισανθρωπίαν
3631 4624 3717 4690 ἐξ·

2142 4734 2363 4795 έπεσον,
2390 4731 2486 4784 καὶ
2515 4730 2625 4782 πᾶν
2661 4745 2750 4799 μοι
2778 4722 2910 4797 ἦθος
2939 4723 3182 4777 ὕποπτον
3204 4718 3490 4791 ἐνομίσθη,
3516 4718 3611 4772 καὶ
3640 4715 3714 4787 μὴ

2137 4823 2276 4880 εἶναι
2304 4826 2365 4878 ὲν
2389 4819 2677 4893 ἀνθρώπου
2703 4817 2861 4888 φύσει
2889 4815 3000 4887 (8i)
3023 4814 3086 4868 τὸ
3119 4813 3219 4883 τῆς
3261 4811 3486 4880 ἀγάπης
3523 4808 3712 4863 καλὸν·

2138 4916 2275 4972 ἀλλά
2323 4915 2476 4987 ῥῆμα
2536 4907 2676 4966 εἶναι
2732 4909 3088 4980 εὐπρόσωπον
3154 4901 3547 4973 καλλωπισμόν
3595 4916 3712 4952 τινα

2137 5008 2378 5082 παρέχον
2408 5009 2522 5071 τοῖς
2557 5005 2944 5079 κεχρημένοις,
2991 5002 3054 5056 οὐ
3096 5000 3201 5071 μὴν
3230 4997 3558 5068 ἐνυπάρχειν
3595 4994 3714 5048 κατ’

2137 5102 2395 5174 ἀλήθειαν
2422 5099 2622 5171 καρδίᾳ
2658 5095 2946 5168 ἀνθρώπου
2979 5093 3078 5165 τὴν
3124 5091 3366 5146 διάθεσιν
3397 5088 3624 5157 ταύτην.
3653 5084 3714 5138 El

2136 5195 2244 5264 γὰρ
2269 5193 2492 5248 ὁδοκῶν
2540 5193 2607 5245 ἐκ
2645 5187 2836 5252 παιδὸς
2878 5189 2958 5252 εἰς
2999 5187 3178 5258 γῆρας
3219 5183 3354 5255 βαθὺ
3400 5181 3715 5252 ἐπιμέλειαν

2137 5326 2805 5470 Λοῖἒδῗςὲἓξδεξὰμεᾷα.
2835 5389 2919 5470 ita
2937 5404 3082 5470 .mss.
3113 5403 3213 5445 sex
3244 5394 3300 5443 et
3337 5391 3570 5441 vetusta:
3600 5381 3711 5438 edi-

2135 5460 2335 5526 tiones.
2367 5460 2697 5521 Parisiensis
2721 5460 3124 5530 ἀπεδεξάμεθα.

2208 5539 2320 5612 (8|)
2350 5538 2554 5612 φύσει.
2589 5534 2656 5590 1η
2683 5546 2897 5612 natura_
2927 5525 3174 5595 hominis,
3211 5525 3274 5612 _id
3309 5532 3416 5612 est,
3451 5539 3562 5578 non
3581 5533 3711 5612 sses

2137 5587 2463 5667 in‘ho'rnine
2487 5587 2691 5661 ‘vér’a'in’
2746 5611 2802 5658 et
2852 5601 3124 5659 sinceram
3161 5587 3529 5654 'charitatem.
3581 5587 3713 5646 Vide

2137 5696 2305 5754 supra
2333 5689 2489 5738 notas
2521 5676 2576 5733 in
2606 5675 2767 5745 epist.
2805 5672 2914 5768 25a
