3856 6224
180 281 284 340 917

1032 282 1524 346 EPISTOLARUM
1561 287 1848 346 CLASSIS
1890 289 1958 348 ll.
1988 290 2209 349 EPIST.
2243 288 2515 349 CCXLIV.

3335 299 3442 357 918

183 398 379 454 ἐαυτοῦ
431 402 760 473 πεποιῆσθαι
811 404 877 460 ἐκ
925 407 1182 462 τοιούτων
1227 409 1556 482 προφάσεων
1616 409 1787 469 οὕτω

1881 426 2006 467 nam
2044 428 2220 485 usque
2261 418 2542 469 senectam
2576 409 2680 467 sibi
2709 409 2816 483 ipsi
2862 410 3198 484 invigilasse,
3240 414 3442 471 talibus

186 491 385 563 ῥᾳδίως
415 492 746 567 ἐξηγριώθη,
774 497 942 568 μηδὲν
967 498 1076 553 τῶν
1119 501 1404 574 ἡμετέρων
1439 502 1766 572 ὑπολογισά-

187 596 368 654 μενος,
399 585 535 656 μηδὲ
564 585 670 656 τὴν
687 591 744 641 ἐν
769 589 850 660 τῷ
881 592 1206 662 παρελθόντι
1239 595 1434 666 πεῖραν
1461 594 1562 665 τῆς
1592 593 1766 658 οὕτως

185 672 434 738 εὐτελοῦς
458 674 708 748 διαϐολῆς
738 682 1077 753 κυριωτέραν
1110 682 1333 754 θέμενος
1358 701 1372 715 ’
1411 685 1528 739 ἀλλ’
1549 683 1663 740 οἷόν
1680 702 1766 750 τις

185 763 366 830 πῶλος
394 766 723 838 ἀδάμαστος,
752 769 905 826 οὔπω
929 773 1117 846 φέρειν
1146 775 1328 840 καλῶς
1355 778 1449 832 τὸν
1487 778 1764 850 ἀναϐάτην

181 855 589 928 δεδιδαγμένος,
643 861 708 915 ἐκ
767 865 968 934 μικρᾶς
1025 866 1260 937 ὑποψίας
1311 869 1618 940 ἀνεχαίτισε
1669 871 1765 925 καὶ

184 950 514 1004 ἀπεσείσατο
536 989 554 1016 ,
604 953 701 1006 καὶ
744 955 921 1026 χαμαὶ
964 955 1190 1029 έρῤιψεν
1229 953 1312 1024 οἷς
1352 961 1614 1034 πρότερον
1662 963 1764 1015 ἐπ-

183 1041 452 1112 ηγάλλετο
469 1060 483 1074 ·
515 1043 568 1097 τί
599 1046 706 1118 χρὴ
730 1048 860 1119 περὶ
883 1048 990 1104 τῶν
1019 1050 1196 1106 ἀλλων
1218 1053 1486 1120 ὑπονοεῖν,
1516 1053 1654 1124 πρὸς
1671 1054 1765 1120 οὒς

180 1133 309 1188 οὔτε
338 1137 470 1208 ἡμῖν
503 1137 742 1194 τοσαῦτα
785 1139 885 1212 τῆς
914 1142 1097 1211 φιλίας
1137 1143 1286 1197 ἐστὶν
1337 1143 1588 1216 ἐνέχυρα,
1637 1143 1762 1199 οὔτε

182 1225 318 1297 παρ’
351 1228 533 1284 αὑτῶν
586 1230 811 1302 τοιαύτη
871 1232 970 1305 τῆς
1020 1233 1131 1289 τῶν
1178 1235 1397 1306 τρόπων
1449 1237 1764 1308 ἐπιμελείας

182 1317 477 1386 ἐπίδειξις;
528 1321 714 1377 Ταῦτα
743 1326 866 1378 κατ’
919 1325 1158 1396 ἐμαυτὸν
1221 1328 1520 1383 ἀνελίσσων
1579 1331 1639 1383 ἐν
1693 1333 1760 1402 τῇ

180 1407 350 1482 ψυχῇ,
380 1411 476 1464 καὶ
505 1413 744 1485 συνεχῶς
772 1415 1018 1488 στρέφων
1047 1420 1108 1472 ἐν
1136 1420 1203 1490 τῇ
1237 1419 1455 1492 καρδίᾳ,
1484 1419 1684 1492 μᾶλλον
1705 1420 1763 1474 δὲ

181 1502 655 1575 ἀναστρεφόμενος
678 1506 790 1578 (82)
837 1508 928 1561 ὑπ’
975 1509 1157 1563 αὐτῶν
1193 1510 1292 1580 τὴν
1334 1511 1582 1582 καρδίαν,
1620 1510 1763 1565 οὕτω

181 1593 486 1650 δακνόντων
523 1615 591 1669 με
623 1600 720 1652 καὶ
752 1599 1056 1656 νυσσόντων
1087 1601 1175 1655 διά
1197 1602 1295 1673 τῆς
1332 1603 1576 1674 μνήμης,
1609 1603 1763 1657 οὐδὲν

183 1687 415 1754 ἐκείνοις
436 1691 818 1763 ἀπεκρινάμην
845 1695 958 1758 τοῖς
985 1695 1308 1765 γράμμασιν
1325 1711 1337 1724 ν
1364 1696 1462 1766 οὑχ
1492 1695 1762 1768 ὑπεροψίᾳ

183 1781 472 1852 σιωπήσας
499 1781 598 1854 (μὴ
629 1783 784 1838 τοῦτο
814 1785 1023 1858 οίηθῇς,
1060 1786 1258 1857 ἀδελφέ
1277 1805 1289 1818 ·
1322 1788 1384 1840 οὑ
1417 1787 1527 1859 γὰρ
1560 1785 1763 1860 ἀνθρώ-

183 1889 311 1935 ποις
345 1872 792 1946 ἀπολογούμεθα,
827 1876 964 1931 ἀλλὰ
1011 1877 1348 1932 κατενώπιον
1389 1877 1484 1932 τοῦ
1523 1878 1658 1933 Θεοῦ
1705 1881 1763 1932 ἐν

182 1962 408 2034 Χριστῷ
439 1963 752 2036 λαλοῦμεν),
781 1966 989 2038 ἀπορίᾳ
1031 1967 1088 2020 δὲ
1116 1967 1210 2020 καὶ
1239 1967 1519 2039 ἀμηχανίᾳ
1552 1968 1647 2022 καὶ
1685 1967 1764 2039 τῷ

186 2055 269 2126 μὴ
297 2054 440 2125 ἔχειν
467 2056 643 2110 εἰπεῖν
669 2075 723 2111 τι
755 2057 854 2127 τῆς
883 2057 1062 2130 λύπης
1081 2057 1249 2123 ἀξιον.

255 2147 314 2204 5.
337 2149 481 2215 Ἕως
505 2152 564 2206 ἐν
582 2151 792 2215 τούτοις
815 2147 978 2225 ἦμεν,
1008 2153 1402 2208 ἐπικατέλαϐεν
1431 2155 1578 2225 ἡμᾶς
1604 2154 1765 2225 ἕτερα

181 2240 492 2314 γράμματα
525 2243 663 2316 πρὸς
699 2245 932 2310 Δαζίζαν
964 2245 1080 2318 (85)
1117 2245 1241 2300 τινὰ
1282 2246 1643 2318 γεγραμμένα
1670 2245 1765 2316 δῆ-

184 2334 303 2397 θεν,
326 2338 394 2407 τῇ
415 2336 471 2390 δέ
491 2337 720 2408 ἀληθείᾳ
741 2340 906 2393 πᾶσιν
935 2337 1244 2410 ἀνθρώποις
1270 2338 1674 2409 ἐπεσταλμένα,
1691 2336 1767 2400 ὡς

180 2427 340 2499 δηλοῖ
389 2428 566 2482 αὐτῶν
603 2432 636 2501 ἡ
679 2429 852 2494 οὑτως
883 2431 1030 2497 ὀξεῖα
1061 2431 1314 2498 διάδοσις,
1343 2432 1419 2496 ὡς
1462 2432 1521 2486 ἐν
1559 2429 1767 2498 ὀλίγαις

161 2520 425 2592 ,ἡμέραις
458 2522 518 2574 ἐν
542 2522 705 2577 παντὶ
750 2523 848 2595 μὲν
891 2522 969 2594 τῷ
999 2525 1188 2593 Πόντῳ
1228 2522 1650 2594 κατασπαρῆναι
1674 2522 1769 2574 καὶ

181 2611 290 2682 τὴν
331 2612 591 2668 Γαλατίαν
640 2615 982 2687 ἐπιδραμεῖν.
1030 2616 1168 2670 Φασὶ
1219 2616 1278 2669 δέ
1318 2632 1461 2680 τινες
1483 2655 1497 2679 ,
1542 2615 1624 2668 ὅτι
1676 2615 1770 2667 καί

184 2701 449 2767 Βιθυνοὺς
481 2703 842 2769 διεξελθόντες
878 2709 927 2761 οἱ
963 2705 1073 2761 τῶν
1119 2706 1340 2775 ἀγαθῶν
1376 2709 1580 2760 τούτων
1610 2705 1770 2774 ἀγγε-

185 2790 274 2845 λοι
325 2792 519 2864 μέχρις
569 2794 734 2849 αὑτοῦ
785 2795 1027 2865 ἔφθασαν
1077 2796 1493 2867 Ἑλλησπόντου.
1541 2796 1674 2850 Τίνα
1715 2796 1772 2850 δέ

185 2879 260 2953 ἦν
288 2882 358 2936 τὰ
391 2884 511 2938 καθ’
544 2885 702 2956 ήμῶν
745 2887 882 2960 πρὸς
921 2886 1154 2953 Δαζίζαν
1199 2887 1596 2959 ἐπεσταλμένα,
1632 2889 1770 2942 πάν-

184 2989 303 3036 τως
339 2975 435 3044 μὲν
459 2970 624 3040 οἶδας.
652 2977 724 3030 Οὑ
750 2978 860 3048 γὰρ
897 2977 1039 3032 οὕτω
1079 2996 1138 3032 σε
1187 2978 1402 3051 μακρὰν
1434 2980 1532 3050 τῆς
1563 2978 1772 3034 ἑαυτῶν

186 3062 377 3134 φιλίας
408 3063 667 3133 τίθενται,
697 3065 840 3120 ὥστε
871 3084 932 3121 σε
969 3067 1130 3138 μόνον
1155 3067 1454 3139 ἀγέραστον
1483 3067 1582 3138 τῆς
1609 3067 1773 3138 τιμῆς

186 3153 409 3224 ἐκείνης
431 3154 769 3212 καταλιπεῖν.
805 3155 868 3211 Et
902 3156 960 3231 δέ
989 3157 1090 3211 οὑκ
1112 3153 1274 3229 ἦλθεν
1300 3161 1380 3223 είς
1407 3161 1468 3213 σὲ
1495 3160 1564 3215 τά
1590 3159 1769 3232 γράμ-

189 3261 366 3315 ματα,
405 3245 520 3300 ἀλλ’
571 3247 682 3317 ἐγώ
720 3265 804 3302 σοι
840 3248 1156 3304 ἀποστέλλω
1200 3250 1332 3322 (84).
1374 3252 1462 3306 Ἐν
1496 3246 1576 3316 οἷς
1609 3251 1772 3324 eam-

188 3352 311 3400 σεις
342 3339 488 3408 ἡμᾶς
528 3342 1054 3414 κατηγορουμένους,
1081 3344 1230 3398 δόλον
1267 3346 1361 3398 καὶ
1405 3344 1769 3415 ῥᾳδιουργίαν,

189 3429 404 3500 φθοράν
454 3431 809 3504 Ἐκκλησιῶν,
850 3436 946 3490 καὶ
991 3435 1180 3507 ψυχῶν
1226 3437 1535 3503 ἀπώλειαν,
1573 3438 1669 3492 καὶ
1712 3439 1775 3492 τὸ

189 3521 436 3586 πάντων,
469 3523 546 3587 ὡς
577 3525 729 3579 αὐτοὶ
766 3527 1098 3598 νομίζουσιν,
1142 3528 1501 3600 ἀληθέστερον
1527 3529 1662 3600 (85).
1692 3530 1774 3583 ὅτι

190 3613 490 3681 ἐγκάθετον
520 3616 734 3689 ἐκείνην
763 3619 864 3690 τὴν
890 3619 1158 3692 προϐολὴν
1190 3622 1290 3691 τῆς
1321 3621 1558 3684 πίστεως
1589 3625 1776 3692 ἐποιη-

192 3704 433 3775 σάμεθα,
481 3706 542 3760 οὑ
589 3707 970 3773 Νικοπολίταις
1013 3710 1439 3781 διακονούμενοι,
1471 3711 1584 3764 ἀλλ’
1623 3712 1777 3765 αὐτοὶ

192 3793 382 3849 λαϐεῖν
412 3796 644 3869 δολερῶς
684 3799 968 3870 ὁμολογίαν
997 3803 1396 3872 ἐπινοήσαντες.
1431 3801 1647 3856 Τούτων
1677 3804 1776 3872 μὲν

192 3883 294 3942 οὖν
337 3889 527 3960 κριτὴς
564 3891 789 3962 Κύριος.
820 3893 930 3947 Καὶ
974 3893 1082 3965 γὰρ
1120 3895 1205 3958 τίς
1244 3895 1310 3949 ἂν
1341 3895 1550 3964 γένοιτο
1577 3895 1684 3947 τῶν
1719 3895 1776 3947 ἐν

200 3981 400 4052 καρδίᾳ
427 3983 702 4054 λογισμῶν
741 3984 976 4057 ἐναργὴς
1005 3986 1313 4053 ἀπόδειξις;
1352 3988 1558 4040 Ἐκεῖνο
1586 3987 1643 4040 δὲ
1682 3987 1780 4039 αύ-

195 4075 315 4128 τῶν
343 4073 648 4145 ἐθαύμασα,
683 4079 753 4141 εἰ,
773 4077 855 4132 ὃτι
891 4079 989 4149 μὲν
1014 4077 1125 4146 (86)
1160 4078 1237 4149 τῷ
1269 4080 1398 4152 παρ’
1421 4079 1578 4150 ἡμῶν
1603 4079 1780 4133 ἐπιδο-

196 4166 352 4220 θέντι
378 4165 565 4238 βιϐλίῳ
590 4155 932 4240 ὑπέγραψαν,
963 4170 1198 4243 τοσαύτῃ
1233 4171 1526 4244 κέχρηνται
1564 4171 1782 4226 διαστά-

197 4275 312 4320 σει,
341 4256 480 4311 ὥστε
524 4260 618 4312 καὶ
655 4259 785 4314 ὄντα
825 4263 918 4316 καὶ
949 4263 1024 4334 μὴ
1067 4262 1195 4316 ὄντα
1229 4265 1308 4326 είς
1348 4263 1446 4334 τὴν
1475 4262 1583 4316 τῶν
1617 4264 1780 4331 ἐγκα-

195 4349 438 4404 λούντων
464 4351 644 4413 αὐτοῖς
670 4350 1039 4423 πληροφορίαν
1067 4350 1372 4423 συμφύρειν
1394 4369 1406 4382 ’
1434 4352 1516 4404 ὅτι
1540 4351 1596 4405 δέ
1627 4355 1683 4404 ἐν
1713 4356 1779 4423 τῇ

1867 504 1937 560 de
1973 505 2159 561 causis
2207 506 2283 559 ita
2325 503 2484 560 facile
2529 500 2789 560 eﬂ‘eratus
2829 511 2937 570 est,
2989 505 3198 560 nullam
3232 505 3444 562 habens

1867 610 2051 652 rerum
2087 602 2404 652 nostrarum
2437 593 2730 659 rationem,
2760 610 2863 652 nec
2891 596 3150 667 praeteriti
3178 597 3444 669 temporis

1865 685 2260 756 experientiam
2285 684 2564 740 calumnia
2590 684 2728 742 adeo
2769 685 2864 741 vili
2903 687 3171 756 potiorem
3195 687 3438 742 ducens:

1866 776 1963 832 sed
2009 776 2182 833 veluti
2230 774 2452 847 quidam
2505 776 2691 847 pullus
2740 774 3044 833 indomitus
3093 792 3443 834 ascensorem

1864 877 2013 924 recte
2046 867 2191 925 ferre
2220 867 2467 924 nondum
2497 868 2745 935 edoctus,
2779 868 2853 925 ob
2882 869 3136 941 exiguam
3170 870 3445 940 suspicio—

1865 975 1990 1016 nem
2021 960 2411 1026 recalcitravit,
2438 960 2794 1032 excussitque
2819 968 2876 1016 et
2907 960 3058 1016 humi
3088 961 3321 1033 proiecit
3347 975 3445 1016 eos

1864 1051 1932 1107 de
1953 1051 2160 1122 quibus
2181 1059 2342 1107 antea
2367 1050 2726 1123 gloriabatur.
2751 1051 2894 1118 Quid
2914 1051 2984 1107 de
3004 1051 3128 1108 aliis
3161 1052 3447 1123 suspican-

1864 1143 2016 1208 dum,
2065 1144 2395 1214 quibuscum
2443 1159 2622 1216 neque
2669 1144 2833 1200 nobis
2880 1151 2963 1199 tot
3009 1158 3074 1199 ac
3121 1150 3272 1199 tanta
3318 1153 3448 1200 sunt

1865 1235 2120 1291 amicitiae
2148 1237 2398 1307 pignora,
2425 1237 2631 1307 quique
2660 1243 2741 1292 tot
2766 1250 2832 1291 ac
2855 1243 3010 1292 tanta
3041 1251 3150 1292 non
3179 1235 3448 1293 dederunt

1863 1341 2078 1382 morum
2127 1327 2417 1397 probitatis
2454 1326 2805 1399 specimina?
2844 1325 2972 1382 Haec
3012 1341 3228 1383 mecum
3262 1328 3448 1382 animo

1863 1433 1987 1474 cum
2035 1419 2341 1485 volverem,
2387 1433 2454 1474 ac
2499 1417 2878 1475 indesinenter
2923 1417 3096 1474 corde
3126 1433 3446 1483 versarem,

1863 1510 1974 1565 imo
2005 1513 2189 1580 potius
2223 1524 2349 1565 cum
2393 1509 2588 1587 abhis
2627 1523 2728 1565 cor
2768 1524 2954 1565 meum
2993 1516 3328 1574 versaretur,
3366 1508 3449 1564 sic

1863 1601 2241 1658 mordentibus
2270 1616 2357 1657 me
2385 1609 2440 1657 et
2469 1600 2851 1658 recordatione
2881 1599 3279 1672 pungentibus,
3307 1599 3451 1654 nihil

1865 1692 1972 1748 illis
1993 1693 2248 1764 respondi
2278 1693 2509 1760 litteris;
2535 1708 2645 1749 non
2675 1709 2744 1749 ex
2771 1700 3054 1749 contemtu
3075 1693 3246 1750 silens
3271 1691 3364 1764 (ne
3393 1692 3448 1747 id

1863 1787 2102 1854 cogites,
2146 1782 2350 1852 frater;
2400 1799 2510 1839 non
2552 1784 2700 1840 enim
2740 1784 2886 1854 apud
2935 1784 3189 1840 homines
3220 1797 3448 1840 causam

1863 1874 2120 1940 dicimus,
2153 1874 2250 1931 sed
2279 1889 2465 1930 coram
2508 1873 2618 1930 Deo
2662 1875 2720 1929 in
2748 1875 2969 1931 Christo
3001 1875 3320 1945 loquimur),
3351 1873 3450 1930 sed

1864 1967 2214 2022 Imsitatioue
2234 1981 2299 2022 ac
2331 1967 2551 2024 consilii
2581 1967 2762 2038 inopia
2787 1976 2841 2024 et
2865 1966 3012 2038 quod
3042 1967 3182 2022 nihil
3209 1981 3450 2024 mmrore

1865 2058 2090 2130 dignum
2124 2057 2310 2113 dicere
2339 2069 2652 2129 possemus.
3080 2048 3089 2054 ’
3208 2061 3230 2084 ⁸

1935 2148 1989 2203 5.
2023 2148 2084 2202 ln
2116 2148 2203 2204 his
2245 2149 2374 2203 dum
2419 2163 2788 2212 versaremur,
2831 2155 3170 2220 exceperunt
3199 2163 3302 2205 nos
3351 2147 3449 2202 lit-

1866 2246 1996 2295 tera:
2043 2239 2185 2306 aliae,
2236 2239 2304 2294 ad
2351 2237 2586 2294 Dazizan
2635 2239 2926 2310 quemdam
2986 2240 3208 2312 script:
3257 2239 3450 2295 videli-
3494 2262 3508 2272 υ

1867 2337 1972 2397 cet,
2019 2331 2112 2388 sed
2159 2345 2346 2388 revera
2379 2330 2444 2386 ad
2477 2346 2672 2388 omnes
2716 2331 2968 2389 homines
3001 2333 3210 2398 missae,
3260 2341 3320 2386 ut
3353 2329 3450 2386 de-

1867 2423 2040 2477 clarat
2079 2437 2270 2478 earum
2319 2421 2607 2478 celerrima
2645 2422 2984 2489 distributio,
3033 2423 3111 2478 ita
3159 2433 3219 2479 ut
3257 2422 3451 2493 paucis

1867 2515 2062 2571 diebus
2097 2530 2194 2586 per
2223 2530 2440 2570 omnem
2476 2515 2710 2570 Pontum
2755 2515 3223 2588 dispergerentur,
3249 2521 3306 2570 et
3350 2512 3453 2568 Ga-

1869 2605 2052 2660 latiam
2079 2613 2483 2676 percurrerent.
2515 2605 2827 2673 Quinetiam
2851 2607 3102 2662 nonnulli
3134 2606 3329 2662 dicunt
3352 2605 3450 2659 ho.-

1871 2713 1992 2752 rum
2041 2697 2310 2752 bonorum
2362 2698 2587 2753 nuntios
2633 2698 2798 2752 etiam
2863 2707 3148 2769 peragrata
3198 2696 3452 2768 Bithynia

1871 2804 2046 2861 usque
2089 2787 2158 2844 ad
2189 2789 2370 2860 ipsum
2425 2788 2839 2860 Hellespontum
2886 2797 3224 2861 penetrasse.
3255 2787 3453 2856 Qualia

1870 2897 2001 2938 vero
2040 2880 2247 2938 fuerint
2288 2881 2357 2936 ad
2388 2881 2629 2937 Dazizan
2676 2888 2874 2937 contra
2921 2897 3025 2939 nos
3070 2882 3301 2953 scripta,
3341 2896 3455 2938 om-

1871 2973 2002 3028 nino
2046 2972 2266 3044 quidem
2319 2971 2488 3028 nosti.
2533 2971 2654 3026 Non
2705 2971 2852 3026 enim
2899 2981 2952 3026 te
2997 2970 3136 3028 adeo
3184 2971 3344 3042 longe
3386 2970 3458 3024 ab

1875 3063 2112 3119 amicitia
2145 3078 2244 3119 sua
2269 3070 2573 3127 removent,
2608 3070 2668 3117 ut
2697 3063 2874 3119 solum
2907 3071 2961 3119 te
2989 3063 3197 3119 honore
3223 3063 3319 3118 illo
3344 3076 3453 3117 non

1875 3155 2138 3212 donatum
2167 3155 2515 3228 reliquerint.
2546 3154 2704 3223 Quod
2729 3155 2776 3212 si
2799 3155 2995 3211 litterae
3020 3154 3088 3211 ad
3121 3163 3176 3212 te
3199 3169 3312 3211 non
3336 3169 3458 3226 per-

1879 3257 2164 3312 venerunt,
2202 3256 2258 3302 at
2296 3262 2398 3318 ego
2437 3247 2538 3303 tibi
2571 3263 2667 3304 eas
2705 3246 2941 3302 mittam.
2978 3245 3036 3301 In
3067 3247 3155 3304 his
3196 3246 3316 3302 haec
3358 3261 3458 3300 no-

1877 3339 1963 3394 bis
2007 3338 2189 3411 afIingi
2238 3338 2473 3394 crimina
2503 3338 2750 3405 lvidebis,
2800 3337 2986 3393 dolum
3035 3346 3091 3394 et
3142 3338 3454 3410 perfidiam,

1879 3430 2283 3501 corruptionem
2307 3428 2703 3496 Ecclesiarum,
2727 3439 2782 3486 et
2803 3431 3115 3486 animarum
3133 3428 3456 3499 perniciem,

1878 3526 1935 3576 et
1974 3520 2120 3591 quod
2168 3521 2434 3587 omnium,
2476 3528 2537 3576 ut
2585 3520 2691 3592 ipsi
2719 3521 3057 3587 existimant,
3108 3519 3457 3575 verissimum

1879 3618 1984 3676 est,
2032 3613 2177 3682 quod
2218 3629 2287 3668 ex
2319 3612 2536 3669 insidiis
2588 3614 2738 3669 illam
2771 3612 2897 3669 fidei
2938 3611 3229 3668 formulam
3266 3626 3463 3682 propo-

1881 3703 2180 3771 suerimus,
2211 3721 2319 3760 non
2351 3704 2750 3776 Nicopolitanis
2773 3719 2995 3777 operam
3033 3712 3320 3767 navantes,
3362 3702 3459 3758 sed

1883 3796 1987 3866 ipsi
2009 3796 2290 3852 elicienda:
2317 3813 2414 3867 per
2439 3797 2627 3852 dolum
2659 3795 3028 3854 confessionis
3059 3794 3351 3851 consilium
3379 3795 3463 3847 in-

1883 3888 2193 3946 tendentes.
2218 3888 2424 3944 Horum
2447 3890 2668 3961 quidem
2688 3889 2858 3959 judex
2881 3895 2966 3944 est
2987 3886 3276 3943 Dominus.
3300 3885 3464 3952 Quae,-

1885 3997 2010 4037 nam
2052 3981 2199 4040 enim
2246 3997 2370 4037 esse
2413 3982 2592 4052 possit
2634 3981 3036 4053 cogitationum
3080 3979 3268 4036 cordis
3312 3979 3493 4039 clara.

1885 4072 2324 4130 demonstratio?
2370 4071 2485 4128 Hoc
2536 4079 2721 4129 autem
2773 4073 2830 4127 in
2863 4072 2999 4142 ipsis
3043 4085 3166 4126 sum
3207 4071 3464 4133 miratus,

1887 4180 1986 4221 cur
2014 4166 2086 4221 ob
2111 4165 2767 4237 subscriptumlibellum,
2798 4179 2961 4236 quem
2981 4165 3118 4235 ipsis
3139 4163 3475 4225 obtulimus,

1889 4265 2041 4314 tanto
2069 4265 2293 4312 utantur
2321 4257 2626 4314 dissidendi
2653 4249 2860 4321 studio,
2890 4265 2951 4312 ut
2991 4264 3048 4312 et
3078 4271 3201 4326 quae
3227 4262 3380 4316 sunt,
3412 4263 3467 4320 et

1887 4367 2010 4422 quae
2049 4368 2158 4406 non
2188 4359 2336 4417 sunt,
2373 4351 2463 4416 iis,
2506 4367 2536 4404 a
2587 4351 2790 4420 quibus
2838 4355 3194 4413 accusantur,
3240 4346 3466 4402 satisfa-

210 4437 409 4510 Ῥώμῃ
454 4438 727 4509 ἔγγραφος
775 4439 953 4494 αὐτῶν
1003 4440 1261 4511 ὁμολογία
1315 4444 1410 4512 τῆς
1471 4443 1527 4495 ἐν
1577 4441 1782 4511 Νικαίᾳ

1889 4444 2067 4501 cicndi
2097 4459 2287 4505 causa,
2315 4443 2744 4505 commisceam;
2773 4439 2907 4494 illud
2934 4449 3122 4494 autem
3162 4437 3468 4506 non.,cogi.-

200 4534 448 4595 πίστεως
479 4535 791 4598 ἀπόκειται,
830 4533 988 4588 τοῦτο
1039 4536 1139 4588 οὑκ
1190 4533 1490 4588 ἐννοοῦσιν·
1535 4535 1656 4588 οὐδὲ
1703 4535 1784 4588 ὅτι

197 4622 296 4675 διὰ
332 4621 433 4690 τῆς
454 4621 664 4674 ἐαυτῶν
691 4622 875 4694 χειρὸς
919 4622 1196 4676 ἐπέδωκαν
1225 4625 1289 4693 τῇ
1329 4625 1385 4675 ἐν
1412 4623 1638 4686 Τυάνοις
1668 4639 1790 4674 συν-

198 4713 316 4782 όδῳ
339 4713 402 4765 τὸ
430 4712 536 4766 ἀπὸ
569 4712 785 4784 Ῥώμης
814 4712 1038 4783 βιϐλίον,
1065 4713 1093 4766 ὃ
1125 4713 1254 4785 παρ’
1284 4715 1415 4784 ἡμῖν
1444 4713 1785 4773 κατάκειται,

201 4806 313 4875 τὴν
341 4803 510 4874 αὑτὴν
532 4803 734 4874 ταύτην
764 4803 946 4858 πίστιν
976 4803 1116 4875 ἔχον.
1148 4805 1260 4858 Καὶ
1290 4804 1389 4874 τῆς
1417 4803 1550 4868 ἰδίας
1581 4803 1787 4858 ἐαυτῶν

202 4895 551 4966 δημηγορίας
584 4894 926 4960 ἐπελάθοντο,
972 4897 1052 4967 ἢν.
1079 4897 1156 4960 είς
1198 4896 1260 4949 τὸ
1296 4897 1457 4966 μέσον
1487 4897 1788 4950 καταστάν-

290 5089 405 5158 (82)
460 5091 1018 5160 ‘Araatpegpdysroc.
1055 5090 1134 5144 Ita
1165 5099 1278 5147 tres
1312 5095 1666 5150 vetustissimi
1699 5112 1790 5151 co-

208 5162 370 5216 dices
401 5161 684 5234 cumaliis
729 5159 1152 5234 duchus.h_Editi
1199 5165 1585 5234 στρεφόμενος.
1621 5164 1790 5220 Paulo

209 5241 343 5305 post
370 5230 501 5305 editi
531 5231 906 5305 ἀμυσσόντων,
937 5230 1374 5305 dilacerantibus.
1401 5230 1584 5305 V'Coisl.
1627 5237 1790 5305 primi

207 5299 268 5357 et
298 5299 449 5354 Harl.
486 5299 964 5376 scripturamulto
999 5303 1176 5372 aptior
1209 5309 1264 5358 et
1291 5304 1502 5372 sanior,
1538 5299 1702 5376 quam
1733 5306 1788 5361 in

209 5379 537 5427 contextum
572 5370 926 5427 adscivimus.

288 5439 408 5515 (85)
441 5439 698 5515 Δᾳζῖζαν.
721 5441 795 5515 ΔΙιι
821 5441 1054 5513 epistola
1086 5441 1153 5515 ad
1191 5441 1523 5515 Olympium,
1555 5459 1682 5515 qua:
1707 5456 1791 5501 cst

214 5512 345 5573 151,
394 5511 593 5581 legitur
635 5511 888 5576 Δαζίναν,
939 5513 1184 5581 exceptis
1223 5511 1505 5569 codicibus
1551 5511 1694 5570 Med.
1735 5524 1791 5572 et

211 5582 344 5654 γει.
368 5580 463 5654 qui
485 5580 687 5636 habent
713 5581 955 5654 Δεξίναν,
982 5589 1041 5654 et
1067 5580 1375 5650 Harlazano,
1403 5584 1495 5654 qui
1520 5585 1602 5640 sic
1625 5586 1789 5640 etiam

211 5649 415 5722 habuit
441 5655 613 5721 prima
644 5667 828 5706 manu.
854 5649 997 5722 jJtra
1031 5653 1193 5709 lectio
1216 5649 1393 5722 potior
1419 5649 1666 5709 habenda
1697 5655 1788 5717 sit,

217 5738 335 5778 non
366 5719 524 5778 facile
555 5731 811 5778 statuam.
847 5719 952 5779 Sed
983 5731 1163 5782 tamen
1193 5719 1318 5797 quia
1352 5737 1539 5782 omnes
1570 5724 1790 5784 codices

1891 4543 2029 4598 tcnt,
2061 4550 2216 4590 suam
2258 4533 2380 4590 ﬁdei
2411 4533 2643 4588 Nicaeum
2672 4531 3078 4586 confessionem
3109 4528 3310 4588 Romae
3325 4527 3470 4581 seri--

1890 4635 2035 4696 ptam
2069 4625 2299 4688 servari,
2334 4640 2502 4695 seque
2525 4623 2745 4694 propria
2771 4638 2936 4676 manu
2963 4620 3231 4676 obtulisse
3257 4617 3470 4690 synodo

1892 4715 2166 4787 Tyaneusi
2213 4717 2440 4784 allatum
2489 4714 2660 4768 Roma
2710 4713 2978 4777 libellum,
3025 4711 3314 4782 qui..-apud
3368 4727 3469 4765 nos

1891 4815 2162 4868 servatur,
2193 4805 2437 4860 eamdem
2462 4803 2620 4860 fidem
2650 4803 2962 4860 continens.
2993 4801 3137 4870 Quin
3164 4811 3219 4856 et
3248 4801 3470 4858 concio-

1892 4897 1976 4952 nis
2019 4903 2149 4951 tunc
2193 4912 2222 4950 a
2270 4912 2331 4952 se
2359 4896 2557 4950 habitae
2581 4895 2742 4952 obliti
2772 4901 2924 4952 sunt.
2960 4909 3085 4949 cum
3131 4893 3468 4955 inmedium

1893 5094 1948 5148 in
1977 5094 2082 5146 hac
2107 5093 2340 5162 cpistola
2373 5091 2749 5162 consentiunt,
2794 5091 2977 5162 etiam
3203 5089 3267 5162 in
3291 5087 3472 5162 priore

1894 5156 2166 5219 habebani.
2210 5162 2454 5230 Δεξίναν,
2503 5161 2687 5215 malim
2738 5160 2888 5214 hunc
2921 5156 3201 5214 hominem
3234 5156 3470 5210 Dazizan

1890 5248 2025 5288 V003
2034 5250 2110 5288 re.

1964 5305 2076 5370 (84)
2122 5302 2513 5372 Ἀποστέλλω.
2557 5299 2688 5372 Reg.
2740 5298 3014 5368 secundus
3058 5305 3112 5355 et
3159 5297 3328 5353 Coisl.
3383 5312 3472 5352 sc-

1892 5373 2107 5429 cundus
2153 5371 2457 5427 ἀποστελῶ.

1964 5442 2550 5513 (85)Ἀληθέστερον.
2576 5439 2742 5507 Med.,
2772 5439 2939 5497 Coisl.
2973 5437 3252 5496 secundus
3279 5445 3333 5492 et
3364 5435 3473 5494 Re-

1893 5511 2015 5586 gius
2043 5511 2320 5586 secundus
2347 5511 2732 5586 ἀληθέστατον.

1967 5583 2211 5654 (86)ΑΕὶ,
2252 5581 2342 5635 ὅτι
2387 5578 2522 5651 μέν.
2581 5583 2658 5636 Ita
2681 5589 2795 5654 tres
2836 5579 3197 5654 vetustissimi
3251 5578 3474 5654 codices

1895 5649 2020 5708 cuin
2062 5649 2283 5707 'duolms
2340 5649 2484 5714 aliis,
2551 5659 2604 5706 et
2659 5652 2928 5707 editiones
2997 5649 3372 5720 llaganocnsis
3417 5659 3473 5706 et

1896 5726 2070 5790 prima
2095 5723 2446 5780 Basilccnsis.
2479 5721 2692 5780 [labent
2721 5724 2837 5780 alite
2870 5725 2938 5780 εξ.
2971 5723 3058 5777 ὅτε
3095 5721 3214 5780 μέν.
