3856 6224
444 319 554 376 919

449 528 522 582 ab
549 524 777 581 Eudoxii
809 523 1049 580 factione
1069 524 1384 595 composito
1413 530 1848 589 consenserant;
1883 520 2030 577 unde

446 628 503 673 ct
528 620 673 673 hanc
702 619 1034 672 invenerunt
1053 618 1224 673 errati
1255 617 1403 674 illius
1429 617 1701 690 purgandi
1732 615 2029 681 rationem,

449 723 511 766 ut
536 711 764 767 Romam
792 710 1050 782 profecti,
1080 711 1206 766 inde
1238 710 1398 765 fidem
1428 710 1654 767 Patrum
1691 708 2029 781 acciperent,

372 811 379 817 '
448 805 525 859 ita
571 814 633 860 ιιι
678 806 831 876 quod
864 804 1031 875 380
1066 803 1329 859 Ecclesiis
1370 803 1681 860 detrimenti
1727 803 2033 858 intulerant

449 900 597 952 malo
635 896 1015 967 approbando,
1040 895 1096 950 id
1139 896 1370 953 meliore
1406 894 1812 951 introducendo
1839 908 2033 950 emen-

449 989 668 1044 darent.
723 988 793 1042 At
839 988 933 1059 qui
978 988 1179 1042 itinera
1225 987 1551 1058 longissima
1584 1002 1686 1057 pro
1725 986 1832 1042 fide
1865 985 2035 1041 susti-

450 1088 717 1145 nuerunt,
751 1088 807 1135 et
834 1080 1139 1150 sapientem
1169 1077 1316 1133 illam
1341 1079 1667 1134 concionem
1697 1078 2030 1141 habuerunt,

450 1186 605 1227 nunc
634 1170 797 1227 nobis
845 1170 1248 1232 conviciantur,
1293 1177 1350 1223 ut
1394 1168 1586 1225 dolose
1623 1167 2033 1223 ambulantibus

452 1272 509 1321 et
530 1263 637 1318 sub
664 1261 979 1318 dilectionis
1008 1261 1190 1331 specie
1218 1275 1282 1315 ea
1316 1276 1438 1332 qua:
1462 1259 1850 1315 insidiatorum
1876 1265 2030 1323 sunt,

451 1354 805 1429 facientibus.
843 1352 1000 1407 Patet
1039 1360 1220 1409 autem
1275 1354 1441 1409 etiam
1487 1368 1554 1407 ex
1602 1353 1693 1417 iis,
1726 1367 1850 1423 qua:
1884 1367 2033 1407 nunc

451 1446 937 1514 circumferuntur,
983 1447 1406 1503 condemnatam
1447 1446 1518 1501 ab
1563 1445 1674 1502 illis
1714 1460 1838 1502 esse
1869 1445 2031 1500 ﬁdem

444 1536 752 1594 Nicenam.
774 1532 1047 1592 Viderunt
1073 1537 1221 1593 enim
1242 1535 1529 1610 Cyzicum,
1560 1545 1616 1592 et
1644 1551 1770 1591 cum
1798 1535 1906 1592 alia
1928 1534 2033 1591 fide

449 1631 660 1686 reversi
688 1638 836 1686 sunt.

524 1821 577 1877 6.
621 1820 731 1876 Sed
765 1821 898 1892 quid
934 1822 989 1877 in
1024 1822 1207 1878 verbis
1252 1822 1678 1879 inconstantiam
1708 1822 1855 1888 dico,
1903 1839 2028 1879 cum

448 1915 626 1967 multo
650 1914 860 1983 majora
888 1930 956 1969 ex
984 1914 1121 1985 ipsis
1147 1915 1313 1970 rebus
1341 1915 1513 1987 gestis
1545 1914 1775 1970 habeam
1812 1915 2030 1970 illorum

446 2007 507 2061 in
539 2007 820 2062 contraria
846 2007 1169 2063 mutationis
1195 2006 1555 2078 argumenta?
1573 2006 1678 2073 Qui
1701 2007 1847 2063 enim
1869 2007 2032 2078 quin-

447 2111 737 2169 gentorum
763 2102 1150 2171 episcoporum
1185 2101 1469 2156 sententia:
1502 2107 1696 2156 contra
1730 2100 1882 2172 ipsos
1910 2101 2035 2156 lata:

446 2207 562 2247 non
601 2201 913 2261 cesserunt,
941 2209 1121 2265 neque
1165 2210 1196 2250 a
1235 2194 1627 2267 gubernaculis
1658 2195 2033 2251 Ecclesiarum

449 2284 739 2342 discedere
780 2287 1098 2351 voluerunt,
1139 2288 1395 2359 quamvis
1446 2294 1530 2341 tot
1564 2288 1808 2358 episcopi
1838 2288 1894 2342 in
1937 2302 2035 2343 eo-

447 2393 573 2432 rum
611 2377 978 2450 depositionis
1003 2378 1277 2442 sententia
1316 2378 1755 2449 conspirassent,
1780 2386 2034 2449 propter-

446 2488 536 2535 ea,
563 2471 921 2542 inquit,quod
945 2470 1186 2543 Spiritus
1211 2472 1385 2527 sancti
1413 2471 1713 2543 participes
1724 2485 1834 2525 non
1852 2477 2030 2530 erant.

447 2577 553 2617 nec
585 2561 682 2618 Dei
713 2564 890 2633 gratia
921 2562 1197 2619 Ecclesias
1228 2563 1628 2633 gubernabant,
1660 2562 1756 2619 sed
1796 2565 2033 2617 humana

447 2656 695 2726 potentia
718 2670 782 2710 ac
807 2654 991 2712 inanis
1025 2655 1214 2725 gloria:
1234 2656 1537 2726 cupiditate
1562 2656 1907 2727 principatus
1939 2670 2030 2708 ra-

446 2754 686 2818 puerant
713 2764 725 2800 :
753 2747 808 2801 hi
843 2761 994 2802 nunc
1018 2762 1116 2803 eos
1151 2748 1243 2817 qui
1276 2748 1344 2802 ab
1375 2747 1486 2803 illis
1514 2748 1758 2803 ordinati
1789 2754 1939 2811 sunt,
1973 2753 2035 2800 ut

447 2837 743 2909 episcopos
775 2839 1109 2909 suscipiunt.
1143 2838 1296 2906 Quos
1325 2854 1448 2895 meo
1484 2839 1704 2895 nomine
1746 2854 1910 2910 roges
1941 2855 2033 2894 ve-

447 2928 579 2991 lim,
624 2929 843 2985 etiamsi
891 2929 1143 2987 homines
1195 2946 1392 2988 omnes
1432 2939 1822 2996 contemnant,
1874 2931 2034 3003 quasi

444 3033 631 3089 neque
675 3019 867 3075 oculos
920 3020 1178 3087 habeant,
1233 3036 1411 3089 neque
1465 3036 1650 3087 aures,
1703 3038 1882 3094 neque
1937 3036 2035 3077 cor

448 3125 618 3167 sensu
650 3111 965 3182 praeditum,
998 3121 1058 3168 ut
1099 3114 1412 3184 intelligere
1439 3114 1657 3185 possint
1686 3129 1879 3170 eorum
1911 3130 2033 3185 quae
2057 3123 2101 3180 c

446 3202 590 3257 fiunt
648 3205 1108 3276 repugnantiam;
1164 3222 1348 3277 roges,
1414 3207 1662 3277 inquam,
1726 3207 1923 3263 saltem
1973 3208 2031 3263 in

448 3295 618 3351 corde
665 3310 768 3350 suo
806 3296 1074 3366 quidnam
1113 3299 1351 3356 habeant
1393 3299 1717 3354 sententiae?
1746 3300 2033 3367 Quomodo

372 3442 379 3449 ,
449 3387 616 3444 ambo
636 3398 873 3459 possunt
903 3404 1029 3446 esse
1059 3391 1326 3464 episcopi,
1361 3400 1415 3447 et
1444 3392 1540 3461 qui
1568 3393 1639 3447 ab
1670 3390 1904 3463 Evippio
1936 3393 2034 3449 de-

447 3481 692 3552 positus,
727 3488 783 3537 et
806 3482 903 3553 qui
935 3484 1003 3539 ab
1050 3499 1117 3540 eo
1145 3484 1480 3540 ordinatus?
1516 3500 1642 3539 nam
1673 3501 1765 3542 res
1800 3493 2035 3558 utraque

446 3581 535 3629 est
567 3588 767 3631 manus
796 3574 1045 3645 ejusdem
1087 3592 1248 3647 opus.
1281 3577 1389 3644 Qui
1421 3577 1531 3633 nisi
1567 3576 1755 3632 datum
1784 3576 2034 3634 Ieremia:

445 3664 654 3721 donum
687 3665 974 3723 habuisset
1005 3669 1261 3724 diruendi
1310 3684 1374 3723 ac
1416 3668 1808 3734 remdiflcandi,
1848 3670 2032 3726 eradi-

446 3758 615 3813 candi
638 3773 703 3814 ac
732 3759 1021 3830 plantandi
1042 3759 1111 3825 ",
1135 3763 1328 3832 utique
1358 3776 1470 3817 non
1494 3763 1641 3816 hunc
1669 3760 2029 3827 eradicasset,

446 3866 631 3923 neque
659 3853 814 3907 illum
835 3853 1162 3923 plantasset.
1191 3852 1351 3920 Quod
1377 3856 1425 3910 si
1453 3854 1685 3909 alterum
1712 3855 1761 3909 ei
1790 3854 2029 3918 dederis.

448 3943 686 3998 alterum
718 3943 884 3998 etiam
916 3944 967 3999 ei
1011 3943 1323 4008 concedes.
1359 3941 1469 3999 Sed
1505 3943 1640 4010 illis,
1688 3952 1751 4000 ut
1792 3944 2028 4010 videtur,

518 4101 566 4135 “
604 4100 807 4158 Jerem.
848 4116 904 4167 ι,
942 4102 1033 4175 l0.

523 4260 634 4331 (87)
706 4260 1089 4329 Ἀποδείξεις.
1135 4256 1212 4316 Ita
1260 4277 1394 4318 mss.
1449 4275 1565 4319 sex.
1626 4256 1771 4319 Editi
1813 4257 2031 4318 ὑποδεί-

448 4332 636 4474 ξω(ῗῶ
676 4401 846 4456 Θεοῦ.
905 4400 1069 4474 Deest
1119 4415 1339 4474 eauvox
1403 4402 1457 4455 in
1501 4401 1691 4474 codice
1747 4405 2028 4461 Medicam.

1782 312 1841 369 S.
1879 308 2127 368 BASILII
2174 308 2390 366 MAGNI
3611 308 3682 360 99.

447 434 783 506 prodeuntes
811 429 1057 487 fraudem
1081 429 1462 502 deplorarunt,
1484 444 1592 502 qua
1615 429 1855 501 decepti,
1879 439 2029 484 torno

2132 443 2224 491 τες
2250 427 2395 490 τότε,
2429 423 2701 496 ὠδύροντο
2735 420 2837 494 μὲν
2867 421 2965 493 τὴν
3005 420 3240 491 ἀπάτην,
3272 419 3339 472 δι’
3368 414 3437 492 ἧς
3467 419 3718 491 ὑπήχθη-

3611 305 3717 362 9Ξο

2132 535 2232 573 σαν
2261 517 2547 572 συνθέσθαι
2594 515 2675 583 τῷ
2723 516 2878 586 τόμῳ
2919 512 2998 585 τῷ
3026 512 3179 585 παρὰ
3219 510 3317 565 τοῦ
3369 513 3719 584 συστήματος

2132 607 2385 674 Εὐδοξίου
2445 606 2899 678 συντεταγμένῳ’
2967 604 3102 658 διότι
3157 601 3364 674 ταύτην
3415 604 3718 675 ἐπενόησαν

2132 699 2229 755 τοῦ
2251 700 2569 770 σφάλματος
2596 699 2807 752 ἐκείνου
2836 695 3152 764 ἀπολογίαν,
3172 693 3254 757 τὸ,
3282 692 3618 758 ἀπελθόντας
3641 698 3720 759 είς

2145 790 2384 863 Ῥώμην,
2434 790 2645 845 ἐκεῖθεν
2691 788 2878 844 λαϐεῖν
2923 787 3022 859 τὴν
3059 786 3170 840 τῶν
3199 785 3462 857 Πατέρων
3497 787 3714 839 πίστιν·

2134 884 2245 947 ἴνα,
2275 884 2344 955 ἢν
2377 882 2643 954 ἐποίησαν
2673 880 2879 952 βλάϐην
2916 882 3040 944 ταῖς
3088 878 3439 950 Ἐκκλησίαις
3479 880 3547 949 τῇ
3582 878 3720 949 πρὸς

2132 975 2197 1030 τὸ
2239 975 2407 1030 κακὸν
2457 974 2726 1046 συνθήκῃ,
2754 970 2958 1043 ταύτην
3002 971 3492 1044 ἐπανορθώσωνται
3522 973 3589 1042 τῇ
3623 972 3722 1023 ἐπ-

2135 1067 2411 1137 εισαγωγῇ
2437 1065 2533 1118 τοῦ
2556 1064 2843 1135 βελτίονος.
2875 1062 3012 1117 Ἀλλ’
3028 1064 3077 1117 οἱ
3090 1062 3190 1127 τὰς
3214 1063 3566 1134 μακροτάτας
3581 1062 3721 1115 ἀπο-

2134 1157 2335 1229 δημίας
2367 1158 2506 1228 ὑπὲρ
2534 1158 2635 1227 τῆς
2673 1156 2912 1220 πίστεως
2952 1154 3304 1217 ὑποστάντες,
3327 1153 3425 1207 καὶ
3463 1153 3533 1207 τὰ
3579 1152 3721 1223 σοφά

2133 1247 2308 1302 ταῦτα
2348 1247 2856 1320 δημηγορήσαντες,
2885 1244 2982 1299 νῦν
3027 1243 3390 1317 λοιδοροῦνται
3429 1245 3601 1316 ἡμᾶς,
3644 1244 3722 1308 ὡς

2133 1337 2320 1402 δολίως
2346 1338 2769 1409 πορευομένους,
2797 1337 2892 1391 καὶ
2915 1338 2975 1392 ἐν
3001 1337 3242 1408 σχήματι
3270 1336 3493 1408 ἀγάπης
3514 1335 3585 1389 τὰ
3606 1336 3721 1391 τῶν

2133 1427 2592 1481 ἐπιϐουλευόντων
2622 1427 2927 1492 ποιοῦντας.
2951 1426 3116 1498 Δηλοί
3140 1426 3196 1479 δὲ
3225 1426 3322 1480 καὶ
3345 1428 3415 1480 τὰ
3443 1426 3542 1480 νῦν
3565 1444 3720 1499 περι-

2135 1519 2409 1589 φερόμενα
2455 1518 2859 1586 κατεγνωκέναι
2904 1517 3101 1584 αὐτοὺς
3137 1518 3236 1589 τῆς
3283 1519 3343 1572 ἐν
3382 1516 3586 1590 Νικαίᾳ
3628 1519 3721 1573 πί-

2137 1625 2324 1673 στεως.
2361 1606 2515 1665 Εἶδον
2548 1610 2659 1682 γὰρ
2688 1609 2945 1676 Κύζικον,
2993 1611 3090 1665 κα).
3141 1612 3257 1682 μετ’
3279 1609 3447 1682 ἄλλης
3480 1610 3721 1675 πίστεως

2140 1699 2459 1771 ἐπανῆλθον.

2065 1781 2112 1844 Β
2206 1790 2260 1846 6.
2295 1790 2400 1845 Καὶ
2429 1791 2483 1844 τί
2513 1790 2576 1845 τὸ
2614 1791 2674 1843 ἐν
2706 1793 2820 1855 τοῖς
2857 1790 3098 1863 ῥήμασιν
3145 1789 3508 1863 εὑμετάθετον
3548 1790 3714 1859 λέγω,

2132 1881 2312 1952 πολλῷ
2347 1882 2601 1953 μείζονας
2639 1882 2699 1949 ἐξ
2744 1882 2925 1937 αὐτῶν
2963 1883 3073 1938 τῶν
3123 1884 3462 1956 πραγμάτων
3496 1883 3601 1953 τῆς
3625 1884 3719 1936 ἐπὶ

2131 1975 2203 2028 τὰ
2246 1974 2465 2029 ἐναντία
2514 1976 2853 2048 περιτροπῆς
2903 1975 3042 2048 ἔχων
3084 1976 3185 2041 τὰς
3232 1974 3533 2040 ἀποδείξεις
3561 1974 3717 2046 (87);

2133 2068 2197 2121 Οἱ
2225 2066 2334 2138 γὰρ
2367 2068 2743 2122 πεντακοσίων
2771 2067 3089 2122 ἐπισκόπων
3122 2067 3355 2138 δόγματι
3385 2068 3509 2120 κατ’
3534 2066 3719 2121 αὐτῶν

2132 2158 2465 2230 ἐξενεχθέντι
2515 2159 2593 2230 μὴ
2645 2159 2915 2224 εἴξαντες,
2968 2159 3103 2231 μηδὲ
3148 2158 3577 2230 καταδεξάμενοι
3620 2159 3720 2231 τῆς

2132 2251 2441 2322 οἰκονομίας
2467 2252 2576 2305 τῶν
2608 2241 2947 2323 Ἐκκλησιῶν
2981 2251 3612 2322 (noctivaer
3639 2253 3721 2315 είς

2131 2343 2230 2415 τὴν
2262 2344 2360 2415 τῆς
2405 2343 2782 2416 καθαιρέσεως
2824 2343 3006 2398 αὐτῶν
3052 2342 3280 2414 γνώμην
3324 2344 3721 2416 συμφωνησάν-

2131 2451 2260 2499 των,
2289 2434 2445 2498 διότι,
2478 2436 2664 2505 φησιν,
2706 2436 2808 2489 οὐκ
2841 2432 2983 2507 ἦσαν
3027 2434 3346 2506 Πνεύματος
3382 2436 3541 2505 άγίου
3595 2436 3723 2507 μέτ·

2133 2543 2268 2596 οχοι,
2298 2525 2422 2579 οὐδὲ
2465 2526 2601 2579 Θεοῦ
2650 2526 2763 2593 (88)
2802 2527 2985 2597 χάριτι
3031 2525 3131 2590 τὰς
3165 2525 3491 2597 Ἐκκλησίας
3512 2528 3721 2581 οἰκονο-

2136 2616 2384 2685 μοῦντες,
2438 2616 2551 2669 ἀλλ’
2597 2615 2910 2687 ἀνθρωπίνῃ
2965 2615 3255 2687 δυναστείᾳ
3300 2615 3398 2668 καὶ
3448 2615 3720 2686 ἐπιθυμίᾳ

2132 2708 2291 2781 δόξης
2321 2707 2486 2779 κενῆς
2517 2710 2613 2773 τὰς
2641 2710 2980 2781 προστασίας
3017 2710 3367 2781 ἁρπάσαντες
3385 2724 3401 2738 ·
3430 2702 3580 2763 οὗτοι
3622 2708 3718 2764 νῦν

2130 2803 2259 2865 τοὺς
2302 2802 2432 2873 παρ’
2471 2800 2695 2855 ἐκείνων
2738 2801 3216 2874 χειροτονηθέντας
3259 2801 3337 2865 ὡς
3383 2800 3718 2865 ἐπισκόπους

2132 2890 2397 2963 δέχονται.
2420 2893 2528 2957 Οὓς
2554 2891 2831 2965 ἐρώτησον
2856 2892 2970 2947 ἀντ’
2996 2892 3153 2964 ἐμοῦ,
3181 2895 3231 2945 εί
3261 2893 3358 2947 καὶ
3379 2892 3491 2946 τῶν
3517 2893 3718 2965 ἀνθρώ-

2133 3003 2255 3039 πων
2304 2987 2524 3040 πάντων
2576 2987 3010 3059 καταφρονοῦσιν
3029 3026 3045 3051 ,
3100 2986 3176 3050 ὡς
3241 2985 3354 3039 οὔτ’
3406 2985 3717 3057 ὀφθαλμοὺς

2134 3077 2386 3147 ἐχόντων,
2431 3077 2546 3132 οὔτ’
2576 3073 2710 3143 ὦτα,
2758 3078 2883 3132 οὔτε
2928 3077 3156 3149 καρδίαν
3201 3077 3546 3149 αἰσθητικὴν,
3594 3078 3717 3131 ὅσον

2137 3167 2267 3238 γοῦν
2297 3168 2555 3223 δύνασθαι
2597 3170 2825 3223 συνιδεῖν
2861 3168 2971 3222 τῶν
3014 3164 3326 3240 γενομένων
3355 3168 3470 3239 (89)
3519 3168 3584 3222 τὺ
3626 3171 3719 3223 ἀν-

2136 3256 2449 3322 ακόλουθον,
2473 3259 2530 3311 ἐν
2553 3261 2619 3329 τῇ
2652 3258 2862 3312 ἑαυτῶν
2878 3259 3076 3331 καρδίᾳ
3090 3260 3214 3314 τίνα
3229 3258 3471 3314 διάνοιαν
3492 3259 3676 3332 ἔχουσι
3699 3276 3714 3325 ;

2135 3347 2262 3412 Πῶς
2301 3345 2552 3403 δύνανται
2589 3349 2684 3402 δύο
2732 3347 2872 3404 εἶναι
2903 3350 3212 3415 ἐπίσκοποι,
3236 3352 3267 3404 ὅ
3302 3368 3365 3405 τε
3397 3351 3719 3425 καθῃρημέ-

2134 3456 2223 3501 νος
2261 3441 2363 3493 ὑπὸ
2401 3440 2672 3495 Εὑιππίου
2701 3441 2835 3509 (90),
2865 3443 2962 3496 κα)¹
2988 3444 3018 3496 ὁ
3049 3443 3179 3513 παρ’
3205 3440 3372 3495 αὐτοῦ
3412 3457 3718 3514 κεχειροτο-

2135 3528 2399 3601 νημένος;
2454 3532 2555 3602 τῆς
2598 3532 2709 3603 γὰρ
2754 3533 2927 3603 αὐτῆς
2974 3532 3155 3604 χειρὸς
3198 3532 3361 3603 ἔργον
3407 3532 3716 3605 ἀμφότερα.

2138 3619 2259 3686 Ὃς,
2303 3625 2351 3676 εἰ
2399 3624 2473 3694 μὴ
2518 3617 2633 3693 εἶχε
2677 3625 2778 3695 τὴν
2821 3623 3113 3695 δεδομένην
3140 3622 3220 3694 τῷ
3253 3623 3497 3695 Ἱερεμίᾳ
3535 3623 3716 3695 χάριν,

2133 3713 2541 3768 κατασκάπτειν
2569 3716 2665 3769 καὶ
2704 3716 3097 3786 ἀνοικοδομεῖν,
3132 3712 3387 3787 ἐκριζοῦν
3423 3715 3519 3769 καὶ
3545 3731 3716 3769 κατα·

2133 3806 2405 3875 φυτεύειν,
2436 3807 2549 3861 οὒτ’
2577 3808 2642 3863 ἂν
2675 3808 2999 3880 ἐξεῤῥίζωσε
3029 3807 3236 3873 τοῦτον,
3270 3807 3384 3861 οὔτ’
3412 3807 3483 3862 ἂν
3512 3804 3719 3862 ἐκεῖνον

2132 3895 2431 3966 ἐφύτευσεν
2465 3899 2598 3971 (91).
2634 3900 2698 3953 Εἰ
2729 3899 2785 3953 δὲ
2814 3901 2874 3954 τὸ
2900 3901 3086 3970 ἓτερον
3117 3898 3267 3970 αὐτῷ
3294 3898 3475 3963 δίδως,
3505 3913 3718 3968 συγχω-

2133 4214 2197 4255 ex
2237 4214 2337 4255 nae
2370 4200 2640 4256 Eustathii
2676 4201 3116 4266 ratiocinatione,
3162 4201 3209 4257 si
3246 4201 3496 4257 Strictius
3530 4217 3717 4259 sume-

2134 4280 2308 4334 retur,
2332 4272 2512 4326 datam
2552 4274 2623 4326 ab
2656 4273 2926 4327 haereticis
2973 4272 3373 4327 ordinationem
3406 4288 3516 4328 non
3552 4274 3716 4329 modo

2134 4357 2245 4395 non
2302 4343 2630 4413 legitimam,
2668 4343 2777 4413 sed
2822 4343 2987 4398 etiam
3037 4343 3332 4413 invalidam
3371 4358 3438 4398 ac
3489 4357 3715 4413 prorsus

2136 4413 2342 4465 nullam
2364 4412 2525 4473 esse,
2551 4428 2614 4466 ac
2660 4412 2923 4482 Spirilum
2951 4421 3226 4482 sanctum
3260 4412 3331 4466 ab
3358 4413 3442 4468 eis
3471 4412 3713 4468 Conferri

445 4470 624 4551 gaulo’
655 4480 783 4542 post
818 4472 1068 4527 nonnulli
1106 4470 1329 4527 codices
1370 4473 1708 4529 recentiores
1749 4477 1871 4527 κατ’
1913 4478 2035 4531 ἐπι·
2067 4473 2111 4529 D
2136 4497 2244 4551 non
2274 4496 2455 4551 posse.
2490 4470 2596 4537 Sed
2626 4483 2673 4538 si
2704 4470 2767 4538 ea
2798 4482 2901 4538 fuit
2928 4481 3196 4537 Eustathii
3238 4484 3537 4547 sententia,
3568 4496 3716 4539 certe

446 4541 672 4613 θυμαν.

519 4602 798 4684 (δίῃ-Τῷν
816 4602 1173 4684 γενομένων.
1210 4604 1290 4665 lta
1329 4617 1443 4669 tres
1489 4614 1852 4670 vetustissimi
1883 4616 2036 4673 codi-

445 4680 563 4737 ces.
590 4680 735 4752 Ediﬁti
767 4682 1092 4752 γινομένων.

445 4784 452 4794 ι
522 4752 635 4821 (90)
662 4751 835 4821 ,Ὑπὸ
856 4751 1183 4806 Εὐιππίου.
1212 4751 1305 4807 Sic
1333 4760 1449 4809 tres
1487 4753 1849 4810 vetustissimi
1881 4758 2034 4810 codi-

444 4820 741 4895 ces._Edit_i
769 4821 923 4895 παρα
942 4823 1236 4895 Εὐ-ιππίου.
1280 4821 1487 4895 Ibidem
1520 4821 1812 4880 Medicaaus
1859 4827 2033 4887 codex

445 4890 1055 4973 ιιιιαλρὰσοιξςιτουέ(Σοίειίζ
1069 4890 1302 4973 uterque
1324 4902 1379 4948 et
1408 4891 1542 4963 Reg.
1571 4896 1848 4973 secundus
1878 4897 2033 4973 παρὰ

444 4954 762 5038 cognosci}.
797 4954 1447 5038 Consen_t_it_llai'lpeanus
1490 4954 1626 5038 cum
1679 4965 1862 5019 editis.
1904 4954 2029 5038 alii:

442 5032 580 5087 editi
615 5031 946 5103 ἀμφότερον.
1003 5031 1260 5103 Quinque
1301 5049 1433 5089 mss.
1489 5042 1550 5088 ut
1602 5034 1658 5088 in
1716 5042 1886 5090 textu.
1936 5035 2028 5091 Sic

441 5099 844 5226 migs'habet'
874 5099 1255 5174 Haganoerfsis
1308 5103 1478 5160 editio
1524 5112 1585 5180 et.
1635 5105 1813 5175 prima
1874 5104 2028 5162 Basi-

465 5187 669 5228 eensrs.

516 5240 631 5313 (9i)
683 5243 1069 5312 Ἐςούτευσεν.
1093 5241 1209 5300 Hoc
1236 5246 1290 5298 in
1320 5245 1444 5300 loco
1483 5252 1538 5300 et
1582 5243 1639 5299 in
1675 5243 1797 5300 aliis
1825 5246 2022 5302 simili-

442 5308 574 5385 bus,
604 5308 802 5385 nempe
833 5314 905 5385 in,
925 5315 1175 5385 epistolis
1212 5314 1320 5385 926
1358 5326 1413 5371 et
1456 5314 1583 5385 251,
1616 5330 1728 5369 non
1767 5332 1870 5370 suo
1920 5333 2020 5371 no-

445 5382 594 5455 mine
624 5382 866 5453 loquitur
890 5382 1151 5455 Basilius,
1179 5384 1277 5439 sed
1324 5386 1506 5455 potius
1537 5384 1828 5449 Eustathii,
1857 5399 2017 5455 quem

442 5451 777 5526 dumetae:
789 5454 973 5526 ipsius
994 5458 1263 5526 sententia
1299 5451 1624 5525 argumento
1658 5459 1713 5510 in
1735 5451 2018 5526 angustias

444 5522 740 5577 concludit.
789 5522 1093 5598 Depositus
1118 5524 1266 5598 enim
1309 5541 1340 5581 a
1368 5522 1693 5598 quingentis
1722 5522 2014 5598 episcopis,

443 5605 635 5645 eorum
672 5595 958 5649 sententiae
980 5611 1093 5650 non
1123 5597 1292 5652 cessit
1321 5616 1335 5651 :
1364 5595 1462 5652 sed
1502 5595 1600 5652 eos
1631 5596 1850 5666 negavit
1896 5595 2013 5666 epi-

445 5676 645 5730 scopos
665 5678 822 5737 esse,
846 5672 1041 5737 utpote
1073 5679 1183 5737 non
1211 5667 1505 5737 participes
1540 5667 1780 5735 Spiritus
1813 5668 2010 5731 sancti,

445 5744 505 5809 ut
539 5747 709 5801 supra
756 5733 986 5806 legimus
1026 5735 1084 5793 in
1121 5733 1229 5792 hac
1250 5737 1369 5808 ipsa
1398 5733 1647 5808 epistola,
1679 5737 2011 5808 Sequeretur

2135 4550 2342 4622 Basilio
2366 4552 2545 4622 aﬂingi
2585 4568 2695 4609 non
2725 4561 2926 4617 potest.
2961 4552 3013 4607 ls
3038 4555 3183 4607 enim
3209 4560 3469 4615 testatur,
3502 4568 3624 4609 can.
3656 4555 3711 4617 l,

2134 4620 2377 4676 lzoinum
2406 4630 2461 4676 et
2500 4620 2865 4678 Saturninum
2899 4638 2967 4678 ex
3000 4622 3402 4677 Encratitarum
3430 4623 3626 4678 haeresi
3657 4624 3712 4677 in

2133 4692 2499 4761 episcopalem
2531 4693 2845 4748 cathedram
2898 4708 2931 4748 a
2964 4709 3025 4749 se
3071 4702 3359 4763 susceptos
3568 4693 3713 4763 Reji—

2132 4764 2208 4834 cit
2236 4763 2288 4834 in
2317 4763 2509 4834 eodem
2540 4778 2750 4834 canone
2776 4763 3106 4833 principium
3136 4762 3391 4834 Cypriani
3417 4772 3479 4834 et
3507 4762 3708 4819 Firmi-

2132 4830 2284 4893 liani,
2334 4832 2428 4902 qui
2474 4832 2605 4886 nulli
2651 4830 2879 4903 prorsus
2918 4830 3197 4889 haeretico'
3218 4830 3311 4887 aut
3353 4833 3711 4888 schismatico

2080 4924 2087 4927 τ
2120 4903 2512 4974 relinquebant
2552 4903 2863 4974 baptizandi
2905 4912 3001 4960 aut
3028 4904 3329 4974 ordinandi
3359 4910 3708 4973 potestatem,

2129 4973 2310 5044 utqui
2345 4989 2449 5044 non
2496 4973 2705 5040 possem
2749 4975 2979 5044 amplius
3013 4973 3261 5044 ιςρίιιὶιιισ⁸
3276 4974 3450 5027 sancti
3475 4974 3707 5043 gratiam

2129 5041 2250 5096 aliis
2281 5042 2530 5116 prwbere,
2562 5060 2595 5097 a
2620 5060 2724 5116 qua
2757 5041 2861 5114 ipsi
2888 5045 3213 5116 exciderant.
3245 5042 3300 5097 In
3329 5041 3559 5116 epistola
3606 5059 3705 5116 au-

2128 5121 2233 5165 tem
2279 5113 2406 5185 240,
2462 5113 2642 5185 cum_'
2671 5113 2956 5170 denuntiat
3005 5113 3399 5185 Nicopolitanis
3454 5126 3527 5166 ne
3583 5113 3706 5181 quis

2124 5183 2513 5256 communione
2581 5182 2874 5240 Frontonis
2919 5182 3359 5256 praeoccupetur,
3413 5198 3584 5256 neve_
3610 5198 3704 5256 ac-

2123 5263 2282 5320 cepta
2333 5254 2403 5326 ab
2451 5267 2548 5326 eo;
2577 5271 2771 5310 manus
2814 5252 3191 5326 impositione,
3251 5263 3442 5324 postea
3489 5252 3703 5326 reddita

2123 5337 2257 5390 pace
2301 5324 2409 5378 vim
2446 5322 2613 5378 iaciat
2639 5333 2698 5378 ut
2727 5326 2782 5379 in
2812 5322 2960 5380 clero
2992 5322 3379 5389 recenseatur;
3412 5337 3539 5377 cum
3576 5323 3701 5382 hoc.

2122 5394 2369 5464 inquam,
2404 5393 2722 5458 denuntiat,
2757 5395 3002 5451 declarat
3034 5395 3124 5449 ille
3159 5394 3377 5464 quidem
3408 5408 3469 5448 se
3497 5393 3599 5446 hac
3645 5392 3699 5464 in

2121 5477 2179 5515 re
2218 5461 2287 5517 de
2328 5479 2602 5519 canonum
2647 5467 2937 5522 severitate
2979 5465 3117 5520 nihil
3160 5461 3559 5526 ferinissurrrnt;
3603 5462 3699 5515 sed

2121 5539 2302 5605 tamen
2345 5550 2456 5588 non
2492 5536 2726 5590 obscure
2773 5535 2974 5591 fatetur
3009 5533 3274 5605 ejusmodi
3322 5534 3699 5605 ordinationes

2118 5601 2326 5729 vallida;
2353 5620 2506 5732 (asc,
2542 5621 2603 5663 ac
2644 5606 2918 5663 interdum
2973 5601 3315 5678 infEcclesia
3344 5603 3498 5675 pacis
3532 5614 3700 5657 causa

2118 5687 2176 5727 ra
2205 5687 2263 5729 as
2330 5689 2362 5731 a
2432 5690 2497 5730 τι.

2117 5681 2263 5729 ratas
2293 5676 2497 5731 haberi.
