3856 6224
199 288 300 344 921

1085 293 1572 352 EPISTOLARUM
1609 293 1891 352 CLASSIS
1920 293 1988 350 ll.
2026 292 2245 350 EPIST.
2285 293 2560 352 CCXLIV.

3367 295 3460 353 92‘}

204 407 394 478 ρήσεις
431 405 580 476 αύτῷ
618 407 711 462 καὶ
749 408 811 462 τὸ
856 408 1062 480 ἕτερον.
1131 414 1270 466 Ἀλλ’
1315 411 1394 478 εἷς
1439 415 1660 478 σκοπὸς,
1715 414 1785 479 ὡς

1895 412 2243 482 propositum
2277 426 2448 464 unum
2483 417 2589 473 est,
2620 424 2779 464 suum
2813 409 3056 480 ipsorum
3087 417 3458 482 compenuturr

201 495 369 558 ἔοικε,
417 495 478 548 τὸ
521 496 730 552 ἑαυτῶν
779 498 967 569 ζητεῖν
1017 502 1313 573 πανταχοῦ,
1356 506 1450 558 καὶ
1495 505 1646 574 φίλον
1689 505 1786 574 μὲν

201 587 456 658 ἡγεῖσθαι
505 588 598 642 τὸν
643 591 763 654 ταῖς
806 590 1125 662 ἐπιθυμίαις
1176 595 1354 648 αὐτῶν
1401 595 1784 668 συνεργοῦντα,

203 680 464 750 πολέμιον
490 679 546 733 δέ
571 681 796 754 κρίνειν,
832 685 927 736 καὶ
955 685 1226 756 μηδεμιᾶς
1270 691 1389 742 κατ’
1411 689 1575 741 αὐτοῦ
1603 687 1784 742 διαϐο-

201 771 304 843 λῆς
332 770 628 841 φείδεσθαι,
667 772 760 827 τὸν
801 777 924 838 ταῖς
971 775 1286 848 ἐπιθυμίαις
1317 777 1497 832 αὐτῶν
1533 779 1786 833 ἀνθιστά-

203 879 388 934 μενον.

278 957 330 1010 ’1.
364 951 486 1010 Οἷαι
510 959 620 1032 γὰρ
647 961 826 1015 αὐτῶν
864 961 956 1015 καὶ
981 963 1036 1016 αἱ
1065 961 1159 1017 νῦν
1173 960 1316 1014 κατά
1345 962 1442 1032 τῆς
1458 960 1784 1032 Ἐκκλησίας

197 1036 538 1119 οίκονομίαι;
565 1052 796 1124 Φρικταὶ
825 1053 925 1124 μὲν
959 1053 1048 1107 διὰ
1086 1053 1184 1126 τὴν
1214 1052 1324 1107 τῶν
1352 1053 1645 1106 ποιούντων
1672 1052 1781 1125 (92)

198 1139 474 1206 εὐκολίαν,
516 1143 746 1198 ἐλεειναὶ
778 1145 835 1198 δὲ
866 1145 954 1199 διὰ
995 1146 1097 1216 τὴν
1139 1145 1247 1199 τῶν
1287 1147 1602 1216 πασχόντων
1627 1147 1781 1199 ἀναι-

201 1231 449 1303 σθησίαν.
489 1234 757 1289 Εύιππίου
796 1236 983 1304 τέκνα,
1033 1237 1127 1290 καὶ
1166 1237 1435 1290 Εύιππίου
1469 1236 1666 1306 ἔκγονα
1695 1235 1782 1290 διὰ

198 1324 497 1394 πρεσϐείας
545 1325 858 1390 ἀξιοπίστου
909 1330 973 1381 ἐκ
1023 1327 1125 1397 τῆς
1162 1327 1460 1399 ὑπερορίας
1510 1327 1780 1398 μετακλη-

197 1412 384 1478 θέντες
425 1418 507 1478 είς
549 1417 646 1488 τὴν
675 1418 1021 1482 Σεϐάστειαν,
1054 1419 1450 1490 ἐπιστεύθησαν
1494 1419 1584 1472 τὸν
1632 1419 1778 1472 λαόν.

195 1503 516 1575 Παρέλαϐον
551 1507 613 1560 τὸ
655 1506 1058 1578 θυσιαστήριον,
1093 1507 1240 1578 ζύμη
1272 1508 1520 1574 ἐγένοντο
1541 1507 1639 1578 τῆς
1670 1508 1783 1560 ἐκεῖ

210 1595 558 1666 Ἐκκλησίας.
604 1597 741 1670 Παρ’
788 1591 864 1652 ὧν
912 1599 1072 1668 ἡμεῖς
1121 1598 1219 1668 μὲν
1267 1598 1343 1662 ὼς
1393 1597 1782 1668 ὁμοουσιασταὶ

193 1686 525 1759 διωκόμεθα.
583 1690 881 1754 Εύστάθιος
931 1690 990 1743 δέ
1040 1691 1070 1743 ὁ
1133 1690 1408 1761 βαστάσας
1444 1691 1554 1760 (95)
1594 1691 1652 1743 ἐν
1703 1688 1782 1760 τῷ

1889 504 2096 573 ubique
2144 518 2415 574 quaerere,
2462 511 2516 556 et
2553 503 2789 555 amicum
2836 502 3054 572 quidem
3088 502 3293 579 ducere
3318 519 3458 559 eum.

1886 595 1980 665 qui
2027 596 2276 666 ipsorum
2321 593 2722 664 cupiditatibus
2765 594 3107 648 obseeundat
3137 614 3150 648 :
3183 595 3456 649 inimicuir

1885 702 2018 741 vero
2043 687 2314 756 judicare,
2349 700 2450 740 nec
2487 685 2584 738 ulli
2625 685 2683 738 in
2727 698 2855 739 eum
2901 685 3190 740 calumniae
3218 701 3459 757 parcere,

1883 776 1982 848 qui
2007 778 2257 848 ipsorum
2286 776 2687 847 cupiditatibus
2716 776 2954 832 obsistit.
3361 781 3386 794 "

1958 953 2010 1007 7.
2049 953 2253 1020 Quales
2297 955 2444 1010 enim
2489 963 2618 1010 sunt
2645 956 2947 1011 etiamnum
2983 959 3227 1028 ipsorum
3272 965 3459 1013 contra

1883 1045 2190 1101 Ecclesiam
2246 1048 2604 1102 oeconomiae?
2644 1047 2946 1106 Horrenda:
2982 1055 3206 1123 quidem
3255 1055 3326 1109 ob
3369 1071 3458 1109 eo-

1884 1151 2028 1199 rum,
2089 1137 2183 1207 qui
2245 1135 2298 1190 id
2357 1136 2588 1203 faciunt,
2642 1139 3082 1205 instabilitatem,
3139 1141 3460 1198 miseranda

1882 1242 2014 1282 vero
2052 1228 2124 1281 ob
2153 1243 2367 1294 eorum,
2404 1229 2496 1297 qui
2533 1229 2836 1298 patiuntur,
2873 1232 3271 1302 stupiditatem.
3305 1231 3459 1301 Erip-

1883 1319 1958 1388 pii
1996 1319 2092 1372 lilii
2136 1327 2190 1372 et
2233 1318 2444 1389 Evippii
2493 1329 2718 1390 nepotes
2761 1337 2859 1391 per
2889 1321 3216 1392 legationem
3254 1324 3354 1377 fide
3381 1324 3458 1377 di-

1883 1424 2044 1480 gnam
2068 1410 2138 1464 ab
2168 1419 2360 1464 extera
2393 1412 2616 1482 regione
2658 1413 2916 1466 accersiti
2954 1422 3084 1468 sunt
3131 1413 3459 1469 Sebastiam.

1881 1499 1981 1556 l-lis
2031 1499 2280 1556 creditus
2326 1509 2412 1556 est
2466 1502 2702 1573 populus
2738 1524 2749 1557 :
2784 1503 2944 1572 potiti
2992 1512 3122 1557 sunt
3172 1505 3455 1571 altaribus,

1882 1591 2004 1660 ejus
2035 1609 2158 1663 quae
2196 1593 2308 1648 illic
2355 1603 2440 1648 est
2469 1592 2730 1648 Ecclesia:
2773 1594 3100 1648 fermentum
3147 1595 3277 1649 facti
3310 1604 3456 1649 sunt.

1885 1681 1952 1736 ﬂ-i
1979 1698 2080 1739 nos
2113 1691 2372 1753 tanquam
2398 1683 2842 1740 homoousiastas
2883 1695 3320 1755 persequuntur;
3352 1685 3458 1739 Eu-

193 1778 376 1850 χάρτῃ
410 1778 520 1831 ἀπὸ
561 1778 778 1850 Ῥώμης
806 1780 966 1852 μέχρι
1003 1780 1228 1835 Τυάνων
1256 1780 1319 1834 τὸ
1345 1780 1649 1852 ὁμοούσιον,
1687 1775 1777 1834 οῦ-

1881 1777 2118 1831 statbius
2149 1787 2351 1840 autem,
2376 1778 2470 1846 qui
2496 1777 2551 1831 in
2580 1778 2772 1830 charta
2797 1779 3264 1832 consubstantialc
3289 1779 3456 1833 [lonia

192 1885 289 1932 τος
314 1870 408 1922 νῦν
430 1870 615 1934 αὐτοῖς
643 1872 1043 1943 ἀνακέκραταιο
1074 1887 1122 1927 ει
1149 1874 1244 1927 καὶ
1269 1874 1350 1928 ὅτι
1375 1873 1778 1946 παραᾶχθῆναι

193 1962 278 2025 είς
301 1961 400 2032 τὴν
427 1963 800 2036 πολυπόθητον
835 1964 1013 2018 αὐτῶν
1044 1967 1325 2021 κοινωνίαν
1361 1967 1461 2020 ούκ
1502 1967 1740 2037 ἠδυνήθη
1761 1983 1774 1998 ο

193 2053 227 2124 ἢ
266 2054 608 2126 φοϐηθέντων
644 2056 705 2108 τὸ
735 2056 939 2127 πλῆθος
966 2058 1074 2111 τῶν
1117 2061 1238 2114 κατ’
1281 2059 1444 2113 αὑτοῦ
1485 2076 1779 2129 συμφωνη-

194 2144 426 2208 σάντων,
451 2145 484 2216 ἧ
515 2144 866 2199 αίδεσθέντων
886 2147 948 2200 τὸ
975 2147 1303 2215 ἀξιόπιστον.
1331 2149 1486 2212 Τίνες
1507 2150 1614 2219 γάρ
1637 2145 1778 2220 ἦσαν

187 2237 242 2289 οἱ
272 2236 694 2307 συνειλεγμένοι,
719 2239 810 2292 καὶ
840 2238 959 2303 πῶς
988 2241 1086 2310 μὲν
1112 2240 1506 2312 χειροτονηθεὶς
1528 2241 1775 2306 ἕκαστος,

187 2331 304 2384 ἀπὸ
350 2331 503 2384 ποίου
548 2331 605 2384 δέ
650 2331 744 2385 τοῦ
796 2331 857 2397 ἐξ
900 2334 1074 2404 ἀρχῆς
1114 2333 1230 2404 βίου
1264 2335 1356 2387 ἐπὶ
1398 2335 1603 2403 ταύτην
1644 2352 1778 2404 παρ-

188 2417 323 2488 ῆλθε
349 2417 460 2489 (94)
489 2420 588 2491 τὴν
618 2419 934 2474 δυναστείαν
955 2421 1071 2484 νῦν,
1101 2421 1214 2490 ἐγὼ
1241 2423 1338 2494 μὲν
1368 2424 1440 2492 μή
1476 2440 1603 2476 ποτε
1633 2422 1776 2476 οὓτω

190 2510 557 2579 σχολάσαιμι,
606 2511 747 2565 ὥστε
802 2511 904 2576 τὰς
955 2513 1178 2568 ἐκείνων
1233 2514 1460 2585 πράξεις
1511 2515 1776 2587 ἐκδιηγεῖ-

189 2601 318 2654 σθαι
353 2601 487 2673 (95).
519 2602 762 2675 Ἔμαθον
814 2605 925 2676 γάρ
983 2605 1419 2678 προσεύχεσθαι,
1461 2609 1651 2674 Ὅπως
1698 2609 1777 2661 ἂν

185 2691 274 2762 μὴ
312 2692 556 2762 λαλήσῃ
601 2695 668 2748 τὸ
704 2697 899 2766 στόμα
921 2715 1041 2766 μου
1087 2698 1161 2751 τὰ
1204 2698 1350 2767 ἔργα
1391 2697 1509 2751 τῶν
1549 2697 1773 2765 ἀνθρώ-

184 2797 350 2835 arma"
388 2784 548 2848 αὐτὸς
573 2785 630 2837 δέ
663 2787 961 2860 ἐρευνήσας
1001 2786 1249 2860 μαθήσῃ’
1281 2787 1382 2841 κάν
1422 2804 1481 2841 σε
1513 2789 1770 2860 διαφύγῃ..

186 2874 284 2927 τὸν
311 2876 504 2946 κριτὴν
533 2876 751 2941 πάντως
783 2877 844 2930 ού
874 2877 1118 2949 λήσεται.

259 3051 315 3106 8.
347 3053 411 3106 Ὃ
440 3053 622 3124 μέντοι
656 3054 901 3108 πέπονθα
930 3055 1120 3120 πάθος,
1152 3057 1212 3110 ού
1245 3059 1651 3129 παραιτήσομαι
1680 3059 1773 3112 καὶ

183 3144 329 3216 πρὸς
370 3145 469 3215 τὴν
507 3145 606 3216 σὴν
654 3148 888 3211 ἐξειπεῖν
920 3149 1162 3219 ἀγάπην,
1197 3149 1278 3201 ὅτι
1332 3149 1580 3221 πέρυσιν,
1614 3149 1746 3203 ἀσθε

184 3241 363 3308 νήσας
395 3239 614 3312 πυρετῷ
648 3240 966 3312 λαϐροτάτῳ
1007 3239 1140 3311 (96),
1172 3241 1266 3294 καὶ
1311 3242 1537 3310 ἐγγίσας
1579 3241 1773 3313 μέχρις

181 3329 372 3383 αὐτῶν
414 3329 526 3382 τῶν
574 3329 757 3382 πυλῶν
795 3329 888 3384 τοῦ
927 3329 1186 3396 θανάτου,
1219 3329 1338 3384 εἶτα
1381 3331 1488 3384 ὑπὸ
1535 3332 1632 3403 τῆς
1675 3331 1770 3384 τοῦ

180 3420 323 3474 θεοῦ
381 3421 787 3492 φιλανθρωπίας
850 3421 1213 3492 ἀνακληθεὶς,
1273 3422 1551 3492 δυσχερῶς
1628 3417 1772 3493 εἶχον

181 3514 328 3585 πρὸς
359 3515 460 3586 τὴν
503 3514 781 3580 ἐπάνοδον,
830 3512 1178 3584 λογιζόμενος
1227 3517 1307 3579 είς
1354 3513 1441 3569 οἷα
1491 3515 1652 3569 πάλιν
1683 3515 1773 3586 ἐρ-

182 3621 354 3674 χομαι
399 3603 576 3658 κακά·
631 3603 726 3656 καὶ
774 3603 894 3656 κατ’
937 3603 1172 3673 ἐμαυτὸν
1220 3603 1508 3666 ἐσκόπουν,
1539 3603 1593 3656 τί
1641 3620 1770 3656 ποτε

183 3698 298 3766 ἄρα
345 3696 462 3749 ἐστὶ
509 3696 572 3748 τὸ
622 3697 681 3750 ἐν
731 3693 809 3766 τῷ
861 3694 1013 3765 βάθει
1041 3695 1142 3766 τῆς
1185 3694 1378 3764 σοφίας
1409 3695 1770 3765 ἀποκείμενον

183 3783 282 3838 τοῦ
319 3785 475 3849 Θεοῦ,
509 3784 578 3838 δι’
605 3785 778 3856 ὃέμοὶ
824 3784 986 3840 πάλιν
1023 3783 1124 3854 τῆς
1170 3785 1228 3837 ἐν
1276 3785 1440 3854 σαρκὶ
1473 3784 1617 3856 ζωῆς
1641 3785 1772 3856 ὴμέ-

182 3892 282 3946 ραι
321 3875 799 3948 συνεχωρήθησαν.
843 3875 1059 3947 Ἐπειδὴ
1107 3876 1164 3929 δὲ
1207 3875 1377 3944 ἔγνων
1412 3876 1604 3939 ταῦτα,
1650 3877 1769 3930 ἐλο-

181 3967 450 4036 γισάμην,
493 3968 574 4020 ὅτι
617 3966 882 4038 ἐϐουλήθη
929 3969 1076 4038 ἡμᾶς
1103 3969 1132 4021 ὁ
1168 3967 1371 4038 Κύριος
1402 3967 1526 4020 ἰδεῖν
1557 3985 1766 4022 παυσα-

184 4059 359 4130 μένας
403 4057 498 4111 τοῦ
546 4057 708 4110 σάλου
765 4058 864 4120 τάς
901 4057 1255 4127 Ἐκκλησίας,
1306 4057 1364 4110 ὃν
1412 4056 1610 4109 ἔπαθον
1664 4057 1769 4128 πρὸ

179 4150 374 4206 τούτου
419 4149 512 4203 ἐπὶ
561 4149 641 4220 τῷ
689 4148 952 4220 χωρισμῷ
1003 4147 1112 4201 τῶν
1162 4148 1250 4201 διὰ
1299 4149 1397 4218 τὴν
1431 4149 1767 4220 περιπεπλα-

179 4241 391 4312 σμένην
423 4239 534 4310 (97)
561 4239 746 4301 αὐτοῖς
780 4239 1081 4310 σεμνότητα
1123 4239 1300 4293 πάντα
1339 4239 1762 4309 πιστευομένων.

181 4331 258 4383 Ἦ
285 4329 380 4382 καὶ
415 4328 556 4398 τάχα
583 4327 816 4381 τονῶσαί
865 4344 966 4398 μου
1009 4328 1110 4398 τὴν
1151 4326 1328 4398 ψυχὴν
1367 4326 1460 4379 καὶ
1488 4344 1764 4398 νηπτικω-

1881 1869 2102 1940 'fyanos
2163 1885 2338 1939 usque
2366 1869 2525 1939 381
2561 1871 2774 1934 attulit,
2837 1886 2982 1924 nunc
3033 1871 3141 1926 illis
3192 1872 3457 1926 admistus

1877 1969 1962 2014 est
1995 1978 2007 2012 :
2042 1976 2355 2029 quanquam
2405 1960 2620 2014 admitti
2663 1961 2719 2014 in
2763 1962 3162 2032 optatissimam
3215 1963 3457 2032 ipsorum

1878 2051 2323 2104 communionem
2380 2064 2493 2104 non
2538 2052 2752 2120 potuit,
2803 2051 2921 2106 sive
2965 2052 3110 2122 quod
3166 2053 3474 2106 metuerint.

1890 2140 2298 2194 multitudinem
2342 2155 2532 2196 eorum
2579 2143 2674 2212 qui
2731 2143 2998 2198 adversus
3030 2145 3180 2197 illum
3224 2159 3457 2200 consen-

1879 2242 2093 2296 serant,
2119 2233 2237 2286 sive
2265 2232 2414 2301 quod
2444 2247 2633 2285 eorum
2665 2233 2884 2288 reveriti
2911 2234 3022 2288 sint
3047 2235 3454 2292 auctoritatem.

1880 2321 2085 2388 Quales
2134 2323 2282 2376 enim
2333 2329 2524 2377 essent
2553 2325 2645 2392 qui
2681 2326 3001 2395 congregati
3043 2335 3194 2390 sunt,
3225 2333 3280 2380 et
3319 2343 3456 2398 quo-

1881 2413 2044 2466 modo
2078 2428 2266 2466 eorum
2303 2414 2539 2482 quisque
2578 2415 2886 2478 ordinatus,
2919 2426 2972 2470 et
3001 2431 3030 2469 a
3062 2417 3211 2486 quali
3245 2419 3353 2472 vita
3386 2420 3456 2474 ab

1880 2502 2037 2558 initio
2067 2503 2232 2558 ducta
2263 2504 2330 2556 ad
2362 2506 2509 2558 hunc
2534 2505 2878 2559 dominatum
2904 2510 3232 2576 pervenerit,
3261 2525 3455 2580 precor

1879 2594 2132 2664 equidem
2167 2611 2449 2665 nunquam
2484 2595 2618 2650 mibi
2652 2605 2863 2650 tantum
2895 2597 2995 2652 otii
3022 2601 3367 2671 contingere,
3397 2610 3454 2656 ut

1881 2697 1969 2740 res
2006 2685 2221 2738 illoru.n
2279 2702 2554 2741 enarrem.
2593 2685 2767 2742 Didici
2809 2689 2954 2742 enim
2997 2693 3232 2759 precari,
3287 2691 3354 2746 Ut
3395 2708 3454 2748 os

1881 2793 2054 2831 meum
2097 2792 2254 2845 opera
2293 2779 2564 2831 hominum
2599 2795 2701 2832 non
2749 2781 3078 2850 loquatur".
3113 2784 3232 2852 Lpse
3274 2795 3453 2839 autem

1877 2866 2012 2931 bace,
2047 2867 2092 2921 si
2137 2877 2422 2924 scrutatus
2471 2869 2665 2936 fueris,
2699 2870 2952 2938 edisces;
2997 2880 3053 2928 et
3095 2876 3141 2930 si
3175 2883 3228 2930 te
3261 2877 3452 2948 effuge-

1877 2959 2008 3023 rint,
2043 2961 2293 3028 profecto
2314 2961 2559 3029 judicent
2591 2977 2700 3014 non
2729 2963 2995 3019 latebunt.
3101 3021 3104 3024 ,

1951 3051 2002 3104 8.
2043 3052 2164 3116 Quo
2197 3059 2380 3106 tamen
2427 3053 2624 3106 fuerim
2672 3055 2875 3118 animo,
2919 3071 3029 3109 non
3079 3057 3349 3126 gravabor
3397 3067 3452 3114 et

1879 3151 1983 3196 tua:
2021 3158 2295 3212 exponere
2324 3144 2606 3199 dilectioni
2639 3164 2652 3200 :
2685 3147 2948 3201 nimirum
2989 3163 3136 3203 anno
3175 3155 3452 3220 praeterito

1877 3249 2002 3287 cum
2065 3243 2420 3304 aegrotassem
2471 3236 2623 3291 febre
2673 3238 3021 3306 gravissima,
3077 3248 3132 3295 et
3179 3240 3247 3294 ad
3306 3241 3453 3311 ipsas

1876 3325 2074 3378 mortis
2116 3334 2306 3394 portas
2339 3327 2898 3398 apprOpinquassem,
2925 3345 2990 3384 ac
3023 3331 3222 3386 deinde
3247 3331 3340 3388 Dei
3367 3332 3452 3388 be-

1875 3419 2144 3486 nignitate
2186 3434 2365 3473 essent
2412 3421 2636 3474 sanitati
2678 3421 2988 3485 restitutus,
3029 3438 3172 3492 aegre
3217 3423 3453 3480 ferebam

1875 3511 2138 3572 reditum,
2172 3521 2437 3578 reputans
2469 3526 2682 3566 mecum
2717 3513 2782 3566 ad
2808 3513 2994 3582 qualia
3022 3515 3257 3570 redirem
3281 3517 3452 3584 mala;

1873 3609 2038 3668 atque
2072 3600 2215 3668 apud
2265 3617 2350 3655 me
2392 3602 2510 3670 ipse
2545 3602 2964 3658 considerabam
3013 3606 3276 3675 quidnam
3324 3615 3450 3662 tan-

1873 3690 1996 3744 dem
2030 3701 2180 3745 esset
2227 3692 2282 3744 in
2329 3695 2604 3760 profundo
2646 3693 2740 3748 Dei
2773 3695 3056 3764 sapientiae
3091 3699 3450 3766 reconditum,

1873 3789 2098 3850 propter
2145 3784 2288 3852 quod
2340 3784 2473 3837 milii
2525 3801 2718 3840 rursus
2761 3787 2880 3841 dies
2935 3787 3003 3842 ad
3057 3789 3347 3844 vivendum
3397 3791 3450 3846 in

1872 3888 2038 3928 carne
2077 3877 2332 3930 concessi
2368 3877 2624 3932 fuissent.
2657 3877 2760 3933 Ubi
2803 3888 2988 3934 autem
3030 3879 3146 3934 haec
3198 3885 3450 3951 cognovi,

1872 3966 2114 4020 voluisse
2139 3966 2432 4021 Dominum
2471 3969 2774 4025 arbitratus
2815 3986 2958 4034 sum,
2990 3980 3050 4025 ut
3086 3973 3322 4028 viderem
3353 3974 3446 4030 Ec-

1871 4057 2068 4111 clesias
2113 4065 2438 4128 tempestate
2485 4059 2769 4122 liberatas,
2802 4076 2968 4130 quam
3013 4073 3170 4116 antea
3214 4066 3435 4133 pertule-

1871 4156 1994 4201 rant
2044 4166 2111 4203 ex
2163 4149 2514 4219 separatione
2545 4166 2758 4215 eorum,
2811 4153 3016 4221 quibus
3064 4155 3248 4208 omnia
3289 4156 3361 4209 ob
3392 4156 3448 4210 ll-

1869 4249 2013 4293 ctam
2055 4256 2245 4295 eorum
2281 4241 2606 4308 gravitatem
2652 4243 3038 4297 credebantur.
3077 4245 3183 4299 Aut
3217 4244 3450 4303 fortasse

1869 4331 2032 4383 e;iam
2067 4332 2331 4386 roborare
2375 4334 2617 4388 animum
2645 4350 2823 4388 meum
2857 4343 2910 4390 et
2948 4337 3142 4390 saltem
3184 4337 3236 4391 in
3270 4347 3455 4408 poste-

179 4421 348 4492 τέραν
379 4420 516 4492 πρός
540 4436 603 4488 γε
629 4419 690 4472 τὸ
722 4417 920 4490 ἐφεξῆς
952 4419 1292 4489 καταστῆσαι
1317 4420 1344 4470 ὀ
1371 4417 1574 4488 Κύριος
1609 4419 1762 4470 ἐϐου-

1881 4435 1987 4473 ἰιιιι
2037 4421 2434 4492 vigilantiorem
2484 4425 2700 4478 edicere
2740 4426 2911 4478 voluit
2944 4425 3234 4491 Dominus,
3285 4437 3343 4483 ut
3385 4445 3453 4483 ne

177 4512 351 4586 λήθη,
391 4513 468 4576 ὼς
515 4512 590 4585 μὴ
640 4512 943 4583 προσέχειν
969 4510 1306 4582 ἀνθρώποις,
1346 4511 1482 4564 ἀλλὰ
1517 4510 1609 4564 διὰ
1653 4511 1760 4564 τῶν

179 4603 551 4673 εύαγγελικῶν
583 4602 810 4656 ἐντολῶν
841 4600 1286 4674 καταρτίζεσθαι,
1320 4601 1374 4656 αἳ
1400 4600 1521 4654 οὔτε
1551 4604 1760 4672 καιροῖς

181 4695 305 4748 οὔτε
344 4694 730 4766 περιστάσεσιν
771 4693 1128 4761 ἀνθρωπίνων
1174 4693 1518 4764 πραγμάτων
1551 4709 1763 4762 συμμε-

183 4786 559 4850 ταϐάλλονται,
585 4787 700 4840 ἀλλ’
733 4787 787 4839 al
833 4786 994 4841 αὐταὶ
1026 4784 1392 4856 διαμένουσιν,
1421 4783 1497 4846 ὡς
1529 4784 1760 4855 προηνέ-

175 4878 389 4949 χθησαν
421 4878 531 4932 ἀπὸ
565 4876 656 4931 τοῦ
710 4877 974 4948 ἀψευδοῦς
1020 4877 1114 4930 καὶ
1163 4875 1432 4948 μακαρίου
1474 4876 1758 4946 στόματος,

175 4967 320 5021 οὕτω
356 4965 768 5031 διαιωνίζουσαι,

246 5086 294 5120 ³⁸
332 5083 478 5140 Psal.
519 5100 644 5151 xvr,
675 5086 731 5142 4.

246 5199 362 5283 (9?)
409 5195 531 5252 Τῶν
575 5200 928 5255 ποιούντων.
985 5199 1062 5255 Ita
1121 5212 1216 5254 sex
1267 5210 1404 5252 mss.
1463 5193 1607 5252 Edtti
1652 5197 1762 5250 τῶν

175 5286 466 5421 τοῖἓίῦὲγὸ
493 5339 840 5421 ,βαστάσαςτ
867 5337 1101 5421 Pro_bi_s
1141 5339 1372 5421 vocibus
1402 5354 1525 5421 quae
1555 5337 1611 5391 in
1652 5353 1760 5421 .sex

171 5406 459 5466 codicibus
493 5427 627 5465 mss.
660 5411 934 5480 leguntur,
982 5409 1186 5465 habent
1227 5410 1358 5465 editi
1388 5406 1755 5480 7256aocelac.

171 5482 294 5547 Quo
321 5481 541 5548 quidem
576 5479 760 5534 errato
798 5496 922 5534 cum
957 5496 1156 5535 sensus
1197 5479 1548 5549 perturbatus
1585 5485 1754 5549 esset,

172 5552 387 5631 librarii
413 5560 537 5621 post
564 5551 848 5622 ὁμοούσιον
871 5548 1474 5620 addiderunt’xOpiaag,
1497 5548 1642 5618 quod
1659 5549 1754 5603 de-

171 5630 939 5775 'f‘i32ils}.1qgﬁ.10e:.Degius
971 5699 1208 5775 uterque
1225 5697 1276 5743 et
1333 5688 1525 5775 Coisls
1555 5703 1752 5775 secun-

177 5763 278 5818 .lus
314 5759 617 5832 παρελθών.
647 5759 848 5818 Ibidem
881 5761 975 5816 νῦν
1027 5759 1338 5817 addidimus
1377 5776 1439 5814 ex
1477 5774 1571 5814 sex
1617 5774 1749 5814 mss.

1868 4513 2186 4570 hominibus
2236 4517 2506 4578 attendat,
2541 4516 2637 4573 sed
2675 4533 2772 4588 per
2816 4523 3136 4590 evangelica
3182 4530 3451 4592 praecepta

1867 4606 2184 4674 perficiatur
2210 4623 2361 4678 :quae
2385 4625 2562 4679 neque
2585 4625 2709 4664 cum
2734 4613 3096 4680 temporibus,
3129 4627 3305 4682 neque
3329 4628 3452 4666 cum

1869 4695 2233 4752 humanarum
2267 4715 2450 4754 rerum
2477 4702 3323 4767 circumstantiisimmutantur,
3355 4704 3450 4760 sed

1867 4788 2060 4842 eadem
2093 4799 2436 4859 permanent,
2474 4803 2586 4848 uta
2619 4795 2802 4850 veraci
2828 4809 2893 4850 ac
2919 4795 3082 4851 beato
3117 4811 3214 4853 ore
3237 4797 3450 4868 prolata

1868 4887 2020 4946 sunt,
2060 4881 2134 4935 ita
2171 4887 2602 4953 perseverantia.

1941 5194 2055 5266 (95l
2107 5194 2561 5268 Ἐκδιηγεῖσθαι.
2610 5195 2689 5268 Ita
2738 5194 3132 5268 llarl.,,Coisl.
3187 5206 3445 5268 uterque,

1869 5264 2002 5336 Reg.
2034 5264 2518 5344 A_uterque.'__Editi
2553 5267 3051 5344 _éx_5tq_yﬁaataliat_._
3081 5266 3301 5344 Ibidem;
3327 5264 3448 5344 tres

1867 5336 2227 5442 Zetustissimi
2256 5337 2478 5394 codices
2508 5336 2607 5402 τὰς
2639 5336 2862 5392 ἐκείνων
2911 5337 3156 5406 πράξεις.
3208 5338 3351 5394 Editi
3380 5339 3446 5392 τὰ

1967 5407 1982 5442 ι

1867 5407 2429 5562 ῗκῗθέῖῖίαϐρρτᾴτφ.
2441 5476 2519 5562 Ita
2533 5487 2652 5562 tres
2673 5477 3029 5562 vetustissimi
3048 5476 3445 5562 codices-ualui

1866 5546 2173 5668 Eapura’tztp.
2196 5546 2396 5602 Ibidem
2415 5548 2544 5603 editi
2567 5548 2792 5616 ἐγγίσας
2833 5546 3038 5617 σχεδόν.
3058 5548 3248 5603 Melius
3267 5548 3442 5614 llarl.,

1866 5616 2028 5678 .led.,
2060 5631 2200 5684 quos
2228 5619 2401 5671 secuti
2430 5635 2638 5673 sumus.

2713 5686 2801 5743 Sic
2836 5704 2969 5745 mss.
3004 5689 3263 5760 quinque.
3298 5689 3439 5744 Editi

1865 5775 1927 5811 πε
1940 5775 1997 5808 τ’νί
2010 5773 2272 5828 ασμενην.
