3856 6224
427 240 534 303 923
1843 250 1902 309 S.
1952 249 2195 308 BASILII
2241 250 2428 306 MAGN
3589 253 3696 310 92:

495 362 552 417 9.
594 357 857 418 Homines
896 377 1030 418 vero
1058 361 1303 418 nubibus
1333 361 1545 420 simiies
1571 373 1722 428 sunt,
1757 383 1880 436 qua:
1907 384 2008 438 pro

2179 369 2234 423 9.
2268 369 2577 440 Ἄνθρωποι
2616 367 2674 422 δὲ
2711 369 2833 433 ταῖς
2880 367 3132 438 νεφέλαις
3158 368 3390 432 ἐοίκασι,
3425 365 3562 438 πρὸς
3594 369 3695 431 τὰς

429 463 716 510 ventorum
742 457 1048 511 mutatione
1083 457 1224 511 alias
1254 456 1311 511 in
1336 457 1498 510 aliam
1524 459 1670 514 aeris
1693 468 1902 528 partem
1927 461 1952 516 fu

2172 465 2214 515 iv
2254 461 2579 532 πνευμάτων
2631 461 2932 532 μεταϐολὰς
2977 461 3164 516 ἄλλοτε
3211 463 3331 514 κατ’
3368 461 3496 515 ἄλλο
3527 461 3695 531 μέρος

429 556 645 603 runtur.
695 545 763 601 Et
812 550 1050 604 maxime
1107 549 1222 612 isti,
1271 547 1339 603 de
1380 550 1581 619 quibus
1629 552 1788 608 nobis
1823 568 1952 608 sem

2166 552 2202 606 ιῦ
2254 553 2414 623 ἀέρος
2467 553 2891 625 ὲμφερομέναις.
2947 554 3057 606 Καὶ
3111 553 3345 620 μάλιστα
3387 553 3450 624 δὴ
3499 548 3689 614 οὗτοι,

428 645 532 705 est,
579 640 846 704 omnium,
895 656 1133 711 quorum
1181 642 1489 711 periculum
1538 642 1851 710 fecerimus,
1900 646 1951 700 vi

2170 646 2237 717 :pl.
2268 639 2342 700 ὧν
2371 648 2399 700 ὁ
2427 646 2604 714 λόγος,
2641 643 3119 717 πολυτροπώτατοι
3151 643 3260 697 τῶν
3294 645 3374 708 είς
3411 643 3693 715 ἡμετέραν

428 740 558 787 sunt
597 733 1114 791 inconstantissimi.
1159 739 1244 792 An
1291 739 1460 793 etiam
1506 740 1565 795 in
1609 741 1839 812 reliquis
1881 742 1951 797 vil

2168 738 2304 807 εἶραν
2344 737 2587 808 ἡκόντων
2636 736 2930 807 ἐφάνησαν.
2967 736 3029 790 El
3061 736 3160 806 μὲν
3191 737 3285 790 καὶ
3319 737 3402 799 είς
3432 736 3500 788 τὰ
3525 735 3691 788 λοιπά

428 823 615 890 rebus,
657 823 898 880 dixerint
943 828 1036 896 qui
1070 842 1179 881 una
1224 843 1351 884 cum
1394 829 1532 899 ipsis
1562 831 1862 899 vixerunt;
1909 849 1951 889 St

2162 827 2202 880 ιῦ
2235 827 2350 897 βίου
2389 828 2726 898 πράγματα,
2767 825 2968 880 εἴποιεν
3008 827 3074 881 ἂν
3119 830 3168 880 οἱ
3212 827 3685 898 συμϐεϐιωκότες·

429 929 596 986 quam
627 915 683 968 in
716 915 854 986 ipsis
886 917 1031 971 circa
1067 917 1226 972 ﬁdem
1266 919 1693 974 inconstantiam
1721 936 1785 976 ac
1814 921 1952 977 levit:

2182 917 2226 970 δ’
2277 914 2370 973 οὖν
2407 920 2532 990 ἐμοὶ
2582 917 2792 988 ἐφάνη,
2845 918 2906 972 τὸ
2965 919 3092 990 περὶ
3132 917 3231 991 τὴν
3281 918 3462 972 πίστιν
3506 918 3690 972 αὐτῶν

431 1012 540 1060 tem
566 1006 840 1075 perspexi,
867 1021 977 1060 non
1003 1006 1227 1060 memini
1263 1021 1351 1062 me
1378 1007 1432 1061 in
1459 1008 1583 1064 aliis
1613 1009 1882 1066 hactenus
1911 1026 1954 1065 al

2162 1009 2502 1079 ιμετάθετον,
2549 1009 2650 1062 οὐκ
2693 1005 2810 1062 οἶδα
2860 1007 3023 1079 μέχρι
3069 1006 3159 1061 τοῦ
3214 1006 3313 1062 νῦν
3358 1009 3416 1062 ὲν
3462 1007 3685 1072 ἀλλοις,

429 1111 528 1166 per
551 1096 819 1166 meipsum
851 1097 1053 1152 vidisse
1086 1106 1180 1152 aut
1217 1114 1283 1154 ex
1311 1100 1436 1154 aliis
1477 1100 1772 1158 audivisse.
1813 1101 1948 1158 Ariu

2165 1117 2233 1153 >τε
2265 1101 2426 1164 αὐτὸς
2456 1101 2766 1172 ἱστορήσας,
2795 1097 2918 1152 οὔτε
2951 1099 3193 1160 ἀκούσας
3232 1098 3452 1170 ἐτέρων.
3493 1099 3688 1170 Ἀρείῳ

431 1185 588 1240 initio
638 1187 1033 1256 sequebantur.
1079 1187 1160 1242 Ad
1209 1187 1605 1259 Hermogenem
1648 1199 1840 1262 postea
1885 1209 1954 1249 se:

2163 1191 2540 1262 ιτηκολούθουν
2563 1191 2624 1244 τὸ
2649 1191 2709 1256 ἐξ
2753 1189 2955 1262 ἀρχῆς·
2996 1189 3281 1260 μετέθεντο
3309 1188 3447 1260 πρὸς
3489 1189 3686 1258 Ἑρμο-

430 1279 860 1342 transtulerunt,
892 1295 956 1335 ex
993 1280 1262 1337 diametro
1288 1285 1570 1340 inimicum
1598 1303 1870 1357 perversa:
1892 1288 1953 1342 AI

2165 1283 2272 1354 ἱνην
2317 1283 2450 1353 (98),
2508 1283 2598 1335 τὸν
2650 1282 2790 1335 κατά
2839 1281 3132 1352 διάμετρον
3177 1280 3368 1351 ἐχθρὸν
3407 1280 3517 1350 (99)
3560 1281 3688 1333 εντα

431 1369 731 1438 opinionis,
768 1379 826 1426 ut
853 1372 1198 1429 demonstrat
1239 1375 1332 1429 illa
1364 1377 1481 1446 ipsa
1513 1377 1647 1434 ﬁdes
1669 1395 1790 1449 quae
1815 1378 1954 1434 Nicm

2160 1376 2210 1444 ἦς
2247 1376 2453 1446 Ἀρείου
2497 1374 2834 1440 κακοδοξίας,
2877 1374 2953 1437 ὼς
2995 1371 3146 1444 δηλοῖ
3183 1371 3321 1443 αὐτὴ
3361 1374 3395 1442 ἡ
3435 1373 3619 1436 πίστις
3652 1375 3683 1441 ὴ

433 1459 505 1515 ab
556 1461 651 1515 illo
702 1463 821 1517 viro
873 1463 1164 1541 praedicata
1207 1475 1291 1521 est
1330 1467 1399 1522 ab
1445 1467 1622 1523 initio.
1671 1468 1956 1526 Obdormiv

2164 1465 2251 1519 ιτὰ
2281 1466 2510 1518 Νίκαιαν
2545 1467 2674 1536 παρ’
2705 1464 2914 1516 ἐκείνου
2955 1461 3049 1516 τοῦ
3088 1463 3279 1535 ἀνδρὸς
3309 1462 3687 1533 ἐκφωνηθεῖσα

430 1550 832 1623 Hermogenes,
865 1564 921 1611 et
964 1573 1162 1614 rursus
1193 1559 1261 1614 ad
1305 1558 1602 1616 Eusebium
1648 1564 1953 1619 transierun

2164 1557 2171 1620 ξ
2195 1556 2372 1628 ἀρχῆς
2380 1599 2391 1610 -
2417 1557 2711 1628 Ἐκοιμήθη
2743 1555 3095 1627 Ἑρμογένης,
3121 1555 3215 1608 καὶ
3245 1553 3402 1608 πάλιν
3426 1554 3687 1626 μετέστη-

431 1659 650 1704 corona:
672 1647 892 1703 Ariame
916 1650 1286 1722 coryphaeum,
1313 1659 1372 1706 ut
1413 1650 1652 1708 afferunt
1672 1656 1765 1724 qui
1795 1670 1954 1725 exper

2165 1667 2211 1701 ιν
2269 1649 2405 1720 πρὸς
2452 1649 2744 1713 Εὑσέϐιον,
2806 1647 2974 1718 ἄνδρα
3026 1650 3322 1719 κορυφαῖον
3383 1645 3496 1699 τοῦ·
3545 1646 3688 1700 κατὰ

431 1743 582 1790 sunt.
635 1734 776 1792 llinc
819 1754 946 1792 cum
999 1741 1336 1797 excidissent
1384 1743 1455 1797 ob
1506 1744 1731 1813 quasvis
1784 1745 1954 1801 tandew

2165 1712 2330 1816 lpsmv
2377 1745 2600 1807 κύκλου,
2631 1745 2705 1808 ὼς
2749 1747 2798 1797 οἱ
2839 1744 3190 1816 πειραθέντες
3225 1744 3405 1813 φασίν.
3445 1743 3688 1797 Ἐκεῖθεν

431 1842 652 1892 οιιιιεςιε,
697 1829 894 1882 iterum
928 1832 1137 1887 reversi
1181 1833 1386 1889 suntin
1425 1835 1684 1905 patriam,
1717 1843 1772 1891 et
1810 1836 1947 1892 iteru

2164 1836 2434 1901 ιπεσὸντες
2488 1837 2553 1890 δι’
2603 1836 2670 1900 ἃς
2713 1837 2912 1908 δήποτε
2961 1837 3158 1900 αἰτίας,
3201 1836 3362 1889 πάλιν
3390 1835 3687 1905 ἀνέδραμον

427 1917 688 1973 Arianam
722 1921 1072 1978 occultabant
1111 1927 1460 1982 sententiam.
1490 1925 1736 1982 Promoti
1778 1928 1847 1983 ad
1894 1944 1950 1996 ep

2165 1946 2191 1991 ς
2239 1927 2341 1999 τὴν
2390 1927 2642 2000 πατρίδα,
2691 1929 2785 1981 καὶ
2832 1928 2988 1981 πάλιν
3031 1926 3093 1980 τὸ
3137 1925 3411 1996 Ἀρειανὺν
3449 1925 3688 1996 ὑπέκρυ-

430 2021 738 2080 scopatum,
791 2021 850 2068 ut
891 2015 1069 2070 media
1109 2015 1369 2082 incidam,
1405 2025 1540 2088 quot
1583 2018 1706 2074 ﬁdei
1742 2017 1953 2074 farmul:

2164 2037 2242 2072 τον
2275 2019 2547 2091 φρόνημα.
2583 2017 2948 2091 Παρελθόντες
2981 2019 3061 2080 είς
3106 2017 3203 2088 τὴν
3247 2015 3572 2088 ἐπισκοπὴν,
3600 2017 3687 2069 ἴνα

429 2094 752 2158 ediderunt?
794 2105 969 2161 Aliam
1013 2107 1261 2180 Ancyrae,
1303 2109 1463 2164 aliam
1516 2110 1797 2174 Seleuciae,
1845 2111 1949 2164 alia

2162 2129 2176 2163 ι
2235 2113 2293 2164 ὲν
2352 2111 2500 2181 μέσῳ
2550 2111 2879 2182 παραλίπω,
2939 2112 3070 2173 ὅσας
3134 2108 3378 2174 ἐξέθεντο
3436 2109 3685 2174 πίστεις;

428 2193 933 2268 Constantinopoli,
957 2214 1190 2270 eamque
1209 2201 1648 2268 celeberrimam,
1667 2203 1829 2274 382
1849 2202 1951 2257 Lan

2164 2202 2239 2256 Επ’
2283 2199 2552 2273 Ἀγκύρας
2598 2202 2781 2274 ἀλλην,
2824 2201 3015 2273 ἑτέραν
3059 2202 3116 2254 ὲν
3160 2200 3467 2272 Σελευκείᾳ,
3496 2201 3687 2272 ἑτέραν

431 2289 586 2358 psaci
618 2289 807 2354 aliam,
842 2291 1073 2360 posthac
1107 2291 1239 2347 Nice
1268 2292 1323 2347 in
1359 2291 1592 2348 Thracia
1634 2296 1821 2359 aliam,
1857 2310 1954 2349 nur

2196 2293 2780 2358 Κωνσταντινουπόλει,
2813 2293 2910 2362 τὴν
2943 2291 3397 2363 πολυθρύλλητον,
3443 2295 3500 2344 έν
3530 2293 3688 2361 Λαμ-

429 2394 626 2434 rursus
653 2380 816 2434 aliam
856 2381 1064 2452 Cyzici,
1092 2383 1254 2454 cujus
1285 2384 1506 2454 quidem
1545 2386 1756 2455 reliqua
1789 2385 1952 2457 ignor:

2166 2385 2265 2456 ἱκῳ
2294 2384 2507 2456 ἑτέραν,
2537 2383 2612 2454 (l)
2640 2385 2776 2455 μετά
2807 2383 2977 2436 ταῦτα
3009 2383 3106 2453 τὴν
3145 2383 3203 2435 ὲν
3246 2383 3388 2453 Νίκῃ
3416 2383 3515 2453 τῆς
3545 2382 3689 2453 Θρά-

428 2471 525 2527 sed
558 2471 662 2526 hoc
692 2480 904 2526 tantum
935 2473 1121 2537 audio,
1153 2489 1250 2530 eos
1281 2476 1740 2531 consubstantiali
1781 2486 1947 2548 praete

2166 2494 2231 2546 λς’
2253 2475 2346 2530 νῦν
2376 2475 2535 2530 πάλιν
2568 2477 2664 2547 τὴν
2686 2477 2742 2529 ἐν
2768 2473 2988 2545 Κυζίκῳ
3017 2473 3113 2544 (2)·
3134 2468 3200 2544 ἦς
3220 2473 3291 2526 τὰ
3312 2473 3409 2544 μὲν
3431 2473 3568 2526 ἀλλα
3586 2476 3689 2528 οὐκ

426 2563 623 2626 misso,
665 2564 845 2619 simile
887 2565 1190 2620 secundum
1238 2567 1535 2621 essentiam
1581 2584 1729 2623 nunc
1780 2567 1949 2624 inferr

2168 2565 2424 2639 τίσταμαι,
2478 2567 2732 2622 τοσοῦτον
2775 2567 2833 2620 δὲ
2875 2565 3078 2629 ἀκούω,
3109 2566 3168 2618 τὸ
3205 2565 3488 2636 ὁμοούσιον
3521 2582 3691 2620 κατα-

429 2661 596 2724 atque
629 2671 738 2709 una
769 2670 896 2709 cum
938 2655 1207 2711 Eunomio
1235 2657 1606 2728 blasphemias
1648 2659 1704 2713 in
1738 2657 1944 2730 Spiritu

2164 2661 2449 2731 γάσαντες,
2474 2661 2534 2714 τὸ
2560 2662 2679 2714 κατ’
2699 2660 2887 2713 οὐσίαν
2917 2659 3098 2729 ὅμοιον
3120 2656 3215 2710 νῦν
3238 2657 3559 2729 ἐπιφέρουσι
3585 2659 3685 2726 (5),

428 2753 684 2800 sanctum
734 2747 1106 2803 conscribere.
1167 2746 1292 2804 Istae
1336 2758 1518 2805 autem
1570 2751 1692 2808 ﬁdei
1729 2750 1951 2807 formula

2166 2754 2197 2807 ιὶ
2224 2752 2323 2816 τὰς
2353 2754 2432 2816 εἰς
2474 2751 2697 2822 Πνεῦμα
2727 2750 2788 2802 τὸ
2815 2749 2968 2818 ἀγιον
3005 2748 3353 2819 βλασφημίας
3379 2751 3498 2819 μετ’
3527 2750 3689 2802 Εὐνο-

427 2851 571 2909 quas
602 2839 881 2906 recensui,
917 2841 1022 2897 etsi
1056 2856 1166 2897 non
1218 2857 1412 2900 omnes
1440 2846 1586 2900 inter
1632 2860 1692 2900 se
1732 2860 1950 2916 pugnan

2164 2843 2229 2896 ἴου
2262 2844 2656 2914 συγγράφουσι.
2694 2839 2909 2893 Τούτων
2939 2839 2995 2892 δὲ
3042 2838 3150 2892 τῶν
3193 2838 3428 2892 πίστεων
3469 2838 3534 2903 ἃς
3577 2842 3687 2893 άπ-

427 2937 486 2985 at
531 2940 684 2986 certe
739 2933 943 3002 pariter
995 2933 1164 2988 animi
1215 2935 1514 2991 ostendunt
1554 2937 1950 2992 inconstantiam

2164 2936 2517 3007 >ιθμησάμην,
2543 2935 2590 2986 εἰ
2616 2933 2709 2986 καὶ
2740 2933 2814 3002 μὴ
2849 2933 3020 2984 πᾶσαι
3053 2931 3191 3002 πρὸς
3215 2929 3450 3002 ἀλλήλας
3475 2931 3687 3000 ἔχουσιν

424 3030 716 3092 propterea
749 3022 896 3093 quod
926 3039 1206 3094 nunquam
1234 3025 1428 3081 iisdem
1473 3027 1528 3081 in
1556 3028 1736 3082 verbis
1780 3043 1947 3097 perm:

2166 3027 2377 3090 αντίως,
2406 3025 2519 3080 ἀλλ’
2543 3021 2636 3079 οὖν
2663 3024 2723 3077 τὸ
2745 3020 3109 3093 εὐμετάϐολον
3136 3021 3229 3074 τοῦ
3255 3022 3458 3091 τρόπου
3486 3021 3689 3092 ὁμοίως

423 3118 579 3167 nent.
614 3110 740 3167 Haec
766 3127 899 3167 vera
933 3121 1083 3176 sunt,
1117 3114 1424 3169 innumeris
1449 3116 1573 3170 aliis
1617 3117 1836 3172 silentio
1866 3131 1946 3186 pra

2163 3115 2413 3178 ινιστῶσι,
2458 3115 2545 3168 διὰ
2589 3115 2651 3168 τὸ
2691 3113 2960 3185 μηδέποτε
3006 3111 3203 3174 αὐτοὺς
3239 3111 3472 3166 ἐπὶτῶν
3505 3112 3686 3165 αὐτῶν

423 3203 628 3259 teritis.
654 3204 923 3270 Quoniam
953 3214 1135 3260 autem
1161 3221 1310 3261 nunc
1339 3207 1505 3261 etiam
1541 3207 1609 3262 ad
1634 3223 1732 3263 vos
1766 3207 1941 3262 transi

2162 3210 2323 3264 τάναι
2367 3205 2864 3280 ρημάτων.-Ταῦτά
2907 3206 3054 3258 ἐστιν
3083 3202 3279 3275 ἀληθῆ,
3311 3202 3523 3274 μυρίων
3566 3204 3685 3256 ἐτέ-

422 3302 575 3359 runt,
623 3297 902 3352 rescribas
963 3297 1124 3351 velim
1186 3313 1283 3368 per
1327 3299 1576 3353 eumdem
1629 3300 1808 3354 virum
1855 3299 1945 3370 (dic

2162 3318 2210 3355 ον
2263 3297 2778 3370 ἀποσιωπηθέντων.
2823 3295 3040 3366 Ἐπειδὴ
3099 3293 3157 3347 δὲ
3213 3295 3306 3348 καὶ
3352 3295 3487 3365 πρὸς
3541 3295 3685 3366 ὑμᾶς

424 3397 604 3444 autem
629 3390 1127 3461 compresbyterum
1151 3398 1399 3446 nostrum
1421 3389 1794 3463 Strategium),
1813 3400 1940 3447 utru

2160 3391 2352 3461 ἐϐησαν
2383 3391 2475 3444 νῦν
2499 3391 2598 3461 (4),
2626 3388 2883 3460 ἀξιοῦμεν
2923 3385 3254 3456 ἀντιγράψαι
3279 3384 3367 3439 διά
3394 3385 3490 3438 τοῦ
3517 3387 3683 3440 αὐτοῦ

423 3480 568 3536 idem
608 3496 741 3550 erga
781 3496 884 3536 nos
923 3497 1048 3536 esse
1100 3496 1317 3552 pergas,
1358 3497 1426 3536 an
1479 3483 1555 3538 sis
1595 3498 1659 3538 ex
1698 3499 1946 3555 congress

2160 3483 2286 3552 ιδρὸς
2315 3483 2476 3553 (λέγω
2507 3482 2562 3535 δὲ
2599 3481 2693 3534 τοῦ
2733 3482 3216 3554 συμπρεσϐυτέρου
3247 3480 3406 3553 ήμῶν
3434 3482 3683 3553 Στρατη-

421 3572 717 3628 alienatus.
750 3571 884 3627 Nam
910 3589 1009 3629 nec
1038 3589 1136 3628 eos
1169 3574 1471 3630 verisimile
1498 3583 1584 3630 est
1607 3577 1870 3644 tacuisse,
1896 3595 1944 3632 nc

2160 3576 2260 3639 ου),
2291 3575 2398 3627 εἴτε
2443 3576 2470 3626 ὁ
2508 3573 2671 3636 αὐτὸς
2719 3572 2992 3643 διέμεινας
3034 3573 3170 3644 πρὸς
3215 3572 3385 3642 ἡμᾶς,
3430 3572 3541 3624 εἴτε
3589 3572 3683 3623 καὶ

420 3664 680 3735 teipsum,
712 3665 808 3734 qui
847 3649 980 3718 talia
1013 3665 1176 3720 nobis
1208 3667 1504 3736 scripsisti,
1529 3682 1640 3721 non
1677 3669 1842 3723 etiam
1868 3685 1943 3740 erg

2158 3666 2391 3736 ,λοιώθης
2442 3666 2550 3718 ἀπὸ
2581 3665 2682 3736 τῆς
2731 3666 3037 3735 συντυχίας.
3089 3663 3225 3719 Οὗτε
3271 3663 3381 3735 γὰρ
3437 3663 3681 3725 ἐκείνους

419 3753 546 3810 illos
580 3755 798 3809 dicendi
838 3755 1090 3810 libertate
1121 3771 1283 3809 usum
1319 3754 1511 3810 fuisse.
1545 3754 1701 3822 Quod
1732 3758 1778 3812 si
1808 3773 1942 3812 mani

2158 3757 2241 3820 κὸς
2271 3753 2339 3826 ἦν
2374 3757 2665 3828 σιωπῆσαι,
2692 3756 2814 3810 οὗτε
2844 3757 3006 3812 αὐτὸν
3039 3756 3122 3822 σὲ,
3165 3757 3259 3811 τὸν
3285 3759 3418 3828 ἡμῖν
3454 3755 3681 3809 τοιαῦτα

419 3847 478 3902 in
508 3857 700 3902 nostra
741 3847 1153 3911 communione,
1194 3847 1464 3916 Optimum
1506 3847 1610 3902 hoc
1639 3855 1694 3902 et
1739 3851 1942 3904 omniin

2158 3849 2400 3919 »ἀφαντα,
2439 3850 2513 3919 μὴ
2557 3849 2677 3918 οὐχὶ
2721 3851 2815 3902 καὶ
2867 3849 3002 3921 πρὸς
3032 3849 3273 3914 ἐκείνους
3301 3851 3366 3919 τῇ
3396 3848 3681 3918 παρρησίᾳ

418 3939 566 3994 votis
599 3937 996 4009 exoptandum.
1029 3937 1126 3993 Sin
1152 3946 1337 3994 autem
1376 3947 1429 3995 te
1461 3939 1530 3993 ad
1565 3956 1626 3996 se
1652 3950 1941 4011 pertraxerl

2156 3940 2420 4012 ιήσασθαι.
2469 3942 2530 3994 Εἰ
2582 3941 2679 4011 μὲν
2710 3936 2803 4002 οὖν
2839 3942 3019 4012 μένοις
3053 3940 3131 4010 (5)
3171 3941 3229 3993 ὲν
3258 3942 3326 4010 τῇ
3366 3938 3507 4010 πρὸς
3532 3939 3679 4010 ἡμᾶς

419 4031 578 4088 triste
603 4033 658 4086 id
697 4031 916 4100 quidem
949 4051 961 4084 :
995 4030 1188 4102 quidni
1217 4031 1365 4085 enim
1395 4031 1582 4088 fratris
1625 4033 1753 4088 talis
1785 4033 1942 4104 disjul

2162 4031 2362 4102 ινωνίᾳ,
2414 4030 2572 4084 τοῦτο
2628 4031 2866 4102 ἄριστον,
2905 4033 2998 4086 καὶ¹
3043 4031 3210 4102 εὐχῆς
3261 4031 3362 4101 τῆς
3415 4031 3679 4086 ἀνωτάτω

418 4125 562 4181 ctio?
593 4124 696 4179 Sed
729 4132 914 4179 tamen
951 4124 999 4181 si
1030 4123 1164 4177 nihil
1191 4124 1361 4191 aliud,
1403 4125 1596 4179 saltem
1635 4124 1690 4178 in
1719 4124 1941 4196 εῙιιεῐηοι

2154 4129 2268 4184 ζιον·
2318 4125 2366 4175 εί
2409 4123 2468 4176 δέ
2520 4141 2579 4176 σε
2631 4123 2764 4194 πρὸς
2801 4124 3028 4186 ἑαυτοὺς
3063 4121 3388 4193 μετέθηκαν,
3431 4122 3677 4192 λυπηρὸν

415 4215 724 4286 dispendiis
763 4215 1007 4271 ferendis
1037 4215 1254 4272 abunde
1291 4216 1360 4271 ab
1402 4214 1512 4271 illis
1544 4215 1678 4286 ipsis
1704 4217 1938 4272 exercita

2154 4214 2221 4267 Ξν·
2256 4213 2370 4277 πῶς
2400 4215 2509 4284 γὰρ
2535 4214 2634 4266 οὐκ
2667 4212 2892 4280 ἀδελφοῦ
2917 4211 3158 4266 τοιούτου
3181 4211 3494 4283 χωρισμὸς;
3528 4211 3677 4282 Πλὴν

415 4323 630 4364 sumus.
2090 4305 2139 4356 εί
2179 4305 2273 4356 καὶ
2320 4303 2484 4373 μηδὲν
2519 4301 2666 4363 ἀλλο,
2695 4301 2756 4354 τὸ
2781 4301 2909 4370 γοῦν
2939 4301 3126 4371 φέρειν
3157 4301 3257 4364 τὰς
3290 4301 3549 4363 τοιαύτας
3581 4301 3679 4372 ζη-

2020 4389 2064 4446 D
2095 4394 2224 4464 μίας
2277 4397 2402 4465 παρ’
2435 4391 2615 4446 αὐτῶν
2647 4392 2867 4446 ἐκείνων
2901 4391 3100 4455 ἱκανῶς
3127 4391 3577 4463 ὲγυμνάσθημεν.

483 4553 596 4625 (98)
646 4552 1018 4625 Ἑρμογένην.
1050 4551 1200 4625 Harl.
1240 4553 1562 4625 Ἑρμογένη.
1905 4624 1910 4625 ί

2141 4569 2225 4608 ir:
2264 4551 2516 4624 Magnam
2561 4552 2714 4606 illam
2756 4561 2817 4625 Aet
2875 4550 3281 4622 insnperabilem
3334 4551 3496 4621 ﬁdem
3540 4553 3664 4606 scri-

484 4624 596 4694 (99)
647 4622 916 4694 ’Ezﬂpdr.
951 4622 1066 4678 Non
1099 4624 1240 4694 male
1287 4622 1444 4678 abest
1494 4622 1558 4679 ea
1595 4638 1697 4678 vox
1736 4639 1766 4678 a
1794 4624 1983 4680 codice

1298 4622 1444 4678 abest
1494 4622 1558 4679 ea
1595 4638 1697 4678 vox
1736 4639 1766 4678 a
1794 4624 1983 4680 codice
2089 4622 2568 4694 psisseiinjmagna
2599 4622 2821 4692 synodo.

410 4692 686 4764 Medicaeo.
713 4692 718 4693 “
743 4693 1014 4764 Baronius
1051 4693 1120 4748 ad
1146 4709 1348 4748 annum
1384 4694 1589 4748 Christi
1626 4695 1751 4756 325,
1798 4712 1864 4750 ex
1899 4696 1984 4750 bis
2090 4692 2098 4694 “
2159 4694 2234 4764 (-l)
2267 4692 2401 4747 Vide
2431 4693 2710 4764 Addenda.

408 4763 614 4835 verbis,
647 4773 704 4818 ut
734 4763 1059 4835 demonstrat
1086 4765 1201 4835 ipsa
1235 4764 1333 4818 illa
1371 4765 1502 4833 ﬁdes
1543 4781 1660 4835 quia
1687 4764 1887 4819 Nicaea:
1915 4765 1979 4818 ab
2157 4759 2233 4835 (‘2)
2268 4765 2372 4835 Ἐν
2398 4761 2644 4830 Κυζῖκῳ.
2681 4762 2831 4818 Unus
2852 4761 3021 4818 codex
3051 4777 3082 4816 a
3113 4759 3443 4817 Combeﬁsio
3468 4761 3668 4816 citatus

407 4833 503 4887 illo
541 4836 651 4888 viro
679 4834 1070 4902 prwdicata'est
1097 4832 1162 4887 ab
1189 4832 1379 4895 initio,
1407 4832 1688 4888 concludit
1719 4837 1980 4890 memoria
2086 4835 2194 4889 ἀπὸ
2217 4832 2480 4897 Κυζίκου.

407 4904 620 4976 lapsmn
655 4899 778 4959 esse
807 4903 1068 4976 Basilium
1111 4920 1123 4956 :
1153 4904 1422 4976 siquidem
1452 4919 1560 4958 non
1575 4904 1977 4976 (Hermogenes,
2124 4906 2234 4976 7(5)
2281 4903 2687 4976 ‘Extye‘povat.
2721 4902 2805 4976 Ita
2825 4903 2974 4958 Harl.
3010 4911 3064 4957 et
3088 4900 3259 4976 Cpisl.
3293 4899 3526 4976 primus.
3564 4900 3667 4955 Le-

407 4970 505 5046 sed
548 4973 808 5046 Leontius
833 4970 1534 5046 ﬁasariensis'episcopus
1572 4970 1817 5046 interfuit
1847 4970 1980 5028 con;
2086 4970 2232 5046 gitur
2272 4970 2648 5046 περιφέρουσα
2672 4975 2726 5028 in
2771 4972 2902 5046 Reg.
2945 4973 3186 5030 secundo
3225 4977 3279 5026 et
3348 4970 3520 5026 Coisl.
3580 4987 3665 5027 sc-

404 5043 536 5116 cilio
555 5042 794 5098 Nicano.
831 5043 958 5116 Haec
995 5052 1175 5100 autem
1213 5042 1377 5116 verba
1418 5042 1500 5099 sic
1534 5045 1706 5116 accipi
1733 5055 1978 5116 possent,
2085 5042 2286 5116 eundo.
2318 5042 2859 5116 Ειιίιί⁷ἱεπιιρέρουσινἶ

403 5120 466 5185 ut
497 5112 864 5185 liermogenes
894 5114 1168 5185 Nicrenam
1213 5113 1371 5168 ﬁdem
1418 5112 1749 5185 praedicasse
1781 5115 1923 5168 abin

2158 5115 2232 5185 (4)
2271 5112 2566 5181 Διέϐησαν
2599 5112 2756 5185 ίνῦν.
2822 5112 2919 5185 Hic
2959 5112 3224 5183 virgulam
3280 5113 3658 5185 apposuimus,

403 5183 484 5235 tio
513 5183 808 5255 diceretur,
855 5185 910 5239 id
954 5192 1059 5248 est,
1095 5184 1248 5247 olim,
1283 5183 1627 5255 jamdudum,
1671 5201 1780 5255 non
1809 5186 1980 5255 multo
2087 5191 2150 5237 ut
2171 5183 2232 5237 in
2267 5191 2504 5255 quatuor
2528 5201 2663 5240 mss.
2700 5184 3027 5255 invenimus,
3061 5197 3252 5253 nempe
3283 5183 3461 5249 Harl.,
3491 5184 3658 5238 Coisl.

401 5262 538 5326 rost
557 5253 826 5326 synodum
872 5255 1068 5325 ipsam.
1099 5262 1159 5308 ut
1187 5252 1392 5326 in‘c'an.
1427 5256 1450 5307 l
1491 5272 1507 5308 :
1544 5253 1730 5320 Ἔδοξε
1770 5257 1883 5317 τοῖς
1907 5256 1924 5326 _i

1364 5277 1392 5310 ι.
1427 5256 1450 5307 1
1491 5272 1507 5308 :
1544 5253 1730 5320 Ἔδοξε
1770 5257 1883 5317 τοῖς
1907 5252 1974 5326 ἐξ
2083 5252 2318 5326 utroque
2338 5263 2390 5326 et
2423 5253 2605 5326 Regio
2627 5253 2887 5326 secundo.

415 5321 601 5392 .ρχῆς,
629 5325 796 5377 visum
830 5321 912 5379 esi
941 5326 1193 5448 antiguis.
1231 5323 1335 5379 Sed
1374 5331 1574 5394 cogunt
1606 5339 1694 5378 me
1717 5324 1971 5379 assentiri
2153 5321 2244 5393 (5)
2270 5321 2530 5392 Μένοιςῖ
2566 5324 2734 5381 Coisl.
2798 5332 3023 5395 uterque
3076 5331 3131 5380 et
3180 5321 3313 5395 Reg.
3382 5324 3661 5381 secmxdus

403 5389 638 5448 Baronio
689 5408 811 5450 (tua:
856 5395 924 5450 de
977 5411 1043 5449 eo
1083 5410 1168 5448 em
1209 5393 1551 5450 Hermogene
1603 5395 1859 5450 leguntur
1918 5395 1973 5448 in
2085 5393 2283 5450 μένεις.

451 5409 638 5448 31⁵01110
689 5409 811 5450 quae
856 5409 924 5450 oe
977 5409 1168 5449 εοαοιῐι
1209 5409 1551 5450 ιιθτιηοαοηε
1603 5409 1859 5450 leguntur
1918 5411 1973 5448 ιιι

759 5409 811 5448 ω
856 5409 924 5450 oe
977 5409 1168 5449 εοαοιῐι
1209 5409 1551 5450 uermozcne
1603 5409 1859 5450 texuntur
1918 5411 1973 5448 ιιι
2085 5409 2282 5450 μενεις.

403 5410 638 5448 naromo
689 5410 811 5463 quae
856 5410 924 5450 oe
977 5410 1168 5449 eodem
1209 5410 1551 5465 Hermogene
1603 5410 1859 5464 leguntur
1918 5411 1973 5448 ιιι
2085 5410 2260 5464 μενεις

401 5462 565 5534 epist.
601 5463 690 5534 8|,
713 5480 767 5539 p.
806 5465 923 5521 174.
960 5464 1039 5522 lbi
1077 5464 1225 5522 enim
1273 5466 1553 5538 conceptis
1611 5465 1807 5538 verbis
1833 5463 1971 5519 dici-
