3856 6224
227 256 337 311 92-5

751 379 1099 432 ΕΠΙΣΤΟΛΗ
1128 380 1302 435 ΣΜΕ¹.

1136 255 1629 318 EPISTOLARUM
1665 259 1953 318 CLASSlS
1987 260 2056 318 ll.
2096 261 2315 318 EPlST.
2356 261 2626 320 CCXLVI.

3390 263 3496 320 926

2368 382 2704 438 EPISTOLA
2741 382 2965 438 CCXLV
2999 387 3039 438 δ.

230 491 338 542 Per
359 492 654 558 Strategium
675 495 930 565 respondet
953 494 1218 564 Iheophilo
1243 496 1454 548 Basilius
1473 499 1766 565 acdeclarat
1783 513 2100 565 se_nunquam
2119 500 2179 549 ab
2212 514 2268 551 eo
2307 499 2516 565 antmtdo
2552 496 2850 565 discessisse.
2876 496 3094 555 quamvis
3117 502 3280 550 multa:
3308 496 3494 550 doloris

589 569 751 607 causa:
766 558 1061 619 acciderint;
1078 566 1306 609 cwterum
1323 574 1374 611 se
1395 575 1506 610 cum
1527 561 1798 612 hominibus
1821 558 2088 627 ﬁdem'umt
2113 575 2241 624 stupe
2260 560 2546 611 mutantibus
2568 558 2920 610 conuuuuicare
2943 573 3035 609 non
3052 574 3208 621 posse.

707 665 974 734 Θεοφίλῳ
1009 667 1340 735 ὲπισκόπῳ.

207 786 218 810 ‘
305 781 480 836 Πάλαι
529 779 818 850 δεξάμενος
854 779 924 834 τά
976 780 1129 852 παρὰ
1177 781 1279 852 τῆς
1328 783 1426 854 σῆς
1471 782 1690 856 ἀγάπης
1734 783 1812 856 (6)

228 877 568 945 γράμματα,
627 873 885 943 ἀνέμενον
931 871 1018 927 διὰ
1077 874 1302 945 γνησίου
1353 874 1641 945 προσώπου
1689 877 1813 929 ἀντ-

231 965 566 1028 επιστεῖλαι,
618 964 705 1017 ἵνα
755 965 850 1017 καὶ
901 963 1002 1017 ὅσα
1040 964 1140 1035 τὴν
1185 963 1472 1034 επιστολὴν
1499 964 1740 1036 διαφύγῃ
1781 966 1812 1018 δ

227 1057 476 1120 διάκονος
522 1055 632 1109 τῶν
679 1054 1024 1127 γραμμάτων
1082 1054 1470 1128 ἀναπληρώσῃ.
1517 1055 1668 1109 Ἐπεὶ
1718 1051 1812 1110 οὖν

216 1147 565 1219 ,παρεγένετο
600 1149 732 1219 ἡμῖν
775 1147 804 1198 ὁ
851 1145 1227 1209 ποθεινότατος
1276 1146 1370 1198 καὶ
1416 1144 1812 1210 εὐλαϐέστατος

226 1239 457 1309 ἀδελφὸς
510 1223 666 1309 ήμῶν
717 1238 1080 1310 Στρατήγιος,
1139 1235 1289 1307 αὐτῷ
1338 1237 1564 1307 ἐνόμισα
1605 1236 1812 1291 δίκαιον

230 1328 376 1383 εἶναι
407 1327 713 1400 χρήσασθαι
741 1328 996 1399 διακόνῳ,
1029 1327 1109 1399 τῷ
1153 1327 1249 1380 καὶ
1278 1327 1442 1380 είδότι
1477 1327 1576 1399 τὴν
1614 1328 1812 1398 ἡμετέ-

231 1442 336 1495 ραν
358 1423 602 1495 γνώμην,
633 1423 729 1477 καὶ¹
755 1423 1038 1494 δυναμένῳ
1063 1422 1304 1495 γνησίως
1340 1439 1400 1475 τε
1443 1423 1559 1492 ἅμα
1601 1423 1694 1476 καὶ
1722 1425 1812 1477 εὐ-

216 1511 410 1580 λαϐῶς
448 1515 763 1586 διακονῆσαι
795 1515 870 1586 (7)
904 1514 971 1568 τὰ
1015 1514 1145 1590 παρ’
1188 1513 1366 1586 ἡμῶν.
1410 1514 1652 1567 Γίνωσκε
1699 1515 1810 1568 τοί-

226 1625 360 1671 νυν,
411 1607 753 1661 ποθεινότατε
805 1609 935 1678 ἡμῖν
979 1607 1072 1660 καὶ
1119 1605 1416 1678 τιμιώτατε
1465 1605 1567 1677 (8),
1613 1605 1808 1659 πολλοῦ

225 1699 389 1764 ἀξίαν
416 1696 657 1752 τίθεσθαι
685 1699 832 1770 ἡμᾶς
864 1697 961 1770 τὴν
994 1699 1132 1770 πρὸς
1169 1699 1230 1752 σὲ
1257 1698 1498 1768 ἀγάπην,
1530 1693 1618 1770 ἦς,
1649 1699 1811 1751 ἓνεκα

224 1791 333 1859 μὲν
382 1791 480 1861 τῆς
519 1790 658 1846 κατά
701 1790 877 1861 ψυχὴν
921 1790 1231 1854 διαθέσεως,
1269 1789 1524 1860 οὐδεμίαν
1561 1789 1709 1862 ὥραν
1733 1791 1808 1860 (9)

222 1879 630 1952 ἀπολειφθεῖσιν
687 1883 898 1945 ἑαυτοῖς
948 1881 1364 1953 συνεγνώκαμεν
1387 1921 1403 1947 ,
1464 1883 1516 1935 εί
1577 1883 1672 1936 καὶ
1726 1883 1809 1936 ὃτι

217 1962 422 2026 πολλαὶ
471 1972 566 2026 καὶ
611 1973 839 2042 μεγάλαι
888 1971 1063 2044 λύπης
1105 1972 1324 2042 εὐλόγου
1369 1973 1482 2045 (10)
1522 1975 1808 2042 γεγόνασιν

220 2061 493 2135 ἀφορμαί.
532 2062 670 2116 Ἀλλ’
703 2057 794 2116 οὖν
838 2062 1133 2134 ἐκρίναμεν
1169 2062 1347 2127 τοῦτο,
1379 2063 1568 2134 ὥσπερ
1602 2065 1658 2116 ὲν
1683 2080 1808 2135 τρυ-

217 2157 395 2228 τάνῃ,
441 2157 509 2212 τὰ
563 2158 901 2228 χρηστότερα
950 2161 1063 2222 τοῖς
1112 2158 1460 2230 ἀηδεστέροις
1511 2160 1806 2214 ἀντιτιθέν-

217 2261 314 2310 τες
352 2247 484 2316 (11),
527 2248 593 2316 τῇ
636 2245 745 2298 τῶν
789 2245 1088 2316 ἀμεινόνων
1138 2248 1276 2318 ῥοπῇ
1326 2245 1656 2318 προσθέσθαι
1706 2247 1805 2319 τὴν

218 2338 450 2410 γνώμην
503 2338 638 2407 (12).
683 2338 900 2410 Ἐπειδὴ
943 2337 1000 2391 δὲ
1061 2338 1131 2391 τὰ
1182 2339 1483 2410 πράγματα
1537 2339 1802 2412 ἠλλοιώθη

218 2428 357 2500 παρ’
382 2421 457 2482 ὧν
488 2429 688 2500 ἥκιστα
736 2429 902 2499 ἐχρῆν
945 2427 1105 2481 τοῦτο
1148 2429 1420 2498 γενέσθαι,
1462 2431 1804 2499 συγγίνωσκε

219 2521 320 2574 καὶ
358 2522 487 2592 ἡμῖν
525 2519 646 2590 οὐχὶ
682 2519 780 2592 τὴν
819 2519 1046 2592 γνώμην
1092 2519 1482 2587 ἀλλοιωθεῖσιν,
1525 2521 1664 2576 ἀλλὰ
1705 2524 1804 2594 τὴν

216 2613 376 2680 τάξιν
408 2614 521 2684 (15)
555 2612 958 2684 μεταθεμένοις.
995 2611 1210 2666 Μᾶλλον
1257 2613 1315 2666 δὲ
1356 2615 1518 2685 ἡμεῖς
1557 2614 1659 2685 μὲν
1710 2615 1804 2668 ἐπὶ

215 2701 323 2775 τῆς
352 2705 516 2776 αὐτῆς
551 2704 817 2775 μενοῦμεν
843 2703 1066 2770 τάξεως,
1105 2703 1282 2776 έτεροι
1317 2704 1374 2756 δέ
1417 2707 1554 2759 εἰσιν
1592 2708 1641 2760 οἱ
1681 2723 1805 2760 συν-

216 2795 365 2866 εχῶς
395 2796 825 2867 μετατιθέμενοι,
869 2795 963 2850 νῦν
1004 2796 1060 2848 δὲ
1098 2796 1192 2849 καὶ
1221 2797 1470 2868 φανερῶς
1512 2796 1648 2869 πρὸς
1677 2800 1805 2862 τοὺς

217 2888 500 2953 ἐναντίους
549 2889 1002 2960 αὐτομολοῦντεςο
1029 2881 1106 2944 ὧν
1143 2891 1267 2945 ὅσου
1313 2889 1468 2954 ἀξίαν
1516 2889 1804 2961 ἐτιθέμεθα

214 2980 321 3052 τὴν
361 2983 664 3047 κοινωνίαν,
715 2982 820 3056 ἕως
848 2977 988 3054 ἦσαν
1013 2983 1125 3053 (14)
1168 2983 1260 3036 ἐπὶ
1317 2983 1414 3053 τῆς
1457 2982 1805 3054 ὑγιαινούσης

220 3071 458 3144 μερίδος,
489 3073 609 3127 οὐδὲ
629 3072 790 3138 αὐτὸς
818 3074 1050 3143 ἀγνοεῖς,
1077 3072 1190 3127 Νῦν
1223 3073 1302 3138 δὲ,
1330 3075 1379 3126 εί
1408 3075 1546 3144 μήτε
1573 3074 1804 3138 ἐκείνοις

218 3165 600 3236 συνεπόμεθα,
643 3167 740 3219 καὶ
785 3166 912 3229 τούς
957 3165 1026 3218 τά
1071 3164 1209 3218 αὐτά
1250 3164 1580 3235 φρονοῦντας
1620 3168 1803 3229 αὐτοῖς

211 3257 561 3330 ἐκκλίνομεν,
612 3257 942 3330 συγγνώμης
988 3257 1055 3312 ἂν
1095 3257 1319 3321 δικαίως
1361 3257 1474 3327 (15)
1522 3257 1800 3328 τύχοιμεν,

215 3350 390 3421 μηδὲν
437 3349 826 3424 προτιμότερον
865 3349 965 3419 τῆς
1012 3347 1268 3420 ἀληθείας
1316 3348 1410 3401 καὶ
1457 3348 1554 3419 τῆς
1594 3348 1799 3412 οίκείας
1829 3401 1873 3460 c

212 3438 431 3493 ἑαυτῶν
459 3437 759 3504 ἀσφαλείας
783 3436 1074 3511 τιθέμενοι.

725 3551 1071 3604 ΕΠΙΣΤΟΛΗ
1102 3551 1293 3619 ΣΜσν.

1838 682 1890 740 Α

2411 668 2693 738 Theophila
2720 669 2960 738 episcopo

1984 781 2122 838 Cum
2157 779 2484 851 jampridem
2531 781 2864 850 accepissem
2896 795 2926 833 a
2957 790 3049 834 tua
3080 779 3370 834 dilectione
3400 779 3491 835 lit-

1919 881 2088 939 teras,
2135 871 2450 942 exspectavi
2478 870 2606 925 dum
2639 886 2739 940 per
2780 871 3358 940 idoneam'personam
3400 885 3491 924 re-

1915 965 2240 1029 scriberem,
2275 975 2334 1018 ιιι
2364 971 2418 1019 et
2447 962 2716 1034 quidquid
2739 963 2950 1017 litteras
2981 962 3281 1032 ell‘ugisset,
3308 959 3363 1014 id
3385 961 3491 1014 mi-

1917 1057 2095 1114 nister
2120 1058 2432 1113 litterarum
2468 1057 2774 1127 suppleret.
2821 1055 2957 1110 Cum
2994 1053 3160 1125 igitur
3192 1053 3489 1109 accesserit

1919 1151 1988 1204 ad
2017 1166 2119 1206 nos
2156 1149 2670 1206 desideratissimus
2716 1163 2781 1204 ac
2828 1146 3281 1218 religiosissimus
3316 1145 3489 1200 frater

1915 1250 2109 1298 noster
2151 1241 2477 1313 Strategius,
2529 1256 2744 1312 aequum
2794 1239 2929 1294 mihi
2973 1239 3150 1295 visum
3194 1247 3281 1294 est
3328 1245 3387 1292 ut
3421 1253 3487 1292 eo

1915 1341 2099 1388 uterer
2144 1333 2420 1398 ministro,
2450 1333 2650 1402 quippe
2679 1331 2772 1402 qui
2812 1338 2866 1385 et
2895 1345 3074 1385 meum
3116 1330 3360 1384 animum
3391 1342 3488 1382 co-

1912 1427 2123 1497 gnitum
2164 1426 2380 1490 habeat,
2435 1440 2499 1481 ac
2543 1425 2717 1496 possit
2758 1433 2883 1495 apte
2939 1422 3104 1480 simul
3133 1429 3187 1478 et
3235 1421 3487 1492 religiose

1914 1533 2004 1574 res
2051 1525 2272 1572 nostras
2307 1518 2644 1573 ministrare.
2698 1516 2852 1583 Scias
2900 1517 3084 1587 igitur,
3135 1514 3490 1570 desideratis-

1915 1609 2052 1666 sime
2089 1624 2156 1662 ac
2179 1606 2627 1672 bonoratissime,
2653 1605 2870 1677 plurimi
2913 1620 2944 1659 a
2986 1620 3074 1661 me
3101 1603 3218 1660 ﬁeri
3243 1604 3488 1658 charita-

1911 1708 2022 1755 tem
2076 1701 2210 1754 mihi
2263 1707 2444 1755 tecum
2508 1698 2970 1762 intercedentem,
3025 1711 3057 1750 a
3106 1710 3215 1766 qua
3263 1694 3485 1764 quidem

1914 1799 2178 1863 quantum
2222 1792 2291 1848 ad
2329 1792 2497 1847 animi
2547 1790 2888 1846 allectionem
2933 1789 3148 1853 attinet,
3206 1803 3275 1842 ne
3319 1801 3484 1841 unam

1911 1884 2135 1958 quidem
2168 1885 2356 1940 horam
2384 1885 2518 1939 mihi
2544 1884 2800 1938 conscius
2832 1897 2953 1937 sum
2995 1896 3084 1935 me
3125 1880 3483 1945 discessisse;

1911 1979 2166 2049 quamvis
2199 1979 2386 2032 multa:
2425 1992 2490 2031 ac
2521 1991 2733 2046 magna:
2765 1975 2900 2045 justi
2935 1973 3144 2029 doloris
3184 1985 3364 2027 causa!
3394 1983 3487 2023 ac-

1912 2068 2165 2124 ciderint.
2202 2066 2308 2122 Sed
2337 2065 2472 2121 illud
2497 2065 2816 2129 statuimus,
2845 2064 2996 2117 velut
3029 2063 3085 2117 in
3111 2061 3343 2125 trutina,
3375 2075 3487 2114 mo-

1909 2159 2064 2215 lestis
2086 2158 2331 2230 jucunda
2360 2165 2728 2228 opponentes,
2755 2156 3042 2211 meliorum
3069 2161 3347 2208 momento
3366 2151 3486 2206 ani-

1907 2265 2057 2305 mum
2090 2250 2347 2320 adjicere.
2387 2247 2494 2303 Sed
2520 2247 2648 2317 quia
2690 2262 2778 2302 res
2809 2252 3030 2299 mutatae
3057 2251 3186 2299 sunt
3212 2248 3254 2313 1a
3281 2242 3485 2314 quibus

1906 2344 2133 2399 minime
2176 2341 2466 2413 oportebat
2506 2339 2561 2393 id
2610 2338 2746 2398 ﬁeri.
2792 2338 3014 2405 ignosce
3054 2343 3109 2390 et
3161 2334 3344 2401 nobis,
3387 2334 3484 2404 qui

1907 2447 2019 2486 non
2051 2431 2233 2486 animo
2257 2438 2312 2486 et
2338 2428 2606 2484 sententia
2641 2429 2858 2491 mutati,
2900 2426 2993 2482 sed
3021 2426 3272 2496 partibus
3307 2432 3487 2480 trans-

1907 2522 2073 2592 positi
2107 2536 2316 2577 sumus.
2348 2517 2462 2574 lmo
2489 2534 2620 2573 vero
2651 2533 2752 2572 nos
2784 2517 3005 2588 quidem
3053 2516 3108 2571 in
3143 2517 3336 2572 iisdem
3366 2531 3484 2571 ma-

1905 2613 2158 2669 nebimus
2191 2612 2464 2682 partibus,
2501 2608 2662 2680 383
2685 2607 2781 2663 sed
2811 2608 2903 2662 alii
2932 2614 3061 2664 sunt
3085 2608 3180 2677 qui
3220 2616 3486 2677 perpetuo

1904 2713 2364 2769 transmutantur,
2410 2712 2464 2759 et
2508 2719 2655 2757 nunc
2702 2710 2888 2773 aperte
2921 2703 3084 2758 etiam
3116 2702 3181 2757 ad
3226 2701 3484 2757 adversa-

1904 2800 2020 2854 rios
2049 2797 2441 2869 lransfugiunt.
2485 2796 2729 2864 Quorum
2780 2797 2970 2867 quanti
3009 2794 3301 2851 fecerimus
3333 2809 3484 2848 com-

1906 2892 2244 2954 munionem,
2280 2890 2527 2961 quandiu
2571 2905 2603 2943 a
2653 2891 2805 2944 sanis
2846 2888 3095 2958 partibus
3135 2887 3380 2954 stabant,
3412 2900 3483 2941 ne

1906 2983 2024 3054 ipse
2061 2982 2281 3054 quidem
2318 2981 2562 3052 ignoras.
2604 2978 2762 3035 Nunc
2805 2987 2988 3034 autem
3038 2978 3087 3034 si
3138 2992 3315 3047 neque
3356 2976 3482 3031 illo:

1909 3075 2214 3146 sequimur,
2248 3082 2304 3130 et
2331 3089 2429 3129 eos
2456 3073 2550 3143 qui
2576 3072 2717 3128 idem
2751 3087 2816 3126 ac
2842 3071 2922 3125 illi
2947 3071 3191 3126 sentiunt
3217 3068 3480 3140 fugimus,

1906 3168 2065 3223 venia
2101 3182 2233 3224 sane
2275 3166 2550 3221 immerito
2591 3165 2753 3219 nobis
2799 3164 3121 3232 denegetur,
3154 3161 3294 3238 nihil
3333 3159 3480 3215 anti-

1906 3260 2072 3332 quius
2105 3259 2336 3315 verilate
2371 3272 2435 3313 ac
2463 3258 2686 3327 propria
2719 3255 3018 3312 securitate
3048 3253 3412 3322 babentibus._

2357 3553 2692 3610 EPISTOLA
2724 3552 3019 3611 CCXLVI"

281 3665 495 3720 Basilius
518 3663 848 3731 Nicopolitani
869 3666 991 3720 cieri
1014 3666 1202 3720 animos
1223 3667 1414 3733 erigere
1435 3675 1636 3721 conatur
1657 3668 2171 3797 spse’diiivégiuauxilii,
2205 3670 2519 3738 hortaturque
2539 3677 2590 3722 ut
2611 3671 2739 3737 quod
2763 3671 2992 3723 hactenus
3011 3671 3238 3733 docuere,
3271 3685 3416 3736 opere

1839 3748 1864 3783 c
1972 3770 1983 3782 .

1839 3748 1983 3783 ctam.

790 3834 1233 3902 Νικοπολίταις.
1308 3866 1311 3869 -

291 3948 460 4012 Ὅταν
489 3946 582 4000 ἴδω
615 3945 709 4000 καὶ
745 3945 806 3998 τὸ
831 3946 999 4001 κακὸν
1034 3946 1144 4017 (16)
1177 3947 1545 4019 εὐοδούμενον,
1576 3950 1671 4004 καὶ
1697 3951 1796 4023 τὴν

213 4039 490 4112 ὑμετέραν
538 4036 822 4092 εὐλάϐειαν
874 4041 1216 4109 κεκμηκυῖαν
1269 4041 1361 4093 καὶ
1417 4041 1794 4113 ἀπαγορεύου-

215 4152 320 4188 σαν
347 4134 457 4202 (17)
495 4132 632 4204 πρὸς
670 4131 731 4185 τὸ
782 4133 1003 4202 συνεχὲς
1051 4132 1162 4186 τῶν
1201 4132 1508 4204 ὲπηρειῶν,
1558 4134 1796 4204 ἀθυμίας

210 4221 548 4296 πληροῦμαι.
576 4225 743 4278 Ὅταν
791 4224 848 4277 δὲ
887 4224 1048 4277 πάλιν
1088 4223 1188 4295 τὴν
1234 4224 1475 4296 μεγάλην
1511 4228 1668 4295 χεῖρα
1698 4225 1793 4278 τοῦ

205 4315 348 4370 Θεοῦ
404 4317 661 4386 ὲννοήσω,
709 4316 805 4368 καὶ
845 4316 928 4368 ὅτι
967 4310 1106 4368 οἶδεν
1143 4315 1402 4387 ἀνορθοῦν
1430 4318 1556 4379 τοὺς
1594 4321 1794 4390 κατερ-

2483 3836 2732 3908 Nicopoli
2739 3839 2897 3893 lanis.

1971 3948 2108 4006 Cum
2141 3949 2299 4005 video
2330 3957 2385 4004 et
2414 3950 2617 4005 malum
2659 3949 2730 4004 ad
2763 3956 2984 4021 Optatos
3011 3949 3192 4005 exitus
3225 3946 3476 4020 perduci,

1900 4051 1954 4099 et
2006 4049 2250 4098 vestram
2304 4044 2562 4114 pietatem
2608 4043 2919 4114 defetigari,
2971 4042 3325 4113 animumque
3373 4043 3477 4098 de-

1902 4136 2170 4206 spondere
2211 4136 2282 4189 ob
2323 4136 2616 4191 continuas
2666 4135 3045 4201 calamitates;
3093 4134 3356 4191 maestitia
3390 4150 3479 4192 re-

1905 4227 2082 4296 pleor.
2116 4225 2227 4281 Sed
2267 4241 2462 4281 rursus
2504 4242 2631 4281 cum
2676 4241 2932 4296 magnam
2969 4226 3066 4282 Dei
3095 4241 3317 4282 manum
3343 4242 3477 4283 con-

1899 4318 2104 4384 sidero,
2155 4333 2394 4388 eumque
2444 4333 2611 4374 nosse
2663 4328 2718 4373 et
2771 4320 3085 4376 contractos
3138 4322 3372 4392 erigere,
3419 4331 3476 4379 et

208 4408 558 4480 ῥαγμένους,
617 4409 710 4462 καὶ
777 4409 996 4480 ἀγαπᾷν
1056 4407 1329 4474 δικαίους,
1383 4411 1690 4481 συντρίϐειν
1734 4410 1791 4464 δὲ

1922 4418 2076 4465 ustos
2123 4411 2372 4480 diligere,
2429 4411 2706 4481 superbos
2757 4426 2889 4467 vero
2926 4423 3230 4481 conterere,
3276 4424 3332 4470 et
3376 4431 3475 4485 po-

206 4498 614 4572 ὖπερηφάνους,
644 4501 739 4555 καὶ
783 4498 1066 4573 καθαιρεῖν
1107 4499 1215 4553 ἀπὸ
1254 4499 1456 4572 θρόνων
1495 4501 1786 4566 δυνάστας·

288 4654 701 4730 (δλΤῆςησῆς
755 4653 1013 4730 ἀγάπης.
1065 4653 1325 4730 Nonnulli
1383 4669 1520 4730 mss.
1570 4655 1792 4726 ἀγάπης

1896 4508 2075 4556 tentes
2126 4501 2366 4570 deksuis
2423 4503 2646 4559 sedibus
2695 4504 2971 4574 dejicere;
3034 4521 3228 4562 rursus
3273 4508 3472 4562 immu-

1899 4656 2010 4712 letii
2045 4665 2272 4733 vocatur
2309 4658 2564 4724 σύνταξις
2617 4659 2674 4733 in
2723 4662 2897 4733 epist.
2926 4661 3050 4715 214.
3082 4661 3376 4733 Gregorius
3405 4663 3472 4719 de

207 4725 344 4801 σού,
363 4725 479 4782 Sed
517 4727 687 4781 Coisl.
736 4725 950 4801 primus
981 4731 1053 4801 et_
1076 4725 1217 4801 Med.
1263 4727 1613 4801 consentiunt
1634 4741 1788 4801 Lcum
1822 4787 1867 4801 _
1897 4729 2290 4801 monachorum
2331 4741 2511 4794 cmtu,
2548 4731 2642 4800 qui
2689 4725 2768 4801 ab
2799 4731 2975 4801 ipsius
3019 4725 3473 4801 patris'conunu-

201 4797 392 4868 editis,
425 4806 653 4868 excepto
693 4795 1000 4868 [ιιιορερᾕί
1026 4795 1323 4868 baberent
1343 4796 1566 4868 ἀγάπης
1598 4796 1718 4868 σῇς.

279 4867 357 4938 (7)
390 4863 773 4938 Διακοῇἦσὰι.
799 4865 892 4920 Sic
922 4863 1063 4938 Med.
1094 4872 1150 4921 et
1179 4865 1349 4938 Coisl.
1381 4863 1611 4938 primus.
1636 4863 1789 4938 Editi

199 4935 547 5008 διακομίσαι.
592 4936 713 4990 Non
756 4943 934 5008 exstat
961 4935 1347 5008 luecepistola
1396 4936 1451 5008 i_n
1483 4936 1608 5008 cod.
1633 4935 1785 5008 Harl,

1819 4787 1871 4846 D
1897 4797 2062 4852 nione
2101 4787 2616 4882 discessteralnu:ait:L
2631 4787 3033 4882 μεθαρμόζεταί
3054 4803 3169 4882 ⁸κα.)
3197 4803 3470 4882 μετᾳτάσ-

1898 4883 2070 4942 σετριι,
2103 4877 2240 4942 orat.
2273 4869 2326 4930 5,
2363 4885 2418 4938 p.
2450 4870 2538 4942 5i.
2577 4869 2822 4942 Basilius
2851 4871 3001 4924 hom.
3046 4871 3072 4925 1
3118 4869 3210 4924 υέ
3241 4871 3468 4942 jejunio,

1896 4937 2032 5012 p.A8,
2057 4938 2246 5012 eadem
2277 4937 2412 5012 voce
2447 4941 2638 5012 utitur,
2689 4941 2756 4996 de
2792 4957 2858 4996 eo
2897 4943 3156 5011 loquens,
3199 4937 3304 5012 qui
3335 4944 3469 4997 reli-

277 5004 717 5084 (8)'_Tcytdtt_ate.
754 5005 980 5061 Addunt
1006 5004 1363 5075 θᾱίιῖάδελφὲ
1398 5004 1642 5076 Θεόφιλε.
1679 5007 1787 5064 Sed

1914 5007 2204 5084 :tis_carnis
2246 5010 2497 5084 partibus
2527 5011 2596 5065 ad
2628 5012 2880 5081 spiritum
2904 5004 3196 5078 transiges
3217 5004 3381 5084 ’πρὸς
3407 5013 3470 5066 τὸ

200 5077 558 5133 haec'desunt
589 5078 646 5130 in
672 5084 878 5133 sentem
910 5090 1046 5128 mss.

298 5147 353 5216 9)
372 5148 575 5219 Ὥραν.
601 5147 694 5201 Sic
713 5143 852 5219 Med.
881 5152 937 5200 et
959 5143 1124 5200 Coisl.
1141 5145 1370 5219 primus.
1382 5143 1783 5219 Δ1ἓὶόὶῑίημέρσιν.

298 5153 353 5216 9)
373 5153 575 5216 Ὥραν.
601 5153 694 5201 Sic
715 5153 852 5200 Med.
881 5153 937 5200 et
959 5153 1124 5200 Uoisl.
1141 5153 1370 5214 primus.
1395 5153 1783 5219 Εαίῑίημέραν.

197 5153 738 5358 Ρέἔὲΰωέὐλόγυυ.
792 5213 947 5270 Hanc
985 5230 1177 5270 vocem
1233 5215 1544 5271 addidimus
1583 5235 1652 5272 ex
1699 5235 1785 5274 se-

1893 5077 2108 5150 πνεῦμα
2160 5079 2619 5150 μεταταξάμενος.

2103 5145 2458 5224 νΕωςμῆσατςξ
2499 5151 2911 5224 Coisl._primus
2937 5152 3042 5215 ἕως
3071 5152 3138 5224 ἂν
3161 5147 3324 5224 ἦσαν.

1963 5219 2073 5288 (15)
2109 5219 2375 5291 Δικαίως.
2410 5219 2552 5274 Med.
2583 5228 2638 5275 et
2661 5219 2830 5275 Cbisl.
2859 5224 3065 5291 primus
3089 5219 3322 5286 δικαίας.

1963 5288 2223 5360 (16)Καὶ
2247 5289 2314 5342 τὸ
2353 5291 2560 5344 κακόν.
2602 5288 2934 5360 conjunctio
2972 5293 3152 5346 addita
3201 5309 3268 5348 ex
3299 5292 3467 5349 Medi-

275 5357 849 5432 (ll)_’Arc¢rt0érceg.
875 5359 952 5415 Ita
971 5355 1142 5415 Coisl.
1167 5357 1380 5428 primus
1409 5372 1534 5412 cum
1563 5357 1782 5416 duobus

1914 5355 2022 5416 τωο.
2056 5355 2249 5432 Coisl.,
2287 5369 2528 5432 utroque
2560 5371 2623 5430 et
2668 5355 2837 5432 [legio
2892 5364 3090 5432 primo.
3133 5363 3293 5419 Deest
3349 5366 3466 5421 haec

197 5426 347 5483 aliis.
370 5426 529 5482 ’Editi
567 5430 896 5494 ἀντιθέντες.

271 5497 386 5567 (12)
430 5497 550 5574 Τὴν
600 5499 860 5574 γνώμην.
908 5499 1090 5574 Co_dex
1131 5495 1424 5574 Medicaeus
1460 5501 1526 5569 τῇ
1562 5499 1776 5574 γνώμῃ.

196 5567 358 5640 Idem
375 5571 537 5640 paulo
569 5567 890 5640 postr'babet
906 5569 1064 5624 τοῦτο
1085 5569 1350 5640 γίνεσθαι,

273 5638 386 5707 (15)
460 5638 585 5706 Τὴν
608 5638 800 5704 τάξιν.
849 5640 904 5694 ld
940 5649 1048 5704 est,
1081 5654 1189 5709 non
1217 5638 1328 5705 jam
1354 5654 1546 5693 sumus
1573 5639 1626 5692 in
1655 5656 1775 5709 par-

199 5708 347 5764 tibus
376 5715 429 5764 et
462 5711 846 5768 communione
877 5708 1168 5768 Eustathii.
1214 5709 1542 5765 Communio
1575 5710 1631 5764 S.
1656 5708 1773 5768 Me-

1888 5431 2116 5501 epistola
2154 5432 2208 5483 in
2250 5426 2447 5501 codice
2487 5426 2792 5485 llarlteano.

1961 5500 2073 5567 (17)
2125 5500 2659 5576 Ἀςξιιγρρεύουσαιρ.
2691 5502 2766 5554 Ita
2795 5500 2966 5556 Coist.
2992 5510 3220 5575 uterque
3242 5513 3304 5560 .et
3326 5502 3459 5576 Reg.

1887 5584 2136 5639 uterque.
2177 5570 2829 5641 ΕιΙιιίλαπαγορεύσασαν.

1955 5647 1972 5662 ‘
2011 5643 2162 5696 Alias
2185 5639 2665 5712 (ᾉξῼλὶίηὸυιίὶριυ
2698 5658 2842 5696 anno
2873 5641 2994 5698 576.

1959 5715 1993 5734 ’⁸
2027 5712 2177 5769 Alias
2212 5709 2394 5767 LXVI.
2420 5709 2636 5783 Scripta
2671 5727 2816 5768 anno
2848 5712 2973 5769 576.
