3856 6224
374 285 481 342 927

1682 283 1742 340 S.
1783 280 2029 339 BASlLll
2070 276 2287 336 MAGM

3550 277 3659 334 928

377 408 528 454 talus
580 411 677 468 spe
734 400 1003 467 concepta
1053 395 1265 451 allevor
1313 414 1326 449 :
1374 407 1440 448 ac
1496 394 1713 449 conlido
1757 395 1957 451 vestris

2074 391 2222 446 πάλιν
2259 390 2578 462 μεταϐαλὼν
2628 390 2955 462 κουφότερος
3005 389 3228 459 γίνομαι
3272 392 3392 452 ταῖς
3446 389 3659 443 ἐλπίσι·

378 491 635 562 precibus
693 488 980 552 futurum,
1041 496 1101 542 ut
1172 487 1404 542 celerem
1475 486 1639 543 nobis
1693 485 1965 541 Dominus

377 596 566 652 pacem
626 580 905 636 ostendat.
974 577 1211 633 Tantum
1276 591 1345 631 ne
1412 574 1789 648 defatigemini
1839 589 1966 648 pre-

376 672 558 728 cando
617 690 632 727 :
689 671 787 728 sed
844 686 969 741 qua:
1024 670 1209 725 verbis
1262 670 1503 734 docetis,
1565 684 1754 725 eorum
1805 683 1955 722 nunc

379 779 550 835 opere
593 765 747 818 clara
779 763 1040 818 omnibus
1087 760 1304 817 studete
1341 762 1593 832 exempla
1626 774 1953 832 proponere.

819 1044 1149 1101 EPISTOLA
1186 1044 1507 1102 CCXLVll'.

2070 484 2167 538 καὶ
2212 479 2329 538 οἶδα
2354 523 2370 549 ,
2412 484 2494 536 ὅτι
2545 483 2634 538 διὰ
2686 482 2794 536 τῶν
2849 481 3167 553 προσευχῶν
3222 480 3377 552 ὑμῶν
3426 483 3661 551 ταχεῖαν

2069 574 2232 639 δείξει
2277 576 2408 645 ἡμῖν
2444 573 2555 645 (18)
2605 577 2635 627 ὁ
2687 572 2891 645 Κύριος
2931 573 3031 644 τὴν
3072 572 3331 644 γαλήνην.
3367 572 3551 625 Μόνον
3584 575 3659 644 μὴ

2069 663 2397 735 ἀποκάμητε
2428 664 2541 733 (19)
2571 663 2993 735 προσευχόμενοι
3012 680 3026 693 ·
3055 661 3168 715 ἀλλ’
3197 657 3271 716 ὧν
3310 660 3491 731 λόγοις
3531 662 3660 715 ἐστὶ

2059 754 2394 819 διδάσκαλοι,
2438 754 2645 808 τούτων
2698 755 2791 808 ἐπὶ
2827 754 2923 808 τοῦ
2967 754 3232 826 παρόντος
3275 752 3467 824 καιροῦ
3506 753 3663 824 ἔργῳ

2060 844 2227 896 πᾶσιν
2250 843 2456 916 ἐναργῆ
2486 842 2823 898 σπουδάσατε
2869 842 3147 896 ποοθεῑναι
3179 840 3292 915 (20)
3323 841 3393 897 τά
3434 841 3656 897 ὑποδεί-

2059 951 2266 1007 γματα.

2552 1050 2902 1103 ΕΠΙΣΤΟΛΗ
2937 1050 3109 1106 ΣΜΖ’.

378 1159 746 1226 Nicopolim
767 1158 893 1211 inter
908 1172 1153 1213 teriunnas
1176 1173 1262 1224 spe
1283 1157 1438 1211 divini
1456 1157 1636 1211 auxilii
1657 1160 2291 1288 cmiwtilrzkscazuzgttit“
2310 1161 2511 1215 illorum
2530 1165 2674 1217 rebus
2701 1178 2813 1217 cum
2831 1163 3180 1230 potentioribus
3205 1179 3326 1218 oms
3342 1174 3389 1219 et
3408 1180 3588 1219 coram
3605 1173 3654 1219 et

985 1329 1034 1385 Ν
1038 1331 1398 1402 icopolitanis.

445 1448 584 1504 Cum
636 1447 944 1503 sanctitatis
998 1455 1197 1503 vestra:
1245 1447 1455 1502 litteras
1509 1445 1657 1516 legi,
1685 1453 1954 1517 quantum

377 1539 617 1611 ingemui
645 1547 701 1595 et
726 1539 1061 1595 lamentatus
1091 1554 1248 1601 sum,
1296 1537 1442 1609 quod
1471 1538 1606 1594 meis
1652 1537 1825 1608 ipsius
1854 1552 1955 1591 au-

378 1633 529 1687 ribus
564 1631 678 1686 haec
722 1630 884 1687 etiam
916 1631 1058 1685 mala
1090 1630 1448 1701 accepissem,
1481 1628 1702 1685 verbera
1741 1637 1796 1682 et
1820 1642 1946 1682 con-

2548 1335 2979 1403 Νικοπολίταις
3009 1335 3150 1407 (21).

2132 1444 2263 1500 Ὅτε
2286 1446 2538 1517 ἐνέτυχον
2566 1449 2680 1511 τοῖς
2702 1448 2996 1520 γράμμασι
3032 1448 3135 1518 τῆς
3165 1447 3445 1520 ὁσιότητος
3471 1450 3652 1521 ὑμῶν,

2059 1533 2183 1589 ὅσον
2213 1536 2477 1603 ἐστέναξα
2512 1536 2606 1591 καὶ
2630 1536 2948 1609 ὠδυράμην,
2972 1538 3058 1592 ὅτι
3085 1536 3181 1591 καὶ
3200 1535 3378 1591 ταῦτα
3402 1538 3477 1591 τά
3503 1538 3655 1593 κακά

2058 1628 2180 1690 ταῖς
2219 1627 2460 1699 ἐμαυτοῦ
2499 1629 2692 1693 ἀκοαῖς
2739 1628 3106 1700 ὑπεδεξάμην,
3152 1627 3367 1699 πληγὰς
3414 1629 3515 1702 μὲν
3555 1630 3655 1685 καὶ

376 1723 631 1779 tumelias
662 1725 718 1778 in
748 1739 848 1780 vos
892 1723 1063 1793 ipsos,
1095 1722 1568 1793 depopulationem
1613 1720 1830 1784 aedium,
1877 1720 1957 1775 ci-

2074 1717 2248 1790 SGpeu;
2277 1721 2357 1783 εἰς
2383 1721 2529 1791 ὑμᾶς
2557 1722 2776 1786 αὐτοὺς,
2796 1722 3059 1796 πόρθησιν
3082 1722 3140 1777 δέ
3170 1722 3367 1788 οἴκων,
3393 1724 3489 1777 καὶ
3516 1724 3655 1796 ἐρή-

375 1815 564 1871 vitatis
588 1816 924 1880 vastitatem,
973 1814 1159 1886 patriae
1195 1814 1362 1868 totius
1410 1813 1772 1877 eversionem,
1805 1827 1963 1867 vexa-

376 1908 580 1961 tionem
634 1904 891 1961 Ecclesiaa
922 1945 939 1971 ,
992 1904 1341 1960 sacerdotum
1402 1894 1823 1975 expulsionem,
1875 1904 1963 1959 in-

377 1997 685 2053 cursionem
744 1996 1021 2067 luporum,
1074 2004 1130 2052 et
1168 1995 1347 2067 gregis
1394 1994 1808 2065 dispersionem.
1854 1994 1962 2050 Sed

378 2096 662 2160 postquam
707 2088 919 2144 cessavi
969 2088 1245 2158 ingemere
1281 2101 1345 2141 ac
1381 2073 1672 2157 laerymari
1698 2123 1715 2151 ,
1749 2085 1823 2140 ad
1861 2083 1963 2140 Do-

377 2181 625 2246 minum,
670 2179 766 2251 qui
818 2180 875 2234 in
930 2178 1090 2234 cretis
1141 2185 1275 2242 est,
1331 2178 1673 2248 respiciens,
1714 2176 1866 2241 novi,
1908 2184 1964 2231 et

377 2286 699 2342 persuasum
764 2271 980 2335 habeo,
1041 2270 1189 2341 quod
1252 2276 1308 2325 et
1370 2268 1529 2325 vobis
1588 2280 1780 2324 notum
1837 2283 1961 2324 esse

381 2365 521 2428 volo,
547 2365 782 2419 celerem
814 2361 1124 2419 adfuturam
1151 2376 1332 2433 opem,
1400 2377 1502 2417 nec
1530 2372 1845 2432 perpetuam
1868 2362 1962 2417 de-

380 2458 715 2514 relictionem
784 2455 1045 2511 futuram.
1112 2454 1265 2522 Quod
1327 2454 1474 2510 enim
1534 2454 1683 2526 passi
1725 2469 1956 2518 sumus,

380 2552 446 2607 ob
481 2561 699 2622 peccata
755 2557 941 2605 nostra
970 2548 1117 2619 passi
1164 2562 1403 2615 sumus;
1442 2547 1537 2602 sed
1579 2560 1736 2615 opem
1777 2560 1956 2609 suam,

380 2643 445 2698 ob
474 2657 633 2697 suum
664 2640 718 2695 in
759 2638 1034 2694 Ecclesias
1082 2651 1323 2692 amorem
1375 2649 1440 2690 ac
1486 2631 1954 2696 misericordiam,

380 2733 641 2803 oenignus
670 2730 941 2785 ostendet.
991 2726 1214 2782 Minime
1244 2733 1426 2780 tamen
1462 2724 1751 2780 omisimus
1778 2731 1833 2778 et
1859 2736 1957 2777 co—

2069 1827 2241 1882 μωσιν
2263 1812 2487 1876 πόλεως,
2519 1815 2615 1866 κα)¹
2638 1813 2893 1886 πατρίδος
2909 1815 3039 1886 ὅλης
3058 1814 3391 1887 ἀνατροπὴν,
3409 1815 3656 1885 διωγμὸν

2078 1901 2406 1974 Ἑκκλησίας
2450 1904 2544 1958 καὶ
2588 1905 2766 1977 φυγὴν
2816 1905 3029 1978 ἱερέων,
3056 1908 3424 1961 ἐπανάστασιν
3446 1905 3654 1970 λύκων,

2064 1994 2159 2047 καὶ
2208 1995 2473 2066 ποιμνίων
2521 1996 2842 2068 διασπορὰν.
2897 1997 3037 2051 Ἀλλ’
3084 1997 3273 2070 ἐπειδὴ
3321 1997 3657 2069 ἐπαυσάμην

2060 2082 2155 2137 τοῦ
2187 2084 2493 2157 στεναγμοῦ
2525 2087 2617 2139 καὶ
2650 2086 2759 2140 τῶν
2791 2086 3068 2158 δακρύων,
3103 2088 3243 2159 πρὸς
3269 2087 3361 2141 τὸν
3394 2089 3454 2140 ἐν
3481 2088 3656 2158 ούρα-

2060 2175 2174 2238 νοτς
2194 2175 2470 2247 Δεσπότην
2491 2175 2824 2246 ἀποϐλέψας,
2854 2174 2970 2231 οἶδα
3000 2178 3092 2231 καὶ
3129 2179 3458 2249 πέπεισμαι,
3493 2177 3523 2230 ὃ
3560 2177 3657 2230 καὶ

2061 2264 2206 2335 ὑμᾶς
2233 2263 2521 2334 γινώσκειν
2564 2266 2847 2337 βούλομαι,
2879 2268 2963 2322 ὅτι
3003 2271 3197 2340 ταχεῖα
3236 2270 3390 2324 ἐσται
3431 2273 3466 2343 ἡ
3505 2272 3657 2325 ἀντί⁸

2060 2354 2242 2425 ληψις,
2282 2356 2379 2409 καὶ
2418 2357 2518 2410 οὐκ
2562 2359 2643 2422 εἰς
2686 2358 2840 2423 τέλος
2882 2359 3037 2413 ἔσται
3074 2362 3107 2431 ἡ
3153 2361 3558 2433 ἐγκατάλειψις.
3588 2364 3656 2417 ⁸0

2062 2447 2161 2517 μὲν
2188 2446 2297 2519 γὰρ
2322 2448 2689 2519 πεπόνθαμεν,
2713 2449 2805 2504 διὰ
2835 2450 2934 2515 τὰς
2955 2452 3229 2524 ἁμαρτίας
3259 2454 3414 2526 ἡμῶν
3444 2455 3653 2509 πεπόν-

2058 2536 2252 2608 θαμεψ
2284 2537 2382 2610 τὴν
2413 2538 2469 2591 δὲ
2506 2539 2669 2593 αὑτοῦ
2715 2540 2969 2613 βοήθειαν
3000 2542 3089 2596 διὰ
3124 2544 3222 2614 τὴν
3250 2545 3379 2616 περὶ
3409 2545 3653 2608 τάςῈκ-

2057 2632 2286 2703 κλησίας
2329 2633 2522 2687 ἑαυτοῦ
2570 2635 2792 2707 ἀγάπην
2828 2637 2922 2689 καὶ
2962 2637 3366 2709 εὐσπλαγχνίαν
3402 2642 3432 2690 ό
3466 2640 3654 2709 φιλάν-

2057 2725 2273 2798 θρωπος
2305 2725 2649 2793 ἐπιδείξεται.
2668 2727 2743 2781 Οὐ
2767 2728 2949 2799 μέντοι
2978 2730 3353 2802 παρελίπομεν
3385 2733 3481 2786 καὶ
3512 2750 3652 2807 παρ-

381 2839 494 2878 ram
526 2822 834 2893 supplicare
877 2817 1275 2890 potentioribus
1302 2815 1438 2871 viris
1470 2856 1486 2883 ,
1536 2822 1592 2870 et
1640 2818 1709 2868 ad
1736 2827 1832 2868 eos
1862 2810 1956 2881 qui

2074 2816 2204 2881 ἰντες
2233 2816 2346 2887 (22)
2387 2819 2515 2882 τοὺς
2544 2821 2603 2872 ἐν
2663 2819 2893 2891 δυνάμει
2930 2821 3396 2887 καθικετεύοντες,
3431 2827 3526 2878 καὶ
3559 2825 3651 2878 ἐπὶ

381 2930 479 2971 nos
511 2914 566 2968 in
615 2914 739 2968 aula
772 2910 1030 2983 diligunt,
1072 2909 1348 2972 scribere,
1397 2913 1458 2960 ut
1509 2903 1689 2959 rabidi
1718 2901 1956 2957 hominis

2074 2906 2150 2960 τοῦ
2190 2908 2553 2979 στρατοπέδου
2588 2912 2699 2973 τοῖς
2736 2909 3024 2979 ἀγαπῶσιν
3058 2914 3206 2983 ἡμᾶς
3244 2914 3651 2979 ἐπιστέλλοντες

381 3020 458 3060 ιη
491 3003 904 3075 comprimatur.
942 3000 1020 3055 Ac
1059 3000 1177 3055 fore
1204 2998 1444 3052 arbitror
1469 3006 1527 3050 ut
1549 3011 1580 3049 a
1612 2995 1797 3050 multis
1822 3008 1956 3048 con-

2058 2997 2411 3068 ἐπισχεθῆναι
2432 2999 2533 3069 τῆς
2558 3000 2728 3071 ὀργῆς
2749 3000 2841 3053 τὸν
2862 2999 3167 3057 λυσσῶντα.
3192 3003 3302 3056 Καὶ
3319 3000 3473 3074 οἶμαι
3499 3004 3651 3075 παρᾶ

383 3096 687 3160 demnetur,
716 3093 824 3150 nisi
856 3092 996 3148 forte
1040 3098 1258 3160 tempus
1284 3085 1707 3159 perturbationis
1733 3084 1951 3155 plenum

2074 3088 2265 3142 ωλλῶν
2286 3090 2438 3161 ἥξειν
2478 3091 2628 3162 αὐτῷ
2651 3091 3021 3161 κατάγνωσιν,
3053 3092 3149 3147 ἐὰν
3180 3093 3255 3165 μὴ
3281 3094 3391 3167 ἄρα
3412 3098 3441 3149 ό
3459 3094 3652 3165 καιρὸς

382 3190 496 3250 tris,
532 3186 624 3256 qui
661 3201 775 3241 rem
812 3183 1083 3256 publicam
1114 3189 1314 3252 gerunt
1341 3216 1358 3244 ,
1407 3178 1541 3233 nihil
1583 3177 1651 3232 ad
1699 3176 1804 3231 ista
1855 3173 1953 3229 otii

383 3280 681 3345 reliquerit.

705 3454 871 3529 384
900 3451 1239 3510 EPISTOLA
1266 3448 1607 3507 CCXL\’lll'.
1660 3528 1667 3534 .

384 3618 539 3671 linus
560 3615 810 3668 molestum
834 3610 1018 3665 Basilio
1037 3611 1208 3672 abesse,
1224 3605 1631 3672 Amphilochium,
1651 3618 1714 3672 eo_
1728 3605 1858 3672 quod

2061 3178 2293 3251 θορύϐου
2339 3181 2451 3251 (25)
2509 3182 2943 3254 πεπληρωμένος
3009 3185 3279 3256 μηδεμίαν
3323 3186 3401 3258 δῷ
3453 3186 3651 3259 σχολὴν

2061 3270 2192 3342 περὶ
2222 3269 2395 3324 ταῦτα
2426 3274 2542 3336 τοῖς
2574 3274 2669 3327 ἐπὶ
2698 3273 2807 3327 τῶν
2833 3277 3197 3346 πραγμάτων.

2584 3451 2930 3507 ΕΠΙΣΤΟΛΗ
2958 3454 3142 3512 ZMH'.

1874 3606 2046 3680 ρυεέςμ
2068 3609 2399 3680 peremisse
2417 3594 2925 3680 Machameum
2940 3612 3227 3680 επκδίοιιενη
3265 3614 3506 3680 seuiente-
3537 3617 3653 3679 oui-

436 3667 701 3743 assam
722 3674 972 3743 Asclepios
993 3687 1056 3727 ea:
1076 3670 1235 3740 plagis
1265 3667 1501 3722 mortuus.
1529 3673 1676 3734 Spem
1696 3667 1834 3721 habet
1856 3667 2078 3722 Basilius
2091 3669 2145 3722 in
2163 3667 2499 3735 Amphilochii'
2509 3673 2734 3738 precibus
2746 3667 2954 3738 ,"monet
2971 3667 3028 3727 't'u
3056 3675 3213 3727 mittat
3233 3676 3320 3743 qui
3356 3667 3657 3732 librum‘lk

438 3742 625 3806 Spiritu
660 3748 829 3791 sancto
852 3738 997 3801 ferat.

694 3864 1084 3936 Amphilochia,
1122 3861 1294 3918 Iconii
1333 3862 1601 3931 episcopo.

453 3981 531 4035 Ad
576 3977 911 4035 desiderium
967 3983 1219 4031 nostrum
1268 3973 1397 4028 dum
1439 3971 1810 4041 respicimus,
1863 3983 1964 4022 an-

384 4088 561 4144 gimur
587 4070 734 4141 quod
764 4078 1051 4140 tantopere
1100 4083 1131 4121 a
1164 4074 1256 4119 tua
1301 4065 1503 4135 pietate
1534 4064 1706 4118 simus
1731 4061 1917 4117 dissiti
1943 4077 1956 4113 :

386 4164 513 4219 dum
539 4177 670 4218 vero
705 4162 770 4216 ad
806 4170 913 4216 tua:
954 4159 1080 4215 vita:
1121 4156 1595 4227 tranquillitatem,
1630 4152 1834 4224 gratias
1859 4168 1963 4223 ago

387 4255 615 4311 Domino
641 4295 657 4323 ,
699 4254 793 4324 qui
821 4259 972 4308 tuam
1018 4251 1276 4323 pietatem
1312 4247 1515 4303 exemit
1543 4246 1613 4301 ab
1645 4245 1747 4299 hoc
1774 4243 1965 4299 inceno

2351 3866 2732 3937 Ἀμφιλοχίῳ,
2759 3868 3075 3935 ἐπισκόπῳ
3089 3869 3365 3925 Ἰκονίου.

2141 3973 2310 4028 Ὅταν
2360 3976 2459 4046 μὲν
2499 3978 2635 4050 πρὸς
2676 3978 2774 4052 τὴν
2815 3960 3090 4054 ἡμετέραν
3135 3982 3315 4037 αὐτῶν
3356 3984 3654 4057 ἐπιθυμίαν

2069 4065 2369 4138 ἀπίδωμεν,
2392 4069 2671 4141 ἀχθόμεθα
2704 4073 2958 4128 τοσοῦτον
2993 4074 3342 4147 διῳκισμένοι
3370 4077 3470 4148 τῆς
3493 4077 3653 4130 εὐλα-

2069 4156 2223 4220 ϐείας
2266 4174 2381 4211 σου’
2435 4160 2563 4215 ὅταν
2608 4162 2664 4216 δὲ
2712 4164 2849 4236 πρὸς
2888 4164 2949 4219 τὸ
2989 4167 3264 4238 εἰρηνικὸν
3306 4167 3406 4237 τῆς
3455 4166 3650 4223 σαυτοῦ

2068 4244 2376 4316 διαγωγῆς,
2439 4250 2868 4325 εὐχαριστοῦμεν
2922 4254 3001 4326 τῷ
3056 4254 3278 4327 Κυρίῳ,
3336 4256 3418 4327 τῷ
3477 4257 3650 4323 ἐξελο-

387 4348 498 4409 dio,
520 4345 667 4418 quod
696 4344 955 4413 majorem
988 4343 1045 4398 in
1084 4342 1304 4397 modum
1343 4336 1682 4410 provinciam
1715 4342 1957 4390 nostram

2074 4339 2219 4410 μένῳ
2265 4339 2377 4412 (24)
2428 4344 2528 4415 τὴν
2570 4345 2858 4401 εύλάϐειάν
2900 4365 2995 4401 σου
3042 4348 3150 4402 ἀπὸ
3186 4347 3279 4402 τοῦ
3320 4349 3649 4422 ἐμπρησμοῦ

388 4438 707 4493 devastavit.
773 4434 933 4490 Dedit
991 4434 1135 4490 enim
1198 4431 1358 4487 nobis
1417 4429 1721 4485 secundum
1774 4436 1957 4485 nostra

2074 4430 2283 4495 τούτου,
2329 4432 2389 4497 ὃς
2431 4434 2592 4488 πλέον
2633 4438 2959 4510 ἐπενείματο
2989 4440 3089 4511 τὴν
3125 4439 3248 4494 καθ’
3276 4439 3423 4510 ἡμᾶς
3461 4458 3652 4512 παροι-

388 4544 552 4601 opera
601 4528 780 4590 iustus
834 4525 1006 4597 judex
1065 4524 1316 4596 angelum
1379 4520 1633 4586 Satanae,
1710 4522 1803 4590 qui
1856 4534 1954 4575 nos

2074 4521 2207 4576 κίαν.
2247 4523 2455 4578 ’Ἔδωκε
2495 4525 2606 4599 γὰρ
2652 4529 2785 4600 ἡμῖν
2831 4531 2974 4585 κατὰ
3034 4531 3105 4586 τὰ
3140 4532 3276 4604 ἔργα
3315 4533 3475 4604 ἡμῶν
3514 4535 3543 4585 ὁ
3574 4534 3651 4587 δι-

459 4687 481 4709 ’
508 4686 657 4741 Alias
682 4682 840 4740 CXC.
875 4682 1112 4753 Scriptta
1144 4694 1288 4733 anno
1321 4678 1447 4753 579ζ

458 4760 501 4781 ’⁸
531 4755 680 4811 Alias
699 4753 945 4810 CCCCV.
969 4747 1184 4821 Scripta
1212 4765 1357 4803 anno
1388 4747 1512 4821 ’.576Σ

628 4824 821 4912 ξΗμῖν.
852 4825 931 4880 Ita
958 4816 1129 4878 Coisl.
1156 4830 1384 4892 uterque
1417 4826 1472 4874 et
1501 4816 1635 4890 Reg.
1672 4818 1967 4875 secundus.

392 4896 706 4968 Εάίιὶὑμῖν.

468 4967 580 5032 (l9)
632 4965 1025 5034 Ἀποκὰμητε.
1070 4960 1164 5016 Sic
1216 4958 1381 5034 Med,
1432 4958 1603 5015 Coisl.
1656 4966 1885 5031 uterque
1921 4967 1976 5014 et

395 5036 600 5113 Regius
630 5032 866 5113 primus.
904 5035 1046 5113 Editi
1064 5032 1449 5113 ἀποκάμοιτε.

468 5097 581 5178 ι’ῖὶυ)
619 5097 949 5177 Προθεῖναι.
979 5103 1151 5159 Coisl.
1208 5097 1421 5172 primus
1474 5107 1527 5156 et
1567 5098 1690 5154 Vat.
1719 5097 1975 5172 προσθεί-

392 5196 578 5315 Ἡῖὲι)
610 5246 1053 5311 Νικοπολίταις.
1088 5242 1271 5315 Codex
1316 5240 1779 5315 Claromontanus
1820 5242 1972 5298 addit

397 5313 945 5390 npsc6urepmg._Qu_i
979 5315 1200 5390 quidem
1226 5313 1419 5390 titulus
1443 5313 1755 5390 confirmari
1789 5320 1969 5390 potest

397 5381 464 5470 ei
494 5381 776 5471 codicibns
825 5381 1012 5467 Med..-
1030 5385 1205 5471 iloisl.
1243 5384 1431 5465 primo
1452 5392 1517 5471 ‘et
1549 5381 1719 5471 Regio
1749 5381 1963 5471 primo,

400 5459 455 5512 in
486 5460 685 5527 quibus
708 5460 821 5512 haec
848 5456 1078 5526 epistola
1103 5456 1348 5524 proxime
1376 5454 1650 5534 antecedit
1676 5455 1965 5521 epistolam
2147 5454 2261 5594 (23)
2294 5456 2578 5534 Θορύϐου.
2610 5455 2782 5510 Coisl.
2812 5457 3020 5527 primus
3050 5454 3314 5527 θορύϐων.

397 5527 507 5604 ἳξθ
540 5528 613 5604 ad
657 5529 1005 5604 presbyteros
1050 5540 1175 5579 cum
1219 5524 1508 5604 boetitulo
1543 5532 1823 5604 scriptam,
1856 5528 1967 5589 τοῖς
2077 5595 2123 5604 __
2169 5525 2390 5604 ξυρῷ
2426 5525 2781 5604 ἐξελομένῳ.
2833 5526 3002 5583 Coisl.
3050 5529 3259 5598 primus
3298 5524 3633 5599 ἐξελουμέμει

402 5598 609 5661 αὐτοῖς.
659 5594 836 5651 Ὁτιάὰ
860 5605 1148 5667 utramque
1195 5594 1530 5667 presbyteris
1559 5595 1817 5667 scriptam
1845 5611 1957 5649 esse

2077 5595 2215 5653 Med.
2243 5595 2419 5661 ἐξειλα
2429 5598 2587 5667 αένῳ.

404 5667 770 5742 colligendum
800 5675 964 5722 esset.
995 5662 1097 5723 Sed
1122 5662 1319 5720 melius
1354 5662 1525 5719 Codex
1560 5662 1875 5732 Vaticanus,
1911 5667 1964 5721 in
2180 5692 2183 5695 -

2077 4692 2188 4760 quo
2211 4678 2326 4760 haec
2353 4680 3051 4760 ep‘i_stola_ducentesimam
3082 4685 3415 4760 trigesimam
3441 4686 3508 4740 ad
3536 4702 3650 4760 ma-

2079 4750 2348 4826 gistratus
2385 4750 2799 4826 Iflicppolitanos
2831 4756 3093 4826 scriptam
3127 4750 3374 4826 proxime
3406 4758 3654 4825 sequitur

2080 4835 2206 4873 cum
2246 4820 2351 4873 hoc
2381 4820 2559 4885 titulo,
2599 4826 2714 4887 τοῖς
2748 4820 2961 4888 αὐτοῖς,
2987 4820 3195 4881 iisdem.
3230 4825 3311 4879 Ad
3341 4820 3561 4881 eosdem
3590 4828 3654 4880 li-

2082 4888 2304 4964 bentius
2334 4892 2613 4964 retulerim
2647 4894 2788 4949 banc
2810 4896 3119 4964 epistolam,
3154 4897 3239 4951 vel
3273 4895 3341 4950 ad
3371 4896 3539 4951 cives.
3564 4894 3652 4948 Vi-

2081 4959 2244 5014 detur
2271 4960 2418 5042 enitn
2461 4961 2655 5042 iisdem
2700 4964 2768 5019 de
2808 4959 2974 5042 rélgts
3018 4959 3285 5042 agereac
3319 4966 3650 5042 plageedens,

2081 5044 2205 5102 quae
2235 5031 2453 5087 clericis
2484 5034 2686 5102 scripta
2732 5044 2836 5090 est.
2885 5031 3154 5090 Praeterea
3195 5037 3283 5091 his
3311 5031 3511 5100 verbis,
3538 5052 3649 5089 uer-

2082 5099 2208 5174 bera
2235 5110 2285 5155 et
2310 5099 2655 5159 contumelias
2690 5105 2744 5159 in
2788 5122 2874 5160 vos
2905 5107 3068 5174 ipsos,
3113 5105 3445 5160 sacerdotum
3471 5105 3653 5173 expul-

2083 5172 2454 5247 sionem,_no_n
2489 5176 2725 5247 obscure
2759 5172 2994 5232 Basilius
3024 5192 3142 5241 eos,
3165 5191 3305 5246 quos
3336 5172 3647 5247 ailoquitur,

2085 5256 2116 5295 a
2144 5243 2521 5316 sacerdotibus
2546 5244 2856 5316 distinguit.
2963 5315 2970 5316 ί
3172 5250 3181 5257 ’

2149 5312 2263 5384 (22)
2292 5312 2401 5368 Καὶ
2432 5312 2745 5384 παρόντες-ἶ
2782 5316 2908 5373 Haec
2941 5315 3141 5372 desunt
3172 5316 3227 5371 in
3261 5315 3454 5372 codice
3486 5312 3651 5368 Medi-

2078 5397 2210 5438 caeo.
2642 5392 2650 5398 ’

2169 5454 2261 5527 ξᾷ)
2294 5456 2578 5527 Θορύὸξου.
2610 5455 2782 5527 Εοίιι.
2812 5457 3020 5527 primus
3050 5453 3314 5527 θορύϐων.
