3856 6224
247 269 357 326 929

1231 266 1723 326 EPlSTOLARUM
1761 264 2048 324 CLASSIS
2079 262 2144 321 ll.
2184 263 2402 323 EPIST.
2444 267 2595 326 CCL.

3409 262 3516 328 930

246 382 567 454 καιοκρίτης
608 380 837 451 ἄγγελον
881 381 1089 451 Seu-av,
1145 383 1345 449 ἱκανῶς
1373 387 1521 458 ἡμᾶς
1562 402 1826 441 κατακον-

1933 384 2068 440 satis
2121 399 2396 455 superque
2452 390 2630 448 vexat,
2684 380 3047 454 haeresnmque
3084 384 3286 440 acriter
3323 386 3516 444 delen-

244 473 553 537 δυλίζοντα,
580 474 676 528 καὶ
710 473 954 547 σφοδρῶς
993 475 1094 547 μέν
1121 476 1442 533 ἐκδικοῦντα
1470 478 1569 550 τὴν
1602 479 1836 552 αἴρεσινο

250 565 416 637 μέχρι
463 564 716 619 τοσούτου
763 567 822 619 δὲ
867 567 960 620 τὸν
998 567 1137 641 πρὸς
1174 569 1324 641 ἡμᾶς
1356 568 1694 640 ἐξαγαγόντα
1735 569 1836 624 πό-

244 656 435 729 λεμον,
474 656 616 712 ῶστε
664 657 799 729 μηδέ
840 658 1074 729 αἵματος
1118 660 1411 730 φείσασθαι
1442 661 1553 715 τῶν
1589 664 1668 726 εἰς
1705 662 1837 717 Θεὸν

247 749 712 804 πεπιστευκότων.
768 752 996 816 Πάντως
1039 751 1150 824 γὰρ
1201 753 1301 806 οὐκ
1361 752 1519 807 ἔλαθέ
1580 770 1676 808 σου
1736 755 1837 826 τὴν

245 843 493 913 ἀγάπην,
529 842 610 895 ὅτι
646 842 970 914 Ἀσκληπιός
1000 860 1106 909 τις,
1146 843 1233 897 διά
1276 844 1337 898 τὸ
1373 846 1446 917 μὴ
1486 845 1700 899 ἑλέσθαι
1737 847 1836 918 τὴν

246 934 390 1005 πρὸς
430 934 523 987 τὸν
558 934 721 1006 Δωὴκ
761 934 1066 999 κοινωνίαν,
1105 936 1440 1006 τυπτόμενος
1483 939 1614 1009 παρ’
1655 937 1835 992 αὐτῶν

243 1025 370 1087 ταῖς
421 1023 659 1094 πληγαῖς
706 1023 1002 1079 ἐναπέθανε
1025 1063 1039 1087 ,
1086 1025 1287 1093 μᾶλλον
1333 1026 1389 1079 δὲ
1431 1026 1518 1080 διὰ
1559 1026 1667 1081 τῶν
1705 1026 1836 1099 πλη-

244 1115 363 1184 γῶν
412 1117 493 1179 εἰς
541 1114 642 1187 τὴν
683 1115 830 1187 ζωὴν
878 1114 1159 1187 μετετέθη.
1198 1117 1490 1171 Ἀκὸλουθα
1537 1117 1595 1171 δέ
1640 1118 1834 1189 ἐκείνῳ

245 1206 429 1260 πάντα
462 1206 576 1261 οῐου
607 1206 856 1276 γίνεσθαι
892 1207 963 1261 τά
994 1207 1178 1262 λοιπά·
1225 1208 1498 1280 διωγμοὺς
1537 1208 1834 1279 πρεσϐυτέο

246 1316 363 1370 ρων
418 1300 514 1355 καὶ
562 1300 915 1365 διδασκάλων,
966 1302 1037 1354 τά
1089 1300 1224 1354 ἄλλα
1274 1302 1375 1354 ὅσα
1423 1301 1489 1355 ἂν
1550 1303 1832 1372 ποιήσειαν

242 1391 523 1464 ἄνθρωποι
565 1395 633 1464 τῇ
674 1395 740 1446 ἐκ
769 1392 871 1462 τῆς
912 1392 1088 1464 ἀρχῆς
1122 1392 1408 1463 δυναστείᾳ
1445 1391 1582 1466 πρὸς
1613 1392 1676 1446 τὸ
1707 1394 1833 1447 ἐαυ-

241 1483 357 1536 τῶν
414 1483 659 1556 βούλημα
709 1485 1057 1557 κεχρημένοι.
1107 1484 1268 1539 Ἀλλά
1323 1484 1526 1538 τούτων
1590 1485 1688 1555 μὲν
1731 1485 1830 1555 τὴν

242 1572 401 1627 λύσιν
425 1575 557 1645 ἡμῖν
578 1577 607 1628 ὁ
637 1574 841 1646 Κύριος
863 1578 983 1637 ταῖς
1013 1580 1134 1639 σαῖς
1160 1576 1346 1646 εὐχαῖς
1381 1574 1563 1638 δώσει,
1600 1575 1696 1629 καὶ
1729 1577 1830 1647 τὴν

243 1665 546 1738 ὑπομονήν·
594 1666 735 1720 ὥστε
782 1666 1046 1737 βαστάσαι
1087 1668 1237 1738 ἡμᾶς
1268 1666 1330 1720 τὸ
1366 1666 1531 1738 βάρος
1563 1665 1673 1719 τῶν
1705 1683 1827 1719 πει-

1938 474 2038 537 dit,
2069 482 2125 530 et
2153 475 2352 530 bellum
2385 475 2441 529 in
2464 489 2568 529 nos
2600 488 2666 528 eo
2710 473 2986 544 perduxit,
3037 482 3097 529 ut
3159 491 3229 530 ne
3258 479 3514 549 sanguini

1937 565 2158 636 quidem
2210 571 2400 635 parcet
2453 561 2794 618 credentium
2834 562 2892 617 in
2938 561 3126 618 Deum.
3160 561 3295 619 Nam
3341 566 3516 636 profe-

1936 663 2027 710 cto
2078 655 2424 710 dilectionem
2458 661 2607 708 tuam
2641 669 2747 708 non
2777 654 2929 715 latet,
2961 652 3273 723 Asclepium
3321 673 3515 727 quem-

1936 745 2085 809 dam,
2112 760 2178 800 eo
2205 744 2352 816 quod
2402 745 2844 799 communionem
2877 757 3003 798 cum
3038 743 3182 800 Doec
3230 746 3371 801 inire
3395 747 3515 802 nol-

1937 837 2028 899 let,
2077 837 2145 891 ab
2186 836 2294 890 illis
2325 835 2697 897 verberatum,
2748 850 2814 889 ex
2854 836 3025 907 plagis
3058 844 3331 891 mortuum
3367 854 3515 903 esse.

1933 929 2018 983 vel
2052 929 2232 999 potius
2286 943 2382 999 per
2430 929 2618 998 plagas
2667 928 2736 983 ad
2770 929 2937 983 v‘itam
2985 945 3109 986 esse
3165 932 3511 987 translatum.

1935 1020 2314 1075 Consentanea
2388 1028 2570 1074 autem
2631 1019 2760 1074 huic
2804 1019 3032 1075 facinori
3071 1022 3280 1092 reliqua
3331 1023 3516 1077 omnia
3555 1075 3559 1078 .

1933 1124 2057 1165 esse
2108 1109 2404 1176 existima,
2464 1110 2882 1178 persecutiones
2946 1110 3394 1182 presbyterorum
3453 1127 3519 1168 ac

1932 1201 2355 1272 magistrorum,
2401 1208 2456 1254 et
2507 1216 2853 1272 quascunque
2908 1202 3013 1255 alia
3067 1202 3297 1258 fecerint
3343 1202 3516 1257 homi-

1931 1310 2031 1349 nes
2072 1294 2283 1365 imperii
2334 1301 2661 1350 auctoritate
2713 1294 2781 1349 ad
2847 1309 3007 1349 suum
3070 1296 3315 1365 ipsorum
3366 1296 3515 1350 arbi-

1933 1386 2097 1440 trium
2172 1386 2482 1441 abutentes.
2547 1385 2655 1440 Sed
2716 1387 2912 1440 horum
2966 1387 3295 1442 solutionem
3358 1387 3517 1442 nobis

1931 1474 2194 1531 Dominus
2259 1478 2517 1546 precibus
2572 1477 2681 1534 tuis
2730 1476 2883 1532 dabit
2933 1486 2989 1533 et
3035 1478 3349 1548 patientiam
3378 1519 3393 1545 ,
3457 1486 3515 1533 ut

1931 1569 2292 1623 tentationum
2347 1570 2560 1640 pondus
2617 1570 2881 1635 feramus,
2919 1571 2992 1626 ita
3053 1579 3113 1625 ut
3161 1586 3258 1642 Spe
3310 1572 3363 1625 in
3398 1571 3516 1642 ipso

1930 1663 2172 1731 reposita
2222 1660 2447 1732 dignum
2496 1671 2600 1718 est.
2656 1663 2773 1731 Ipse
2825 1677 2956 1720 vero
3015 1662 3256 1733 digneris
3315 1664 3381 1717 ad
3415 1678 3516 1719 nos

246 1759 477 1830 ρασμῶν
499 1758 664 1823 ἀξίως
687 1760 788 1830 τῆς
828 1761 914 1814 ἐπ’
951 1759 1113 1813 αὑτὸν
1139 1758 1351 1822 ἐλπίδος
1369 1775 1382 1789 ⁸
1412 1758 1574 1823 αὐτὸς
1606 1758 1664 1812 δέ
1692 1774 1824 1812 κατ-

1932 1753 2239 1823 frequenter
2271 1753 2510 1808 scribere
2537 1752 2604 1807 de
2630 1753 2796 1808 rebus
2860 1754 2988 1808 tuis.
3051 1754 3128 1808 Ac
3164 1752 3210 1808 si
3273 1753 3515 1823 reperias

244 1848 401 1915 ἀξίου
437 1850 532 1902 καὶ
573 1849 910 1903 ἐπιστέλλειν
956 1852 1089 1921 ἡμῖν
1121 1849 1359 1919 συνεχῶς
1393 1849 1523 1921 περὶ
1552 1848 1661 1902 τῶν
1690 1848 1832 1903 κατὰ

244 1939 494 1993 σεαυτόν.
539 1939 656 1996 Κᾶν
690 1939 858 2012 εὕρῃς
887 1941 1008 1994 τινὰ
1044 1940 1136 1994 τὸν
1174 1938 1382 2003 πιστῶς
1423 1956 1505 1992 σοι
1537 1939 1831 2010 δυνάμενον

239 2030 561 2101 διακομίσαι
613 2031 676 2085 τὸ
727 2032 960 2103 πονηθὲν
1003 2035 1138 2103 ἡμῖν
1193 2031 1398 2102 βιϐλίον
1422 2071 1438 2096 ,
1491 2030 1832 2097 καταξίωσον

246 2119 727 2190 μεταστείλασθαι,
762 2122 870 2187 ἵνα,
899 2125 967 2193 τῇ
1009 2125 1076 2193 σῇ
1116 2122 1393 2194 ἐπικρίσει
1439 2121 1831 2195 θαρρήσαντες,

240 2210 338 2264 καὶ
375 2212 456 2276 εἰς
485 2211 660 2266 ἀλλων
689 2217 878 2285 χεῖρας
915 2214 1047 2268 αὐτὸ
1077 2213 1532 2286 διαπεμψώμεθα.
1564 2215 1836 2286 Ἐρῤωμέ-

239 2319 356 2368 νος,
411 2302 648 2375 εὔθυμος
692 2305 770 2377 τῷ
824 2306 1036 2377 Κυρίῳ,
1089 2306 1526 2378 ύπερευχόμενος
1569 2306 1705 2375 (25),
1733 2322 1830 2377 χα-

241 2394 492 2466 ρισθείης
528 2413 618 2465 μοι
646 2398 741 2451 acati.
766 2399 833 2468 τῇ
856 2396 952 2451 τοῦ
978 2397 1183 2469 Κυρίου
1213 2396 1510 2469 Ἐκκλησία
1535 2398 1717 2469 χάριτι
1738 2398 1834 2452 τοῦ

253 2484 433 2553 Ἁγίου
464 2486 594 2557 (26).

749 2598 1102 2653 ΕΠΙΣΤΟΛΗ
1138 2597 1315 2652 ΣΜΘθ.

1933 1846 2026 1916 qui
2087 1844 2318 1899 ﬁdeliter
2346 1843 2519 1915 possit
2548 1843 2616 1899 ad
2664 1852 2718 1900 te
2785 1843 3027 1914 perferre
3086 1845 3426 1900 elaboratum
3485 1858 3514 1898 a

1933 1951 2021 1991 me
2078 1935 2279 1991 librum
2305 1975 2320 2000 ,
2371 1950 2656 1992 accersere
2688 1953 2759 1991 ne
2791 1937 3056 2008 graveris,
3089 1947 3149 1991 ut
3181 1944 3276 1991 tua
3318 1951 3514 2007 appro-

1932 2027 2155 2084 batione
2207 2028 2400 2083 conﬁsi
2432 2067 2448 2094 ,
2502 2029 2559 2084 in
2620 2029 2854 2084 aliorum
2897 2030 3062 2085 etiam
3116 2044 3314 2085 manus
3360 2029 3515 2083 illum

1931 2117 2388 2174 transmittamus.
2441 2117 2677 2184 Valens,
2713 2120 2871 2174 laetus
2918 2120 2974 2174 in
3005 2118 3272 2185 Domino,
3311 2126 3366 2174 et
3390 2133 3509 2189 prc-

1931 2223 2087 2274 cans,
2118 2209 2252 2264 mihi
2277 2219 2332 2266 et
2363 2209 2578 2266 Domini
2596 2209 2854 2267 Ecclesia:
2876 2211 3225 2277 concedaris,
3256 2226 3351 2282 per
3380 2209 3513 2265 San-

1931 2300 2004 2355 cti
2028 2301 2283 2372 gratiam.

2391 2606 2730 2664 EPISTOLA
2761 2608 3060 2665 CCXLIX‘.

247 2714 559 2766 Comendat
580 2714 793 2783 aliquem
813 2715 864 2768 in
887 2719 977 2769 hac
997 2716 1199 2782 epistola
1225 2718 1457 2795 Basilius,
1481 2723 1623 2795 quem
1646 2722 1833 2795 beatum
1865 2722 2116 2795 existimat
2139 2726 2269 2795 quod
2290 2724 2422 2778 hisce
2459 2723 2741 2777 tumultibus
2763 2710 3013 2788 liberetur,
3048 2731 3095 2778 el
3115 2725 3381 2779 convictum
3403 2742 3511 2782 ιιιιιι

1366 2785 1639 2835 hominibus
1676 2786 1831 2837 Deum
1855 2785 2127 2837 timentibus
2151 2785 2363 2853 elegerit

507 2887 956 2958 ’Arexlrpagooc,
986 2889 1081 2944 ἐπ’
1110 2890 1281 2961 ἀνδρὶ
1310 2893 1572 2949 εὐλαϐεῖ.

316 3000 606 3073 Συγχαίρω
659 3001 736 3073 τῷ
786 3001 1002 3074 ἀδελφῷ
1050 3001 1222 3075 τῷδε,
1277 3006 1373 3058 καὶ
1421 3005 1531 3061 τῶν
1594 3006 1827 3061 ἐνταῦθα

242 3090 491 3164 θορύϐων
543 3092 1032 3164 ἀπαλλασσομὲνῳ,
1092 3094 1188 3149 καὶ⁵
1238 3094 1337 3166 τὴν
1387 3096 1486 3168 σὴν
1543 3098 1828 3153 εὐλάϐειαν

242 3182 738 3254 καταλαμϐάνοντι.
794 3185 1019 3253 Ἀγαθὸν
1075 3186 1185 3258 γὰρ
1239 3186 1387 3258 αὐτῷ
1434 3189 1643 3257 ἐφόδιον
1693 3190 1829 3260 πρὸς

239 3275 335 3330 τὸν
383 3275 583 3346 ἐφεξῆς
627 3275 821 3340 αἰῶνα,
864 3278 964 3348 τὴν
1003 3279 1141 3348 μετὰ
1189 3278 1300 3332 τῶν
1344 3278 1689 3351 φοϐουμένων
1738 3282 1829 3336 τὸν

241 3367 450 3437 Κύριον
485 3367 696 3439 ἀγαθὴν
733 3367 1034 3441 διαγωγὴν,
1069 3367 1371 3433 ἐξελέξατο.
1395 3373 1491 3424 ’ον
1522 3372 1617 3425 καὶ
1647 3388 1827 3443 παρα-

238 3459 504 3530 τιθέμεθά
547 3477 641 3514 σου
670 3464 737 3532 τῇ
779 3462 1074 3533 τιμιότητι,
1112 3463 1206 3516 καὶ
1236 3463 1538 3534 παρακαλῶ
1567 3463 1633 3517 δι’
1661 3463 1826 3518 αὐτοῦ

242 3550 500 3623 εὔχεσθαι
524 3553 663 3625 ὑπὲρ
696 3555 794 3624 τῆς
819 3554 1057 3624 ἐλεεινῆς
1087 3554 1243 3625 ἡμῶν
1272 3553 1437 3627 ζωῆς,
1470 3555 1577 3617 ἵνα,
1607 3555 1828 3627 ῥυσθέν-

239 3659 336 3705 τες
358 3643 466 3698 τῶν
490 3645 813 3716 πειρασμῶν
836 3645 1063 3709 τούτων,
1102 3644 1398 3719 ἀρξώμεθα
1420 3645 1533 3718 (27)
1553 3645 1825 3701 δουλεύειν

241 3732 322 3803 τῷ
356 3734 548 3807 Κυρίῳ
572 3735 713 3789 κατά
738 3736 798 3789 τὸ
821 3737 1175 3806 Εὐαγγέλιον.

784 3856 1135 3930 ΕΠΙΣΤΟΛΗ
1173 3856 1297 3914 ΣΝν.

2246 2896 2374 2953 Sine
2394 2899 2880 2968 inscriptione,’viri
2909 2899 2985 2969 pii
3013 2916 3197 2956 causa.

2002 3007 2263 3064 Gratulor
2295 3009 2423 3067 huic
2447 3010 2626 3077 fratri,
2649 3013 2796 3084 quod
2818 3022 2872 3069 et
2895 3011 3048 3069 hisce
3076 3012 3283 3069 nostris
3305 3014 3511 3084 tumul-

1929 3101 2076 3158 tibus
2106 3103 2385 3169 liberetur,
2410 3113 2467 3160 et
2493 3106 2747 3176 pietatem
2773 3114 2922 3161 tuam
2946 3104 3123 3160 adeat.
3146 3103 3283 3161 Nam
3309 3106 3510 3162 bonum

1929 3194 2031 3248 sibi
2061 3193 2397 3251 viaticumad
2433 3196 2676 3253 futuram
2707 3197 2905 3261 vitam,
2938 3196 3142 3252 bonum
3174 3212 3299 3253 cum
3330 3197 3512 3253 homi-

1926 3287 2088 3342 nibus
2117 3285 2403 3342 Dominum
2430 3289 2754 3346 timentibus
2767 3290 3104 3355 convictum,
3126 3290 3308 3361 elegit.
3338 3291 3510 3356 Quem

1925 3384 1980 3433 et
2005 3386 2111 3434 tua:
2139 3379 2391 3449 dignitati
2417 3382 2763 3446 commendo,
2787 3389 2843 3437 et
2865 3382 3128 3437 adhortor
3150 3397 3248 3452 per
3271 3398 3418 3446 eum,
3452 3391 3513 3436 ut

1925 3470 2170 3539 preceris
2191 3486 2290 3541 pro
2314 3486 2434 3527 mea
2456 3472 2759 3528 miserabili
2780 3472 2913 3537 vita,
2940 3481 3017 3536 ut,
3040 3473 3302 3529 liberatus
3330 3472 3401 3528 ab
3425 3472 3511 3527 his

1927 3559 2343 3626 tentationibus,
2385 3560 2641 3632 incipiam
2676 3561 2882 3617 servire
2924 3558 3159 3615 Domino
3205 3559 3510 3616 secundum

1930 3649 2307 3723 Evangelium.

2360 3852 2524 3924 335
2553 3851 2892 3909 EPISTOLA
2929 3851 3122 3909 CCL“.

243 3969 440 4022 Gratias
454 3969 577 4035 [agit
599 3970 891 4036 Palrophilo
920 3971 1150 4036 Basilius,
1189 3971 1318 4038 quod
1342 3971 1408 4022 ad
1431 3985 1483 4023 se
1504 3986 1592 4042 per
1624 3970 1916 4042 Strategium
1940 3969 2207 4041 scripserit,
2228 3976 2273 4022 et
2292 3985 2322 4020 a
2345 3984 2397 4021 se
2415 3969 2683 4042 .diligendo
2704 3984 2796 4021 non
2819 3969 3053 4022 discedat.
3082 3969 3328 4021 Rationem
3350 3977 3509 4022 reaau

1292 4047 1379 4083 cur
1402 4047 1512 4083 cum
1535 4034 2154 4085 Euslalltio‘communibare
2178 4046 2273 4083 non
2294 4034 2463 4095 possit.

240 4144 619 4212 Πατροφίλῳ,
647 4144 960 4212 ἐπισκόπει)
986 4144 1097 4213 τῆς
1118 4145 1803 4215 ἐνΑὶγεαῖςῈκκλησίας

326 4259 455 4329 Ὀψὲ
489 4261 587 4330 μὲν
621 4260 886 4332 ἐδεξάμην
916 4260 1016 4324 τὰς
1045 4261 1139 4314 ἐπὶ
1172 4263 1284 4324 τοῖς
1334 4261 1618 4333 προτέροις
1650 4262 1830 4334 γράμ-

2106 4143 2421 4212 Patrophilo
2440 4183 2455 4205 ,
2488 4141 2767 4213 IEgeensis
2798 4139 3048 4195 Ecclesia?
3066 4140 3329 4210 episcopo.

2001 4256 2138 4314 Sero
2174 4257 2394 4329 quidem
2452 4260 2639 4331 accepi
2693 4267 2787 4314 tua
2840 4256 3115 4327 prioribus
3156 4253 3357 4309 litteris
3421 4268 3510 4309 τοι

241 4364 411 4419 μασιν
452 4349 805 4421 ἀποκρίσεις’
850 4349 1118 4421 ἐδεξάμην
1156 4349 1200 4402 δ’
1249 4345 1343 4404 οὖν
1389 4350 1539 4422 ὅμως
1588 4349 1679 4404 διὰ
1731 4350 1824 4404 τοῦ

1932 4364 2135 4421 sponsa
2163 4368 2178 4417 ;
2213 4349 2310 4407 sed
2345 4357 2528 4406 tamen
2555 4352 2744 4422 accepi
2783 4366 2878 4421 per
2901 4348 3307 4421 optatissimum
3355 4344 3510 4400 Stra-

240 4440 627 4495 ποθεινοτάτου
645 4441 1005 4514 Στρατηγίου,
1025 4442 1120 4496 καὶ
1136 4443 1503 4515 εὐχαρίστησα
1523 4441 1601 4513 τῷ
1611 4442 1820 4514 Κυρίῳ,

234 4530 322 4585 ὃτι
353 4530 629 4602 διαμένεις
659 4534 687 4585 ὁ
715 4531 876 4595 αὐτὸς
905 4532 962 4586 ἐν
990 4534 1058 4604 τῇ
1090 4533 1226 4603 πρὸς
1256 4534 1401 4603 ἡμᾶς
1430 4532 1639 4604 ἀγάπῃ.
1670 4534 1735 4585 *Α
1764 4533 1821 4587 δὲ

238 4618 337 4677 νῦν
356 4619 702 4692 κατηξίωσας
722 4623 850 4695 περὶ
864 4622 965 4693 τῆς
984 4624 1154 4694 αὐτῆς
1173 4624 1479 4687 ὑποθέσεως
1498 4623 1817 4690 ἐπιστεῖλαι,

240 4709 519 4777 ἀπόδειξιν
563 4711 675 4783 ἔχει
717 4714 816 4784 τῆς
867 4714 1080 4785 ἀγαθῆς
1139 4731 1236 4768 σου
1293 4715 1687 4787 προαιρέσεως⁹
1737 4716 1821 4769 ὅτι

241 4793 460 4874 φρονεῖς
483 4802 551 4858 τὰ
585 4802 795 4869 δέοντα,
834 4804 929 4858 καὶ
964 4804 1347 4877 συμϐουλεύεις
1396 4807 1527 4877 ἡμῖν
1567 4804 1635 4859 τὰ
1680 4804 1824 4859 λυσι-

238 4895 393 4966 τελῆ.
460 4895 608 4968 Πλὴν
659 4896 775 4951 ἀλλ’
837 4897 1023 4969 ἐπειδὴ
1095 4897 1254 4952 πάλιν
1313 4896 1425 4968 ὁρῶ
1485 4896 1821 4968 μακρότερον

243 5001 335 5056 μοι
379 4984 492 5056 (28)
539 4984 633 5040 τὸν
684 4986 839 5056 λόγον
897 4987 1209 5058 γινόμενον,
1264 4990 1312 5040 εἰ
1375 4986 1623 5058 μέλλοιμι
1683 4986 1820 5058 πρὸς

237 5074 468 5129 ἕκαστον
488 5075 597 5129 τῶν
626 5075 1042 5148 ἐπεσταλμένων
1090 5077 1242 5148 παρὰ
1274 5076 1373 5146 τῆς
1414 5077 1514 5148 σῆς
1554 5075 1820 5162 συνέσεως

312 5185 427 5259 (25)
466 5187 988 5259 κ’Υπερευχόμενος.
1018 5188 1199 5243 Codex
1224 5188 1691 5259 Claromontanus
1722 5187 1819 5259 ad-

238 5256 323 5329 dit
357 5256 537 5329 ημῶν,
572 5256 722 5328 quod
734 5256 875 5313 non
912 5261 1110 5329 legitur
1155 5260 1207 5312 in
1251 5259 1509 5314 Medicaeo
1548 5267 1604 5313 et
1644 5257 1813 5313 Coisl.

280 5328 441 5386 rimo.
475 5344 578 5383 nec
609 5328 983 5384 necessarium
1018 5339 1121 5383 est.
1163 5331 1314 5384 Alios
1350 5330 1404 5383 in
1437 5330 1578 5384 hanc
1607 5329 1817 5396 episto-

260 5413 347 5479 am
389 5399 612 5479 codices
654 5414 766 5453 non
812 5400 1103 5455 habuimus
1144 5409 1339 5470 praeter
1378 5408 1489 5455 tres
1522 5400 1646 5453 illos
1677 5415 1815 5469 quos

238 5478 551 5524 citavnnus.

239 5605 288 5660 ά,
310 5537 424 5660 (2:5))
444 5538 643 5608 Χάριτι
667 5539 774 5594 τοῦ
806 5541 1012 5609 Ἁγίου.
1043 5539 1167 5595 lltec
1188 5541 1389 5596 desunt
1412 5540 1464 5594 in
1489 5538 1677 5595 codice
1703 5538 1816 5594 Me-

277 5623 373 5660 tcae
414 5649 429 5660 .

277 5622 429 5662 H3330.

311 5678 424 5741 (27)
465 5677 805 5747 Ἀρξώμεθα.
845 5682 919 5735 Ita
944 5680 1112 5740 Coisl.
1142 5690 1392 5749 uterque,
1429 5680 1569 5738 Med.
1596 5691 1647 5739 et
1678 5679 1808 5750 Reg.

1929 4443 2159 4513 tegium,
2189 4450 2245 4496 et
2287 4443 2493 4514 gratias
2522 4444 2605 4514 egi
2640 4442 2896 4508 Domino,
2952 4440 3098 4512 quod
3133 4439 3276 4494 idem
3316 4439 3372 4493 in
3419 4437 3507 4493 di-

1927 4536 2161 4590 lectione
2216 4550 2346 4607 erga
2382 4550 2486 4591 nos
2542 4550 2885 4606 permaneas.
2943 4534 3078 4602 Quae
3127 4541 3309 4588 autem
3357 4546 3507 4585 nunc

1922 4625 2181 4696 dignatus
2223 4641 2287 4684 es
2337 4626 2407 4682 de
2451 4626 2644 4682 eodem
2697 4634 3024 4698 argumento
3076 4625 3321 4682 scribere
3348 4663 3365 4689 ,
3404 4621 3504 4677 de-

1922 4718 2381 4774 monstrationem
2412 4718 2620 4774 habent
2646 4717 2803 4773 home
2833 4726 2941 4772 tua:
2980 4717 3314 4777 voluntatis:
3376 4730 3501 4772 cum

1923 4809 2131 4865 sentias
2158 4824 2223 4863 ea
2261 4824 2383 4880 qua:
2412 4809 2607 4865 decent
2634 4818 2689 4864 et
2718 4809 2954 4864 suadeas
2985 4808 3146 4864 nobis
3169 4807 3350 4862 utilia.
3395 4805 3503 4863 Sed

1922 4907 2105 4956 tamen
2159 4900 2289 4971 quia
2342 4916 2537 4958 rursus
2585 4902 2745 4956 video
2789 4900 3090 4972 longiorem
3120 4899 3252 4955 mihi
3287 4914 3502 4955 sermo-

1922 5007 2046 5047 nem
2097 4991 2342 5049 futurum
2371 5032 2389 5058 ,
2431 4994 2479 5050 si
2526 4994 2688 5050 velim
2741 4994 3041 5065 unicuique
3092 5008 3315 5058 eorum,
3380 5006 3502 5062 quae

1922 5086 2130 5156 scripta
2189 5093 2321 5141 sunt
2363 5101 2393 5141 a
2442 5094 2538 5142 tua
2586 5086 2902 5157 prudentia,
2950 5085 3288 5156 respondere
3324 5103 3337 5138 :
3371 5093 3501 5139 tau-

1920 5197 2216 5271 secundus.
2253 5198 2425 5271 Editi_
2445 5199 2747 5271 ἀξιώμεθα,
2783 5208 2843 5271 ul
2870 5199 3059 5271 dignus
3088 5199 3217 5271 fiant
3253 5197 3499 5271 qui__Do-

1919 5270 2063 5341 prino
2107 5270 2355 5325 serviam.
2396 5269 2560 5327 Deest
2588 5267 2722 5325 haec
2761 5267 2992 5341 epistola
3034 5271 3091 5324 in
3123 5270 3315 5324 codice
3356 5267 3498 5323 Har-

1917 5339 2520 5492 1ἱὲἷξεξῖ1ε1ιινι,ι)όι;ιε,οόν
2554 5429 2677 5482 μοι.
2728 5409 2864 5466 Tres
2914 5409 3136 5466 codices
3186 5425 3296 5465 non
3350 5408 3499 5464 anti-

1919 5480 2170 5551 quissimi
2205 5480 2414 5550 μακρόν
2452 5480 2563 5551 μοι.

1989 5554 2007 5625 έ
2039 5548 2598 5625 Αιὶειεθςὲέἒέςῖςέίζνυι-
2639 5551 2853 5621 Scripta
2884 5565 3033 5625 aues
3058 5548 3212 5625 376-.

1989 5622 2194 5676 "Alias
2223 5620 2484 5676 LXXXV.
2515 5621 2727 5693 Scripta
2760 5620 2902 5677 anno
2933 5620 3058 5676 376.
