3856 6224
163 285 266 338 953

670 401 1015 456 ΕΠΙΣΤΟΛΗ
1058 404 1207 457 ENA’

1047 287 1540 346 EPISTOLARUM
1571 289 1858 347 CLASSIS
1899 291 1964 347 II.
1995 288 2219 349 EPIST.
2265 293 2441 351 CCLI.

3327 297 3432 354 θδι

2235 407 2402 480 333
2435 405 2777 464 EPISTOLA
2819 405 3016 465 cur.

161 511 414 585 Eutesenos
433 509 601 585 laudat
628 511 841 565 Basilius
875 516 1024 585 ιιιιοιι⁵
1041 522 1164 569 stent
1185 516 1248 585 "in
1269 516 1388 585 ﬁde,
1427 531 1486 570 ac
1523 517 1708 585 gratias
1724 517 1861 585 _ag_it,
1885 519 2014 582 quod
2035 533 2180 585 aures
2201 533 2294 570 non
2323 517 2620 585 prtebuerint
2643 518 2917 585 calumniis
2939 533 3060 585 quas
3074 521 3362 585 Eustathius
3379 529 3432 578 et

218 575 674 651 ξςζιιαςξᾳίε-εζοιειιε
689 589 768 651 με,
787 590 844 651 e9
865 575 1150 651 postulante,
1171 575 1290 651 fidei
1317 583 1359 630 Ν
1368 575 1546 632 ἱεωιιαῖ
1547 575 1909 651 subscripsisse;
1929 582 2148 651 quamvis
2166 590 2307 633 antea
2322 575 2481 651 eidem
2497 580 2617 651 ﬁdei
2638 584 2802 651 Romae
2819 575 3195 651 sybsc'ripsisset.
3221 575 3433 651 nemon;

219 640 342 704 urat
362 635 664 686 Eustatluum
682 635 732 686 in
756 635 875 706 atiis'
906 635 1240 706 rebusseéu'nt
1268 641 1430 706 ipsum
1469 655 1702 706 pugnare.

1782 656 1860 692 am
1880 641 1990 693 cuin
2023 641 2250 708 Arianos.
2281 657 2314 692 a
2351 641 2524 708 quibus
2563 641 2809 708 depositus
2831 641 3028 708 fuerat,'_
3051 653 3268 708 negasset
3311 649 3431 699 olim

219 694 616 775 episcopos__e_sse,
630 711 761 775 nunc
781 697 864 760 iis,
883 713 1005 765 quos
1030 701 1105 752 illi
1128 694 1493 775 ordinaverunt,
1509 694 1757 775 supplicat
1778 718 1795 755 :
1817 710 1868 774 et
1884 717 1993 754 cum
2017 694 2249 756 violenter
2266 694 2556 775 exa'gitasset
2576 694 2657 775 eo's
2677 704 2783 775 lqui
2937 694 3135 775 ariam?
3161 694 3430 775 eam};

220 758 881 835 nunqdjrianorum
897 758 1289 835 communionem
1309 758 1730 835 Mammaea;
1753 764 1868 835 :83“:
1897 779 2088 830 semper
2110 758 2386 830 compendii
2401 780 2556 835 causa
2570 758 2779 835 laudans
2799 772 2884 816 aut
2917 764 3214 835 vituperans,
3245 783 3304 835 ac
3323 758 3429 835 Ba-

218 819 335 870 silio
349 819 528 888 aeuum
549 819 786 888 indicens,
810 830 862 872 ut
882 825 1070 888 placeat
1092 828 1287 880 Euwio.
1317 819 1537 879 Déc'larat
1564 819 1776 878 Basilius

1796 825 1946 898 fidem
1962 825 2106 898 suam
2129 825 2275 878 unam
2295 841 2483 898 semper
2513 834 2558 878 et
2583 827 2928 898 eamdemgesse
2951 840 2969 880 .'
2993 825 3134 892 negat
3172 825 3224 881 se
3263 830 3430 898 Spit-in

219 889 321 932 tum
339 879 486 932 Patri
507 888 592 932 aut
614 880 747 934 Filio
771 879 1028 950 prwi'erre,
1052 894 1102 938 ut
1126 879 1355 942 maledici
1377 888 1676 940 dictitabant.
1699 879 1934 939 Hortatur
1952 891 2230 952 vasenos,
2253 896 2303 940 ut
2330 889 2380 940 in
2396 879 2500 955 ’βόε
2519 895 2838 954 perseverent.

605 992 737 1060 Τοῖς
778 995 1148 1065 Εὐαισηνοῖς
1181 998 1318 1071 (⁸56).

226 1105 282 1160 ι.
322 1106 388 1160 El
421 1105 517 1159 καὶ
557 1105 694 1160 πολὺ
740 1107 802 1161 τὸ
835 1109 1040 1180 πλῆθος
1069 1110 1179 1164 τῶν
1223 1112 1584 1184 περιεχόντων
1623 1112 1736 1183 (57)

152 1199 306 1270 ἡμᾶς
356 1198 721 1272 πραγμάτων,
756 1202 852 1254 καὶ
899 1202 1147 1272 φροντίσι
1197 1204 1417 1275 μυρίαις
1457 1205 1738 1276 συνέχεται

151 1289 316 1362 ἡμῶν
345 1291 380 1360 ἠ
422 1289 650 1355 διάνοια,
689 1291 839 1361 ὅμως
886 1291 1140 1361 οὐδέποτε
1169 1293 1268 1364 τῆς
1314 1297 1534 1366 μνήμης
1581 1295 1737 1366 ἡμῶν

153 1380 487 1451 ἐξεόάλομεν
517 1379 617 1452 τὴν
651 1381 781 1452 περὶ
824 1381 924 1452 τῆς
979 1382 1254 1454 ὑμετέρας
1310 1384 1532 1454 ἀγάπης
1581 1385 1734 1456 μέρι-

153 1489 319 1544 μναν,
349 1472 592 1543 δεόμενοι
620 1471 715 1526 τοῦ
749 1471 884 1526 Θεοῦ
921 1472 1078 1544 ἡμῶν
1112 1473 1386 1544 διαμεῖναι
1410 1475 1554 1545 ὑμᾶς
1583 1477 1641 1528 ἐν
1667 1478 1733 1547 τῇ

151 1565 361 1625 πίστει,
392 1565 451 1616 ἐν
548 1563 659 1635 (58)
689 1565 959 1636 ἑστήκατε
1005 1565 1099 1618 καὶ
1137 1567 1414 1637 καυχᾶσθε
1442 1568 1528 1619 ἐπ’
1561 1567 1735 1620 ἐλπίδι

148 1657 256 1728 τῆς
279 1655 434 1726 δόξης
461 1654 556 1708 τοῦ
585 1654 742 1708 Θεοῦ.
771 1656 862 1727 Τῷ
903 1657 1016 1710 ὄντι
1044 1655 1153 1728 γὰρ
1184 1657 1503 1728 δυσεύρετον
1550 1658 1735 1712 λοιπὸν

149 1751 253 1806 καὶ
285 1751 426 1805 πάνυ
459 1750 683 1804 σπάνιον
712 1751 838 1805 ἰδεῖν
879 1751 1206 1823 Ἐκκλησίαν
1245 1751 1532 1825 εἰλικρινῆ,
1570 1754 1734 1826 μηδὲν

149 1845 218 1898 ἐκ
251 1843 348 1914 τῆς
373 1842 482 1896 τῶν
509 1843 716 1914 καιρῶν
738 1843 848 1914 (59)
874 1843 1240 1916 χαλεπότητος
1269 1844 1730 1916 παραϐλαϐεϊσαν,

148 1936 271 1989 ἀλλ’
302 1935 570 2008 ἀκεραίαν
609 1935 722 2007 (40)
763 1936 858 1989 καὶ
890 1935 1196 2008 ἄθραυστον
1237 1935 1336 2008 τὴν
1369 1937 1732 2009 άποστολτκὴν

147 2028 524 2095 διασώζουσαν
543 2027 918 2093 διδασκαλίαν,
947 2029 1067 2084 οἷαν
1093 2029 1193 2101 τὴν
1215 2029 1336 2082 καθ’
1361 2029 1505 2100 ὑμᾶς
1533 2029 1731 2096 ἔδειξεν

146 2124 208 2174 ἐν
240 2123 354 2184 τοῖς
380 2120 618 2191 παροῦσι
645 2123 856 2193 καιροῖς
881 2123 910 2174 ὁ
939 2121 1261 2185 άναδεικνὺς
1288 2121 1414 2185 τοὺς
1445 2120 1565 2174 καθ’
1599 2121 1731 2176 ἐκά-

148 2227 289 2282 στην
319 2212 511 2280 γενεὰν
537 2212 721 2277 ἀξίους
757 2211 859 2284 τῆς
906 2212 1101 2266 ἐαυτοῦ
1148 2213 1412 2284 κλήσεως.
1459 2214 1572 2266 Καὶ
1618 2213 1729 2285 δῴη

147 2303 361 2375 Κύριος
405 2304 534 2374 ὑμῖν
577 2303 646 2358 τὰ
676 2305 858 2375 άγαθά
897 2305 1254 2378 Ἰερουσαλὴμ
1297 2306 1397 2376 τῆς
1434 2305 1568 2373 ἄνω,
1612 2305 1730 2360 ἀνθ’

145 2390 226 2450 ὦν
258 2397 360 2460 τὰς
407 2397 626 2466 ψευδεῖς
681 2397 801 2452 καθ’
852 2376 1012 2469 ήμῶν
1056 2376 1308 2463 διαϐολάς
1341 2398 1434 2451 ἐπὶ
1480 2397 1580 2462 τάς
1624 2397 1734 2452 τῶν
1767 2376 1812 2435 Β

143 2490 493 2560 ψευδολόγων
532 2490 776 2560 κεφαλὰς
826 2490 1248 2562 άπεπέμψασθε,
1299 2491 1374 2563 μὴ
1409 2489 1594 2553 δόντες
1639 2489 1736 2544 αὐ-

144 2586 266 2646 τοῖς
295 2581 497 2636 εἴσοδον
544 2583 639 2636 ἐπὶ
677 2583 779 2647 τὰς
823 2581 1052 2654 καρδίας
1091 2581 1268 2654 ὑμῶν.
1320 2581 1432 2636 Καὶ
1471 2576 1589 2635 οἶδα
1640 2582 1737 2636 καὶ

144 2675 455 2746 πέπεισμαι
489 2675 548 2730 ἐν
581 2675 795 2747 Κυρίῳ,
838 2677 922 2729 ὅτι
967 2676 995 2728 ό
1049 2675 1241 2746 μισθὸς
1283 2675 1439 2746 ὑμῶν
1468 2674 1635 2738 πολὺς
1676 2675 1735 2727 ἐν

144 2771 265 2832 τοῖς
290 2769 540 2839 οὐρανοῖς
573 2767 708 2839 (41),
750 2769 843 2823 καὶ
875 2769 968 2822 ἐπὶ
997 2771 1063 2840 τῇ
1108 2768 1304 2841 πράξει
1352 2768 1547 2842 ταύτῃ.
1592 2767 1736 2821 Ἐλο-

146 2858 379 2930 γίσασθε
421 2859 530 2932 γὰρ
570 2859 728 2913 τοῦτο
776 2859 956 2929 σοφῶς
1001 2861 1132 2931 παρ’
1163 2861 1394 2924 ἐαυτοῖς,
1438 2859 1467 2912 δ
1502 2858 1596 2912 καὶ
1619 2858 1736 2913 ἐστι

144 2953 274 3008 κατ’
323 2952 601 3024 ἀλήθειαν,
649 2953 730 3005 ὅτι
788 2954 836 3006 οἱ
879 2952 1322 3016 ἀνταποδιδόντες
1379 2969 1468 3023 μοι
1520 2950 1734 3023 πονηρὰ

143 3047 272 3100 ἀντὶ
303 3044 486 3099 καλῶν
515 3043 653 3116 (42),
685 3044 781 3098 καὶ
812 3047 966 3116 μῖσος
988 3044 1108 3098 ἀντὶ
1139 3043 1241 3114 τῆς
1270 3043 1600 3116 ἀγαπήσεως
1630 3061 1732 3115 μου

142 3140 250 3210 τῆς
275 3139 356 3201 είς
381 3137 602 3200 αὐτοὺς,
633 3136 980 3191 διαϐάλλουσι
1008 3154 1077 3207 με
1120 3136 1215 3190 νῦν
1249 3138 1334 3189 ἐπ’
1366 3135 1616 3201 ἐκείνοις,
1653 3137 1732 3198 είς

143 3231 179 3285 ἃ
219 3231 380 3284 αὐτοὶ
423 3229 766 3299 εὑρίσκονται
808 3229 1118 3300 ἐγγράφους
1162 3227 1272 3300 (45)
1311 3227 1600 3300 ὁμολογίας
1643 3229 1732 3281 ἐκ-

143 3323 394 3395 θέμενοι.

216 3413 277 3467 2.
318 3414 432 3468 Καὶ
468 3411 529 3466 οὐ
571 3412 731 3483 μόνον
776 3413 858 3476 εἰς
897 3410 1105 3484 ταύτην
1155 3411 1410 3466 ἐνέπεσον
1443 3410 1542 3483 τὴν
1586 3411 1733 3465 ἐναν-

143 3503 360 3569 τίωσιν,
395 3504 505 3558 ῐδια
545 3503 796 3575 ἐγγραφα
839 3503 968 3573 ὑμῖν
1001 3503 1123 3556 ἀντὶ
1155 3503 1493 3575 κατηγορίας
1524 3502 1730 3574 προερέ-

148 3613 341 3666 ροντες
391 3596 526 3667 (44),
575 3595 688 3650 ἀλλ’
717 3596 799 3648 ὅτι
831 3595 925 3647 καὶ
958 3594 1223 3665 παμψηφὶ
1265 3594 1375 3665 (45)
1427 3593 1579 3665 παρὰ
1621 3593 1729 3647 τῶν

146 3687 512 3742 συνελθόντων
543 3689 624 3751 είς
648 3687 746 3758 τὴν
779 3685 1348 3742 Κωνσταντινούπολιν
1375 3683 1731 3756 καθαιρεθέν-
1755 3715 1802 3776 C

144 3796 263 3846 τες,
311 3781 411 3833 οὐκ
456 3778 704 3844 ἐδέξαντο
750 3779 848 3850 τὴν
895 3779 1212 3852 καθαίρεσιν
1262 3777 1463 3841 αὐτῶν,
1515 3777 1730 3832 σύνοδον

143 3871 490 3926 ἁθετούντων
521 3871 1039 3943 προσαγορεύοντες,
1073 3871 1167 3924 καὶ
1201 3871 1274 3942 μὴ
1309 3869 1731 3941 καταδεχόμενοι

143 3963 485 4026 ἐπισκόπους
533 3964 731 4026 αὐτοὺς
765 3963 964 4033 λέγειν,
999 3964 1084 4016 ἵνα
1134 3962 1209 4034 μὴ
1251 3962 1349 4034 τὴν
1397 3961 1520 4016 κατ’
1551 3961 1730 4015 αὐτῶν

142 4052 517 4124 ἑξενεχθεῖσαν
587 4051 767 4124 ψῆφον
842 4051 1165 4124 κυρὼσωσι.
1213 4053 1325 4105 Καὶ
1382 4051 1483 4122 τὴν
1550 4052 1728 4106 αἰτίαν

141 4143 542 4216 προσετίθεσαν
562 4145 656 4198 τοῦ
697 4143 770 4216 μὴ
803 4140 942 4198 εἶναι
976 4145 1172 4207 αὐτοὺς
1201 4145 1552 4207 ἐπισκόπους,
1595 4142 1729 4196 διότι

142 4237 434 4306 αἱρέσεως,
491 4234 645 4306 φησὶ,
701 4236 946 4306 πονηρᾶς
997 4235 1392 4305 προεστήκασι.
1451 4231 1636 4286 Ταῦτα
1671 4232 1728 4285 δὲ

215 4390 264 4421 ⁹⁶
300 4388 449 4445 Psal.
491 4403 652 4457 cvm,
695 4388 745 4442 5.

214 4545 333 4615 (56)
363 4544 746 4612 Εὑαισηνοῖς.
771 4545 955 4615 C0131.
969 4557 1183 4612 primus
1215 4558 1585 4615 θυαεισηνοις,
1604 4552 1719 4615 tum

139 4612 339 4672 eadem
374 4631 538 4669 manu
559 4615 776 4670 additur
806 4631 898 4683 γρ.
927 4614 1229 4675 Θυσιανοῖς,
1253 4614 1507 4682 scriptum
1527 4612 1726 4683 inveni-

141 4631 339 4672 eauem
374 4631 538 4669 manu
559 4631 776 4670 additur
806 4631 841 4683 γ
883 4654 898 4668 .
927 4631 1229 4675 συσιανοις,
1253 4631 1507 4682 scriptum
1527 4631 1724 4666 mvem-

141 4697 257 4750 tur,
283 4685 589 4754 Thysianis.
628 4685 811 4740 Codex
844 4631 1136 4739 gledicazus
1178 4683 1481 4747 Εὑασινοῖς,
1521 4681 1724 4754 Regius

140 4753 426 4812 secundus
457 4753 793 4826 Εὑὸισηνοίς.

215 4826 332 4897 (57)
359 4819 782 4897 Περιεχόντων.
806 4824 884 4880 Ita
910 4839 1005 4880 sex
1029 4839 1162 4897 mss.
1190 4823 1430 4878 codices.
1456 4819 1598 4876 Editi
1625 4839 1723 4897 πε-

180 4892 466 4966 ισχόντων.
514 4893 719 4950 Ibidem
753 4895 862 4949 duo
901 4895 1235 4951 recentiores
1287 4909 1422 4948 mss.
1474 4892 1719 4963 φροντίσι

180 4915 466 4966 ισχοντων.
515 4915 719 4950 unuem
753 4915 841 4949 ιιυι

139 4915 370 5029 ἕείναῖς,
392 4966 638 5035 gravibus
678 4965 841 5018 curis.

216 5037 333 5107 (A58)
381 5029 482 5107 Ἐν
499 5029 560 5107 ᾖ.
595 5033 931 5107 ΡινιιξροεὶιίοΔ
942 5033 1128 5107 addita
1147 5047 1212 5087 ex
1245 5030 1527 5107 codicibus
1549 5030 1713 5107 M_ed_.,

139 5101 325 5171 Coisl.’
359 5101 535 5171 primo
572 5115 626 5160 et
651 5101 828 5160 tribus
864 5103 1010 5157 aliis.
1046 5103 1205 5158 Deest
1247 5101 1360 5156 haec
1405 5102 1634 5171 epistola
1660 5102 1717 5156 in

141 5169 342 5230 codice
359 5169 675 5244 Harlaaano.
706 5173 909 5229 Ibidem
940 5173 1143 5244 Regius
1167 5169 1454 5244 secundus
1468 5185 1522 5226 et
1542 5171 1714 5244 geist.

142 5245 428 5301 secundus
445 5243 771 5315 καυχᾶσθαι,
792 5255 843 5315 et
871 5240 1186 5314 gloriamini.
1206 5240 1374 5295 Paulo
1402 5251 1524 5315 post
1553 5241 1718 5315 iidem

141 5317 366 5387 codices
418 5311 618 5387 habent
669 5311 1009 5387 δυσεύρετον,
1065 5327 1162 5385 pro
1208 5328 1274 5367 eo
1305 5311 1453 5383 quod
1495 5320 1614 5367 erat
1660 5311 1718 5366 in

141 5386 309 5440 editis
338 5385 686 5456 δυσάρεστον.

215 5455 329 5524 (59)
363 5451 489 5509 Τῶγί
510 5455 749 5524 καιρῶν.
780 5453 1080 5510 Vaticanus
1104 5452 1297 5524 codex,
1324 5451 1491 5508 Coisl.
1521 5467 1720 5508 secun-

143 5525 334 5596 dusiet
364 5525 496 5596 Reg.
541 5523 816 5582 secundus
853 5525 946 5596 τοῦ
971 5523 1187 5596 καιροῦ.

216 5594 331 5664 (40)
365 5592 518 5650 Ἀλλ’
545 5597 848 5664 ἀκεραίαν.
877 5595 1002 5650 llaec
1029 5592 1232 5651 desunt
1258 5594 1312 5647 in
1345 5592 1514 5664 Cois].
1536 5592 1718 5664 primo

152 5673 201 5718 et
228 5661 877 5752 "uno'ex‘tribusﬁegiis.
915 5665 1034 5722 Non
1067 5667 1240 5720 multo
1278 5672 1400 5734 post
1430 5661 1731 5752 Med’icatus‘

155 5734 317 5790 codex
356 5735 466 5788 Καὶ
499 5735 613 5794 δοίη
653 5734 874 5800 Κύριος.

2494 999 2786 1056 Eumenis.

1918 1113 1972 1168 1.
2014 1113 2129 1169 Etsi
2156 1129 2386 1185 magnus
2425 1129 2690 1172 numerus
2721 1115 3087 1173 detinentium
3130 1132 3235 1174 nos
3261 1131 3432 1190 nego-

1845 1206 2046 1262 tiorum
2068 1245 2083 1271 ,
2116 1207 2697 1279 sollicitudinibusque
2726 1209 2962 1266 inllnitis
3001 1218 3306 1281 occupatur
3330 1227 3432 1266 no-

1845 1307 1960 1351 ster
1993 1297 2210 1351 animus
2232 1334 2249 1361 ,
2280 1312 2562 1367 nunquam
2609 1303 2795 1352 tamen
2843 1315 2875 1354 e
2930 1301 3200 1355 memoria
3237 1296 3429 1356 no'stra

1843 1387 2178 1458 projecimus
2237 1395 2434 1442 vestrae
2489 1389 2778 1445 charitatis
2843 1405 3070 1458 curam,
3137 1401 3428 1463 precantes

1843 1477 2014 1532 Deum
2048 1484 2297 1533 nostrum
2328 1489 2387 1534 ut
2420 1481 2789 1550 permaneatis
2817 1481 2873 1537 in
2906 1483 3042 1548 ﬁde,
3069 1483 3126 1539 in
3169 1469 3278 1557 qua
3312 1494 3427 1542 sta-

1843 1568 1914 1622 tis
1962 1575 2017 1620 et
2044 1568 2355 1643 gloriamini
2410 1569 2465 1624 in
2530 1586 2627 1641 spe
2657 1572 2847 1643 gloriae
2900 1573 3015 1629 Dei.
3068 1574 3203 1629 Nam
3237 1592 3427 1632 revera

1842 1657 2059 1712 dilIicile
2085 1657 2199 1728 jam
2253 1659 2477 1714 inventu
2533 1676 2600 1716 ac
2652 1678 2883 1733 prorsus
2919 1681 3140 1732 rarum,
3173 1668 3425 1724 Ecclesia

1842 1750 2058 1806 sincera
2085 1791 2100 1816 ,
2135 1751 2273 1806 nihil
2304 1767 2368 1807 ex
2399 1760 2708 1823 temporum
2745 1755 3067 1814 difficultate
3119 1757 3247 1814 laesa
3270 1799 3286 1825 ,
3329 1761 3426 1816 sed

1840 1842 2110 1916 integram
2143 1854 2198 1900 et
2223 1845 2547 1902 inoffensam
2579 1863 2810 1905 servans
2834 1852 3194 1920 apostolicam
3220 1853 3426 1909 doctri-

1839 1949 1998 2000 nam,
2029 1936 2248 2006 qualem
2284 1946 2523 1994 vestram
2561 1940 2806 1995 ostendit
2837 1940 2926 1995 his
2954 1943 3298 2014 temporibus
3321 1943 3427 2000 Ec-

1840 2028 2065 2082 clesiam
2098 2029 2193 2099 qui
2241 2029 2566 2088 manifestos
2604 2030 2661 2085 in
2710 2031 2943 2104 singulis
2969 2035 3422 2104 generationibus

1841 2117 1975 2175 facit
2003 2135 2133 2186 eos,
2165 2122 2260 2191 qui
2295 2122 2470 2192 ipsius
2503 2123 2796 2182 vocatione
2828 2125 2982 2196 digni
3018 2136 3166 2183 sunt.
3215 2129 3295 2184 Ac
3330 2127 3424 2184 det

1837 2211 1993 2268 vobis
2043 2211 2308 2270 Dominus
2339 2214 2484 2270 bona
2508 2213 2816 2272 Jerusalem
2870 2233 3124 2289 superna:
3149 2260 3166 2286 ,
3198 2236 3300 2291 pro
3349 2237 3420 2278 eo

1840 2301 1985 2372 quod
2026 2302 2195 2360 falsas
2223 2314 2419 2360 contra
2457 2321 2558 2362 nos
2592 2308 2901 2364 calumnias
2943 2311 2999 2364 in
3032 2311 3417 2368 mentientium

1837 2397 2018 2466 capita
2066 2397 2376 2466 rejecistis,
2420 2398 2646 2454 minime
2696 2399 2893 2456 dantes
2945 2401 3027 2457 eis
3093 2401 3304 2457 aditum
3361 2403 3422 2461 in

1837 2485 2006 2542 corda
2055 2494 2262 2544 vestra.
2295 2487 2362 2542 Et
2396 2488 2512 2544 scio
2544 2497 2599 2544 et
2631 2505 2960 2560 persuasum
3015 2492 3190 2548 habeo
3221 2494 3279 2548 in
3313 2491 3424 2549 Do-

1837 2580 1989 2635 mino
2009 2619 2024 2645 ,
2049 2579 2358 2636 mercedem
2386 2589 2629 2636 vestram
2657 2581 2937 2652 copiosam
2967 2597 3091 2639 esse
3129 2583 3188 2639 in
3221 2585 3380 2642 ccelis
3399 2625 3420 2655 ,

1836 2673 1922 2728 vel
1950 2674 2021 2729 ob
2048 2673 2188 2729 hanc
2213 2674 2516 2730 actionem.
2552 2672 2693 2729 Illud
2711 2675 2857 2730 enim
2889 2677 3291 2734 considerastis
3324 2693 3418 2735 sa-

1838 2765 2050 2835 pienter
2070 2767 2216 2838 apud
2240 2781 2338 2823 vos
2356 2809 2371 2832 ,
2401 2767 2548 2837 quod
2584 2766 2806 2838 quidem
2841 2775 2896 2823 et
2923 2769 3147 2824 veritati
3181 2785 3420 2827 consen-

1835 2865 2096 2924 taneum,
2131 2872 2228 2913 eos
2266 2857 2363 2928 qui
2397 2857 2708 2912 retribuunt
2763 2857 2898 2912 mihi
2947 2859 3091 2913 mala
3131 2875 3232 2930 pro
3257 2859 3420 2915 bonis

1835 2960 1890 3004 et
1921 2947 2110 3002 odium
2161 2963 2262 3019 pro
2287 2963 2408 3004 mea
2453 2949 2508 3003 in
2546 2949 2670 3005 illos
2705 2949 3005 3006 dilectione
3019 2951 3090 3018 ",
3113 2952 3420 3010 calumnias

1835 3039 1972 3095 mihi
2021 3055 2170 3095 nunc
2223 3040 2296 3096 ob
2340 3055 2406 3096 ea
2457 3048 2704 3107 struere,
2741 3057 2863 3112 quae
2915 3043 3021 3114 ipsi
3073 3045 3422 3115 reperiuntur

1837 3135 2060 3206 scriptis
2089 3135 2534 3194 confessionibus
2562 3139 2976 3210 comprobasse.

1905 3405 1960 3458 2.
2017 3402 2205 3474 Neque
2236 3404 2290 3459 in
2332 3405 2474 3460 hanc
2503 3405 2681 3462 solam
2716 3404 3037 3460 inciderunt
3092 3421 3380 3479 repugnan

1835 3497 1965 3551 tiam
1989 3539 2003 3562 ,
2030 3505 2090 3552 ut
2125 3497 2344 3568 propria
2376 3499 2582 3568 scripta
2617 3498 2780 3553 nobis
2811 3499 3066 3554 criminis
3120 3499 3242 3554 loco
3276 3500 3420 3569 obji-

1833 3598 2056 3654 cerent,
2107 3589 2202 3645 sed
2233 3590 2397 3644 etiam
2433 3590 2691 3646 omnibus
2737 3589 3018 3662 suffragiis
3051 3592 3120 3646 ab
3171 3592 3274 3654 iis,
3323 3592 3415 3662 qui

1833 3695 2138 3737 convenere
2166 3681 2703 3752 Constantinopolim
2727 3721 2742 3748 ,
2773 3683 3010 3754 depositi
3037 3723 3052 3748 ,
3093 3684 3314 3738 illorum
3342 3685 3414 3740 de

1832 3772 2170 3843 depositione
2216 3772 2496 3828 decretum
2558 3790 2669 3828 non
2720 3782 3048 3844 receperunt
3076 3813 3092 3839 ,
3141 3774 3412 3846 synodum

1832 3864 2124 3934 impiorum
2169 3865 2504 3935 appellantes
2531 3904 2546 3928 ,
2578 3881 2682 3920 nec
2711 3865 2921 3937 dignati
2961 3867 3251 3938 episcopos
3282 3868 3410 3924 illos

1833 3955 2142 4025 appellare,
2169 3972 2240 4010 ne
2280 3957 2447 4010 latam
2483 3964 2680 4011 contra
2735 3973 2797 4012 se
2837 3958 3164 4012 sententiam
3209 3959 3414 4013 contir-

1833 4056 2063 4102 marent.
2113 4046 2181 4100 Et
2225 4063 2448 4104 causam
2513 4049 2873 4119 adjecerunt,
2915 4064 3018 4103 cur
3069 4065 3180 4104 non
3226 4059 3416 4107 essent

1832 4140 2075 4210 episcopi
2105 4159 2117 4196 :
2149 4155 2214 4195 eo
2239 4140 2384 4210 quod
2411 4140 2658 4203 haeresis,
2681 4140 2932 4205 aiebant,
2966 4139 3194 4196 nefariae
3219 4149 3408 4198 essent

1833 4231 2102 4302 signiferi.
2136 4230 2264 4287 Haec
2316 4239 2501 4288 autem
2563 4241 2867 4288 evenerunt
2921 4241 3051 4288 ante
3107 4233 3297 4289 decem
3357 4240 3414 4288 et

1897 4540 2008 4624 l)
2031 4540 2238 4624 μαξὺς
2261 4540 2355 4624 ἐκ,
2374 4550 2480 4596 etc.
2518 4539 2811 4624 Medicaeus
2835 4556 2970 4624 cum
2999 4544 3249 4624 quinque
3287 4545 3411 4624 aliis

1826 4609 1997 4684 πολὺς
2027 4613 2085 4664 ἐν
2111 4615 2175 4684 τῇ
2211 4609 2406 4682 πράξει
2434 4611 2629 4684 ταύτῃ,
2667 4613 2881 4684 caeteris
2922 4609 3171 4684 omissis:
3210 4616 3412 4669 Coisli-

1826 4683 2026 4737 nianus
2059 4681 2268 4754 primus
2290 4681 2706 4754 consentitcum
2730 4683 2912 4754 editis.
2934 4681 3053 4736 Non
3087 4685 3260 4754 multo
3289 4694 3412 4754 post

1826 4759 2064 4821 quatuor
2094 4752 2313 4821 codices
2343 4767 2462 4821 non,
2488 4753 2850 4807 vetustissimi
2886 4752 3300 4818 άνταποδόντεςζ

1897 4821 2008 4894 (ἑξ)
2039 4820 2271 4894 (faxint.
2296 4822 2388 4894 Ita
2435 4820 2606 4894 Cois].
2640 4823 2852 4894 primus
2882 4831 2936 4877 et
2962 4821 3103 4877 Med.
3137 4839 3264 4878 cum
3299 4840 3408 4880 uno

1824 4907 1890 4948 ex
1907 4890 1916 4962 ς
1931 4890 2136 4962 Regiis.
2167 4890 2306 4962 Editi
2333 4890 2576 4962 ἀγαθῷν.

1749 4981 1796 5037 ι)
1893 4958 2421 5084 (ιὸγἙτγρὰρους.
2447 4959 2546 5041 llic
2572 4962 2727 5044 locus
2749 4961 3064 5044 illustratur
3082 4979 3148 5017 ex
3173 4962 3409 5033 epistola

1821 5030 1890 5084 24
1935 5071 1948 5084 .
1983 5047 2036 5084 ιι.
2072 5031 2125 5084 5.
2164 5031 2256 5084 ubt
2300 5031 2535 5084 Bastllus
2581 5041 2832 5084 miratur.
2885 5048 2986 5084 cur
3014 5034 3175 5084 bilem
3213 5035 3409 5084 Eusta-

1983 5047 2036 5084 n.
2072 5031 2125 5092 5,
2164 5031 2256 5084 ubi
2300 5031 2535 5085 Basilius
2581 5032 2832 5098 miratur,
2885 5048 2986 5085 cur
3014 5033 3175 5086 bilem
3208 5031 3412 5087 Eusta-

1826 5102 1926 5154 thii
1956 5101 2092 5154 adeo
2123 5103 2354 5156 moverit
2382 5102 2454 5156 ob
2481 5103 2814 5170 postulatam
2845 5101 2914 5156 ab
2934 5117 3002 5156 eo
3025 5101 3145 5157 fidei
3175 5101 3408 5159 Nicaenae

1823 5171 2268 5237 confessionem;
2304 5187 2432 5224 cum
2474 5171 2722 5238 ejusdem
2757 5172 2881 5225 fidei
2909 5172 3188 5228 confessio
3221 5173 3408 5228 Roma:

1829 5249 2096 5314 servetur
2110 5241 2384 5314 Eustatbii
2399 5257 2564 5295 manu
2579 5243 2808 5311 scripta,
2829 5257 2858 5296 a
2876 5244 3162 5312 quoetiam
3196 5246 3408 5314 synodo

1826 5311 2100 5379 Tyanensi
2136 5312 2321 5366 oblata
2353 5323 2459 5366 est.

1917 5381 2007 5452 44)
2040 5380 2467 5452 Προφέροντες.
2501 5381 2578 5436 Ita
2605 5381 2773 5437 Coisl.
2803 5381 3014 5452 primus
3035 5391 3091 5438 et
3113 5381 3254 5438 Med.
3278 5397 3405 5439 cum

1824 5451 2005 5524 tribus
2039 5453 2182 5507 aliis.
2210 5451 2355 5524 Editi
2376 5451 2805 5524 προσφέροντες.

1899 5523 2010 5606 (ιδ)
2037 5523 2353 5606 Ιζιιμψξηερί.
2374 5521 2876 5606 γαῑὶριιιιίιεμεοάθχ
2900 5522 3210 5606 παμψηφεί.
3231 5521 3406 5606 Paulo

1827 5601 1952 5663 post
1988 5593 2394 5664 multadesunt
2435 5593 2489 5646 in
2541 5593 2881 5664 Coisliniano
2916 5593 3094 5664 primo
3137 5603 3193 5647 et
3228 5595 3405 5664 tribus

1828 5665 1974 5724 aliis,
2002 5664 2063 5736 in
2093 5663 2314 5736 quibus
2335 5663 2531 5736 legitur
2563 5663 2925 5736 ἐπισκόπους.
2949 5663 3082 5718 διότι
3116 5663 3400 5736 αἱρέσεως.

1947 5734 2096 5789 Alias
2131 5731 2338 5786 LXXII.
2378 5731 2592 5795 Scripta
2621 5750 2764 5788 anno
2797 5734 2921 5790 376.
