3856 6224
419 281 522 342 935
550 296 557 305 '

1865 264 1923 319 S.
1963 262 2045 316 B.\
2055 259 2207 318 SlLll
2246 258 2461 317 MAGNI

3588 252 3688 311 936

422 405 629 466 septem
650 408 758 448 non
790 398 1013 448 exactos
1050 401 1249 443 annos.
1293 384 1464 440 Erant
1497 393 1680 440 autem
1709 382 1879 437 duces
1903 394 2000 435 eo-

2125 377 2317 446 yévsto
2365 376 2478 445 (46)
2531 375 2637 447 πρὸ
2668 374 2801 428 δέκα
2853 371 2950 427 καὶ
2999 370 3140 425 ἐπτά
3194 371 3293 441 οὐχ
3341 368 3479 424 ὅλων
3529 370 3684 428 ἐτῶν.

422 504 581 553 rum,
608 486 704 557 qui
754 483 880 541 illos
920 482 1232 552 deposuere
1257 519 1273 545 ,
1323 476 1612 533 Eudoxius
1634 515 1649 540 ,
1686 472 1954 543 Evippius
1983 510 1997 536 ,

422 579 721 650 Georgius,
771 573 1006 630 Aeacius
1047 578 1102 627 et
1147 570 1241 626 alii
1284 569 1442 625 vobis
1480 566 1675 636 ignoti.
1734 564 1838 631 Qui
1868 578 2000 618 vero

423 687 573 728 nunc
600 671 657 726 in
683 666 948 724 Ecclesiis
965 664 1347 728 dominantur,
1370 675 1561 717 eorum
1592 657 1756 730 387
1782 671 2003 713 succes-

424 777 580 819 sores
605 767 770 826 sunt,
802 759 894 814 alii
920 757 1144 812 illorum
1179 754 1304 810 loco
1331 752 1573 808 ordinati
1597 789 1612 815 ,
1640 748 1732 803 alii
1764 749 1833 803 ab
1864 746 2001 819 ipsis

423 851 733 912 constituti.
926 848 931 851 ’

497 1032 551 1087 3.
582 1030 739 1085 Nunc
782 1028 952 1099 igitur
993 1025 1084 1095 qui
1133 1039 1235 1079 nos
1267 1036 1449 1093 pravae
1487 1019 1754 1074 doctrina:
1781 1019 2004 1073 nomine

425 1124 718 1185 incusant,
749 1120 940 1175 dicant
969 1116 1130 1172 nobis
1151 1156 1166 1179 ,
1202 1112 1481 1185 quomodo
1515 1112 1753 1166 haeretici
1779 1110 2001 1181 quidem

426 1215 631 1271 fuerint
664 1213 737 1279 ii,
769 1225 1003 1281 quorum
1057 1207 1342 1263 decretum
1380 1205 1449 1260 de
1495 1203 1842 1275 depositione
1893 1216 2006 1256 non

425 1302 795 1376 receperunt?
837 1300 1115 1373 quomodo
1149 1312 1279 1354 vero
1307 1296 1604 1351 orthodoxi
1638 1294 1764 1360 isti,
1803 1292 1898 1365 qui
1945 1292 2013 1347 ab

426 1400 539 1454 illis
567 1396 855 1453 constituti
880 1401 1047 1459 sunt,
1080 1399 1135 1446 et
1163 1391 1412 1447 eamdem
1449 1388 1777 1443 sententiam
1810 1399 1875 1438 ac
1909 1397 2007 1452 pa-

430 1496 546 1543 tres
569 1485 655 1543 sui
685 1483 1054 1542 conservant?
1084 1480 1220 1534 Nam
1258 1480 1305 1535 si
1347 1476 1693 1534 orthodoxus
1714 1473 2003 1544 Evippius,

427 1578 708 1650 quomodo
738 1591 849 1630 non
879 1575 1057 1629 laicus
1091 1570 1435 1636 Eustathius,
1458 1570 1552 1640 qui
1582 1568 1651 1623 ab
1690 1582 1758 1621 eo
1789 1566 2012 1635 deposi-

2102 462 2285 521 ’Ἦσαν
2335 465 2393 518 δὲ
2443 467 2494 519 oi
2539 464 2759 538 ἔξαρχοι
2804 463 2914 518 τῶν
2960 461 3301 517 καθελόντων
3332 461 3551 525 αὐτοὺς,
3588 461 3689 513 Εὑ-

2102 560 2293 625 δόξιος,
2325 559 2614 622 Εὑίππιος.
2649 555 2943 628 Γεὼργιος,
2989 555 3264 619 ’Δκάκιος,
3296 554 3391 607 καὶ
3426 554 3476 606 οἱ
3515 553 3687 607 λοιποὶ

2104 655 2211 707 τῶν
2234 654 2362 725 ὑμῖν
2394 652 2505 723 (47)
2524 649 2923 721 ἀγνοουμένων.
2948 649 3010 702 Οἱ
3040 648 3098 702 δὲ
3114 648 3211 703 νῦν
3234 646 3566 719 κρατοῦντες
3583 648 3686 716 (48)

2105 745 2214 798 τῶν
2230 743 2590 815 Ἐκκλησιῶν,
2618 742 2844 796 ἐκείνων
2872 741 2982 793 εἰσὶ
3026 740 3261 811 διάδοχοι
3283 756 3299 769 ⁸
3332 739 3383 793 οἱ
3415 740 3537 811 μὲν,
3581 741 3692 793 ἀντ’

2106 836 2285 892 αὐτῶν
2333 834 2826 908 χειροτονηθέντες,
2874 832 2925 884 oi
2976 830 3055 893 δέ,
3105 830 3195 884 ὄπ’
3243 830 3469 884 ἐκείνων
3513 831 3691 885 αὐτῶν

2108 929 2494 1002 προαχθέντες.

2178 1024 2232 1077 5.
2274 1022 2387 1075 Νῦν
2428 1016 2521 1074 οὖν
2551 1020 2601 1073 oi
2648 1018 2781 1088 ἡμῖν
2825 1017 2925 1091 τὴν
2970 1013 3290 1082 κακοδοξίαν
3333 1015 3695 1084 ἐγκαλοῦντες

2111 1116 2427 1169 εἰπάτωσαν
2478 1116 2630 1185 ἡμῖν,
2664 1112 2783 1175 πῶς
2829 1113 2929 1183 μὲν
2978 1110 3249 1181 αἱρετικοὶ
3280 1105 3421 1181 ἦσαν
3475 1110 3694 1174 ἐκεῖνοι,

2112 1201 2188 1261 ὧν
2212 1207 2311 1279 τὴν
2361 1205 2679 1278 καθαίρεσιν
2712 1205 2812 1257 οὐκ
2861 1201 3141 1268 ἐδέξαντο;
3180 1201 3299 1266 πῶς
3339 1201 3395 1255 δέ
3429 1200 3698 1271 ὁρθόδοξοι

2112 1295 2258 1356 οὗτοι
2308 1302 2358 1355 οἱ
2404 1300 2535 1372 παρ’
2587 1299 2811 1353 ἐκείνων
2859 1295 3261 1368 προαχθέντες,
3319 1295 3416 1348 καὶ
3462 1294 3526 1347 τὸ
3570 1293 3700 1348 αὐτὸ

2117 1393 2372 1466 φρόνημα
2401 1394 2513 1456 τοῖς
2549 1390 2821 1461 πατράσιν
2864 1388 3044 1441 αὐτῶν
3070 1386 3459 1452 διασώζοντεςς
3490 1387 3556 1439 Εἰ
3603 1386 3699 1458 μὲν

2117 1485 2226 1557 γὰρ
2255 1482 2534 1555 ὀρθόδοξος
2560 1482 2850 1545 Εὐίππιος,
2884 1479 3003 1544 πῶς
3033 1480 3155 1550 ούχὶ
3175 1478 3360 1542 λαῖκὸς
3380 1478 3698 1543 Εὑστάθιος,

2116 1580 2144 1632 ὁ
2171 1576 2303 1649 παρ’
2352 1577 2560 1629 ἐκείνου
2609 1572 3028 1647 καθῃρημένοςς
3064 1572 3113 1625 εί
3157 1570 3215 1624 δὲ
3242 1570 3516 1642 αἱρετικδς
3560 1571 3703 1623 ἐκεῖ·

428 1680 521 1727 tus
553 1670 677 1728 est?
716 1666 814 1723 Sin
850 1676 1031 1721 autem
1063 1665 1155 1720 ille
1196 1663 1506 1726 hereticus,
1538 1658 1815 1731 quomodo
1858 1671 2006 1712 nunc

2125 1685 2228 1732 νος,
2260 1684 2376 1731 πως
2419 1664 2737 1729 κοινωνικὸς
2783 1663 3085 1717 Εὐσταθίου
3119 1662 3214 1716 νῦν
3243 1662 3377 1735 (49),
3418 1664 3448 1716 ό
3482 1662 3572 1716 διὰ
3603 1663 3703 1731 τῆς

429 1761 871 1816 communicator
903 1755 1176 1811 Eustathii
1203 1795 1217 1819 ,
1251 1754 1344 1825 qui
1368 1753 1487 1823 ejus
1519 1767 1693 1805 manu
1728 1750 2014 1804 ordinatus

2125 1759 2322 1814 ἐκείνου
2398 1758 2580 1830 χειρὸς
2635 1755 2965 1829 προαχθείς;
3038 1754 3198 1807 Ἀλλὰ
3254 1753 3465 1807 παιδιαὶ
3517 1747 3704 1819 αὗται,

429 1854 550 1911 est?
584 1850 693 1908 Sed
738 1852 790 1906 hi
832 1858 964 1907 sunt
1008 1848 1160 1911 ludi,
1193 1863 1334 1917 quos
1366 1855 1557 1902 contra
1591 1843 1871 1899 Ecclesias
1919 1840 2014 1896 Dei

431 1945 666 2011 ludunt;
692 1943 761 1998 ad
792 1958 950 1999 suam
981 1943 1271 1995 utilitatem
1294 1947 1349 1995 et
1380 1954 1645 1994 accusare
1675 1936 1929 1992 homines
1960 1943 2017 1989 et

432 2052 629 2093 rursus
652 2036 1039 2091 commendare
1068 2034 1470 2105 aggredientes.
1497 2028 1758 2084 Basilidis
1779 2026 2016 2097 Paphla-

430 2130 593 2202 gonis
642 2127 840 2182 altaria
883 2127 1080 2183 evertit
1133 2125 1415 2180 transiens
1447 2139 1544 2194 per
1581 2119 2015 2192 Paphlagoniam

433 2218 791 2284 Eustathius,
825 2233 890 2273 ac
925 2217 982 2272 in
1024 2217 1266 2287 propriis
1307 2215 1516 2269 mensis
1549 2212 1884 2268 sacrificavit
1915 2230 1929 2266 :
1965 2219 2019 2267 et

432 2326 583 2367 nunc
614 2309 846 2382 supplex
877 2316 963 2365 est
997 2307 1226 2363 Basilidi
1248 2346 1263 2369 ,
1290 2313 1352 2361 ut
1389 2305 1715 2376 recipiatur.
1744 2304 2016 2375 Segrega-

438 2404 517 2459 vit
550 2401 823 2473 Elpidium
857 2388 1335 2470 religiosissimum
1371 2396 1597 2451 fratrem
1626 2395 1698 2451 ob
1724 2396 1870 2450 illius
1894 2409 2018 2449 cum

441 2494 860 2550 Amasiensibus
890 2490 1340 2561 coniunctionem
1369 2510 1382 2544 :
1414 2499 1469 2543 et
1499 2504 1646 2544 nunc
1686 2489 1914 2559 supplex
1932 2495 2022 2542 est

434 2584 853 2642 Amasiensibus
880 2623 895 2648 ,
924 2598 1181 2653 quazrens
1210 2598 1403 2637 eorum
1449 2580 1917 2650 coniunctionem.
1949 2578 2022 2633 ll-

436 2679 547 2734 lius
592 2686 776 2733 autem
822 2677 1087 2732 adversus
1132 2674 1422 2745 Evippium
1493 2673 1916 2744 praedicationes
1966 2682 2022 2728 et

437 2785 537 2825 vos
572 2769 676 2840 ipsi
704 2767 863 2824 scitis
895 2782 1058 2837 quam
1090 2775 1279 2823 essent
1304 2766 1609 2821 horrendae.
1648 2764 1714 2818 Et
1743 2780 1895 2820 nunc
1923 2765 2020 2835 qui

438 2860 655 2932 Evippii
680 2860 1011 2916 sententiam
1034 2867 1223 2914 tenent
1248 2898 1262 2923 ,
1291 2872 1388 2914 eos
1416 2858 1673 2913 laudibus
1713 2858 1786 2913 ob
1812 2865 2019 2912 rectam

439 2955 748 3012 doetrinam
788 2954 1035 3022 extollit,
1072 2955 1236 3009 modo
1266 2962 1326 3009 ut
1369 2955 1439 3009 ad
1473 2953 1626 3009 illius
1653 2953 2023 3010 restitutionis

440 3047 716 3111 studium,
744 3059 970 3117 operam
1022 3053 1246 3101 navent.
1278 3043 1389 3101 Nos
1423 3052 1607 3099 autem
1637 3042 2022 3110 traducimur,

442 3153 552 3194 non
590 3137 721 3208 quia
757 3138 894 3193 mali
932 3137 1236 3208 quidquam
1282 3136 1646 3199 admittimus,
1680 3135 1777 3191 sed
1807 3136 1938 3207 quia
1967 3135 2025 3190 id

441 3229 780 3286 existimavit
813 3229 918 3285 sibi
945 3228 1159 3284 laudem
1188 3229 1610 3284 conciliaturum
1657 3226 1802 3296 apud
1831 3226 2028 3281 Antio-

443 3321 671 3379 chenos.
705 3320 857 3388 Quos
886 3329 1069 3376 autem
1094 3336 1239 3376 anno
1265 3322 1541 3392 praeterito
1577 3334 1642 3375 ex
1675 3319 1890 3374 Galatia
1925 3332 2023 3372 ac-

444 3414 755 3480 cersivere,
797 3420 858 3468 ut
892 3411 1145 3477 idoneos,
1177 3427 1274 3484 per
1298 3428 1439 3483 quos
1469 3412 1698 3467 liberam
1736 3410 2029 3482 episcopa-

444 3590 952 3732 ιγὲξξὶτξῗτέινυιιτο.
976 3590 1057 3645 ita
1081 3588 1373 3645 Medicaeus
1396 3588 1567 3645 codex
1584 3604 1708 3644 cum
1731 3587 1861 3648 alio.
1881 3586 2029 3643 Editi

517 3733 630 3804 (47)
660 3730 853 3804 Ὑμῖν.
881 3729 983 3804 Sic
1005 3729 1149 3786 Med.
1203 3728 1705 3804 et_tloisl.iprimus
1751 3743 1878 3785 cum
1914 3744 2028 3784 uno

444 3800 748 3873 ex‘llegiis',
787 3802 986 3857 melius
1014 3817 1183 3873 quam
1216 3800 1351 3873 editi
1383 3803 1539 3873 ἡμῖν.

518 3867 790 3943 (48)”Νῦν
817 3867 1198 3943 κρατοῦὶρτες.
1245 3869 1372 3926 Haec
1404 3867 1571 3943 verba
1605 3867 2029 3943 sic_re_ddipos-

447 3939 592 4009 sent,
612 3939 714 4014 'qui
751 3939 888 3997 nunc
914 3940 1178 3996 Ecclesias
1208 3951 1415 4014 regunt.
1445 3939 1552 4014 Sed
1579 3941 1746 3993 credo
1764 3939 2028 4014 Basilium

447 4009 724 4082 respicere
754 4014 823 4067 ad
874 4014 1168 4068 violentam
1204 4009 1351 4065 illam
1394 4013 1725 4064 Arianorum
1770 4009 2025 4082 domina-

446 4080 685 4153 tionem,
707 4086 801 4153 qui
831 4098 929 4153 per
954 4082 1036 4138 fas
1091 4082 1362 4153 etancfas
1416 4082 1766 4153 episcopatus
1794 4080 2024 4153 invade-

446 4153 601 4209 bant.
642 4150 857 4207 Hiticin
887 4155 1053 4223 epist.
1094 4151 1202 4205 ’244
1240 4150 1580 4223 δυναστείαν,
1612 4150 2028 4223 dominationem

446 4230 609 4277 vocat
637 4220 1006 4293 episcopalem
1030 4223 1248 4275 illorum
1278 4222 1621 4291 dignitatem.
1659 4220 1749 4273 Ait
1782 4220 1834 4273 in
1858 4222 2024 4290 epist.

446 4292 554 4347 225
591 4292 936 4348 Eustathium
971 4300 1195 4348 cantare
1231 4293 1462 4348 gratiam
1507 4306 1723 4348 eorum,
1759 4293 1853 4348 nui
1889 4308 2028 4344 nunc

446 4308 554 4347 zz.)
593 4308 936 4348 mustatmum
971 4308 1195 4370 captare
1231 4308 1462 4360 gratiam
1507 4308 1723 4348 eorum,
1759 4308 1853 4360 qut
1889 4308 2028 4344 nunc

446 4361 813 4426 dominantur,
857 4361 966 4414 τῶν
1009 4379 1104 4416 νυν
1155 4361 1521 4432 κρατούντων,
1568 4359 1831 4432 iiuzoium
1883 4362 2031 4417 desi-

444 4416 657 4501 gnans.
676 4416 1021 4487 Demonstrat
1045 4434 1099 4484 in
1122 4416 1281 4499 epist.
1308 4432 1435 4491 245,
1464 4416 1520 4483 ηξ
1562 4429 1618 4491 4,
1651 4431 1883 4486 Arianos
1908 4416 2029 4484 om-
2063 4416 2108 4472 Ῑ)

447 4505 541 4556 nia
565 4502 941 4558 ecclesiastica
965 4502 1151 4556 munia
1178 4503 1232 4554 in
1292 4516 1445 4556 suam
1474 4509 1801 4569 potestatem
1835 4517 1901 4555 ac
1935 4501 2023 4556 di-

449 4574 653 4627 tionem
687 4572 936 4639 redigere
967 4573 1179 4625 conari.

520 4641 633 4713 (49)
666 4641 1029 4705 Κοινωνικὸς
1081 4639 1609 4713 Εὑσταθίουμτςῦν.
1664 4639 1757 4694 Sic
1804 4640 2026 4713 codices

446 4709 625 4766 nostri
663 4727 800 4768 mss.
855 4726 1072 4766 summo
1106 4726 1404 4766 consensu.
1441 4709 1582 4764 Editi
1627 4710 1882 4775 κοινωνὸς
1920 4713 2026 4766 Εὑ-

448 4780 653 4853 σταθίῳ
678 4780 772 4853 ἦν.

518 4848 635 4931 (ἕο)
657 4848 958 4931 ,ςΕαείζῷγκ
981 4848 1248 4931 Ιιαροίει.
1282 4850 1492 4921 primus
1510 4860 1564 4906 et
1584 4848 1724 4905 Med.
1758 4867 1883 4906 cum
1916 4867 2025 4908 uno

445 4936 515 4977 ex
530 4920 743 4993 Regiis.
781 4921 935 4993 Editi,
954 4920 1156 4993 αὐτῶν.

504 4989 645 5115 ξι)
673 4990 1001 5073 ᾉγέτρεψε.
1024 4990 1132 5075 βία
1162 4989 1332 5047 Coisl.
1380 4990 1592 5072 primus
1632 5000 1687 5046 et
1721 4990 1865 5047 Med.
1896 5007 2023 5079 cum

504 5078 516 5111 ι
562 5077 626 5115 us
651 5062 798 5115 alus.
834 5059 980 5115 Edttt
1013 5062 1330 5115 ανέστοεψε.
1372 5062 1574 5115 Ibidem
1610 5061 1751 5115 Med.
1793 5080 2022 5115 πεοιων.

445 5061 626 5117 tribus
651 5062 798 5116 aliis.
834 5061 980 5115 Editi
1013 5061 1330 5132 ἀνέστρεψε.
1372 5062 1574 5116 Ibidem
1610 5061 1751 5117 Med.
1793 5062 2022 5134 περιών.

449 5209 461 5214 Δ
666 5129 1171 5214 ,Ἀμασέωῃ
1220 5133 1641 5214 Αιιιοεὶθιιεὶιιιη.
1672 5134 1896 5214 nomine
1936 5135 2023 5214 in-

444 5201 640 5283 telligit
666 5201 923 5283 Basilius,
951 5220 1067 5283 uon_
1093 5203 1242 5258 cives
1266 5203 1520 5283 Amasiae,
1550 5202 1645 5283 sed
1671 5204 1857 5283 hujus;
1869 5204 2022 5259 urbis

445 5270 787 5344 episcopum.
818 5270 939 5344 Non
982 5274 1128 5327 enim
1174 5273 1390 5343 populis
1420 5270 1793 5344 supplicabat
1820 5274 2023 5328 Eusta-

444 5342 615 5421 thius,
783 5343 1078 5421 episcopis,
1106 5342 1344 5421 quorum
1374 5342 1610 5421 gratiam
1654 5343 1931 5421 ambiebat
1948 5352 2023 5421 _ut

443 5412 817 5481 episcOpatum
851 5412 1141 5467 retineret.
1170 5412 1276 5468 Sed
1329 5412 1490 5482 paulo
1523 5422 1649 5485 post
1692 5413 1778 5467 his
1809 5413 2017 5479 verbis,

444 5481 581 5535 πρὸς
612 5482 738 5535 τοὺς
785 5484 844 5535 ἐν
890 5482 1210 5535 Ἀντιογεία.
1256 5482 1522 5535 Euzoium
1560 5484 1814 5535 designat
1859 5482 2017 5535 Basi-

444 5481 581 5552 πρὸς
612 5482 758 5562 τοὺς⁸
785 5484 844 5536 ἐν
890 5482 1210 5606 Ἀντιοχείᾳ,
1256 5481 1814 5606 ιᾷιιιοίιιιιίάθεξὲηλι
1859 5482 2021 5538 Basi-

446 5549 572 5632 ltus.
594 5550 905 5632 ltreptstola
922 5552 1029 5607 244
1104 5554 1461 5632 ιεορυιιιιωοε
1481 5560 1650 5632 _vocat_
1698 5553 2017 5632 Διιιῖιὶιξοῑ-ειιιὶ

445 5618 726 5700 Nicopolis
752 5623 1094 5700 episcOpum,
1126 5618 1457 5700 sebastenos
1481 5624 1535 5700 in
1567 5625 1743 5700 epist._
1771 5623 1874 5700 139
1907 5622 2019 5700 Eu-

447 5692 710 5745 stathium
753 5689 1137 5749 sebast'enum.
1177 5693 1292 5750 lluc
1335 5693 1567 5758 accedit.
1598 5689 1746 5754 uuod
1793 5694 2017 5750 Amasia

2117 1852 2258 1907 κατά
2297 1852 2406 1906 τῶν
2423 1850 2759 1922 Ἐκκλησιῶν
2789 1849 2883 1903 τοῦ
2914 1849 3050 1904 Θεοῦ
3097 1846 3445 1920 παιζόμεναι,
3478 1848 3617 1920 πρὸς
3643 1846 3707 1901 ea

2118 1943 2327 1999 ἑαυτῶν
2366 1944 2480 2012 (50)
2529 1943 2831 2013 συμφέρον,
2881 1942 2976 1995 καὶ
3017 1940 3327 1995 διαϐάλλειν
3357 1939 3706 2011 ἀνθρώπους,

2118 2034 2213 2089 καὶ
2260 2034 2424 2086 πάλιν
2473 2035 2732 2104 συνιστᾷν
2787 2031 3234 2105 ἐπιχειρούντων.
3279 2031 3362 2085 Τά
3390 2030 3707 2085 Βασιλείδου

2118 2125 2211 2179 τοῦ
2250 2124 2605 2193 Παφλαγόνος
2641 2123 3003 2195 θυσιαστήρια
3045 2123 3310 2196 ἀνέτρεψε
3351 2121 3711 2195 (51)·παριίυδ

2117 2216 2215 2288 τὴν
2240 2216 2623 2287 Παφλαγονίαν
2650 2214 2972 2278 Εὑστάθιος,
3000 2215 3095 2269 καὶ
3120 2215 3215 2267 ἐπὶ
3246 2214 3391 2269 ίδίων
3415 2214 3713 2287 τραπεζῶν

2119 2308 2487 2381 ἐλειτούργει·
2544 2309 2639 2361 καὶ
2665 2307 2762 2362 νῦν
2810 2307 2994 2378 ἱκέτης
3028 2308 3149 2361 ἐστὶ
3186 2306 3523 2373 Βασιλείδου,
3568 2307 3714 2361 ὥστε

2119 2402 2395 2472 δεχθῆναι.
2446 2400 2715 2473 Ἀιρὼρισε
2745 2400 2839 2454 τὸν
2880 2400 3274 2457 εύλαὸέστατον
3315 2399 3547 2470 ἀδελφὸν
3592 2400 3716 2453 Ἐλ-

2122 2497 2296 2549 πίδιον
2324 2495 2411 2548 διά
2436 2495 2535 2565 τὴν
2564 2495 2699 2566 πρὸς
2723 2494 2848 2558 τοὺς
2872 2496 2929 2546 ὲν
2968 2495 3235 2566 Ἀμασεία
3262 2496 3562 2564 συνάφειαν
3578 2510 3593 2524 ·
3618 2493 3720 2547 καὶ

2123 2587 2219 2640 νῦν
2234 2585 2416 2656 ἱκέτης
2432 2584 2538 2638 τῶν
2553 2582 2973 2654 Ἀμασέων(52),
2989 2583 3262 2654 ἐπιζητῶν
3279 2582 3459 2637 αὐτῶν
3473 2583 3572 2655 τὴν
3589 2602 3719 2638 συν-

2123 2683 2337 2747 άφειαν.
2364 2676 2445 2729 Τὰ
2472 2675 2615 2730 κατὰ
2650 2675 2919 2729 Εὐιππίου
2947 2675 3278 2747 κηρύγματα
3297 2675 3520 2744 (55)καὶ
3558 2676 3722 2747 ὑμεῖς

2123 2769 2278 2822 αὐτοὶ
2323 2766 2618 2821 ἐπίστασθε
2649 2768 2798 2831 ὅπως
2848 2762 2917 2837 ἦν
2951 2765 3176 2838 φρικτὰ.
3224 2767 3334 2821 Καὶ
3372 2766 3470 2821 νῦν
3494 2769 3624 2831 τοὺς
3649 2766 3721 2821 τά

2124 2858 2335 2912 ἐκείνου
2362 2857 2693 2929 φρονοῦντας
2728 2858 2821 2911 ἐπὶ
2847 2857 3100 2930 ὀρθότητι
3129 2858 3517 2930 ἀποσεμνύνει,
3555 2859 3723 2931 μόνον

2126 2948 2223 3003 ἐὰν
2277 2950 2357 3013 είς
2407 2948 2509 3020 τὴν
2557 2948 2660 3019 τῆς
2706 2949 3207 3013 ἀποκαταστάσεως
3255 2948 3421 3004 αὐτοῦ
3480 2951 3724 3024 σπουδὴν

2051 3070 2098 3133 c
2129 3042 2552 3133 συνεργήσωσιν.
2572 3040 2770 3133 γἭμεῖς
2785 3039 2841 3093 δέ
2855 3040 3373 3112 διαϐαλλόμεθα(54)
3385 3089 3394 3099 .
3407 3042 3510 3096 οὐκ
3529 3044 3723 3115 ἐπειδὴ

2128 3136 2293 3205 ἡμεῖς
2321 3132 2614 3204 ἀδικοῦμέν
2654 3150 2730 3198 τι,
2777 3133 2894 3186 ἀλλ’
2924 3133 3112 3204 ἐπειδὴ
3139 3133 3300 3188 τοῦτο
3329 3134 3587 3205 ἐνόμισεν
3631 3137 3723 3189 εύ-

2128 3225 2415 3298 δοκίμησιν
2442 3225 2592 3296 αύτῷ
2621 3225 2808 3296 φέρειν
2841 3224 2993 3298 παρά
3017 3227 3130 3289 τοῖς
3154 3227 3213 3279 ἐν
3238 3227 3558 3298 Ἀντιοχείᾳ.
3584 3228 3723 3281 Ούδέ

2131 3318 2360 3389 πέρυσιν
2420 3319 2486 3371 ἐκ
2540 3317 2642 3387 τῆς
2691 3316 2959 3380 Γαλατίας
3024 3316 3476 3387 μετεστείλαντο,
3531 3318 3608 3381 ὡς
3652 3318 3724 3371 δι’

2131 3409 2310 3463 αὐτῶν
2341 3408 2630 3479 δυνάμενοι
2655 3406 2756 3480 τὴν
2790 3408 3108 3480 παρρησίαν
3130 3407 3230 3479 τῆς
3259 3409 3567 3480 ἐπισκοπῆς
3586 3411 3723 3463 ἀπο-

2130 3590 2326 3646 civitas
2349 3596 2467 3645 erat
2495 3588 2780 3644 catholica:
2799 3586 2923 3643 ﬁdei
2950 3586 3405 3651 retinentissima,
3422 3588 3588 3641 etiam
3615 3587 3724 3643 sub

2131 3662 2340 3716 Ariano
2384 3660 2664 3730 episcOpo.
2699 3673 2885 3730 quem,
2921 3658 3083 3730 pulso
3122 3656 3358 3723 Eulalio,
3390 3656 3602 3730 Ariani
3627 3659 3720 3712 in-

2131 3727 2436 3786 truserant.
2477 3727 2635 3784 Hunc
2677 3727 2952 3784 hominem
2980 3728 3063 3782 sic
3093 3734 3343 3782 aversata
3381 3735 3468 3782 est
3500 3729 3721 3795 civitas,

2133 3810 2193 3856 nt
2224 3802 2440 3856 rediens
2465 3800 2711 3855 Eulalius
2734 3807 2857 3869 post
2883 3813 3071 3867 pacem
3095 3805 3314 3869 mortuo
3336 3795 3568 3852 Valente
3586 3814 3725 3853 con-

2133 3887 2372 3933 cessam,
2408 3887 2517 3925 non
2556 3868 2747 3940 plures
2769 3883 2835 3940 ex
2886 3876 3000 3940 tota
3029 3868 3188 3929 urbe,
3221 3881 3387 3940 quam
3438 3869 3724 3938 quinqua-

2134 3944 2283 4013 ginta
2314 3937 2589 4013 homines,
2620 3955 2746 4013 cum
2780 3938 3039 4013 haeretica
3068 3937 3546 4013 communicantes
3575 3937 3726 4013 inve-

2135 4007 2295 4067 fuerit.
2333 4010 2458 4066 llam
2495 4011 2764 4066 discimus
2784 4023 2849 4064 ex
2887 4007 3218 4073 Sozomeno,
3248 4007 3343 4061 lib.
3379 4023 3476 4069 vn,
3505 4024 3633 4078 cap.
3665 4011 3724 4064 2.

2135 4085 2315 4148 Quare
2337 4081 2534 4152 Elpidii
2559 4096 2683 4134 cum
2710 4079 3129 4152 Amasiensibus
3155 4078 3374 4152 civibus
3398 4081 3729 4134 communio

2137 4148 2463 4221 reprehendi
2498 4167 2606 4206 non
2647 4157 2899 4221 poterat:
2940 4148 3060 4221 sola
3096 4162 3223 4221 cum
3267 4148 3535 4221 episcopo
3566 4152 3728 4207 urbis

2136 4216 2452 4299 communio
2483 4216 2708 4299 causam
2740 4218 3031 4299 E‘u-stathio
3065 4218 3240 4299 potuit
3267 4216 3488 4299 afferre}

2209 4292 2720 4364 (55)Κηρύτματα.
2772 4287 3039 4364 Videntur
3066 4287 3299 4364 indicari
3348 4290 3729 4364 celpberrimz

2141 4358 2247 4417 illa:
2293 4358 2565 4417 Eustathii
2618 4362 2835 4421 littera},
2884 4359 2939 4412 in
2987 4360 3190 4429 quibus
3241 4372 3370 4412 cum
3410 4358 3726 4417 Eudoxium

2133 4433 2361 4503 ejusque
2417 4433 2669 4503 gregales
2719 4428 3362 4503 acerrimeexagitaret,
3415 4442 3476 4483 ut
3530 4434 3728 4503 estiin

2128 4499 2293 4572 epist.
2318 4499 2448 4564 2'26,
2489 4499 2786 4573 lfvippiunr
2804 4502 3080 4573 pracipue
3109 4499 3325 4573 videtur
3347 4510 3508 4573 aceto
3532 4502 3729 4573 perfu—

2128 4568 2297 4628 disse.
2337 4574 2429 4626 Illa
2469 4568 2983 4641 ειιίιῖι’κηρύγματα
3007 4570 3124 4625 sive
3150 4568 3577 4641 praedicationes
3608 4574 3731 4628 dis-

2128 4644 2300 4714 tingui
2345 4644 2545 4698 debent
2580 4656 2609 4694 a
2637 4639 2925 4714 concione,
2956 4654 3123 4714 quam
3150 4639 3470 4714 Eustathius
3496 4644 3731 4698 habuis-

2127 4731 2187 4769 se
2214 4710 2435 4767 'dicitur
2483 4714 2536 4766 iu
2581 4712 2741 4779 epist.
2792 4710 2920 4763 244.
2965 4711 3022 4764 In
3058 4724 3123 4764 ea
3170 4710 3459 4765 enimnon
3505 4715 3730 4768 videtur

2128 4793 2238 4838 tam
2280 4785 2630 4839 vehementer
2664 4782 2719 4835 in
2754 4781 3042 4851 haereticos
3082 4782 3333 4851 invectus
3369 4781 3545 4838 fuisse
3576 4804 3589 4836 :
3626 4784 3726 4838 sed

2127 4870 2287 4909 suum
2320 4855 2438 4925 ipse
2476 4859 2763 4925 peccatum
2797 4849 3071 4925 plerabat,
3106 4849 3255 4925 quod
3286 4855 3630 4925 composita:
3656 4856 3727 4905 ab

2126 4925 2237 4979 illis
2268 4920 2517 4979 formulae
2549 4922 3007 4991 subscripsisset.
3030 4921 3100 4973 At
3131 4922 3187 4974 in
3219 4920 3601 4980 celeberrimis
3636 4925 3729 4977 lit-

2128 4996 2280 5057 teris,
2306 5010 2445 5064 quas
2469 4992 2539 5048 ad
2562 5008 2756 5064 omnes
2776 4990 3162 5064 ’l'raternitates
3182 4990 3365 5064 _misit,
3397 5006 3521 5057 eos,
3545 5008 3578 5047 a
3602 4995 3731 5063 qni-

2129 5066 2229 5120 bus
2256 5058 2541 5134 depositus
2587 5062 2787 5127 fuerat,
2837 5063 3074 5132 negabat
3109 5058 3401 5134 episcopos
3443 5077 3593 5126 esse.
3623 5058 3729 5117 'ut—

2126 5146 2251 5204 pote
2280 5132 2588 5196 haereticos,
2614 5132 3432 5205 eorumque‘communi‘oneml
3446 5142 3509 5205 ut
3542 5136 3729 5205 perui-

2125 5199 2264 5259 ciem
2326 5207 2658 5266 animarum,
2714 5199 3031 5273 fugiendam
3080 5199 3333 5273 docebat.
3374 5199 3727 5273 ﬁdei-entia:

2124 5293 2257 5346 ergo
2280 5280 2346 5330 ad
2372 5277 2478 5330 has
2518 5276 2731 5331 litteras
2772 5268 3064 5328 horrendae
3097 5272 3154 5325 in
3194 5268 3486 5340 Evippium
3527 5278 3730 5344 praedi-

2124 5349 2393 5401 cationes.

2121 5436 2157 5487 r7
2197 5415 2815 5487 (54)74ta6a.l.ldp£09.
2871 5411 3041 5478 Editi,
3091 5418 3320 5487 excepta
3371 5411 3552 5487 Paris.
3586 5415 3723 5487 ‘edi-

2124 5481 2275 5541 tione
2292 5481 2355 5547 ’2,
2387 5481 2726 5557 praemittunt
2744 5485 2831 5557 ἄν,
2853 5481 3321 5557 quazconjunctio
3340 5484 3542 5539 melius
3563 5484 3727 5557 diceat

2123 5558 2180 5612 iu
2205 5550 2587 5628 Corslfprime
2616 5566 2678 5628 et
2696 5550 2915 5609 duobus
2945 5552 3100 5628 aliis.
3132 5550 3307 5605 Paulo
3342 5561 3473 5623 post
3506 5555 3728 5610 addidi-

2122 5643 2246 5684 mus
2282 5624 2467 5686 vocein
2501 5624 2854 5697 εὐδοκίμησιν
2886 5638 2954 5680 ex
2986 5627 3195 5692 septem
3221 5635 3338 5679 mss
