  <div class='ocr_page' id='page_1' title='image "/cluster/home/n/w/nwhite01/storage/ocr_20150623/32/nnc1.0046978879/536.png"; bbox 0 0 3856 6224; ppageno 0'>
   <div class='ocr_carea' id='block_1_1' title="bbox 102 324 208 382">
    <p class='ocr_par' dir='ltr' id='par_1_1' title="bbox 102 324 208 382">
     <span class='ocr_line' id='line_1_1' title="bbox 102 324 208 382; baseline -0.019 0"><span class='ocrx_word' id='word_1_1' title='bbox 102 324 208 382; x_wconf 76' lang='grc'><strong>957</strong></span> 
     </span>
    </p>
   </div>
   <div class='ocr_carea' id='block_1_2' title="bbox 1050 325 2445 390">
    <p class='ocr_par' dir='ltr' id='par_1_2' title="bbox 1050 325 2445 390">
     <span class='ocr_line' id='line_1_2' title="bbox 1050 325 2445 390; baseline 0.007 -10"><span class='ocrx_word' id='word_1_2' title='bbox 1050 325 1541 382; x_wconf 75' lang='lat' dir='ltr'><strong>EPISTOLARUM</strong></span> <span class='ocrx_word' id='word_1_3' title='bbox 1579 327 1864 383; x_wconf 80' lang='lat' dir='ltr'><strong>CLASSIS</strong></span> <span class='ocrx_word' id='word_1_4' title='bbox 1901 328 1965 385; x_wconf 89' lang='lat' dir='ltr'><strong>ll.</strong></span> <span class='ocrx_word' id='word_1_5' title='bbox 2008 329 2227 386; x_wconf 82' lang='lat' dir='ltr'><strong>EPIST.</strong></span> <span class='ocrx_word' id='word_1_6' title='bbox 2268 332 2445 390; x_wconf 85' lang='lat' dir='ltr'><strong>CCLl.</strong></span> 
     </span>
    </p>
   </div>
   <div class='ocr_carea' id='block_1_3' title="bbox 3270 335 3375 391">
    <p class='ocr_par' dir='ltr' id='par_1_3' title="bbox 3270 335 3375 391">
     <span class='ocr_line' id='line_1_3' title="bbox 3270 335 3375 391; baseline -0.048 0"><span class='ocrx_word' id='word_1_7' title='bbox 3270 335 3375 391; x_wconf 64' lang='lat'><strong>958</strong></span> 
     </span>
    </p>
   </div>
   <div class='ocr_carea' id='block_1_4' title="bbox 100 438 1684 520">
    <p class='ocr_par' dir='ltr' id='par_1_4' title="bbox 100 438 1684 515">
     <span class='ocr_line' id='line_1_4' title="bbox 100 438 1684 515; baseline 0.002 -21"><span class='ocrx_word' id='word_1_8' title='bbox 100 440 310 508; x_wconf 75' lang='grc' dir='ltr'>λαϐεῖν,</span> <span class='ocrx_word' id='word_1_9' title='bbox 327 438 559 495; x_wconf 79' lang='grc' dir='ltr'>τοιοῦτοί</span> <span class='ocrx_word' id='word_1_10' title='bbox 590 441 748 505; x_wconf 86' lang='grc' dir='ltr'>εἰσιν,</span> <span class='ocrx_word' id='word_1_11' title='bbox 779 441 924 505; x_wconf 84' lang='grc' dir='ltr'>οἴους</span> <span class='ocrx_word' id='word_1_12' title='bbox 947 441 1094 496; x_wconf 75' lang='grc' dir='ltr'>ἴσασι</span> <span class='ocrx_word' id='word_1_13' title='bbox 1120 444 1217 514; x_wconf 84' lang='grc' dir='ltr'>μὲν</span> <span class='ocrx_word' id='word_1_14' title='bbox 1234 444 1327 496; x_wconf 75' lang='grc' dir='ltr'><strong>καὶ</strong></span> <span class='ocrx_word' id='word_1_15' title='bbox 1355 445 1404 497; x_wconf 89' lang='grc' dir='ltr'>οἱ</span> <span class='ocrx_word' id='word_1_16' title='bbox 1422 442 1535 515; x_wconf 77' lang='lat'><strong>(55)</strong></span> <span class='ocrx_word' id='word_1_17' title='bbox 1562 443 1684 514; x_wconf 75' lang='grc' dir='ltr'>πρὸς</span> 
     </span>
    </p>
   </div>
   <div class='ocr_carea' id='block_1_5' title="bbox 1790 438 3376 520">
    <p class='ocr_par' dir='ltr' id='par_1_5' title="bbox 1798 447 3376 520">
     <span class='ocr_line' id='line_1_5' title="bbox 1798 447 3376 520; baseline 0.003 -22"><span class='ocrx_word' id='word_1_18' title='bbox 1798 452 1888 500; x_wconf 85' lang='lat' dir='ltr'><strong>tus</strong></span> <span class='ocrx_word' id='word_1_19' title='bbox 1919 447 2324 515; x_wconf 84' lang='lat' dir='ltr'><strong>possessionem</strong></span> <span class='ocrx_word' id='word_1_20' title='bbox 2362 448 2703 517; x_wconf 90' lang='lat' dir='ltr'><strong>reciperent,</strong></span> <span class='ocrx_word' id='word_1_21' title='bbox 2732 447 2789 502; x_wconf 87' lang='lat' dir='ltr'><strong>hi</strong></span> <span class='ocrx_word' id='word_1_22' title='bbox 2819 448 2956 503; x_wconf 81' lang='lat' dir='ltr'><strong>tales</strong></span> <span class='ocrx_word' id='word_1_23' title='bbox 2985 455 3150 514; x_wconf 90' lang='lat' dir='ltr'><strong>sunt,</strong></span> <span class='ocrx_word' id='word_1_24' title='bbox 3186 452 3376 520; x_wconf 79' lang='lat' dir='ltr'><strong>quales</strong></span> 
     </span>
    </p>
   </div>
   <div class='ocr_carea' id='block_1_6' title="bbox 100 532 1692 607">
    <p class='ocr_par' dir='ltr' id='par_1_6' title="bbox 100 532 1692 607">
     <span class='ocr_line' id='line_1_6' title="bbox 100 532 1692 607; baseline 0.002 -22"><span class='ocrx_word' id='word_1_25' title='bbox 100 532 286 601; x_wconf 79' lang='grc' dir='ltr'><strong>ὀλίγον</strong></span> <span class='ocrx_word' id='word_1_26' title='bbox 316 534 705 601; x_wconf 72' lang='grc' dir='ltr'>συγγεγονότες</span> <span class='ocrx_word' id='word_1_27' title='bbox 731 533 934 596; x_wconf 84' lang='grc' dir='ltr'>αὐτοῖς.</span> <span class='ocrx_word' id='word_1_28' title='bbox 985 534 1141 603; x_wconf 75' lang='grc' dir='ltr'>Ἐμοὶ</span> <span class='ocrx_word' id='word_1_29' title='bbox 1172 534 1229 587; x_wconf 85' lang='grc' dir='ltr'><strong>δὲ</strong></span> <span class='ocrx_word' id='word_1_30' title='bbox 1254 533 1328 605; x_wconf 85' lang='grc' dir='ltr'>μὴ</span> <span class='ocrx_word' id='word_1_31' title='bbox 1362 535 1634 607; x_wconf 84' lang='grc' dir='ltr'>παράσχοι</span> <span class='ocrx_word' id='word_1_32' title='bbox 1664 538 1692 588; x_wconf 87' lang='grc' dir='ltr'><strong>ὁ</strong></span> 
     </span>
    </p>
   </div>
   <div class='ocr_carea' id='block_1_7' title="bbox 100 623 1692 696">
    <p class='ocr_par' dir='ltr' id='par_1_7' title="bbox 100 623 1692 696">
     <span class='ocr_line' id='line_1_7' title="bbox 100 623 1692 696; baseline 0.003 -20"><span class='ocrx_word' id='word_1_33' title='bbox 100 624 313 694; x_wconf 86' lang='grc' dir='ltr'>Κύριος</span> <span class='ocrx_word' id='word_1_34' title='bbox 357 623 625 696; x_wconf 86' lang='grc' dir='ltr'>τοσαῦτην</span> <span class='ocrx_word' id='word_1_35' title='bbox 675 624 871 695; x_wconf 77' lang='grc' dir='ltr'>σχολήν</span> <span class='ocrx_word' id='word_1_36' title='bbox 926 642 1078 688; x_wconf 86' lang='grc' dir='ltr'>ποτε,</span> <span class='ocrx_word' id='word_1_37' title='bbox 1130 623 1270 678; x_wconf 79' lang='grc' dir='ltr'>ὥστε</span> <span class='ocrx_word' id='word_1_38' title='bbox 1320 626 1417 690; x_wconf 82' lang='grc' dir='ltr'>τὰς</span> <span class='ocrx_word' id='word_1_39' title='bbox 1469 626 1692 681; x_wconf 79' lang='grc' dir='ltr'>ἐκείνων</span> 
     </span>
    </p>
   </div>
   <div class='ocr_carea' id='block_1_8' title="bbox 100 712 1694 787">
    <p class='ocr_par' dir='ltr' id='par_1_8' title="bbox 100 712 1694 787">
     <span class='ocr_line' id='line_1_8' title="bbox 100 712 1694 787; baseline 0.001 -22"><span class='ocrx_word' id='word_1_40' title='bbox 100 713 335 784; x_wconf 81' lang='grc' dir='ltr'>πράξεις</span> <span class='ocrx_word' id='word_1_41' title='bbox 353 713 558 786; x_wconf 86' lang='grc' dir='ltr'>ἀπαριθ</span> <span class='ocrx_word' id='word_1_42' title='bbox 566 714 783 785; x_wconf 80' lang='grc' dir='ltr'>μεῖσθαι</span> <span class='ocrx_word' id='word_1_43' title='bbox 799 712 933 785; x_wconf 79' lang='grc'>(56).</span> <span class='ocrx_word' id='word_1_44' title='bbox 949 714 1096 785; x_wconf 83' lang='grc' dir='ltr'>Πλὴν</span> <span class='ocrx_word' id='word_1_45' title='bbox 1120 714 1234 768; x_wconf 84' lang='grc' dir='ltr'>ἀλλ’</span> <span class='ocrx_word' id='word_1_46' title='bbox 1253 716 1358 769; x_wconf 80' lang='grc' dir='ltr'>ὑπὸ</span> <span class='ocrx_word' id='word_1_47' title='bbox 1376 716 1694 787; x_wconf 75' lang='grc' dir='ltr'><strong>δορυφόροις</strong></span> 
     </span>
    </p>
   </div>
   <div class='ocr_carea' id='block_1_9' title="bbox 100 803 1695 876">
    <p class='ocr_par' dir='ltr' id='par_1_9' title="bbox 100 803 1695 876">
     <span class='ocr_line' id='line_1_9' title="bbox 100 803 1695 876; baseline 0.001 -20"><span class='ocrx_word' id='word_1_48' title='bbox 100 808 222 867; x_wconf 87' lang='grc' dir='ltr'>τοῖς</span> <span class='ocrx_word' id='word_1_49' title='bbox 260 806 614 875; x_wconf 83' lang='grc' dir='ltr'><strong>τιμιωτάτοις</strong></span> <span class='ocrx_word' id='word_1_50' title='bbox 646 803 826 857; x_wconf 78' lang='grc' dir='ltr'>αὐτῶν</span> <span class='ocrx_word' id='word_1_51' title='bbox 871 804 966 858; x_wconf 77' lang='grc' dir='ltr'><strong>καὶ</strong></span> <span class='ocrx_word' id='word_1_52' title='bbox 1022 803 1369 875; x_wconf 86' lang='grc' dir='ltr'>συμμύσταις</span> <span class='ocrx_word' id='word_1_53' title='bbox 1402 823 1695 876; x_wconf 86' lang='grc' dir='ltr'>παραπεμ-</span> 
     </span>
    </p>
   </div>
   <div class='ocr_carea' id='block_1_10' title="bbox 102 896 1695 970">
    <p class='ocr_par' dir='ltr' id='par_1_10' title="bbox 102 896 1695 970">
     <span class='ocr_line' id='line_1_10' title="bbox 102 896 1695 970; baseline 0.002 -21"><span class='ocrx_word' id='word_1_54' title='bbox 102 897 351 967; x_wconf 76' lang='grc' dir='ltr'>φθέντες,</span> <span class='ocrx_word' id='word_1_55' title='bbox 378 896 654 967; x_wconf 77' lang='grc' dir='ltr'><strong>διεξῆλθον</strong></span> <span class='ocrx_word' id='word_1_56' title='bbox 693 898 792 967; x_wconf 81' lang='grc' dir='ltr'><strong>μὲν</strong></span> <span class='ocrx_word' id='word_1_57' title='bbox 839 896 926 950; x_wconf 78' lang='grc' dir='ltr'>διὰ</span> <span class='ocrx_word' id='word_1_58' title='bbox 965 897 1146 968; x_wconf 84' lang='grc' dir='ltr'><strong>πάσης</strong></span> <span class='ocrx_word' id='word_1_59' title='bbox 1179 897 1358 951; x_wconf 84' lang='grc' dir='ltr'>αὐτῶν</span> <span class='ocrx_word' id='word_1_60' title='bbox 1384 898 1485 968; x_wconf 78' lang='grc' dir='ltr'>τῆς</span> <span class='ocrx_word' id='word_1_61' title='bbox 1512 898 1695 970; x_wconf 82' lang='grc' dir='ltr'>χώρας</span> 
     </span>
    </p>
   </div>
   <div class='ocr_carea' id='block_1_11' title="bbox 101 986 1691 1061">
    <p class='ocr_par' dir='ltr' id='par_1_11' title="bbox 101 986 1691 1061">
     <span class='ocr_line' id='line_1_11' title="bbox 101 986 1691 1061; baseline 0.001 -20"><span class='ocrx_word' id='word_1_62' title='bbox 101 988 203 1050; x_wconf 76' lang='grc' dir='ltr'><strong>τὰς</strong></span> <span class='ocrx_word' id='word_1_63' title='bbox 232 986 343 1040; x_wconf 89' lang='grc' dir='ltr'><strong>τῶν</strong></span> <span class='ocrx_word' id='word_1_64' title='bbox 392 987 708 1041; x_wconf 78' lang='grc' dir='ltr'>ἐπισκόπων</span> <span class='ocrx_word' id='word_1_65' title='bbox 744 989 910 1059; x_wconf 78' lang='grc' dir='ltr'>τιμὰς</span> <span class='ocrx_word' id='word_1_66' title='bbox 959 989 1053 1041; x_wconf 74' lang='grc' dir='ltr'><strong>καὶ</strong></span> <span class='ocrx_word' id='word_1_67' title='bbox 1103 989 1398 1061; x_wconf 83' lang='grc' dir='ltr'>θεραπείας</span> <span class='ocrx_word' id='word_1_68' title='bbox 1445 988 1691 1059; x_wconf 73' lang='grc' dir='ltr'>ἔχοντεςο</span> 
     </span>
    </p>
   </div>
   <div class='ocr_carea' id='block_1_12' title="bbox 107 1077 1694 1151">
    <p class='ocr_par' dir='ltr' id='par_1_12' title="bbox 107 1077 1694 1151">
     <span class='ocr_line' id='line_1_12' title="bbox 107 1077 1694 1151; baseline 0.003 -22"><span class='ocrx_word' id='word_1_69' title='bbox 107 1077 449 1150; x_wconf 76' lang='grc' dir='ltr'><strong>εἰσήχθησαν</strong></span> <span class='ocrx_word' id='word_1_70' title='bbox 482 1078 538 1132; x_wconf 87' lang='grc' dir='ltr'>δὲ</span> <span class='ocrx_word' id='word_1_71' title='bbox 570 1078 884 1151; x_wconf 77' lang='grc' dir='ltr'>περιφανῶς</span> <span class='ocrx_word' id='word_1_72' title='bbox 919 1081 1000 1142; x_wconf 88' lang='grc' dir='ltr'><strong>είς</strong></span> <span class='ocrx_word' id='word_1_73' title='bbox 1048 1079 1148 1151; x_wconf 83' lang='grc' dir='ltr'>τὴν</span> <span class='ocrx_word' id='word_1_74' title='bbox 1198 1080 1351 1133; x_wconf 86' lang='grc' dir='ltr'>πόλιν</span> <span class='ocrx_word' id='word_1_75' title='bbox 1398 1081 1694 1150; x_wconf 76' lang='grc' dir='ltr'>ἐκκλησιά-</span> 
     </span>
    </p>
   </div>
   <div class='ocr_carea' id='block_1_13' title="bbox 103 1168 1690 1241">
    <p class='ocr_par' dir='ltr' id='par_1_13' title="bbox 103 1168 1690 1241">
     <span class='ocr_line' id='line_1_13' title="bbox 103 1168 1690 1241; baseline 0.002 -20"><span class='ocrx_word' id='word_1_76' title='bbox 103 1186 299 1231; x_wconf 88' lang='grc' dir='ltr'>σαντες</span> <span class='ocrx_word' id='word_1_77' title='bbox 330 1168 470 1239; x_wconf 81' lang='grc' dir='ltr'>μετὰ</span> <span class='ocrx_word' id='word_1_78' title='bbox 499 1168 805 1233; x_wconf 79' lang='grc' dir='ltr'>αὑθεντίας.</span> <span class='ocrx_word' id='word_1_79' title='bbox 830 1168 1108 1241; x_wconf 88' lang='grc' dir='ltr'>Παρεδόθη</span> <span class='ocrx_word' id='word_1_80' title='bbox 1139 1170 1247 1240; x_wconf 83' lang='grc' dir='ltr'>γὰρ</span> <span class='ocrx_word' id='word_1_81' title='bbox 1277 1172 1458 1235; x_wconf 80' lang='grc' dir='ltr'>αὐτοῖς</span> <span class='ocrx_word' id='word_1_82' title='bbox 1488 1171 1517 1222; x_wconf 84' lang='grc' dir='ltr'>ὁ</span> <span class='ocrx_word' id='word_1_83' title='bbox 1544 1171 1690 1235; x_wconf 80' lang='grc' dir='ltr'>λαὸς,</span> 
     </span>
    </p>
   </div>
   <div class='ocr_carea' id='block_1_14' title="bbox 101 1260 1695 1333">
    <p class='ocr_par' dir='ltr' id='par_1_14' title="bbox 101 1260 1695 1333">
     <span class='ocr_line' id='line_1_14' title="bbox 101 1260 1695 1333; baseline 0.002 -20"><span class='ocrx_word' id='word_1_84' title='bbox 101 1260 380 1332; x_wconf 80' lang='grc' dir='ltr'><strong>παρεδόθη</strong></span> <span class='ocrx_word' id='word_1_85' title='bbox 399 1260 461 1313; x_wconf 89' lang='grc' dir='ltr'>τὺ</span> <span class='ocrx_word' id='word_1_86' title='bbox 488 1260 888 1333; x_wconf 83' lang='grc' dir='ltr'>θυσιαστήριον.</span> <span class='ocrx_word' id='word_1_87' title='bbox 909 1262 993 1324; x_wconf 80' lang='grc' dir='ltr'><strong>Οἳ,</strong></span> <span class='ocrx_word' id='word_1_88' title='bbox 1016 1261 1202 1333; x_wconf 77' lang='grc' dir='ltr'>ἐπειδὴ</span> <span class='ocrx_word' id='word_1_89' title='bbox 1221 1262 1331 1332; x_wconf 72' lang='grc'>(57)</span> <span class='ocrx_word' id='word_1_90' title='bbox 1355 1264 1515 1332; x_wconf 83' lang='grc' dir='ltr'>μέχρι</span> <span class='ocrx_word' id='word_1_91' title='bbox 1531 1264 1695 1316; x_wconf 77' lang='grc' dir='ltr'>Νικο-</span> 
     </span>
    </p>
   </div>
   <div class='ocr_carea' id='block_1_15' title="bbox 101 1348 1695 1425">
    <p class='ocr_par' dir='ltr' id='par_1_15' title="bbox 101 1348 1695 1425">
     <span class='ocr_line' id='line_1_15' title="bbox 101 1348 1695 1425; baseline -0.001 -17"><span class='ocrx_word' id='word_1_92' title='bbox 101 1355 316 1417; x_wconf 75' lang='grc' dir='ltr'>πόλεως</span> <span class='ocrx_word' id='word_1_93' title='bbox 347 1352 706 1425; x_wconf 77' lang='grc' dir='ltr'>προελθόντες</span> <span class='ocrx_word' id='word_1_94' title='bbox 739 1354 893 1407; x_wconf 81' lang='grc' dir='ltr'>οὐδὲν</span> <span class='ocrx_word' id='word_1_95' title='bbox 927 1353 1292 1425; x_wconf 69' lang='grc' dir='ltr'>ἠδυνήθησαν,</span> <span class='ocrx_word' id='word_1_96' title='bbox 1328 1348 1403 1407; x_wconf 82' lang='grc' dir='ltr'>ὧν</span> <span class='ocrx_word' id='word_1_97' title='bbox 1436 1354 1695 1425; x_wconf 82' lang='grc' dir='ltr'>ἐπηγγεί-</span> 
     </span>
    </p>
   </div>
   <div class='ocr_carea' id='block_1_16' title="bbox 100 1445 1695 1520">
    <p class='ocr_par' dir='ltr' id='par_1_16' title="bbox 100 1445 1695 1520">
     <span class='ocr_line' id='line_1_16' title="bbox 100 1445 1695 1520; baseline 0.001 -21"><span class='ocrx_word' id='word_1_98' title='bbox 100 1446 265 1500; x_wconf 87' lang='grc' dir='ltr'>λαντο</span> <span class='ocrx_word' id='word_1_99' title='bbox 293 1445 716 1516; x_wconf 78' lang='grc' dir='ltr'>διαπράξασθαι,</span> <span class='ocrx_word' id='word_1_100' title='bbox 742 1445 861 1510; x_wconf 88' lang='grc' dir='ltr'><strong>πῶς</strong></span> <span class='ocrx_word' id='word_1_101' title='bbox 886 1446 1207 1517; x_wconf 78' lang='grc' dir='ltr'>ἐπανῆλθον,</span> <span class='ocrx_word' id='word_1_102' title='bbox 1237 1450 1330 1502; x_wconf 78' lang='grc' dir='ltr'><strong>καὶ</strong></span> <span class='ocrx_word' id='word_1_103' title='bbox 1373 1447 1489 1512; x_wconf 85' lang='grc' dir='ltr'><strong>πῶς</strong></span> <span class='ocrx_word' id='word_1_104' title='bbox 1516 1447 1695 1520; x_wconf 74' lang='grc' dir='ltr'>ὤφθη-</span> 
     </span>
    </p>
   </div>
   <div class='ocr_carea' id='block_1_17' title="bbox 105 1535 1692 1610">
    <p class='ocr_par' dir='ltr' id='par_1_17' title="bbox 105 1535 1692 1610">
     <span class='ocr_line' id='line_1_17' title="bbox 105 1535 1692 1610; baseline 0.003 -21"><span class='ocrx_word' id='word_1_105' title='bbox 105 1553 210 1590; x_wconf 86' lang='grc' dir='ltr'><strong>σαν</strong></span> <span class='ocrx_word' id='word_1_106' title='bbox 244 1535 389 1590; x_wconf 80' lang='grc' dir='ltr'>κατὰ</span> <span class='ocrx_word' id='word_1_107' title='bbox 421 1535 521 1607; x_wconf 77' lang='grc' dir='ltr'><strong>τὴν</strong></span> <span class='ocrx_word' id='word_1_108' title='bbox 564 1536 844 1601; x_wconf 81' lang='grc' dir='ltr'>ἐπάνοδον,</span> <span class='ocrx_word' id='word_1_109' title='bbox 888 1537 1067 1590; x_wconf 79' lang='grc' dir='ltr'>ἴσασιν</span> <span class='ocrx_word' id='word_1_110' title='bbox 1108 1540 1157 1591; x_wconf 88' lang='grc' dir='ltr'>οἱ</span> <span class='ocrx_word' id='word_1_111' title='bbox 1192 1539 1475 1610; x_wconf 83' lang='grc' dir='ltr'>παρόντες.</span> <span class='ocrx_word' id='word_1_112' title='bbox 1508 1540 1692 1605; x_wconf 76' lang='grc' dir='ltr'>Οὕτως</span> 
     </span>
    </p>
   </div>
   <div class='ocr_carea' id='block_1_18' title="bbox 100 1628 1689 1701">
    <p class='ocr_par' dir='ltr' id='par_1_18' title="bbox 100 1628 1689 1701">
     <span class='ocr_line' id='line_1_18' title="bbox 100 1628 1689 1701; baseline 0.003 -20"><span class='ocrx_word' id='word_1_113' title='bbox 100 1628 190 1681; x_wconf 81' lang='grc' dir='ltr'><strong>ἀεὶ</strong></span> <span class='ocrx_word' id='word_1_114' title='bbox 224 1629 362 1699; x_wconf 84' lang='grc' dir='ltr'>πρὸς</span> <span class='ocrx_word' id='word_1_115' title='bbox 394 1628 455 1681; x_wconf 78' lang='grc' dir='ltr'>τὸ</span> <span class='ocrx_word' id='word_1_116' title='bbox 494 1628 702 1682; x_wconf 78' lang='grc' dir='ltr'>ἑαυτῶν</span> <span class='ocrx_word' id='word_1_117' title='bbox 734 1629 1013 1701; x_wconf 81' lang='grc' dir='ltr'>συμφέρον</span> <span class='ocrx_word' id='word_1_118' title='bbox 1043 1629 1224 1685; x_wconf 85' lang='grc' dir='ltr'>πάντα</span> <span class='ocrx_word' id='word_1_119' title='bbox 1254 1631 1535 1696; x_wconf 84' lang='grc' dir='ltr'>ποιοῦντες</span> <span class='ocrx_word' id='word_1_120' title='bbox 1562 1632 1689 1701; x_wconf 82' lang='grc' dir='ltr'>φαί-</span> 
     </span>
    </p>
   </div>
   <div class='ocr_carea' id='block_1_19' title="bbox 100 1719 1691 1794">
    <p class='ocr_par' dir='ltr' id='par_1_19' title="bbox 100 1719 1691 1794">
     <span class='ocr_line' id='line_1_19' title="bbox 100 1719 1691 1794; baseline 0.004 -23"><span class='ocrx_word' id='word_1_121' title='bbox 100 1736 307 1773; x_wconf 86' lang='grc' dir='ltr'>νονται.</span> <span class='ocrx_word' id='word_1_122' title='bbox 341 1720 404 1772; x_wconf 85' lang='grc' dir='ltr'><strong>Εἰ</strong></span> <span class='ocrx_word' id='word_1_123' title='bbox 436 1720 495 1773; x_wconf 80' lang='grc' dir='ltr'>δὲ</span> <span class='ocrx_word' id='word_1_124' title='bbox 538 1719 812 1787; x_wconf 88' lang='grc' dir='ltr'>λέγουσιν,</span> <span class='ocrx_word' id='word_1_125' title='bbox 843 1723 924 1774; x_wconf 84' lang='grc' dir='ltr'>ὅτι</span> <span class='ocrx_word' id='word_1_126' title='bbox 960 1723 1316 1794; x_wconf 83' lang='grc' dir='ltr'>μετενόησαν,</span> <span class='ocrx_word' id='word_1_127' title='bbox 1360 1722 1691 1789; x_wconf 81' lang='grc' dir='ltr'>δειξάτωσαν</span> 
     </span>
    </p>
   </div>
   <div class='ocr_carea' id='block_1_20' title="bbox 1796 535 3376 607">
    <p class='ocr_par' dir='ltr' id='par_1_20' title="bbox 1796 535 3376 607">
     <span class='ocr_line' id='line_1_20' title="bbox 1796 535 3376 607; baseline 0.005 -19"><span class='ocrx_word' id='word_1_128' title='bbox 1796 535 1980 589; x_wconf 87' lang='lat' dir='ltr'><strong>sciunt</strong></span> <span class='ocrx_word' id='word_1_129' title='bbox 2030 535 2123 605; x_wconf 90' lang='lat' dir='ltr'><strong>qui</strong></span> <span class='ocrx_word' id='word_1_130' title='bbox 2181 536 2268 591; x_wconf 81' lang='lat' dir='ltr'><strong>vel</strong></span> <span class='ocrx_word' id='word_1_131' title='bbox 2322 538 2608 607; x_wconf 79' lang='lat' dir='ltr'><strong>paululum</strong></span> <span class='ocrx_word' id='word_1_132' title='bbox 2661 554 2786 592; x_wconf 91' lang='lat' dir='ltr'><strong>cum</strong></span> <span class='ocrx_word' id='word_1_133' title='bbox 2822 539 2931 594; x_wconf 90' lang='lat' dir='ltr'><strong>illis</strong></span> <span class='ocrx_word' id='word_1_134' title='bbox 2977 541 3180 594; x_wconf 78' lang='lat' dir='ltr'><strong>versati</strong></span> <span class='ocrx_word' id='word_1_135' title='bbox 3218 548 3376 596; x_wconf 89' lang='lat' dir='ltr'><strong>sunt.</strong></span> 
     </span>
    </p>
   </div>
   <div class='ocr_carea' id='block_1_21' title="bbox 1795 624 3373 699">
    <p class='ocr_par' dir='ltr' id='par_1_21' title="bbox 1795 624 3373 699">
     <span class='ocr_line' id='line_1_21' title="bbox 1795 624 3373 699; baseline 0.004 -21"><span class='ocrx_word' id='word_1_136' title='bbox 1795 624 1925 678; x_wconf 84' lang='lat' dir='ltr'><strong>Mihi</strong></span> <span class='ocrx_word' id='word_1_137' title='bbox 1955 641 2085 681; x_wconf 88' lang='lat' dir='ltr'><strong>vero</strong></span> <span class='ocrx_word' id='word_1_138' title='bbox 2107 643 2391 697; x_wconf 88' lang='lat' dir='ltr'><strong>nunquam</strong></span> <span class='ocrx_word' id='word_1_139' title='bbox 2416 628 2685 699; x_wconf 81' lang='lat' dir='ltr'><strong>largiatur</strong></span> <span class='ocrx_word' id='word_1_140' title='bbox 2709 628 2976 684; x_wconf 87' lang='lat' dir='ltr'><strong>Dominus</strong></span> <span class='ocrx_word' id='word_1_141' title='bbox 3011 638 3225 685; x_wconf 85' lang='lat' dir='ltr'><strong>tantum</strong></span> <span class='ocrx_word' id='word_1_142' title='bbox 3250 632 3373 692; x_wconf 86' lang='lat' dir='ltr'><strong>otii.</strong></span> 
     </span>
    </p>
   </div>
   <div class='ocr_carea' id='block_1_22' title="bbox 1794 712 3376 774">
    <p class='ocr_par' dir='ltr' id='par_1_22' title="bbox 1794 712 3376 774">
     <span class='ocr_line' id='line_1_22' title="bbox 1794 712 3376 774; baseline 0.007 -11"><span class='ocrx_word' id='word_1_143' title='bbox 1794 719 1854 764; x_wconf 94' lang='lat' dir='ltr'><strong>ut</strong></span> <span class='ocrx_word' id='word_1_144' title='bbox 1887 712 2102 766; x_wconf 89' lang='lat' dir='ltr'><strong>illorum</strong></span> <span class='ocrx_word' id='word_1_145' title='bbox 2136 714 2380 771; x_wconf 89' lang='lat' dir='ltr'><strong>actiones</strong></span> <span class='ocrx_word' id='word_1_146' title='bbox 2418 731 2757 772; x_wconf 86' lang='lat' dir='ltr'><strong>enumerem.</strong></span> <span class='ocrx_word' id='word_1_147' title='bbox 2795 719 2903 772; x_wconf 88' lang='lat' dir='ltr'><strong>Sed</strong></span> <span class='ocrx_word' id='word_1_148' title='bbox 2956 726 3140 773; x_wconf 88' lang='lat' dir='ltr'><strong>tamen</strong></span> <span class='ocrx_word' id='word_1_149' title='bbox 3181 736 3376 774; x_wconf 89' lang='lat' dir='ltr'><strong>eorum</strong></span> 
     </span>
    </p>
   </div>
   <div class='ocr_carea' id='block_1_23' title="bbox 1794 804 3367 877">
    <p class='ocr_par' dir='ltr' id='par_1_23' title="bbox 1794 804 3367 877">
     <span class='ocr_line' id='line_1_23' title="bbox 1794 804 3367 877; baseline 0.007 -21"><span class='ocrx_word' id='word_1_150' title='bbox 1794 804 1994 872; x_wconf 90' lang='lat' dir='ltr'><strong>quibus</strong></span> <span class='ocrx_word' id='word_1_151' title='bbox 2025 804 2105 858; x_wconf 88' lang='lat' dir='ltr'><strong>illi</strong></span> <span class='ocrx_word' id='word_1_152' title='bbox 2135 807 2430 875; x_wconf 90' lang='lat' dir='ltr'><strong>plurimum</strong></span> <span class='ocrx_word' id='word_1_153' title='bbox 2467 808 2694 865; x_wconf 81' lang='lat' dir='ltr'><strong>honoris</strong></span> <span class='ocrx_word' id='word_1_154' title='bbox 2730 816 2785 864; x_wconf 88' lang='lat' dir='ltr'><strong>et</strong></span> <span class='ocrx_word' id='word_1_155' title='bbox 2830 809 2957 865; x_wconf 89' lang='lat' dir='ltr'><strong>ﬁdei</strong></span> <span class='ocrx_word' id='word_1_156' title='bbox 2989 811 3234 877; x_wconf 88' lang='lat' dir='ltr'><strong>habent,</strong></span> <span class='ocrx_word' id='word_1_157' title='bbox 3270 828 3367 867; x_wconf 84' lang='lat' dir='ltr'><strong>sa-</strong></span> 
     </span>
    </p>
   </div>
   <div class='ocr_carea' id='block_1_24' title="bbox 1795 895 3377 974">
    <p class='ocr_par' dir='ltr' id='par_1_24' title="bbox 1795 895 3377 974">
     <span class='ocr_line' id='line_1_24' title="bbox 1795 895 3377 974; baseline 0.006 -27"><span class='ocrx_word' id='word_1_158' title='bbox 1795 895 1992 950; x_wconf 90' lang='lat' dir='ltr'><strong>tellitio</strong></span> <span class='ocrx_word' id='word_1_159' title='bbox 2020 897 2245 967; x_wconf 86' lang='lat' dir='ltr'><strong>stipati,</strong></span> <span class='ocrx_word' id='word_1_160' title='bbox 2292 908 2660 971; x_wconf 84' lang='lat' dir='ltr'><strong>peragrarunt</strong></span> <span class='ocrx_word' id='word_1_161' title='bbox 2701 916 2917 956; x_wconf 91' lang='lat' dir='ltr'><strong>omnem</strong></span> <span class='ocrx_word' id='word_1_162' title='bbox 2952 903 3173 957; x_wconf 90' lang='lat' dir='ltr'><strong>illorum</strong></span> <span class='ocrx_word' id='word_1_163' title='bbox 3203 904 3377 974; x_wconf 78' lang='lat' dir='ltr'><strong>regio-</strong></span> 
     </span>
    </p>
   </div>
   <div class='ocr_carea' id='block_1_25' title="bbox 1794 990 3373 1060">
    <p class='ocr_par' dir='ltr' id='par_1_25' title="bbox 1794 990 3373 1060">
     <span class='ocr_line' id='line_1_25' title="bbox 1794 990 3373 1060; baseline 0.008 -20"><span class='ocrx_word' id='word_1_164' title='bbox 1794 1002 1957 1053; x_wconf 90' lang='lat' dir='ltr'><strong>nem,</strong></span> <span class='ocrx_word' id='word_1_165' title='bbox 2011 990 2399 1060; x_wconf 88' lang='lat' dir='ltr'><strong>episcoporum</strong></span> <span class='ocrx_word' id='word_1_166' title='bbox 2454 991 2760 1046; x_wconf 87' lang='lat' dir='ltr'><strong>honoribus</strong></span> <span class='ocrx_word' id='word_1_167' title='bbox 2816 999 2871 1047; x_wconf 90' lang='lat' dir='ltr'><strong>et</strong></span> <span class='ocrx_word' id='word_1_168' title='bbox 2927 992 3121 1050; x_wconf 83' lang='lat' dir='ltr'><strong>olliciis</strong></span> <span class='ocrx_word' id='word_1_169' title='bbox 3171 995 3373 1052; x_wconf 89' lang='lat' dir='ltr'><strong>ornati.</strong></span> 
     </span>
    </p>
   </div>
   <div class='ocr_carea' id='block_1_26' title="bbox 1795 1075 3373 1153">
    <p class='ocr_par' dir='ltr' id='par_1_26' title="bbox 1795 1075 3373 1153">
     <span class='ocr_line' id='line_1_26' title="bbox 1795 1075 3373 1153; baseline 0.006 -23"><span class='ocrx_word' id='word_1_170' title='bbox 1795 1075 2100 1132; x_wconf 88' lang='lat' dir='ltr'><strong>lntroducti</strong></span> <span class='ocrx_word' id='word_1_171' title='bbox 2147 1088 2331 1134; x_wconf 90' lang='lat' dir='ltr'><strong>autem</strong></span> <span class='ocrx_word' id='word_1_172' title='bbox 2383 1089 2514 1135; x_wconf 90' lang='lat' dir='ltr'><strong>sunt</strong></span> <span class='ocrx_word' id='word_1_173' title='bbox 2566 1083 2971 1153; x_wconf 88' lang='lat' dir='ltr'><strong>perhonoriﬁce</strong></span> <span class='ocrx_word' id='word_1_174' title='bbox 3031 1084 3086 1138; x_wconf 93' lang='lat' dir='ltr'><strong>in</strong></span> <span class='ocrx_word' id='word_1_175' title='bbox 3139 1085 3373 1151; x_wconf 86' lang='lat' dir='ltr'><strong>urbem,</strong></span> 
     </span>
    </p>
   </div>
   <div class='ocr_carea' id='block_1_27' title="bbox 1795 1171 3376 1245">
    <p class='ocr_par' dir='ltr' id='par_1_27' title="bbox 1795 1171 3376 1245">
     <span class='ocr_line' id='line_1_27' title="bbox 1795 1171 3376 1245; baseline 0.006 -23"><span class='ocrx_word' id='word_1_176' title='bbox 1795 1171 2118 1225; x_wconf 89' lang='lat' dir='ltr'><strong>concionem</strong></span> <span class='ocrx_word' id='word_1_177' title='bbox 2170 1171 2441 1229; x_wconf 83' lang='lat' dir='ltr'><strong>habentes</strong></span> <span class='ocrx_word' id='word_1_178' title='bbox 2473 1190 2686 1229; x_wconf 86' lang='lat' dir='ltr'><strong>summa</strong></span> <span class='ocrx_word' id='word_1_179' title='bbox 2708 1190 2834 1229; x_wconf 92' lang='lat' dir='ltr'><strong>eum</strong></span> <span class='ocrx_word' id='word_1_180' title='bbox 2859 1183 3149 1245; x_wconf 69' lang='lat' dir='ltr'><strong>potestate.</strong></span> <span class='ocrx_word' id='word_1_181' title='bbox 3178 1176 3376 1231; x_wconf 85' lang='lat' dir='ltr'><strong>Tradi-</strong></span> 
     </span>
    </p>
   </div>
   <div class='ocr_carea' id='block_1_28' title="bbox 1793 1263 3376 1336">
    <p class='ocr_par' dir='ltr' id='par_1_28' title="bbox 1793 1263 3376 1336">
     <span class='ocr_line' id='line_1_28' title="bbox 1793 1263 3376 1336; baseline 0.008 -22"><span class='ocrx_word' id='word_1_182' title='bbox 1793 1268 1884 1317; x_wconf 86' lang='lat' dir='ltr'><strong>tus</strong></span> <span class='ocrx_word' id='word_1_183' title='bbox 1911 1263 2058 1316; x_wconf 89' lang='lat' dir='ltr'><strong>enim</strong></span> <span class='ocrx_word' id='word_1_184' title='bbox 2089 1271 2172 1317; x_wconf 89' lang='lat' dir='ltr'><strong>est</strong></span> <span class='ocrx_word' id='word_1_185' title='bbox 2205 1265 2316 1319; x_wconf 84' lang='lat' dir='ltr'><strong>illis</strong></span> <span class='ocrx_word' id='word_1_186' title='bbox 2341 1268 2610 1336; x_wconf 91' lang='lat' dir='ltr'><strong>populus,</strong></span> <span class='ocrx_word' id='word_1_187' title='bbox 2644 1268 2906 1322; x_wconf 88' lang='lat' dir='ltr'><strong>traditum</strong></span> <span class='ocrx_word' id='word_1_188' title='bbox 2937 1269 3131 1326; x_wconf 83' lang='lat' dir='ltr'><strong>altare.</strong></span> <span class='ocrx_word' id='word_1_189' title='bbox 3182 1270 3248 1325; x_wconf 83' lang='lat' dir='ltr'><strong>lli</strong></span> <span class='ocrx_word' id='word_1_190' title='bbox 3282 1272 3376 1327; x_wconf 85' lang='lat' dir='ltr'><strong>Ni—</strong></span> 
     </span>
    </p>
   </div>
   <div class='ocr_carea' id='block_1_29' title="bbox 1794 1355 3377 1431">
    <p class='ocr_par' dir='ltr' id='par_1_29' title="bbox 1794 1355 3377 1431">
     <span class='ocr_line' id='line_1_29' title="bbox 1794 1355 3377 1431; baseline 0.008 -24"><span class='ocrx_word' id='word_1_191' title='bbox 1794 1355 2032 1424; x_wconf 89' lang='lat' dir='ltr'><strong>c0po|im</strong></span> <span class='ocrx_word' id='word_1_192' title='bbox 2062 1372 2237 1427; x_wconf 87' lang='lat' dir='ltr'><strong>usque</strong></span> <span class='ocrx_word' id='word_1_193' title='bbox 2261 1360 2543 1429; x_wconf 77' lang='lat' dir='ltr'><strong>progressi</strong></span> <span class='ocrx_word' id='word_1_194' title='bbox 2569 1400 2584 1425; x_wconf 92' lang='lat'><strong>,</strong></span> <span class='ocrx_word' id='word_1_195' title='bbox 2617 1376 2741 1414; x_wconf 90' lang='lat' dir='ltr'><strong>cum</strong></span> <span class='ocrx_word' id='word_1_196' title='bbox 2776 1361 2915 1415; x_wconf 91' lang='lat' dir='ltr'><strong>nihil</strong></span> <span class='ocrx_word' id='word_1_197' title='bbox 2943 1364 3257 1431; x_wconf 87' lang='lat' dir='ltr'><strong>potuissent</strong></span> <span class='ocrx_word' id='word_1_198' title='bbox 3281 1380 3377 1420; x_wconf 83' lang='lat' dir='ltr'><strong>eo-</strong></span> 
     </span>
    </p>
   </div>
   <div class='ocr_carea' id='block_1_30' title="bbox 1793 1449 3389 1521">
    <p class='ocr_par' dir='ltr' id='par_1_30' title="bbox 1793 1449 3389 1521">
     <span class='ocr_line' id='line_1_30' title="bbox 1793 1449 3389 1521; baseline 0.006 -23"><span class='ocrx_word' id='word_1_199' title='bbox 1793 1460 1915 1499; x_wconf 89' lang='lat' dir='ltr'><strong>rum</strong></span> <span class='ocrx_word' id='word_1_200' title='bbox 1947 1462 2070 1516; x_wconf 72' lang='lat' dir='ltr'><strong>qua:</strong></span> <span class='ocrx_word' id='word_1_201' title='bbox 2111 1449 2483 1517; x_wconf 87' lang='lat' dir='ltr'><strong>promiserant</strong></span> <span class='ocrx_word' id='word_1_202' title='bbox 2527 1452 2827 1520; x_wconf 83' lang='lat' dir='ltr'><strong>perﬁcere,</strong></span> <span class='ocrx_word' id='word_1_203' title='bbox 2877 1453 3155 1521; x_wconf 84' lang='lat' dir='ltr'><strong>quomodo</strong></span> <span class='ocrx_word' id='word_1_204' title='bbox 3198 1453 3389 1507; x_wconf 63' lang='lat' dir='ltr'><strong>redie—</strong></span> 
     </span>
    </p>
   </div>
   <div class='ocr_carea' id='block_1_31' title="bbox 1793 1536 3375 1609">
    <p class='ocr_par' dir='ltr' id='par_1_31' title="bbox 1793 1536 3375 1609">
     <span class='ocr_line' id='line_1_31' title="bbox 1793 1536 3375 1609; baseline 0.003 -22"><span class='ocrx_word' id='word_1_205' title='bbox 1793 1536 1906 1587; x_wconf 84' lang='lat' dir='ltr'><strong>rint</strong></span> <span class='ocrx_word' id='word_1_206' title='bbox 1931 1573 1947 1595; x_wconf 88' lang='lat'><strong>.</strong></span> <span class='ocrx_word' id='word_1_207' title='bbox 1982 1537 2285 1605; x_wconf 89' lang='lat' dir='ltr'><strong>qualesque</strong></span> <span class='ocrx_word' id='word_1_208' title='bbox 2314 1538 2371 1591; x_wconf 88' lang='lat' dir='ltr'><strong>in</strong></span> <span class='ocrx_word' id='word_1_209' title='bbox 2416 1537 2703 1593; x_wconf 84' lang='lat' dir='ltr'><strong>redeundo</strong></span> <span class='ocrx_word' id='word_1_210' title='bbox 2742 1539 2846 1594; x_wconf 89' lang='lat' dir='ltr'><strong>visi</strong></span> <span class='ocrx_word' id='word_1_211' title='bbox 2878 1540 3024 1601; x_wconf 89' lang='lat' dir='ltr'><strong>sint,</strong></span> <span class='ocrx_word' id='word_1_212' title='bbox 3048 1548 3251 1592; x_wconf 87' lang='lat' dir='ltr'><strong>norunt</strong></span> <span class='ocrx_word' id='word_1_213' title='bbox 3278 1537 3375 1609; x_wconf 91' lang='lat' dir='ltr'><strong>qui</strong></span> 
     </span>
    </p>
   </div>
   <div class='ocr_carea' id='block_1_32' title="bbox 1794 1622 3372 1698">
    <p class='ocr_par' dir='ltr' id='par_1_32' title="bbox 1794 1622 3372 1698">
     <span class='ocr_line' id='line_1_32' title="bbox 1794 1622 3372 1698; baseline 0.004 -22"><span class='ocrx_word' id='word_1_214' title='bbox 1794 1622 2113 1679; x_wconf 85' lang='lat' dir='ltr'><strong>adfuerunt.</strong></span> <span class='ocrx_word' id='word_1_215' title='bbox 2174 1624 2253 1679; x_wconf 84' lang='lat' dir='ltr'><strong>Ita</strong></span> <span class='ocrx_word' id='word_1_216' title='bbox 2305 1642 2521 1697; x_wconf 89' lang='lat' dir='ltr'><strong>semper</strong></span> <span class='ocrx_word' id='word_1_217' title='bbox 2575 1628 2789 1698; x_wconf 90' lang='lat' dir='ltr'><strong>proprii</strong></span> <span class='ocrx_word' id='word_1_218' title='bbox 2828 1628 3141 1697; x_wconf 85' lang='lat' dir='ltr'><strong>compendii</strong></span> <span class='ocrx_word' id='word_1_219' title='bbox 3205 1642 3372 1683; x_wconf 88' lang='lat' dir='ltr'><strong>causa</strong></span> 
     </span>
    </p>
   </div>
   <div class='ocr_carea' id='block_1_33' title="bbox 1793 1714 3372 1800">
    <p class='ocr_par' dir='ltr' id='par_1_33' title="bbox 1793 1714 3372 1800">
     <span class='ocr_line' id='line_1_33' title="bbox 1793 1714 3372 1800; baseline 0.004 -32"><span class='ocrx_word' id='word_1_220' title='bbox 1793 1715 1982 1769; x_wconf 86' lang='lat' dir='ltr'><strong>omnia</strong></span> <span class='ocrx_word' id='word_1_221' title='bbox 2009 1714 2195 1773; x_wconf 84' lang='lat' dir='ltr'><strong>facere</strong></span> <span class='ocrx_word' id='word_1_222' title='bbox 2225 1718 2738 1800; x_wconf 83' lang='lat' dir='ltr'><strong>deprehenduntur.</strong></span> <span class='ocrx_word' id='word_1_223' title='bbox 2777 1718 2933 1785; x_wconf 88' lang='lat' dir='ltr'><strong>Quod</strong></span> <span class='ocrx_word' id='word_1_224' title='bbox 2961 1720 3005 1775; x_wconf 91' lang='lat' dir='ltr'><strong>si</strong></span> <span class='ocrx_word' id='word_1_225' title='bbox 3047 1719 3232 1775; x_wconf 90' lang='lat' dir='ltr'><strong>dicant</strong></span> <span class='ocrx_word' id='word_1_226' title='bbox 3274 1736 3372 1777; x_wconf 90' lang='lat' dir='ltr'><strong>eos</strong></span> 
     </span>
    </p>
   </div>
   <div class='ocr_carea' id='block_1_34' title="bbox 101 1806 1684 1887">
    <p class='ocr_par' dir='ltr' id='par_1_34' title="bbox 101 1808 1684 1887">
     <span class='ocr_line' id='line_1_34' title="bbox 101 1808 1684 1887; baseline 0.006 -26"><span class='ocrx_word' id='word_1_227' title='bbox 101 1809 287 1862; x_wconf 71' lang='grc' dir='ltr'>αὐτῶν</span> <span class='ocrx_word' id='word_1_228' title='bbox 323 1808 601 1880; x_wconf 71' lang='grc' dir='ltr'>ἔγγραφον</span> <span class='ocrx_word' id='word_1_229' title='bbox 630 1812 731 1881; x_wconf 81' lang='grc' dir='ltr'>τὴν</span> <span class='ocrx_word' id='word_1_230' title='bbox 774 1812 1085 1883; x_wconf 85' lang='grc' dir='ltr'>μετάνοιαν,</span> <span class='ocrx_word' id='word_1_231' title='bbox 1135 1815 1229 1868; x_wconf 73' lang='grc' dir='ltr'><strong>καὶ</strong></span> <span class='ocrx_word' id='word_1_232' title='bbox 1257 1815 1684 1887; x_wconf 64' lang='grc' dir='ltr'>ἀναθεματισμδι</span> 
     </span>
    </p>
   </div>
   <div class='ocr_carea' id='block_1_35' title="bbox 1790 1806 3375 1887">
    <p class='ocr_par' dir='ltr' id='par_1_35' title="bbox 1796 1806 3375 1882">
     <span class='ocr_line' id='line_1_35' title="bbox 1796 1806 3375 1882; baseline 0.005 -23"><span class='ocrx_word' id='word_1_233' title='bbox 1796 1806 2128 1876; x_wconf 89' lang='lat' dir='ltr'><strong>resipuisse,</strong></span> <span class='ocrx_word' id='word_1_234' title='bbox 2160 1807 2543 1865; x_wconf 88' lang='lat' dir='ltr'><strong>demonstrent</strong></span> <span class='ocrx_word' id='word_1_235' title='bbox 2598 1811 2807 1880; x_wconf 83' lang='lat' dir='ltr'><strong>scripto</strong></span> <span class='ocrx_word' id='word_1_236' title='bbox 2851 1812 3232 1882; x_wconf 77' lang='lat' dir='ltr'><strong>consignatam</strong></span> <span class='ocrx_word' id='word_1_237' title='bbox 3276 1828 3375 1867; x_wconf 84' lang='lat' dir='ltr'><strong>eo-</strong></span> 
     </span>
    </p>
   </div>
   <div class='ocr_carea' id='block_1_36' title="bbox 98 1904 1686 1979">
    <p class='ocr_par' dir='ltr' id='par_1_36' title="bbox 98 1904 1686 1979">
     <span class='ocr_line' id='line_1_36' title="bbox 98 1904 1686 1979; baseline 0.003 -23"><span class='ocrx_word' id='word_1_238' title='bbox 98 1905 199 1975; x_wconf 81' lang='grc' dir='ltr'><strong>τῆς</strong></span> <span class='ocrx_word' id='word_1_239' title='bbox 239 1906 297 1957; x_wconf 84' lang='grc' dir='ltr'><strong>ἐν</strong></span> <span class='ocrx_word' id='word_1_240' title='bbox 344 1904 908 1958; x_wconf 84' lang='grc' dir='ltr'>Κωνσταντινουπόλει</span> <span class='ocrx_word' id='word_1_241' title='bbox 955 1904 1215 1970; x_wconf 83' lang='grc' dir='ltr'>πίστεως,</span> <span class='ocrx_word' id='word_1_242' title='bbox 1268 1907 1361 1959; x_wconf 68' lang='grc' dir='ltr'><strong>καὶ</strong></span> <span class='ocrx_word' id='word_1_243' title='bbox 1410 1909 1686 1979; x_wconf 79' lang='grc' dir='ltr'>χωρισμὸν</span> 
     </span>
    </p>
   </div>
   <div class='ocr_carea' id='block_1_37' title="bbox 99 1995 1689 2070">
    <p class='ocr_par' dir='ltr' id='par_1_37' title="bbox 99 1995 1689 2070">
     <span class='ocr_line' id='line_1_37' title="bbox 99 1995 1689 2070; baseline 0.002 -21"><span class='ocrx_word' id='word_1_244' title='bbox 99 1997 211 2049; x_wconf 87' lang='grc' dir='ltr'><strong>τῶν</strong></span> <span class='ocrx_word' id='word_1_245' title='bbox 239 1995 551 2068; x_wconf 83' lang='grc' dir='ltr'>αἱρετικῶν,</span> <span class='ocrx_word' id='word_1_246' title='bbox 586 1997 680 2049; x_wconf 80' lang='grc' dir='ltr'><strong>καὶ</strong></span> <span class='ocrx_word' id='word_1_247' title='bbox 719 1996 795 2068; x_wconf 83' lang='grc' dir='ltr'><strong>μὴ</strong></span> <span class='ocrx_word' id='word_1_248' title='bbox 834 1996 1261 2061; x_wconf 80' lang='grc' dir='ltr'>ὲξαπατάτωσαν</span> <span class='ocrx_word' id='word_1_249' title='bbox 1287 1999 1412 2062; x_wconf 77' lang='grc' dir='ltr'>τοὺς</span> <span class='ocrx_word' id='word_1_250' title='bbox 1441 2000 1689 2070; x_wconf 68' lang='grc' dir='ltr'>ἀκεραίο-</span> 
     </span>
    </p>
   </div>
   <div class='ocr_carea' id='block_1_38' title="bbox 99 2087 1222 2159">
    <p class='ocr_par' dir='ltr' id='par_1_38' title="bbox 99 2087 1222 2159">
     <span class='ocr_line' id='line_1_38' title="bbox 99 2087 1222 2159; baseline 0 -17"><span class='ocrx_word' id='word_1_251' title='bbox 99 2087 314 2159; x_wconf 84' lang='grc' dir='ltr'>τέρους.</span> <span class='ocrx_word' id='word_1_252' title='bbox 348 2087 458 2140; x_wconf 77' lang='grc' dir='ltr'>Καὶ</span> <span class='ocrx_word' id='word_1_253' title='bbox 492 2088 561 2141; x_wconf 79' lang='grc' dir='ltr'><strong>τά</strong></span> <span class='ocrx_word' id='word_1_254' title='bbox 595 2089 693 2159; x_wconf 83' lang='grc' dir='ltr'>μὲν</span> <span class='ocrx_word' id='word_1_255' title='bbox 726 2089 949 2142; x_wconf 82' lang='grc' dir='ltr'>ἐκείνων</span> <span class='ocrx_word' id='word_1_256' title='bbox 976 2089 1222 2142; x_wconf 86' lang='grc' dir='ltr'>τοιαῦτα.</span> 
     </span>
    </p>
   </div>
   <div class='ocr_carea' id='block_1_39' title="bbox 174 2266 1689 2339">
    <p class='ocr_par' dir='ltr' id='par_1_39' title="bbox 174 2266 1689 2339">
     <span class='ocr_line' id='line_1_39' title="bbox 174 2266 1689 2339; baseline -0.001 -17"><span class='ocrx_word' id='word_1_257' title='bbox 174 2269 233 2322; x_wconf 76' lang='grc'>4.</span> <span class='ocrx_word' id='word_1_258' title='bbox 269 2268 459 2339; x_wconf 84' lang='grc' dir='ltr'><strong>Ἡμεῖς</strong></span> <span class='ocrx_word' id='word_1_259' title='bbox 480 2268 557 2331; x_wconf 84' lang='grc' dir='ltr'><strong>δὲ,</strong></span> <span class='ocrx_word' id='word_1_260' title='bbox 584 2266 856 2338; x_wconf 73' lang='grc' dir='ltr'>ἀγαπητοὶ</span> <span class='ocrx_word' id='word_1_261' title='bbox 885 2267 1128 2336; x_wconf 73' lang='grc' dir='ltr'>ἀδελφοὶ,</span> <span class='ocrx_word' id='word_1_262' title='bbox 1150 2269 1336 2339; x_wconf 74' lang='grc' dir='ltr'>μικροὶ</span> <span class='ocrx_word' id='word_1_263' title='bbox 1366 2268 1461 2338; x_wconf 84' lang='grc' dir='ltr'><strong>μὲν</strong></span> <span class='ocrx_word' id='word_1_264' title='bbox 1486 2269 1581 2321; x_wconf 76' lang='grc' dir='ltr'><strong>καὶ</strong></span> <span class='ocrx_word' id='word_1_265' title='bbox 1600 2286 1689 2321; x_wconf 90' lang='grc' dir='ltr'>τα-</span> 
     </span>
    </p>
   </div>
   <div class='ocr_carea' id='block_1_40' title="bbox 99 2358 1685 2431">
    <p class='ocr_par' dir='ltr' id='par_1_40' title="bbox 99 2358 1685 2431">
     <span class='ocr_line' id='line_1_40' title="bbox 99 2358 1685 2431; baseline -0.001 -19"><span class='ocrx_word' id='word_1_266' title='bbox 99 2360 300 2418; x_wconf 74' lang='grc' dir='ltr'>πεινοὶ.</span> <span class='ocrx_word' id='word_1_267' title='bbox 330 2360 381 2412; x_wconf 86' lang='grc' dir='ltr'>οἱ</span> <span class='ocrx_word' id='word_1_268' title='bbox 408 2360 562 2412; x_wconf 74' lang='grc' dir='ltr'>αὐτοὶ</span> <span class='ocrx_word' id='word_1_269' title='bbox 591 2359 648 2413; x_wconf 88' lang='grc' dir='ltr'>δὲ</span> <span class='ocrx_word' id='word_1_270' title='bbox 684 2360 771 2411; x_wconf 82' lang='grc' dir='ltr'>ἀεὶ</span> <span class='ocrx_word' id='word_1_271' title='bbox 800 2362 867 2430; x_wconf 79' lang='grc' dir='ltr'>τῇ</span> <span class='ocrx_word' id='word_1_272' title='bbox 895 2358 991 2413; x_wconf 90' lang='grc' dir='ltr'><strong>τοῦ</strong></span> <span class='ocrx_word' id='word_1_273' title='bbox 1021 2359 1156 2413; x_wconf 87' lang='grc' dir='ltr'>Θεοῦ</span> <span class='ocrx_word' id='word_1_274' title='bbox 1188 2360 1391 2431; x_wconf 89' lang='grc' dir='ltr'>χάριτι,</span> <span class='ocrx_word' id='word_1_275' title='bbox 1428 2360 1685 2413; x_wconf 81' lang='grc' dir='ltr'>οὐδέποτε</span> 
     </span>
    </p>
   </div>
   <div class='ocr_carea' id='block_1_41' title="bbox 96 2447 1690 2519">
    <p class='ocr_par' dir='ltr' id='par_1_41' title="bbox 96 2447 1690 2519">
     <span class='ocr_line' id='line_1_41' title="bbox 96 2447 1690 2519; baseline -0.001 -18"><span class='ocrx_word' id='word_1_276' title='bbox 96 2449 222 2511; x_wconf 75' lang='grc' dir='ltr'>ταῖς</span> <span class='ocrx_word' id='word_1_277' title='bbox 256 2448 578 2519; x_wconf 83' lang='grc' dir='ltr'>μεταϐολαῖς</span> <span class='ocrx_word' id='word_1_278' title='bbox 607 2447 716 2500; x_wconf 88' lang='grc' dir='ltr'><strong>τῶν</strong></span> <span class='ocrx_word' id='word_1_279' title='bbox 743 2447 1084 2519; x_wconf 80' lang='grc' dir='ltr'>πραγμάτων</span> <span class='ocrx_word' id='word_1_280' title='bbox 1117 2448 1556 2518; x_wconf 84' lang='grc' dir='ltr'>συνδιετέθημεν.</span> <span class='ocrx_word' id='word_1_281' title='bbox 1599 2447 1690 2501; x_wconf 88' lang='grc' dir='ltr'>Πί-</span> 
     </span>
    </p>
   </div>
   <div class='ocr_carea' id='block_1_42' title="bbox 100 2536 1687 2611">
    <p class='ocr_par' dir='ltr' id='par_1_42' title="bbox 100 2536 1687 2611">
     <span class='ocr_line' id='line_1_42' title="bbox 100 2536 1687 2611; baseline 0.001 -19"><span class='ocrx_word' id='word_1_282' title='bbox 100 2556 220 2603; x_wconf 87' lang='grc' dir='ltr'>στις</span> <span class='ocrx_word' id='word_1_283' title='bbox 247 2538 379 2611; x_wconf 87' lang='grc' dir='ltr'>παρ’</span> <span class='ocrx_word' id='word_1_284' title='bbox 403 2540 536 2610; x_wconf 80' lang='grc' dir='ltr'>ἡμῖν</span> <span class='ocrx_word' id='word_1_285' title='bbox 566 2538 668 2591; x_wconf 81' lang='grc' dir='ltr'><strong>οὐκ</strong></span> <span class='ocrx_word' id='word_1_286' title='bbox 701 2536 834 2610; x_wconf 79' lang='grc' dir='ltr'>άλλη</span> <span class='ocrx_word' id='word_1_287' title='bbox 869 2539 966 2609; x_wconf 85' lang='grc' dir='ltr'><strong>μὲν</strong></span> <span class='ocrx_word' id='word_1_288' title='bbox 986 2541 1044 2593; x_wconf 83' lang='grc' dir='ltr'>ὲν</span> <span class='ocrx_word' id='word_1_289' title='bbox 1066 2539 1378 2610; x_wconf 73' lang='grc' dir='ltr'>Σελευκείᾳ,</span> <span class='ocrx_word' id='word_1_290' title='bbox 1406 2539 1539 2610; x_wconf 81' lang='grc' dir='ltr'>ἄλλη</span> <span class='ocrx_word' id='word_1_291' title='bbox 1557 2540 1613 2593; x_wconf 86' lang='grc' dir='ltr'>δὲ</span> <span class='ocrx_word' id='word_1_292' title='bbox 1629 2542 1687 2593; x_wconf 82' lang='grc' dir='ltr'><strong>ὲν</strong></span> 
     </span>
    </p>
   </div>
   <div class='ocr_carea' id='block_1_43' title="bbox 99 2629 1688 2702">
    <p class='ocr_par' dir='ltr' id='par_1_43' title="bbox 99 2629 1688 2702">
     <span class='ocr_line' id='line_1_43' title="bbox 99 2629 1688 2702; baseline -0.001 -16"><span class='ocrx_word' id='word_1_293' title='bbox 99 2629 693 2694; x_wconf 81' lang='grc' dir='ltr'>Κωνσταντινουπόλει,</span> <span class='ocrx_word' id='word_1_294' title='bbox 717 2630 813 2684; x_wconf 69' lang='grc' dir='ltr'><strong>κα)⁵</strong></span> <span class='ocrx_word' id='word_1_295' title='bbox 839 2629 972 2701; x_wconf 84' lang='grc' dir='ltr'>ἄλλη</span> <span class='ocrx_word' id='word_1_296' title='bbox 1004 2633 1061 2683; x_wconf 85' lang='grc' dir='ltr'>ὲν</span> <span class='ocrx_word' id='word_1_297' title='bbox 1089 2631 1302 2701; x_wconf 83' lang='grc' dir='ltr'>Ζήλοις,</span> <span class='ocrx_word' id='word_1_298' title='bbox 1332 2631 1427 2684; x_wconf 75' lang='grc' dir='ltr'><strong>καὶ</strong></span> <span class='ocrx_word' id='word_1_299' title='bbox 1452 2632 1510 2683; x_wconf 82' lang='grc' dir='ltr'><strong>ὲν</strong></span> <span class='ocrx_word' id='word_1_300' title='bbox 1535 2633 1688 2702; x_wconf 76' lang='grc' dir='ltr'>Λαμ-</span> 
     </span>
    </p>
   </div>
   <div class='ocr_carea' id='block_1_44' title="bbox 96 2721 1686 2794">
    <p class='ocr_par' dir='ltr' id='par_1_44' title="bbox 96 2721 1686 2794">
     <span class='ocr_line' id='line_1_44' title="bbox 96 2721 1686 2794; baseline 0 -18"><span class='ocrx_word' id='word_1_301' title='bbox 96 2722 263 2794; x_wconf 78' lang='grc' dir='ltr'>ψάκῳ</span> <span class='ocrx_word' id='word_1_302' title='bbox 307 2723 463 2794; x_wconf 79' lang='grc' dir='ltr'>άλλη,</span> <span class='ocrx_word' id='word_1_303' title='bbox 494 2724 587 2776; x_wconf 86' lang='grc' dir='ltr'><strong>καί</strong></span> <span class='ocrx_word' id='word_1_304' title='bbox 634 2723 728 2776; x_wconf 77' lang='grc' dir='ltr'><strong>ἐπὶ</strong></span> <span class='ocrx_word' id='word_1_305' title='bbox 769 2721 989 2794; x_wconf 84' lang='grc' dir='ltr'>Ῥώμης</span> <span class='ocrx_word' id='word_1_306' title='bbox 1022 2722 1133 2794; x_wconf 84' lang='grc'>(58)</span> <span class='ocrx_word' id='word_1_307' title='bbox 1168 2723 1328 2794; x_wconf 83' lang='grc' dir='ltr'>ἑτέρα</span> <span class='ocrx_word' id='word_1_308' title='bbox 1349 2738 1362 2752; x_wconf 77' lang='grc'><strong><em>³</em></strong></span> <span class='ocrx_word' id='word_1_309' title='bbox 1401 2724 1496 2777; x_wconf 79' lang='grc' dir='ltr'><strong>καὶ</strong></span> <span class='ocrx_word' id='word_1_310' title='bbox 1526 2726 1559 2794; x_wconf 80' lang='grc' dir='ltr'><strong>ἡ</strong></span> <span class='ocrx_word' id='word_1_311' title='bbox 1592 2724 1686 2777; x_wconf 89' lang='grc' dir='ltr'><strong>νῦν</strong></span> 
     </span>
    </p>
   </div>
   <div class='ocr_carea' id='block_1_45' title="bbox 98 2813 1687 2886">
    <p class='ocr_par' dir='ltr' id='par_1_45' title="bbox 98 2813 1687 2886">
     <span class='ocr_line' id='line_1_45' title="bbox 98 2813 1687 2886; baseline 0.001 -20"><span class='ocrx_word' id='word_1_312' title='bbox 98 2813 508 2885; x_wconf 79' lang='grc' dir='ltr'>περιφερομένη</span> <span class='ocrx_word' id='word_1_313' title='bbox 536 2814 597 2865; x_wconf 83' lang='grc' dir='ltr'><strong>οὐ</strong></span> <span class='ocrx_word' id='word_1_314' title='bbox 629 2813 883 2885; x_wconf 87' lang='grc' dir='ltr'>διάφορος</span> <span class='ocrx_word' id='word_1_315' title='bbox 912 2814 1063 2886; x_wconf 86' lang='grc' dir='ltr'>παρὰ</span> <span class='ocrx_word' id='word_1_316' title='bbox 1092 2813 1192 2877; x_wconf 79' lang='grc' dir='ltr'>τὰς</span> <span class='ocrx_word' id='word_1_317' title='bbox 1224 2815 1516 2886; x_wconf 83' lang='grc' dir='ltr'>προτέρας,</span> <span class='ocrx_word' id='word_1_318' title='bbox 1551 2814 1687 2867; x_wconf 80' lang='grc' dir='ltr'>ἀλλὰ</span> 
     </span>
    </p>
   </div>
   <div class='ocr_carea' id='block_1_46' title="bbox 103 2904 1687 2977">
    <p class='ocr_par' dir='ltr' id='par_1_46' title="bbox 103 2904 1687 2977">
     <span class='ocr_line' id='line_1_46' title="bbox 103 2904 1687 2977; baseline 0.003 -21"><span class='ocrx_word' id='word_1_319' title='bbox 103 2905 202 2975; x_wconf 90' lang='grc' dir='ltr'><strong>μία</strong></span> <span class='ocrx_word' id='word_1_320' title='bbox 236 2905 331 2956; x_wconf 77' lang='grc' dir='ltr'><strong>καὶ</strong></span> <span class='ocrx_word' id='word_1_321' title='bbox 362 2905 395 2974; x_wconf 82' lang='grc' dir='ltr'><strong>ἡ</strong></span> <span class='ocrx_word' id='word_1_322' title='bbox 432 2904 567 2975; x_wconf 79' lang='grc' dir='ltr'>αὐτὴ</span> <span class='ocrx_word' id='word_1_323' title='bbox 595 2905 681 2957; x_wconf 86' lang='grc' dir='ltr'><strong>ἀεί</strong></span> <span class='ocrx_word' id='word_1_324' title='bbox 712 2906 844 2977; x_wconf 83' lang='grc'>(59).</span> <span class='ocrx_word' id='word_1_325' title='bbox 864 2907 950 2970; x_wconf 86' lang='grc' dir='ltr'>Ὡς</span> <span class='ocrx_word' id='word_1_326' title='bbox 984 2906 1093 2977; x_wconf 86' lang='grc' dir='ltr'>γὰρ</span> <span class='ocrx_word' id='word_1_327' title='bbox 1123 2905 1506 2977; x_wconf 87' lang='grc' dir='ltr'>παρελάϐομεν</span> <span class='ocrx_word' id='word_1_328' title='bbox 1537 2907 1687 2976; x_wconf 73' lang='grc' dir='ltr'>παρὰ</span> 
     </span>
    </p>
   </div>
   <div class='ocr_carea' id='block_1_47' title="bbox 97 2994 1683 3068">
    <p class='ocr_par' dir='ltr' id='par_1_47' title="bbox 97 2994 1683 3068">
     <span class='ocr_line' id='line_1_47' title="bbox 97 2994 1683 3068; baseline 0.001 -19"><span class='ocrx_word' id='word_1_329' title='bbox 97 2994 193 3050; x_wconf 89' lang='grc' dir='ltr'><strong>τοῦ</strong></span> <span class='ocrx_word' id='word_1_330' title='bbox 245 2997 475 3066; x_wconf 86' lang='grc' dir='ltr'>Κυρίου.</span> <span class='ocrx_word' id='word_1_331' title='bbox 528 2995 671 3050; x_wconf 75' lang='grc' dir='ltr'>οὕτω</span> <span class='ocrx_word' id='word_1_332' title='bbox 707 2996 1118 3068; x_wconf 79' lang='grc' dir='ltr'>βαπτιζόμεθα·</span> <span class='ocrx_word' id='word_1_333' title='bbox 1160 2996 1235 3061; x_wconf 87' lang='grc' dir='ltr'>ὡς</span> <span class='ocrx_word' id='word_1_334' title='bbox 1284 2997 1683 3068; x_wconf 79' lang='grc' dir='ltr'>βαπτιζόμεθα,</span> 
     </span>
    </p>
   </div>
   <div class='ocr_carea' id='block_1_48' title="bbox 97 3086 1687 3159">
    <p class='ocr_par' dir='ltr' id='par_1_48' title="bbox 97 3086 1687 3159">
     <span class='ocr_line' id='line_1_48' title="bbox 97 3086 1687 3159; baseline 0 -17"><span class='ocrx_word' id='word_1_335' title='bbox 97 3088 244 3142; x_wconf 73' lang='grc' dir='ltr'>οὕτω</span> <span class='ocrx_word' id='word_1_336' title='bbox 286 3087 616 3158; x_wconf 84' lang='grc' dir='ltr'>πιστεύομεν</span> <span class='ocrx_word' id='word_1_337' title='bbox 637 3104 652 3119; x_wconf 73' lang='grc' dir='ltr'><strong><em>ο</em></strong></span> <span class='ocrx_word' id='word_1_338' title='bbox 694 3087 771 3152; x_wconf 87' lang='grc' dir='ltr'>ὼς</span> <span class='ocrx_word' id='word_1_339' title='bbox 795 3087 1144 3159; x_wconf 86' lang='grc' dir='ltr'>πιστεύομεν,</span> <span class='ocrx_word' id='word_1_340' title='bbox 1171 3086 1315 3141; x_wconf 75' lang='grc' dir='ltr'>οὕτω</span> <span class='ocrx_word' id='word_1_341' title='bbox 1357 3089 1451 3142; x_wconf 75' lang='grc' dir='ltr'><strong>καὶ</strong></span> <span class='ocrx_word' id='word_1_342' title='bbox 1483 3090 1687 3153; x_wconf 81' lang='grc' dir='ltr'>δοξολο-</span> 
     </span>
    </p>
   </div>
   <div class='ocr_carea' id='block_1_49' title="bbox 98 3178 1685 3251">
    <p class='ocr_par' dir='ltr' id='par_1_49' title="bbox 98 3178 1685 3251">
     <span class='ocr_line' id='line_1_49' title="bbox 98 3178 1685 3251; baseline 0.003 -20"><span class='ocrx_word' id='word_1_343' title='bbox 98 3179 306 3250; x_wconf 80' lang='grc' dir='ltr'>γοῦμεν</span> <span class='ocrx_word' id='word_1_344' title='bbox 328 3196 340 3208; x_wconf 87' lang='grc'>·</span> <span class='ocrx_word' id='word_1_345' title='bbox 370 3178 492 3231; x_wconf 79' lang='grc' dir='ltr'>οὔτε</span> <span class='ocrx_word' id='word_1_346' title='bbox 522 3180 847 3251; x_wconf 79' lang='grc' dir='ltr'>χωρίζοντες</span> <span class='ocrx_word' id='word_1_347' title='bbox 879 3179 1095 3251; x_wconf 81' lang='grc' dir='ltr'>Πατρὸς</span> <span class='ocrx_word' id='word_1_348' title='bbox 1139 3180 1233 3232; x_wconf 83' lang='grc' dir='ltr'><strong>καὶ</strong></span> <span class='ocrx_word' id='word_1_349' title='bbox 1268 3180 1397 3233; x_wconf 85' lang='grc' dir='ltr'>Υἰοῦ</span> <span class='ocrx_word' id='word_1_350' title='bbox 1440 3181 1502 3233; x_wconf 87' lang='grc' dir='ltr'><strong>τὸ</strong></span> <span class='ocrx_word' id='word_1_351' title='bbox 1535 3182 1685 3251; x_wconf 78' lang='grc' dir='ltr'>ἅγιον</span> 
     </span>
    </p>
   </div>
   <div class='ocr_carea' id='block_1_50' title="bbox 97 3269 1686 3343">
    <p class='ocr_par' dir='ltr' id='par_1_50' title="bbox 97 3269 1686 3343">
     <span class='ocr_line' id='line_1_50' title="bbox 97 3269 1686 3343; baseline 0.001 -19"><span class='ocrx_word' id='word_1_352' title='bbox 97 3270 347 3341; x_wconf 88' lang='grc' dir='ltr'>Πνεῦμα,</span> <span class='ocrx_word' id='word_1_353' title='bbox 395 3269 516 3323; x_wconf 76' lang='grc' dir='ltr'>οὔτε</span> <span class='ocrx_word' id='word_1_354' title='bbox 560 3270 908 3342; x_wconf 78' lang='grc' dir='ltr'>προτιθέντες</span> <span class='ocrx_word' id='word_1_355' title='bbox 953 3271 1187 3343; x_wconf 67' lang='grc' dir='ltr'>Πατρός,</span> <span class='ocrx_word' id='word_1_356' title='bbox 1234 3272 1267 3342; x_wconf 83' lang='grc' dir='ltr'><strong>ἢ</strong></span> <span class='ocrx_word' id='word_1_357' title='bbox 1318 3271 1686 3343; x_wconf 80' lang='grc' dir='ltr'>πρεσϐύτερον</span> 
     </span>
    </p>
   </div>
   <div class='ocr_carea' id='block_1_51' title="bbox 98 3361 1687 3435">
    <p class='ocr_par' dir='ltr' id='par_1_51' title="bbox 98 3361 1687 3435">
     <span class='ocr_line' id='line_1_51' title="bbox 98 3361 1687 3435; baseline 0 -18"><span class='ocrx_word' id='word_1_358' title='bbox 98 3361 242 3418; x_wconf 74' lang='grc' dir='ltr'>εἶναι</span> <span class='ocrx_word' id='word_1_359' title='bbox 271 3364 366 3416; x_wconf 86' lang='grc' dir='ltr'><strong>τοῦ</strong></span> <span class='ocrx_word' id='word_1_360' title='bbox 397 3363 528 3416; x_wconf 86' lang='grc' dir='ltr'>Υἱοῦ</span> <span class='ocrx_word' id='word_1_361' title='bbox 554 3364 614 3416; x_wconf 81' lang='grc' dir='ltr'>τὸ</span> <span class='ocrx_word' id='word_1_362' title='bbox 643 3363 871 3433; x_wconf 80' lang='grc' dir='ltr'>Πνεῦμα</span> <span class='ocrx_word' id='word_1_363' title='bbox 890 3362 1144 3432; x_wconf 84' lang='grc' dir='ltr'>λέγοντες</span> <span class='ocrx_word' id='word_1_364' title='bbox 1162 3383 1176 3397; x_wconf 77' lang='grc' dir='ltr'><strong><em>ο</em></strong></span> <span class='ocrx_word' id='word_1_365' title='bbox 1211 3364 1286 3427; x_wconf 85' lang='grc' dir='ltr'>ὡς</span> <span class='ocrx_word' id='word_1_366' title='bbox 1315 3366 1372 3417; x_wconf 81' lang='grc' dir='ltr'>αὶ</span> <span class='ocrx_word' id='word_1_367' title='bbox 1416 3364 1525 3417; x_wconf 90' lang='grc' dir='ltr'><strong>τῶν</strong></span> <span class='ocrx_word' id='word_1_368' title='bbox 1561 3366 1687 3435; x_wconf 73' lang='grc' dir='ltr'>βλα-</span> 
     </span>
    </p>
   </div>
   <div class='ocr_carea' id='block_1_52' title="bbox 101 3454 1687 3528">
    <p class='ocr_par' dir='ltr' id='par_1_52' title="bbox 101 3454 1687 3528">
     <span class='ocr_line' id='line_1_52' title="bbox 101 3454 1687 3528; baseline 0 -19"><span class='ocrx_word' id='word_1_369' title='bbox 101 3457 338 3526; x_wconf 71' lang='grc' dir='ltr'>σφήμων</span> <span class='ocrx_word' id='word_1_370' title='bbox 388 3454 632 3523; x_wconf 80' lang='grc' dir='ltr'>γλῶσσαι</span> <span class='ocrx_word' id='word_1_371' title='bbox 682 3455 1176 3520; x_wconf 78' lang='grc' dir='ltr'>κατασκευάζουσι.</span> <span class='ocrx_word' id='word_1_372' title='bbox 1233 3456 1328 3520; x_wconf 86' lang='grc' dir='ltr'>Τίς</span> <span class='ocrx_word' id='word_1_373' title='bbox 1384 3455 1492 3528; x_wconf 76' lang='grc' dir='ltr'><strong>γὰρ</strong></span> <span class='ocrx_word' id='word_1_374' title='bbox 1543 3457 1687 3509; x_wconf 69' lang='grc' dir='ltr'>οὕτω</span> 
     </span>
    </p>
   </div>
   <div class='ocr_carea' id='block_1_53' title="bbox 98 3546 1687 3619">
    <p class='ocr_par' dir='ltr' id='par_1_53' title="bbox 98 3546 1687 3619">
     <span class='ocr_line' id='line_1_53' title="bbox 98 3546 1687 3619; baseline 0.001 -19"><span class='ocrx_word' id='word_1_375' title='bbox 98 3547 394 3617; x_wconf 75' lang='grc' dir='ltr'>τολμηρὸς,</span> <span class='ocrx_word' id='word_1_376' title='bbox 423 3546 502 3610; x_wconf 84' lang='grc' dir='ltr'>ὃς,</span> <span class='ocrx_word' id='word_1_377' title='bbox 532 3546 629 3618; x_wconf 82' lang='grc' dir='ltr'>τὴν</span> <span class='ocrx_word' id='word_1_378' title='bbox 659 3546 769 3617; x_wconf 84' lang='grc'>(60)</span> <span class='ocrx_word' id='word_1_379' title='bbox 800 3546 1134 3617; x_wconf 83' lang='grc' dir='ltr'>Δεσποτικὴν</span> <span class='ocrx_word' id='word_1_380' title='bbox 1167 3548 1565 3619; x_wconf 82' lang='grc' dir='ltr'>παρωσάμενος</span> <span class='ocrx_word' id='word_1_381' title='bbox 1601 3565 1687 3601; x_wconf 90' lang='grc' dir='ltr'>νο-</span> 
     </span>
    </p>
   </div>
   <div class='ocr_carea' id='block_1_54' title="bbox 102 3638 1682 3710">
    <p class='ocr_par' dir='ltr' id='par_1_54' title="bbox 102 3638 1682 3710">
     <span class='ocr_line' id='line_1_54' title="bbox 102 3638 1682 3710; baseline 0.001 -19"><span class='ocrx_word' id='word_1_382' title='bbox 102 3639 383 3709; x_wconf 82' lang='grc' dir='ltr'>μοθεσίαν,</span> <span class='ocrx_word' id='word_1_383' title='bbox 433 3639 568 3692; x_wconf 84' lang='grc' dir='ltr'>ἰδίαν</span> <span class='ocrx_word' id='word_1_384' title='bbox 598 3638 771 3710; x_wconf 82' lang='grc' dir='ltr'>τολμᾷ</span> <span class='ocrx_word' id='word_1_385' title='bbox 802 3640 914 3702; x_wconf 85' lang='grc' dir='ltr'>τοῖς</span> <span class='ocrx_word' id='word_1_386' title='bbox 954 3638 1182 3709; x_wconf 88' lang='grc' dir='ltr'>ὀνόμασι</span> <span class='ocrx_word' id='word_1_387' title='bbox 1216 3639 1369 3704; x_wconf 81' lang='grc' dir='ltr'>τάξιν</span> <span class='ocrx_word' id='word_1_388' title='bbox 1415 3641 1682 3705; x_wconf 77' lang='grc' dir='ltr'>ἐπινοεῖν;</span> 
     </span>
    </p>
   </div>
   <div class='ocr_carea' id='block_1_55' title="bbox 111 3729 1687 3800">
    <p class='ocr_par' dir='ltr' id='par_1_55' title="bbox 111 3729 1687 3800">
     <span class='ocr_line' id='line_1_55' title="bbox 111 3729 1687 3800; baseline 0 -17"><span class='ocrx_word' id='word_1_389' title='bbox 278 3729 402 3782; x_wconf 73' lang='grc' dir='ltr'>οὔτε</span> <span class='ocrx_word' id='word_1_390' title='bbox 432 3730 649 3782; x_wconf 84' lang='grc' dir='ltr'>κτιστὸν</span> <span class='ocrx_word' id='word_1_391' title='bbox 682 3729 910 3800; x_wconf 87' lang='grc' dir='ltr'>λέγομεν</span> <span class='ocrx_word' id='word_1_392' title='bbox 933 3729 993 3781; x_wconf 82' lang='grc' dir='ltr'>τὸ</span> <span class='ocrx_word' id='word_1_393' title='bbox 1028 3730 1273 3799; x_wconf 89' lang='grc' dir='ltr'>Πνεῦμα,</span> <span class='ocrx_word' id='word_1_394' title='bbox 1306 3729 1370 3783; x_wconf 86' lang='grc' dir='ltr'><strong>τὸ</strong></span> <span class='ocrx_word' id='word_1_395' title='bbox 1409 3729 1547 3800; x_wconf 86' lang='grc' dir='ltr'><strong>μετὰ</strong></span> <span class='ocrx_word' id='word_1_396' title='bbox 1576 3733 1687 3783; x_wconf 87' lang='grc' dir='ltr'>Πα-</span> 
     </span>
    </p>
   </div>
   <div class='ocr_carea' id='block_1_56' title="bbox 95 3819 1682 3893">
    <p class='ocr_par' dir='ltr' id='par_1_56' title="bbox 95 3819 1682 3893">
     <span class='ocr_line' id='line_1_56' title="bbox 95 3819 1682 3893; baseline 0.003 -20"><span class='ocrx_word' id='word_1_397' title='bbox 95 3822 227 3893; x_wconf 75' lang='grc' dir='ltr'>τρὸς</span> <span class='ocrx_word' id='word_1_398' title='bbox 260 3822 355 3874; x_wconf 74' lang='grc' dir='ltr'><strong>καὶ</strong></span> <span class='ocrx_word' id='word_1_399' title='bbox 382 3821 513 3873; x_wconf 85' lang='grc' dir='ltr'>Υἱοῦ</span> <span class='ocrx_word' id='word_1_400' title='bbox 546 3821 876 3891; x_wconf 83' lang='grc' dir='ltr'>τεταγμένον</span> <span class='ocrx_word' id='word_1_401' title='bbox 898 3836 911 3848; x_wconf 89' lang='grc'><strong>·</strong></span> <span class='ocrx_word' id='word_1_402' title='bbox 954 3819 1079 3873; x_wconf 85' lang='grc' dir='ltr'>οῦτε</span> <span class='ocrx_word' id='word_1_403' title='bbox 1113 3819 1358 3873; x_wconf 81' lang='grc' dir='ltr'>δουλικὸν</span> <span class='ocrx_word' id='word_1_404' title='bbox 1388 3820 1682 3893; x_wconf 87' lang='grc' dir='ltr'>τολμῶμεν</span> 
     </span>
    </p>
   </div>
   <div class='ocr_carea' id='block_1_57' title="bbox 97 3911 1682 3984">
    <p class='ocr_par' dir='ltr' id='par_1_57' title="bbox 97 3911 1682 3984">
     <span class='ocr_line' id='line_1_57' title="bbox 97 3911 1682 3984; baseline 0.001 -19"><span class='ocrx_word' id='word_1_405' title='bbox 97 3915 274 3965; x_wconf 82' lang='grc' dir='ltr'>εἰπεῖν</span> <span class='ocrx_word' id='word_1_406' title='bbox 305 3913 365 3965; x_wconf 74' lang='grc' dir='ltr'>τὸ</span> <span class='ocrx_word' id='word_1_407' title='bbox 407 3912 755 3983; x_wconf 79' lang='grc' dir='ltr'>ἡγεμονικόν.</span> <span class='ocrx_word' id='word_1_408' title='bbox 790 3912 901 3965; x_wconf 73' lang='grc' dir='ltr'>Καὶ</span> <span class='ocrx_word' id='word_1_409' title='bbox 942 3913 1088 3981; x_wconf 78' lang='grc' dir='ltr'>ὑμᾶς</span> <span class='ocrx_word' id='word_1_410' title='bbox 1123 3911 1554 3984; x_wconf 83' lang='grc' dir='ltr'>παρακαλοῦμεν</span> <span class='ocrx_word' id='word_1_411' title='bbox 1593 3931 1682 3983; x_wconf 89' lang='grc' dir='ltr'>με-</span> 
     </span>
    </p>
   </div>
   <div class='ocr_carea' id='block_1_58' title="bbox 100 4003 1678 4076">
    <p class='ocr_par' dir='ltr' id='par_1_58' title="bbox 100 4003 1678 4076">
     <span class='ocr_line' id='line_1_58' title="bbox 100 4003 1678 4076; baseline 0 -18"><span class='ocrx_word' id='word_1_412' title='bbox 100 4005 412 4076; x_wconf 81' lang='grc' dir='ltr'>μνημένους</span> <span class='ocrx_word' id='word_1_413' title='bbox 445 4006 545 4074; x_wconf 77' lang='grc' dir='ltr'>τῆς</span> <span class='ocrx_word' id='word_1_414' title='bbox 571 4004 665 4057; x_wconf 88' lang='grc' dir='ltr'><strong>τοῦ</strong></span> <span class='ocrx_word' id='word_1_415' title='bbox 714 4004 922 4075; x_wconf 86' lang='grc' dir='ltr'>Κυρίου</span> <span class='ocrx_word' id='word_1_416' title='bbox 973 4003 1223 4075; x_wconf 80' lang='grc' dir='ltr'>ἀπειλῆς,</span> <span class='ocrx_word' id='word_1_417' title='bbox 1268 4003 1362 4057; x_wconf 86' lang='grc' dir='ltr'><strong>τοῦ</strong></span> <span class='ocrx_word' id='word_1_418' title='bbox 1414 4004 1678 4069; x_wconf 78' lang='grc' dir='ltr'>εἰπόντος,</span> 
     </span>
    </p>
   </div>
   <div class='ocr_carea' id='block_1_59' title="bbox 96 4096 1683 4167">
    <p class='ocr_par' dir='ltr' id='par_1_59' title="bbox 96 4096 1683 4167">
     <span class='ocr_line' id='line_1_59' title="bbox 96 4096 1683 4167; baseline -0.001 -15"><span class='ocrx_word' id='word_1_419' title='bbox 96 4098 276 4153; x_wconf 85' lang='grc' dir='ltr'>Πᾶσα</span> <span class='ocrx_word' id='word_1_420' title='bbox 315 4099 571 4167; x_wconf 81' lang='grc' dir='ltr'>ἁμαρτία</span> <span class='ocrx_word' id='word_1_421' title='bbox 617 4098 713 4151; x_wconf 79' lang='grc' dir='ltr'>καὶ</span> <span class='ocrx_word' id='word_1_422' title='bbox 747 4098 1117 4167; x_wconf 67' lang='grc' dir='ltr'>,ϐλασφημία</span> <span class='ocrx_word' id='word_1_423' title='bbox 1153 4096 1517 4166; x_wconf 58' lang='grc' dir='ltr'>ἀφεθήσεται</span> <span class='ocrx_word' id='word_1_424' title='bbox 1556 4098 1683 4164; x_wconf 85' lang='grc' dir='ltr'>τοῖς</span> 
     </span>
    </p>
   </div>
   <div class='ocr_carea' id='block_1_60' title="bbox 96 4187 1683 4258">
    <p class='ocr_par' dir='ltr' id='par_1_60' title="bbox 96 4187 1683 4258">
     <span class='ocr_line' id='line_1_60' title="bbox 96 4187 1683 4258; baseline -0.001 -14"><span class='ocrx_word' id='word_1_425' title='bbox 96 4189 463 4258; x_wconf 75' lang='grc' dir='ltr'>ἀνθρώποις·</span> <span class='ocrx_word' id='word_1_426' title='bbox 496 4190 533 4258; x_wconf 80' lang='grc' dir='ltr'><em>ἡ</em></span> <span class='ocrx_word' id='word_1_427' title='bbox 566 4188 634 4241; x_wconf 81' lang='grc' dir='ltr'>δὲ</span> <span class='ocrx_word' id='word_1_428' title='bbox 665 4191 752 4253; x_wconf 81' lang='grc' dir='ltr'>εὶς</span> <span class='ocrx_word' id='word_1_429' title='bbox 778 4188 846 4240; x_wconf 80' lang='grc' dir='ltr'>τὸ</span> <span class='ocrx_word' id='word_1_430' title='bbox 883 4188 1129 4256; x_wconf 80' lang='grc' dir='ltr'>Πνεῦμα</span> <span class='ocrx_word' id='word_1_431' title='bbox 1166 4187 1230 4241; x_wconf 81' lang='grc' dir='ltr'>τὸ</span> <span class='ocrx_word' id='word_1_432' title='bbox 1266 4188 1441 4257; x_wconf 79' lang='grc' dir='ltr'>ἅγιον</span> <span class='ocrx_word' id='word_1_433' title='bbox 1478 4189 1683 4254; x_wconf 78' lang='grc' dir='ltr'>,ϐλασ-</span> 
     </span>
    </p>
   </div>
   <div class='ocr_carea' id='block_1_61' title="bbox 93 4279 1683 4351">
    <p class='ocr_par' dir='ltr' id='par_1_61' title="bbox 93 4279 1683 4351">
     <span class='ocr_line' id='line_1_61' title="bbox 93 4279 1683 4351; baseline -0.001 -16"><span class='ocrx_word' id='word_1_434' title='bbox 93 4284 288 4351; x_wconf 66' lang='grc' dir='ltr'>φημία</span> <span class='ocrx_word' id='word_1_435' title='bbox 330 4284 442 4335; x_wconf 73' lang='grc' dir='ltr'>οὐκ</span> <span class='ocrx_word' id='word_1_436' title='bbox 488 4280 873 4349; x_wconf 63' lang='grc' dir='ltr'>ἀφεθήσεται,</span> <span class='ocrx_word' id='word_1_437' title='bbox 934 4280 1075 4334; x_wconf 82' lang='grc' dir='ltr'>οὔτε</span> <span class='ocrx_word' id='word_1_438' title='bbox 1121 4281 1191 4334; x_wconf 80' lang='grc' dir='ltr'><strong>ἐν</strong></span> <span class='ocrx_word' id='word_1_439' title='bbox 1236 4279 1313 4345; x_wconf 84' lang='grc' dir='ltr'>τῷ</span> <span class='ocrx_word' id='word_1_440' title='bbox 1355 4281 1473 4335; x_wconf 80' lang='grc' dir='ltr'><strong>νῦν</strong></span> <span class='ocrx_word' id='word_1_441' title='bbox 1513 4281 1683 4335; x_wconf 77' lang='grc' dir='ltr'>αἰῶνι</span> 
     </span>
    </p>
   </div>
   <div class='ocr_carea' id='block_1_62' title="bbox 96 4372 1680 4442">
    <p class='ocr_par' dir='ltr' id='par_1_62' title="bbox 96 4372 1680 4442">
     <span class='ocr_line' id='line_1_62' title="bbox 96 4372 1680 4442; baseline -0.002 -13"><span class='ocrx_word' id='word_1_442' title='bbox 96 4375 238 4429; x_wconf 76' lang='grc' dir='ltr'>οὔτε</span> <span class='ocrx_word' id='word_1_443' title='bbox 268 4376 338 4428; x_wconf 84' lang='grc' dir='ltr'><strong>ἐν</strong></span> <span class='ocrx_word' id='word_1_444' title='bbox 367 4373 449 4438; x_wconf 81' lang='grc' dir='ltr'>τῷ</span> <span class='ocrx_word' id='word_1_445' title='bbox 474 4373 797 4442; x_wconf 68' lang='grc' dir='ltr'>μέλλον-η’</span> <span class='ocrx_word' id='word_1_446' title='bbox 834 4372 1110 4441; x_wconf 77' lang='grc' dir='ltr'>φυλάξατε</span> <span class='ocrx_word' id='word_1_447' title='bbox 1156 4372 1269 4442; x_wconf 83' lang='grc'>(61)</span> <span class='ocrx_word' id='word_1_448' title='bbox 1310 4373 1536 4435; x_wconf 81' lang='grc' dir='ltr'>ἑαυτοὺς</span> <span class='ocrx_word' id='word_1_449' title='bbox 1570 4373 1680 4426; x_wconf 86' lang='grc' dir='ltr'><strong>τῶν</strong></span> 
     </span>
    </p>
   </div>
   <div class='ocr_carea' id='block_1_63' title="bbox 99 4463 1680 4536">
    <p class='ocr_par' dir='ltr' id='par_1_63' title="bbox 99 4463 1680 4536">
     <span class='ocr_line' id='line_1_63' title="bbox 99 4463 1680 4536; baseline 0 -17"><span class='ocrx_word' id='word_1_450' title='bbox 99 4465 378 4536; x_wconf 73' lang='grc' dir='ltr'>βλαϐερῶν</span> <span class='ocrx_word' id='word_1_451' title='bbox 426 4463 568 4518; x_wconf 76' lang='grc' dir='ltr'>κατὰ</span> <span class='ocrx_word' id='word_1_452' title='bbox 620 4463 712 4517; x_wconf 83' lang='grc' dir='ltr'><strong>τοῦ</strong></span> <span class='ocrx_word' id='word_1_453' title='bbox 760 4463 1078 4535; x_wconf 88' lang='grc' dir='ltr'>Πνεύματος</span> <span class='ocrx_word' id='word_1_454' title='bbox 1121 4463 1489 4535; x_wconf 88' lang='grc' dir='ltr'>διδαγμάτων.</span> <span class='ocrx_word' id='word_1_455' title='bbox 1544 4465 1680 4536; x_wconf 81' lang='grc' dir='ltr'>Στή-</span> 
     </span>
    </p>
   </div>
   <div class='ocr_carea' id='block_1_64' title="bbox 96 4553 1675 4629">
    <p class='ocr_par' dir='ltr' id='par_1_64' title="bbox 96 4553 1675 4629">
     <span class='ocr_line' id='line_1_64' title="bbox 96 4553 1675 4629; baseline -0.001 -19"><span class='ocrx_word' id='word_1_456' title='bbox 96 4575 221 4611; x_wconf 84' lang='grc' dir='ltr'>κετε</span> <span class='ocrx_word' id='word_1_457' title='bbox 254 4559 311 4609; x_wconf 87' lang='grc' dir='ltr'>ὲν</span> <span class='ocrx_word' id='word_1_458' title='bbox 339 4559 405 4627; x_wconf 84' lang='grc' dir='ltr'>τῇ</span> <span class='ocrx_word' id='word_1_459' title='bbox 436 4556 637 4620; x_wconf 80' lang='grc' dir='ltr'>πίστει,</span> <span class='ocrx_word' id='word_1_460' title='bbox 674 4553 1038 4627; x_wconf 72' lang='grc' dir='ltr'>περιϐλέψατε</span> <span class='ocrx_word' id='word_1_461' title='bbox 1066 4557 1145 4619; x_wconf 88' lang='grc' dir='ltr'><strong>είς</strong></span> <span class='ocrx_word' id='word_1_462' title='bbox 1191 4556 1291 4629; x_wconf 80' lang='grc' dir='ltr'>τὴν</span> <span class='ocrx_word' id='word_1_463' title='bbox 1329 4557 1675 4627; x_wconf 83' lang='grc' dir='ltr'>οἰκουμένην,</span> 
     </span>
    </p>
   </div>
   <div class='ocr_carea' id='block_1_65' title="bbox 95 4647 1680 4720">
    <p class='ocr_par' dir='ltr' id='par_1_65' title="bbox 95 4647 1680 4720">
     <span class='ocr_line' id='line_1_65' title="bbox 95 4647 1680 4720; baseline -0.001 -17"><span class='ocrx_word' id='word_1_464' title='bbox 95 4651 189 4703; x_wconf 79' lang='grc' dir='ltr'>καὶ</span> <span class='ocrx_word' id='word_1_465' title='bbox 218 4649 377 4711; x_wconf 80' lang='grc' dir='ltr'>ἴδετε,</span> <span class='ocrx_word' id='word_1_466' title='bbox 411 4650 492 4701; x_wconf 86' lang='grc' dir='ltr'>ὅτι</span> <span class='ocrx_word' id='word_1_467' title='bbox 527 4648 720 4719; x_wconf 82' lang='grc' dir='ltr'>μικρόν</span> <span class='ocrx_word' id='word_1_468' title='bbox 746 4650 862 4701; x_wconf 76' lang='grc' dir='ltr'>ἐστι</span> <span class='ocrx_word' id='word_1_469' title='bbox 887 4647 1046 4701; x_wconf 89' lang='grc' dir='ltr'>τοῦτο</span> <span class='ocrx_word' id='word_1_470' title='bbox 1080 4648 1141 4702; x_wconf 83' lang='grc' dir='ltr'>τὸ</span> <span class='ocrx_word' id='word_1_471' title='bbox 1171 4649 1335 4720; x_wconf 83' lang='grc' dir='ltr'>μέρος</span> <span class='ocrx_word' id='word_1_472' title='bbox 1366 4647 1427 4701; x_wconf 87' lang='grc' dir='ltr'><strong>τὸ</strong></span> <span class='ocrx_word' id='word_1_473' title='bbox 1459 4665 1680 4719; x_wconf 88' lang='grc' dir='ltr'>νενοση-</span> 
     </span>
    </p>
   </div>
   <div class='ocr_carea' id='block_1_66' title="bbox 98 4739 1680 4812">
    <p class='ocr_par' dir='ltr' id='par_1_66' title="bbox 98 4739 1680 4812">
     <span class='ocr_line' id='line_1_66' title="bbox 98 4739 1680 4812; baseline 0 -19"><span class='ocrx_word' id='word_1_474' title='bbox 98 4742 223 4804; x_wconf 83' lang='grc' dir='ltr'><strong>κὸς·</strong></span> <span class='ocrx_word' id='word_1_475' title='bbox 261 4742 295 4812; x_wconf 83' lang='grc' dir='ltr'>ἡ</span> <span class='ocrx_word' id='word_1_476' title='bbox 328 4740 385 4794; x_wconf 81' lang='grc' dir='ltr'><strong>δὲ</strong></span> <span class='ocrx_word' id='word_1_477' title='bbox 416 4740 576 4812; x_wconf 87' lang='grc' dir='ltr'>λοιπὴ</span> <span class='ocrx_word' id='word_1_478' title='bbox 625 4741 776 4794; x_wconf 77' lang='grc' dir='ltr'>πᾶσα</span> <span class='ocrx_word' id='word_1_479' title='bbox 819 4739 1139 4811; x_wconf 83' lang='grc' dir='ltr'>Ἐκκλησία,</span> <span class='ocrx_word' id='word_1_480' title='bbox 1189 4741 1223 4810; x_wconf 86' lang='grc' dir='ltr'>ἡ</span> <span class='ocrx_word' id='word_1_481' title='bbox 1270 4740 1378 4793; x_wconf 81' lang='grc' dir='ltr'>ἀπὸ</span> <span class='ocrx_word' id='word_1_482' title='bbox 1424 4741 1680 4811; x_wconf 84' lang='grc' dir='ltr'>περάτων</span> 
     </span>
    </p>
   </div>
   <div class='ocr_carea' id='block_1_67' title="bbox 96 4813 1681 4903">
    <p class='ocr_par' dir='ltr' id='par_1_67' title="bbox 96 4813 1681 4903">
     <span class='ocr_line' id='line_1_67' title="bbox 96 4813 1681 4903; baseline 0.002 -21"><span class='ocrx_word' id='word_1_483' title='bbox 96 4833 173 4895; x_wconf 68' lang='lat' dir='ltr'><strong>et;</strong></span> <span class='ocrx_word' id='word_1_484' title='bbox 203 4832 418 4901; x_wconf 85' lang='grc' dir='ltr'>πέρατα</span> <span class='ocrx_word' id='word_1_485' title='bbox 438 4830 709 4903; x_wconf 78' lang='grc' dir='ltr'>δεξαμένη</span> <span class='ocrx_word' id='word_1_486' title='bbox 743 4831 805 4884; x_wconf 84' lang='grc' dir='ltr'><strong>τὸ</strong></span> <span class='ocrx_word' id='word_1_487' title='bbox 837 4813 1191 4899; x_wconf 75' lang='grc' dir='ltr'>Εύαγγέλιον,</span> <span class='ocrx_word' id='word_1_488' title='bbox 1223 4831 1316 4886; x_wconf 69' lang='grc' dir='ltr'><strong>ἐπὶ</strong></span> <span class='ocrx_word' id='word_1_489' title='bbox 1347 4832 1449 4902; x_wconf 83' lang='grc' dir='ltr'>τῆς</span> <span class='ocrx_word' id='word_1_490' title='bbox 1494 4831 1681 4899; x_wconf 79' lang='grc' dir='ltr'>ὑγιοῦς</span> 
     </span>
    </p>
   </div>
   <div class='ocr_carea' id='block_1_68' title="bbox 182 4984 1442 5050">
    <p class='ocr_par' dir='ltr' id='par_1_68' title="bbox 182 4984 1442 5050">
     <span class='ocr_line' id='line_1_68' title="bbox 182 4984 1442 5050; baseline -0.001 -11"><span class='ocrx_word' id='word_1_491' title='bbox 182 4989 231 5019; x_wconf 78' lang='grc'><strong>’⁷</strong></span> <span class='ocrx_word' id='word_1_492' title='bbox 266 4985 411 5043; x_wconf 88' lang='lat' dir='ltr'><strong>Psal.</strong></span> <span class='ocrx_word' id='word_1_493' title='bbox 453 5002 521 5050; x_wconf 75' lang='lat'><strong>1.,</strong></span> <span class='ocrx_word' id='word_1_494' title='bbox 561 4987 648 5040; x_wconf 76' lang='grc'><strong>14.</strong></span> <span class='ocrx_word' id='word_1_495' title='bbox 750 4987 797 5018; x_wconf 69' lang='grc'><strong>’⁸</strong></span> <span class='ocrx_word' id='word_1_496' title='bbox 836 4984 1025 5041; x_wconf 80' lang='lat' dir='ltr'><strong>Matth.</strong></span> <span class='ocrx_word' id='word_1_497' title='bbox 1069 5001 1183 5050; x_wconf 82' lang='lat' dir='ltr'><strong>xu,</strong></span> <span class='ocrx_word' id='word_1_498' title='bbox 1223 4986 1313 5050; x_wconf 83' lang='lat'><strong>5|,</strong></span> <span class='ocrx_word' id='word_1_499' title='bbox 1353 4986 1442 5040; x_wconf 76' lang='lat'><strong>52.</strong></span> 
     </span>
    </p>
   </div>
   <div class='ocr_carea' id='block_1_69' title="bbox 161 5141 1676 5217">
    <p class='ocr_par' dir='ltr' id='par_1_69' title="bbox 161 5141 1676 5217">
     <span class='ocr_line' id='line_1_69' title="bbox 161 5141 1676 5217; baseline -0.001 -19"><span class='ocrx_word' id='word_1_500' title='bbox 161 5143 279 5217; x_wconf 72' lang='lat'><strong>(55)</strong></span> <span class='ocrx_word' id='word_1_501' title='bbox 306 5145 416 5198; x_wconf 76' lang='lat' dir='ltr'><strong>Kal</strong></span> <span class='ocrx_word' id='word_1_502' title='bbox 448 5147 519 5199; x_wconf 84' lang='lat' dir='ltr'><strong>oi.</strong></span> <span class='ocrx_word' id='word_1_503' title='bbox 551 5143 882 5217; x_wconf 69' lang='lat' dir='ltr'><strong>conjunctio</strong></span> <span class='ocrx_word' id='word_1_504' title='bbox 910 5142 1098 5197; x_wconf 88' lang='lat' dir='ltr'><strong>addita</strong></span> <span class='ocrx_word' id='word_1_505' title='bbox 1123 5158 1192 5198; x_wconf 78' lang='lat' dir='ltr'><strong>ex</strong></span> <span class='ocrx_word' id='word_1_506' title='bbox 1214 5141 1387 5197; x_wconf 90' lang='lat' dir='ltr'><strong>Coisl.</strong></span> <span class='ocrx_word' id='word_1_507' title='bbox 1420 5143 1596 5207; x_wconf 87' lang='lat' dir='ltr'><strong>primo</strong></span> <span class='ocrx_word' id='word_1_508' title='bbox 1620 5149 1676 5199; x_wconf 89' lang='lat' dir='ltr'><strong>et</strong></span> 
     </span>
    </p>
   </div>
   <div class='ocr_carea' id='block_1_70' title="bbox 92 5212 816 5283">
    <p class='ocr_par' dir='ltr' id='par_1_70' title="bbox 92 5212 816 5283">
     <span class='ocr_line' id='line_1_70' title="bbox 92 5212 816 5283; baseline -0.001 -14"><span class='ocrx_word' id='word_1_509' title='bbox 92 5212 234 5271; x_wconf 69' lang='lat' dir='ltr'><strong>Med.</strong></span> <span class='ocrx_word' id='word_1_510' title='bbox 259 5212 329 5268; x_wconf 79' lang='grc' dir='ltr'><strong>ἐι</strong></span> <span class='ocrx_word' id='word_1_511' title='bbox 362 5229 472 5269; x_wconf 93' lang='lat' dir='ltr'><strong>uno</strong></span> <span class='ocrx_word' id='word_1_512' title='bbox 502 5230 565 5269; x_wconf 80' lang='lat' dir='ltr'><strong>ex</strong></span> <span class='ocrx_word' id='word_1_513' title='bbox 606 5212 816 5283; x_wconf 81' lang='lat' dir='ltr'><strong>Regiis.</strong></span> 
     </span>
    </p>
   </div>
   <div class='ocr_carea' id='block_1_71' title="bbox 161 5280 1669 5356">
    <p class='ocr_par' dir='ltr' id='par_1_71' title="bbox 161 5280 1669 5356">
     <span class='ocr_line' id='line_1_71' title="bbox 161 5280 1669 5356; baseline -0.003 -15"><span class='ocrx_word' id='word_1_514' title='bbox 161 5285 301 5356; x_wconf 80' lang='lat'><strong>(56_)_</strong></span> <span class='ocrx_word' id='word_1_515' title='bbox 333 5280 834 5356; x_wconf 53' lang='grc' dir='ltr'>’ᾼπαριθμεῒοῖθαμ</span> <span class='ocrx_word' id='word_1_516' title='bbox 887 5280 1179 5356; x_wconf 56' lang='grc' dir='ltr'>Μοάῇοξιιε</span> <span class='ocrx_word' id='word_1_517' title='bbox 1229 5282 1669 5356; x_wconf 81' lang='grc' dir='ltr'>ἐπαριθμεῖσθαι.</span> 
     </span>
    </p>
   </div>
   <div class='ocr_carea' id='block_1_72' title="bbox 92 5351 1135 5424">
    <p class='ocr_par' dir='ltr' id='par_1_72' title="bbox 92 5351 1135 5424">
     <span class='ocr_line' id='line_1_72' title="bbox 92 5351 1135 5424; baseline 0.001 -17"><span class='ocrx_word' id='word_1_518' title='bbox 92 5351 212 5410; x_wconf 75' lang='lat' dir='ltr'><strong>Mox</strong></span> <span class='ocrx_word' id='word_1_519' title='bbox 256 5351 937 5424; x_wconf 66' lang='grc' dir='ltr'>Ἶειῑίοιιιιιιετιμιωτάτοις</span> <span class='ocrx_word' id='word_1_520' title='bbox 966 5351 1135 5424; x_wconf 83' lang='grc' dir='ltr'>αὐτῷ.</span> 
     </span>
    </p>
   </div>
   <div class='ocr_carea' id='block_1_73' title="bbox 158 5422 1671 5495">
    <p class='ocr_par' dir='ltr' id='par_1_73' title="bbox 158 5422 1671 5495">
     <span class='ocr_line' id='line_1_73' title="bbox 158 5422 1671 5495; baseline -0.003 -14"><span class='ocrx_word' id='word_1_521' title='bbox 158 5427 276 5495; x_wconf 79' lang='lat'><strong>(57)</strong></span> <span class='ocrx_word' id='word_1_522' title='bbox 321 5423 575 5495; x_wconf 74' lang='grc' dir='ltr'>Ἐπειδὴ.</span> <span class='ocrx_word' id='word_1_523' title='bbox 605 5422 696 5478; x_wconf 88' lang='lat' dir='ltr'><strong>Sic</strong></span> <span class='ocrx_word' id='word_1_524' title='bbox 722 5422 948 5495; x_wconf 77' lang='lat' dir='ltr'><strong>Med._et</strong></span> <span class='ocrx_word' id='word_1_525' title='bbox 969 5423 1139 5495; x_wconf 77' lang='lat' dir='ltr'><strong>Coisl.</strong></span> <span class='ocrx_word' id='word_1_526' title='bbox 1166 5423 1377 5495; x_wconf 89' lang='lat' dir='ltr'><strong>primus</strong></span> <span class='ocrx_word' id='word_1_527' title='bbox 1408 5438 1531 5478; x_wconf 88' lang='lat' dir='ltr'><strong>cum</strong></span> <span class='ocrx_word' id='word_1_528' title='bbox 1560 5438 1671 5495; x_wconf 88' lang='lat' dir='ltr'><strong>uno</strong></span> 
     </span>
    </p>
   </div>
   <div class='ocr_carea' id='block_1_74' title="bbox 91 5492 1669 5564">
    <p class='ocr_par' dir='ltr' id='par_1_74' title="bbox 91 5492 1669 5564">
     <span class='ocr_line' id='line_1_74' title="bbox 91 5492 1669 5564; baseline 0 -15"><span class='ocrx_word' id='word_1_529' title='bbox 91 5492 398 5564; x_wconf 32' lang='lat' dir='ltr'><strong>ex‘Begiis.</strong></span> <span class='ocrx_word' id='word_1_530' title='bbox 430 5494 574 5550; x_wconf 75' lang='lat' dir='ltr'><strong>Edili</strong></span> <span class='ocrx_word' id='word_1_531' title='bbox 607 5495 751 5548; x_wconf 74' lang='grc' dir='ltr'>ἐπεί.</span> <span class='ocrx_word' id='word_1_532' title='bbox 795 5492 942 5564; x_wconf 80' lang='lat' dir='ltr'><strong>Infra</strong></span> <span class='ocrx_word' id='word_1_533' title='bbox 984 5492 1208 5564; x_wconf 82' lang='lat' dir='ltr'><strong>eosdem</strong></span> <span class='ocrx_word' id='word_1_534' title='bbox 1237 5494 1457 5550; x_wconf 88' lang='lat' dir='ltr'><strong>codices</strong></span> <span class='ocrx_word' id='word_1_535' title='bbox 1492 5494 1669 5549; x_wconf 90' lang='lat' dir='ltr'><strong>secuti</strong></span> 
     </span>
    </p>
   </div>
   <div class='ocr_carea' id='block_1_75' title="bbox 94 5561 1664 5634">
    <p class='ocr_par' dir='ltr' id='par_1_75' title="bbox 94 5561 1664 5634">
     <span class='ocr_line' id='line_1_75' title="bbox 94 5561 1664 5634; baseline -0.001 -13"><span class='ocrx_word' id='word_1_536' title='bbox 94 5561 602 5634; x_wconf 71' lang='lat' dir='ltr'><strong>mutavimusquod</strong></span> <span class='ocrx_word' id='word_1_537' title='bbox 636 5565 829 5634; x_wconf 80' lang='lat' dir='ltr'><strong>eratin</strong></span> <span class='ocrx_word' id='word_1_538' title='bbox 863 5561 1051 5634; x_wconf 78' lang='lat' dir='ltr'><strong>editis,</strong></span> <span class='ocrx_word' id='word_1_539' title='bbox 1080 5564 1169 5634; x_wconf 62' lang='grc' dir='ltr'><strong>άεὶ</strong></span> <span class='ocrx_word' id='word_1_540' title='bbox 1200 5565 1382 5634; x_wconf 86' lang='grc' dir='ltr'>μέντοι</span> <span class='ocrx_word' id='word_1_541' title='bbox 1411 5566 1459 5618; x_wconf 79' lang='grc' dir='ltr'>οἱ</span> <span class='ocrx_word' id='word_1_542' title='bbox 1490 5565 1664 5634; x_wconf 81' lang='grc' dir='ltr'>αὐτοί.</span> 
     </span>
    </p>
   </div>
   <div class='ocr_carea' id='block_1_76' title="bbox 162 5632 1671 5707">
    <p class='ocr_par' dir='ltr' id='par_1_76' title="bbox 162 5632 1671 5707">
     <span class='ocr_line' id='line_1_76' title="bbox 162 5632 1671 5707; baseline -0.003 -14"><span class='ocrx_word' id='word_1_543' title='bbox 162 5636 443 5707; x_wconf 53' lang='grc' dir='ltr'><strong>(ὅὸλξεξπὶ</strong></span> <span class='ocrx_word' id='word_1_544' title='bbox 480 5632 731 5707; x_wconf 48' lang='lat' dir='ltr'><strong>&quot;multm.</strong></span> <span class='ocrx_word' id='word_1_545' title='bbox 763 5632 1051 5707; x_wconf 74' lang='lat' dir='ltr'><strong>Sic_Med..</strong></span> <span class='ocrx_word' id='word_1_546' title='bbox 1080 5632 1212 5687; x_wconf 64' lang='lat' dir='ltr'><strong>Vat.</strong></span> <span class='ocrx_word' id='word_1_547' title='bbox 1233 5644 1288 5689; x_wconf 89' lang='lat' dir='ltr'><strong>et</strong></span> <span class='ocrx_word' id='word_1_548' title='bbox 1308 5651 1538 5707; x_wconf 58' lang='lat' dir='ltr'><strong>unuse;</strong></span> <span class='ocrx_word' id='word_1_549' title='bbox 1565 5633 1671 5689; x_wconf 80' lang='lat' dir='ltr'><strong>Re-</strong></span> 
     </span>
    </p>
   </div>
   <div class='ocr_carea' id='block_1_77' title="bbox 93 5703 1666 5779">
    <p class='ocr_par' dir='ltr' id='par_1_77' title="bbox 93 5703 1666 5779">
     <span class='ocr_line' id='line_1_77' title="bbox 93 5703 1666 5779; baseline -0.002 -20"><span class='ocrx_word' id='word_1_550' title='bbox 93 5703 216 5779; x_wconf 70' lang='lat' dir='ltr'><strong>giis.</strong></span> <span class='ocrx_word' id='word_1_551' title='bbox 256 5703 403 5779; x_wconf 64' lang='lat' dir='ltr'><strong>Ediii</strong></span> <span class='ocrx_word' id='word_1_552' title='bbox 433 5705 525 5758; x_wconf 71' lang='grc' dir='ltr'><strong>ἐπὶ</strong></span> <span class='ocrx_word' id='word_1_553' title='bbox 565 5703 774 5779; x_wconf 65' lang='grc' dir='ltr'><strong>’ξ’ὡμῃ.</strong></span> <span class='ocrx_word' id='word_1_554' title='bbox 826 5704 995 5779; x_wconf 60' lang='grc' dir='ltr'>(ξοξει.</span> <span class='ocrx_word' id='word_1_555' title='bbox 1031 5712 1260 5779; x_wconf 64' lang='lat' dir='ltr'><strong>uterque</strong></span> <span class='ocrx_word' id='word_1_556' title='bbox 1290 5705 1382 5779; x_wconf 61' lang='grc' dir='ltr'><strong>επὶ</strong></span> <span class='ocrx_word' id='word_1_557' title='bbox 1426 5703 1666 5774; x_wconf 83' lang='grc' dir='ltr'>Ῥώμην.</span> 
     </span>
    </p>
   </div>
   <div class='ocr_carea' id='block_1_78' title="bbox 96 5773 1666 5845">
    <p class='ocr_par' dir='ltr' id='par_1_78' title="bbox 96 5773 1666 5845">
     <span class='ocr_line' id='line_1_78' title="bbox 96 5773 1666 5845; baseline -0.001 -15"><span class='ocrx_word' id='word_1_558' title='bbox 96 5777 215 5832; x_wconf 73' lang='lat' dir='ltr'><strong>Mox</strong></span> <span class='ocrx_word' id='word_1_559' title='bbox 254 5776 409 5832; x_wconf 88' lang='lat' dir='ltr'><strong>deest</strong></span> <span class='ocrx_word' id='word_1_560' title='bbox 440 5776 653 5844; x_wconf 73' lang='lat' dir='ltr'><strong>negatio</strong></span> <span class='ocrx_word' id='word_1_561' title='bbox 679 5773 810 5829; x_wconf 74' lang='lat' dir='ltr'><strong>ante</strong></span> <span class='ocrx_word' id='word_1_562' title='bbox 840 5774 1094 5845; x_wconf 81' lang='grc' dir='ltr'>διάφορος</span> <span class='ocrx_word' id='word_1_563' title='bbox 1128 5773 1184 5829; x_wconf 82' lang='lat' dir='ltr'><strong>in</strong></span> <span class='ocrx_word' id='word_1_564' title='bbox 1214 5773 1382 5831; x_wconf 87' lang='lat' dir='ltr'><strong>Coisl.</strong></span> <span class='ocrx_word' id='word_1_565' title='bbox 1409 5773 1666 5843; x_wconf 89' lang='lat' dir='ltr'><strong>utroque,</strong></span> 
     </span>
    </p>
   </div>
   <div class='ocr_carea' id='block_1_79' title="bbox 415 5867 1166 5931">
    <p class='ocr_par' dir='ltr' id='par_1_79' title="bbox 415 5867 1166 5931">
     <span class='ocr_line' id='line_1_79' title="bbox 415 5867 1166 5931; baseline -0.001 -2"><span class='ocrx_word' id='word_1_566' title='bbox 415 5870 687 5930; x_wconf 68' lang='grc' dir='ltr'>Ρλτιοι..</span> <span class='ocrx_word' id='word_1_567' title='bbox 730 5867 848 5931; x_wconf 74' lang='lat' dir='ltr'><strong>Gn.</strong></span> <span class='ocrx_word' id='word_1_568' title='bbox 895 5867 1166 5929; x_wconf 88' lang='lat' dir='ltr'><strong>XXXII.</strong></span> 
     </span>
    </p>
   </div>
   <div class='ocr_carea' id='block_1_80' title="bbox 1789 1900 3373 1973">
    <p class='ocr_par' dir='ltr' id='par_1_80' title="bbox 1789 1900 3373 1973">
     <span class='ocr_line' id='line_1_80' title="bbox 1789 1900 3373 1973; baseline 0.006 -23"><span class='ocrx_word' id='word_1_569' title='bbox 1789 1913 1911 1951; x_wconf 91' lang='lat' dir='ltr'><strong>rum</strong></span> <span class='ocrx_word' id='word_1_570' title='bbox 1945 1900 2324 1969; x_wconf 65' lang='lat' dir='ltr'><strong>paenitentiam</strong></span> <span class='ocrx_word' id='word_1_571' title='bbox 2349 1942 2364 1966; x_wconf 92' lang='lat'><strong>,</strong></span> <span class='ocrx_word' id='word_1_572' title='bbox 2395 1902 2564 1973; x_wconf 77' lang='lat'><strong>388</strong></span> <span class='ocrx_word' id='word_1_573' title='bbox 2609 1911 2662 1957; x_wconf 91' lang='lat' dir='ltr'><strong>et</strong></span> <span class='ocrx_word' id='word_1_574' title='bbox 2696 1904 3215 1958; x_wconf 84' lang='lat' dir='ltr'><strong>anatliematismum</strong></span> <span class='ocrx_word' id='word_1_575' title='bbox 3249 1903 3373 1959; x_wconf 90' lang='lat' dir='ltr'><strong>ﬁdei</strong></span> 
     </span>
    </p>
   </div>
   <div class='ocr_carea' id='block_1_81' title="bbox 1789 1992 3369 2060">
    <p class='ocr_par' dir='ltr' id='par_1_81' title="bbox 1789 1992 3369 2060">
     <span class='ocr_line' id='line_1_81' title="bbox 1789 1992 3369 2060; baseline 0.005 -15"><span class='ocrx_word' id='word_1_576' title='bbox 1789 1992 2409 2060; x_wconf 63' lang='lat' dir='ltr'><strong>Constantinopolitana</strong></span> <span class='ocrx_word' id='word_1_577' title='bbox 2436 2002 2491 2050; x_wconf 89' lang='lat' dir='ltr'><strong>et</strong></span> <span class='ocrx_word' id='word_1_578' title='bbox 2538 1996 2915 2051; x_wconf 79' lang='lat' dir='ltr'><strong>secessionem</strong></span> <span class='ocrx_word' id='word_1_579' title='bbox 2964 1996 3034 2051; x_wconf 83' lang='lat' dir='ltr'><strong>ab</strong></span> <span class='ocrx_word' id='word_1_580' title='bbox 3072 1997 3369 2060; x_wconf 68' lang='lat' dir='ltr'><strong>haereticis,</strong></span> 
     </span>
    </p>
   </div>
   <div class='ocr_carea' id='block_1_82' title="bbox 1790 2080 3372 2155">
    <p class='ocr_par' dir='ltr' id='par_1_82' title="bbox 1790 2080 3372 2155">
     <span class='ocr_line' id='line_1_82' title="bbox 1790 2080 3372 2155; baseline 0.004 -22"><span class='ocrx_word' id='word_1_581' title='bbox 1790 2095 1890 2135; x_wconf 90' lang='lat' dir='ltr'><strong>nec</strong></span> <span class='ocrx_word' id='word_1_582' title='bbox 1928 2080 2209 2151; x_wconf 90' lang='lat' dir='ltr'><strong>decipiant</strong></span> <span class='ocrx_word' id='word_1_583' title='bbox 2239 2084 2631 2154; x_wconf 83' lang='lat' dir='ltr'><strong>simpliciores.</strong></span> <span class='ocrx_word' id='word_1_584' title='bbox 2669 2085 2846 2155; x_wconf 90' lang='lat' dir='ltr'><strong>Atque</strong></span> <span class='ocrx_word' id='word_1_585' title='bbox 2878 2085 3100 2139; x_wconf 89' lang='lat' dir='ltr'><strong>illorum</strong></span> <span class='ocrx_word' id='word_1_586' title='bbox 3150 2086 3372 2155; x_wconf 86' lang='lat' dir='ltr'><strong>quidem</strong></span> 
     </span>
    </p>
   </div>
   <div class='ocr_carea' id='block_1_83' title="bbox 1789 2173 2325 2229">
    <p class='ocr_par' dir='ltr' id='par_1_83' title="bbox 1789 2173 2325 2229">
     <span class='ocr_line' id='line_1_83' title="bbox 1789 2173 2325 2229; baseline 0.007 -4"><span class='ocrx_word' id='word_1_587' title='bbox 1789 2187 1878 2228; x_wconf 89' lang='lat' dir='ltr'><strong>res</strong></span> <span class='ocrx_word' id='word_1_588' title='bbox 1902 2173 1982 2227; x_wconf 91' lang='lat' dir='ltr'><strong>sic</strong></span> <span class='ocrx_word' id='word_1_589' title='bbox 2006 2188 2064 2228; x_wconf 91' lang='lat' dir='ltr'><strong>se</strong></span> <span class='ocrx_word' id='word_1_590' title='bbox 2098 2174 2325 2229; x_wconf 88' lang='lat' dir='ltr'><strong>habent.</strong></span> 
     </span>
    </p>
   </div>
   <div class='ocr_carea' id='block_1_84' title="bbox 1857 2263 3370 2338">
    <p class='ocr_par' dir='ltr' id='par_1_84' title="bbox 1857 2263 3370 2338">
     <span class='ocr_line' id='line_1_84' title="bbox 1857 2263 3370 2338; baseline 0.001 -19"><span class='ocrx_word' id='word_1_591' title='bbox 1857 2264 1913 2319; x_wconf 73' lang='grc'><strong>4.</strong></span> <span class='ocrx_word' id='word_1_592' title='bbox 1960 2263 2072 2320; x_wconf 88' lang='lat' dir='ltr'><strong>Nos</strong></span> <span class='ocrx_word' id='word_1_593' title='bbox 2105 2273 2286 2320; x_wconf 87' lang='lat' dir='ltr'><strong>autem</strong></span> <span class='ocrx_word' id='word_1_594' title='bbox 2314 2309 2329 2334; x_wconf 94' lang='lat'><strong>,</strong></span> <span class='ocrx_word' id='word_1_595' title='bbox 2365 2265 2550 2322; x_wconf 90' lang='lat' dir='ltr'><strong>dilecti</strong></span> <span class='ocrx_word' id='word_1_596' title='bbox 2597 2267 2798 2323; x_wconf 80' lang='lat' dir='ltr'><strong>fratres</strong></span> <span class='ocrx_word' id='word_1_597' title='bbox 2819 2306 2835 2333; x_wconf 95' lang='lat'><strong>,</strong></span> <span class='ocrx_word' id='word_1_598' title='bbox 2871 2268 3025 2336; x_wconf 90' lang='lat' dir='ltr'><strong>parvi</strong></span> <span class='ocrx_word' id='word_1_599' title='bbox 3056 2268 3278 2338; x_wconf 87' lang='lat' dir='ltr'><strong>quidem</strong></span> <span class='ocrx_word' id='word_1_600' title='bbox 3312 2277 3370 2323; x_wconf 88' lang='lat' dir='ltr'><strong>et</strong></span> 
     </span>
    </p>
   </div>
   <div class='ocr_carea' id='block_1_85' title="bbox 1788 2356 3369 2430">
    <p class='ocr_par' dir='ltr' id='par_1_85' title="bbox 1788 2356 3369 2430">
     <span class='ocr_line' id='line_1_85' title="bbox 1788 2356 3369 2430; baseline 0.004 -21"><span class='ocrx_word' id='word_1_601' title='bbox 1788 2356 2023 2412; x_wconf 87' lang='lat' dir='ltr'><strong>humiles</strong></span> <span class='ocrx_word' id='word_1_602' title='bbox 2053 2372 2247 2413; x_wconf 87' lang='lat' dir='ltr'><strong>sumus</strong></span> <span class='ocrx_word' id='word_1_603' title='bbox 2270 2397 2285 2421; x_wconf 91' lang='lat'><strong>,</strong></span> <span class='ocrx_word' id='word_1_604' title='bbox 2319 2374 2535 2428; x_wconf 91' lang='lat' dir='ltr'><strong>semper</strong></span> <span class='ocrx_word' id='word_1_605' title='bbox 2565 2366 2747 2415; x_wconf 81' lang='lat' dir='ltr'><strong>tamen</strong></span> <span class='ocrx_word' id='word_1_606' title='bbox 2802 2360 2967 2414; x_wconf 87' lang='lat' dir='ltr'><strong>iidem</strong></span> <span class='ocrx_word' id='word_1_607' title='bbox 3014 2359 3110 2415; x_wconf 87' lang='lat' dir='ltr'><strong>Dei</strong></span> <span class='ocrx_word' id='word_1_608' title='bbox 3156 2361 3329 2430; x_wconf 83' lang='lat' dir='ltr'><strong>gratia</strong></span> <span class='ocrx_word' id='word_1_609' title='bbox 3350 2402 3369 2427; x_wconf 95' lang='lat'><strong>,</strong></span> 
     </span>
    </p>
   </div>
   <div class='ocr_carea' id='block_1_86' title="bbox 1789 2449 3374 2518">
    <p class='ocr_par' dir='ltr' id='par_1_86' title="bbox 1789 2449 3374 2518">
     <span class='ocr_line' id='line_1_86' title="bbox 1789 2449 3374 2518; baseline 0.003 -17"><span class='ocrx_word' id='word_1_610' title='bbox 1789 2461 1891 2502; x_wconf 90' lang='lat' dir='ltr'><strong>nec</strong></span> <span class='ocrx_word' id='word_1_611' title='bbox 1942 2463 2185 2518; x_wconf 89' lang='lat' dir='ltr'><strong>unquam</strong></span> <span class='ocrx_word' id='word_1_612' title='bbox 2239 2464 2364 2501; x_wconf 89' lang='lat' dir='ltr'><strong>cum</strong></span> <span class='ocrx_word' id='word_1_613' title='bbox 2425 2450 2594 2504; x_wconf 89' lang='lat' dir='ltr'><strong>rebus</strong></span> <span class='ocrx_word' id='word_1_614' title='bbox 2645 2449 2919 2503; x_wconf 87' lang='lat' dir='ltr'><strong>immutati</strong></span> <span class='ocrx_word' id='word_1_615' title='bbox 2963 2466 3175 2505; x_wconf 89' lang='lat' dir='ltr'><strong>sumus.</strong></span> <span class='ocrx_word' id='word_1_616' title='bbox 3210 2450 3374 2506; x_wconf 82' lang='lat' dir='ltr'><strong>Fides</strong></span> 
     </span>
    </p>
   </div>
   <div class='ocr_carea' id='block_1_87' title="bbox 1791 2539 3370 2610">
    <p class='ocr_par' dir='ltr' id='par_1_87' title="bbox 1791 2539 3370 2610">
     <span class='ocr_line' id='line_1_87' title="bbox 1791 2539 3370 2610; baseline 0 -17"><span class='ocrx_word' id='word_1_617' title='bbox 1791 2540 1936 2609; x_wconf 87' lang='lat' dir='ltr'><strong>apud</strong></span> <span class='ocrx_word' id='word_1_618' title='bbox 1963 2556 2063 2595; x_wconf 90' lang='lat' dir='ltr'><strong>nos</strong></span> <span class='ocrx_word' id='word_1_619' title='bbox 2083 2580 2098 2605; x_wconf 92' lang='lat'><strong>,</strong></span> <span class='ocrx_word' id='word_1_620' title='bbox 2134 2554 2246 2594; x_wconf 92' lang='lat' dir='ltr'><strong>non</strong></span> <span class='ocrx_word' id='word_1_621' title='bbox 2285 2540 2390 2594; x_wconf 88' lang='lat' dir='ltr'><strong>alia</strong></span> <span class='ocrx_word' id='word_1_622' title='bbox 2419 2539 2711 2607; x_wconf 64' lang='lat' dir='ltr'><strong>Seleuciae,</strong></span> <span class='ocrx_word' id='word_1_623' title='bbox 2735 2541 2841 2593; x_wconf 87' lang='lat' dir='ltr'><strong>alia</strong></span> <span class='ocrx_word' id='word_1_624' title='bbox 2869 2539 3370 2610; x_wconf 86' lang='lat' dir='ltr'><strong>Constantinopoli,</strong></span> 
     </span>
    </p>
   </div>
   <div class='ocr_carea' id='block_1_88' title="bbox 1789 2630 3374 2702">
    <p class='ocr_par' dir='ltr' id='par_1_88' title="bbox 1789 2630 3374 2702">
     <span class='ocr_line' id='line_1_88' title="bbox 1789 2630 3374 2702; baseline 0 -15"><span class='ocrx_word' id='word_1_625' title='bbox 1789 2633 1896 2687; x_wconf 88' lang='lat' dir='ltr'><strong>alia</strong></span> <span class='ocrx_word' id='word_1_626' title='bbox 1934 2631 2111 2696; x_wconf 88' lang='lat' dir='ltr'><strong>Zelis,</strong></span> <span class='ocrx_word' id='word_1_627' title='bbox 2143 2639 2198 2687; x_wconf 90' lang='lat' dir='ltr'><strong>et</strong></span> <span class='ocrx_word' id='word_1_628' title='bbox 2252 2630 2542 2702; x_wconf 88' lang='lat' dir='ltr'><strong>Lampsaci</strong></span> <span class='ocrx_word' id='word_1_629' title='bbox 2589 2632 2696 2685; x_wconf 84' lang='lat' dir='ltr'><strong>alia</strong></span> <span class='ocrx_word' id='word_1_630' title='bbox 2719 2673 2734 2695; x_wconf 89' lang='lat'><strong>,</strong></span> <span class='ocrx_word' id='word_1_631' title='bbox 2775 2639 2830 2687; x_wconf 91' lang='lat' dir='ltr'><strong>et</strong></span> <span class='ocrx_word' id='word_1_632' title='bbox 2861 2630 3048 2686; x_wconf 69' lang='lat' dir='ltr'><strong>Romae</strong></span> <span class='ocrx_word' id='word_1_633' title='bbox 3077 2633 3183 2686; x_wconf 88' lang='lat' dir='ltr'><strong>alia</strong></span> <span class='ocrx_word' id='word_1_634' title='bbox 3219 2650 3232 2686; x_wconf 92' lang='lat'>:</span> <span class='ocrx_word' id='word_1_635' title='bbox 3271 2644 3374 2687; x_wconf 89' lang='lat' dir='ltr'><strong>nec</strong></span> 
     </span>
    </p>
   </div>
   <div class='ocr_carea' id='block_1_89' title="bbox 1788 2723 3371 2794">
    <p class='ocr_par' dir='ltr' id='par_1_89' title="bbox 1788 2723 3371 2794">
     <span class='ocr_line' id='line_1_89' title="bbox 1788 2723 3371 2794; baseline 0 -16"><span class='ocrx_word' id='word_1_636' title='bbox 1788 2740 1910 2794; x_wconf 59' lang='lat' dir='ltr'><strong>quas</strong></span> <span class='ocrx_word' id='word_1_637' title='bbox 1956 2740 2104 2779; x_wconf 91' lang='lat' dir='ltr'><strong>nunc</strong></span> <span class='ocrx_word' id='word_1_638' title='bbox 2150 2724 2569 2787; x_wconf 82' lang='lat' dir='ltr'><strong>circumfertur,</strong></span> <span class='ocrx_word' id='word_1_639' title='bbox 2600 2739 2631 2777; x_wconf 88' lang='lat' dir='ltr'><strong>a</strong></span> <span class='ocrx_word' id='word_1_640' title='bbox 2665 2723 2945 2793; x_wconf 88' lang='lat' dir='ltr'><strong>prioribus</strong></span> <span class='ocrx_word' id='word_1_641' title='bbox 2975 2723 3227 2787; x_wconf 83' lang='lat' dir='ltr'><strong>diversa,</strong></span> <span class='ocrx_word' id='word_1_642' title='bbox 3272 2723 3371 2778; x_wconf 90' lang='lat' dir='ltr'><strong>sed</strong></span> 
     </span>
    </p>
   </div>
   <div class='ocr_carea' id='block_1_90' title="bbox 1789 2814 3372 2885">
    <p class='ocr_par' dir='ltr' id='par_1_90' title="bbox 1789 2814 3372 2885">
     <span class='ocr_line' id='line_1_90' title="bbox 1789 2814 3372 2885; baseline 0.003 -16"><span class='ocrx_word' id='word_1_643' title='bbox 1789 2831 1900 2870; x_wconf 88' lang='lat' dir='ltr'><strong>una</strong></span> <span class='ocrx_word' id='word_1_644' title='bbox 1930 2824 1983 2871; x_wconf 91' lang='lat' dir='ltr'><strong>et</strong></span> <span class='ocrx_word' id='word_1_645' title='bbox 2020 2816 2210 2871; x_wconf 90' lang='lat' dir='ltr'><strong>eadem</strong></span> <span class='ocrx_word' id='word_1_646' title='bbox 2246 2831 2484 2885; x_wconf 91' lang='lat' dir='ltr'><strong>semper.</strong></span> <span class='ocrx_word' id='word_1_647' title='bbox 2517 2814 2993 2881; x_wconf 83' lang='lat' dir='ltr'><strong>Quemadmodum</strong></span> <span class='ocrx_word' id='word_1_648' title='bbox 3026 2818 3171 2871; x_wconf 88' lang='lat' dir='ltr'><strong>enim</strong></span> <span class='ocrx_word' id='word_1_649' title='bbox 3220 2832 3372 2873; x_wconf 88' lang='lat' dir='ltr'><strong>acce-</strong></span> 
     </span>
    </p>
   </div>
   <div class='ocr_carea' id='block_1_91' title="bbox 1790 2906 3371 2978">
    <p class='ocr_par' dir='ltr' id='par_1_91' title="bbox 1790 2906 3371 2978">
     <span class='ocr_line' id='line_1_91' title="bbox 1790 2906 3371 2978; baseline 0.002 -19"><span class='ocrx_word' id='word_1_650' title='bbox 1790 2907 1972 2976; x_wconf 88' lang='lat' dir='ltr'><strong>pimus</strong></span> <span class='ocrx_word' id='word_1_651' title='bbox 2006 2922 2036 2960; x_wconf 89' lang='lat' dir='ltr'><strong>a</strong></span> <span class='ocrx_word' id='word_1_652' title='bbox 2069 2906 2332 2970; x_wconf 90' lang='lat' dir='ltr'><strong>Domino,</strong></span> <span class='ocrx_word' id='word_1_653' title='bbox 2363 2907 2446 2961; x_wconf 91' lang='lat' dir='ltr'><strong>sic</strong></span> <span class='ocrx_word' id='word_1_654' title='bbox 2485 2906 2866 2978; x_wconf 85' lang='lat' dir='ltr'><strong>baptizamur;</strong></span> <span class='ocrx_word' id='word_1_655' title='bbox 2906 2909 3371 2978; x_wconf 86' lang='lat' dir='ltr'><strong>quemadmodum</strong></span> 
     </span>
    </p>
   </div>
   <div class='ocr_carea' id='block_1_92' title="bbox 1791 3000 3372 3070">
    <p class='ocr_par' dir='ltr' id='par_1_92' title="bbox 1791 3000 3372 3070">
     <span class='ocr_line' id='line_1_92' title="bbox 1791 3000 3372 3070; baseline 0 -16"><span class='ocrx_word' id='word_1_656' title='bbox 1791 3000 2158 3070; x_wconf 86' lang='lat' dir='ltr'><strong>baptizamur,</strong></span> <span class='ocrx_word' id='word_1_657' title='bbox 2191 3000 2275 3056; x_wconf 88' lang='lat' dir='ltr'><strong>sic</strong></span> <span class='ocrx_word' id='word_1_658' title='bbox 2327 3000 2644 3067; x_wconf 89' lang='lat' dir='ltr'><strong>credimus;</strong></span> <span class='ocrx_word' id='word_1_659' title='bbox 2681 3001 3140 3070; x_wconf 89' lang='lat' dir='ltr'><strong>quemadmodum</strong></span> <span class='ocrx_word' id='word_1_660' title='bbox 3192 3001 3372 3056; x_wconf 86' lang='lat' dir='ltr'><strong>credi-</strong></span> 
     </span>
    </p>
   </div>
   <div class='ocr_carea' id='block_1_93' title="bbox 1792 3091 3373 3162">
    <p class='ocr_par' dir='ltr' id='par_1_93' title="bbox 1792 3091 3373 3162">
     <span class='ocr_line' id='line_1_93' title="bbox 1792 3091 3373 3162; baseline 0.003 -20"><span class='ocrx_word' id='word_1_661' title='bbox 1792 3105 1949 3156; x_wconf 92' lang='lat' dir='ltr'><strong>mus,</strong></span> <span class='ocrx_word' id='word_1_662' title='bbox 1986 3092 2067 3145; x_wconf 93' lang='lat' dir='ltr'><strong>sic</strong></span> <span class='ocrx_word' id='word_1_663' title='bbox 2101 3098 2155 3145; x_wconf 83' lang='lat' dir='ltr'><strong>et</strong></span> <span class='ocrx_word' id='word_1_664' title='bbox 2186 3092 2598 3161; x_wconf 85' lang='lat' dir='ltr'><strong>gloriﬁcamus;</strong></span> <span class='ocrx_word' id='word_1_665' title='bbox 2630 3108 2808 3162; x_wconf 85' lang='lat' dir='ltr'><strong>neque</strong></span> <span class='ocrx_word' id='word_1_666' title='bbox 2845 3101 3168 3162; x_wconf 80' lang='lat' dir='ltr'><strong>separantes</strong></span> <span class='ocrx_word' id='word_1_667' title='bbox 3204 3109 3235 3147; x_wconf 87' lang='lat' dir='ltr'><strong>a</strong></span> <span class='ocrx_word' id='word_1_668' title='bbox 3264 3091 3373 3147; x_wconf 84' lang='lat' dir='ltr'><strong>Pa-</strong></span> 
     </span>
    </p>
   </div>
   <div class='ocr_carea' id='block_1_94' title="bbox 1714 3169 3369 3253">
    <p class='ocr_par' dir='ltr' id='par_1_94' title="bbox 1714 3169 3369 3253">
     <span class='ocr_line' id='line_1_94' title="bbox 1714 3169 3369 3253; baseline 0.002 -18"><span class='ocrx_word' id='word_1_669' title='bbox 1714 3169 1754 3225; x_wconf 81' lang='lat' dir='ltr'>C</span> <span class='ocrx_word' id='word_1_670' title='bbox 1789 3189 1872 3237; x_wconf 88' lang='lat' dir='ltr'><strong>tre</strong></span> <span class='ocrx_word' id='word_1_671' title='bbox 1904 3191 1957 3237; x_wconf 86' lang='lat' dir='ltr'><strong>et</strong></span> <span class='ocrx_word' id='word_1_672' title='bbox 1993 3180 2134 3237; x_wconf 89' lang='lat' dir='ltr'><strong>Filio</strong></span> <span class='ocrx_word' id='word_1_673' title='bbox 2172 3180 2436 3251; x_wconf 88' lang='lat' dir='ltr'><strong>Spiritum</strong></span> <span class='ocrx_word' id='word_1_674' title='bbox 2471 3192 2722 3238; x_wconf 84' lang='lat' dir='ltr'><strong>sanctum</strong></span> <span class='ocrx_word' id='word_1_675' title='bbox 2746 3224 2761 3246; x_wconf 93' lang='lat'><strong>,</strong></span> <span class='ocrx_word' id='word_1_676' title='bbox 2804 3198 2982 3252; x_wconf 87' lang='lat' dir='ltr'><strong>neque</strong></span> <span class='ocrx_word' id='word_1_677' title='bbox 3018 3183 3369 3253; x_wconf 65' lang='lat' dir='ltr'><strong>prwferentes</strong></span> 
     </span>
    </p>
   </div>
   <div class='ocr_carea' id='block_1_95' title="bbox 1790 3271 3370 3344">
    <p class='ocr_par' dir='ltr' id='par_1_95' title="bbox 1790 3271 3370 3344">
     <span class='ocr_line' id='line_1_95' title="bbox 1790 3271 3370 3344; baseline 0.001 -18"><span class='ocrx_word' id='word_1_678' title='bbox 1790 3272 1970 3337; x_wconf 84' lang='lat' dir='ltr'><strong>Patri,</strong></span> <span class='ocrx_word' id='word_1_679' title='bbox 2008 3280 2103 3326; x_wconf 88' lang='lat' dir='ltr'><strong>aut</strong></span> <span class='ocrx_word' id='word_1_680' title='bbox 2134 3275 2503 3344; x_wconf 83' lang='lat' dir='ltr'><strong>antiquiorem</strong></span> <span class='ocrx_word' id='word_1_681' title='bbox 2547 3272 2685 3327; x_wconf 78' lang='lat' dir='ltr'><strong>Filio</strong></span> <span class='ocrx_word' id='word_1_682' title='bbox 2716 3271 2979 3342; x_wconf 83' lang='lat' dir='ltr'><strong>Spiritum</strong></span> <span class='ocrx_word' id='word_1_683' title='bbox 3015 3275 3283 3338; x_wconf 80' lang='lat' dir='ltr'><strong>dicentes,</strong></span> <span class='ocrx_word' id='word_1_684' title='bbox 3309 3281 3370 3328; x_wconf 87' lang='lat' dir='ltr'><strong>ut</strong></span> 
     </span>
    </p>
   </div>
   <div class='ocr_carea' id='block_1_96' title="bbox 1788 3363 3371 3435">
    <p class='ocr_par' dir='ltr' id='par_1_96' title="bbox 1788 3363 3371 3435">
     <span class='ocr_line' id='line_1_96' title="bbox 1788 3363 3371 3435; baseline 0 -16"><span class='ocrx_word' id='word_1_685' title='bbox 1788 3363 2801 3435; x_wconf 66' lang='lat' dir='ltr'><strong>maledicentiumlinguaaconﬁngunt.</strong></span> <span class='ocrx_word' id='word_1_686' title='bbox 2817 3363 2952 3430; x_wconf 86' lang='lat' dir='ltr'><strong>Quis</strong></span> <span class='ocrx_word' id='word_1_687' title='bbox 2970 3364 3114 3419; x_wconf 90' lang='lat' dir='ltr'><strong>enim</strong></span> <span class='ocrx_word' id='word_1_688' title='bbox 3135 3365 3269 3419; x_wconf 89' lang='lat' dir='ltr'><strong>adeo</strong></span> <span class='ocrx_word' id='word_1_689' title='bbox 3297 3372 3371 3419; x_wconf 89' lang='lat' dir='ltr'><strong>te-</strong></span> 
     </span>
    </p>
   </div>
   <div class='ocr_carea' id='block_1_97' title="bbox 1787 3456 3371 3527">
    <p class='ocr_par' dir='ltr' id='par_1_97' title="bbox 1787 3456 3371 3527">
     <span class='ocr_line' id='line_1_97' title="bbox 1787 3456 3371 3527; baseline -0.003 -14"><span class='ocrx_word' id='word_1_690' title='bbox 1787 3459 2055 3513; x_wconf 86' lang='lat' dir='ltr'><strong>merarius</strong></span> <span class='ocrx_word' id='word_1_691' title='bbox 2070 3457 2407 3512; x_wconf 87' lang='lat' dir='ltr'><strong>Dominicam</strong></span> <span class='ocrx_word' id='word_1_692' title='bbox 2426 3459 2729 3527; x_wconf 70' lang='lat' dir='ltr'><strong>reprobatis</strong></span> <span class='ocrx_word' id='word_1_693' title='bbox 2752 3457 3174 3519; x_wconf 87' lang='lat' dir='ltr'><strong>institutionem,</strong></span> <span class='ocrx_word' id='word_1_694' title='bbox 3198 3456 3371 3509; x_wconf 90' lang='lat' dir='ltr'><strong>nomi-</strong></span> 
     </span>
    </p>
   </div>
   <div class='ocr_carea' id='block_1_98' title="bbox 1787 3547 3369 3621">
    <p class='ocr_par' dir='ltr' id='par_1_98' title="bbox 1787 3547 3369 3621">
     <span class='ocr_line' id='line_1_98' title="bbox 1787 3547 3369 3621; baseline -0.003 -16"><span class='ocrx_word' id='word_1_695' title='bbox 1787 3551 1950 3606; x_wconf 90' lang='lat' dir='ltr'><strong>nibus</strong></span> <span class='ocrx_word' id='word_1_696' title='bbox 1968 3550 2247 3621; x_wconf 90' lang='lat' dir='ltr'><strong>proprium</strong></span> <span class='ocrx_word' id='word_1_697' title='bbox 2264 3549 2461 3604; x_wconf 88' lang='lat' dir='ltr'><strong>audeat</strong></span> <span class='ocrx_word' id='word_1_698' title='bbox 2480 3549 2732 3604; x_wconf 88' lang='lat' dir='ltr'><strong>ordinem</strong></span> <span class='ocrx_word' id='word_1_699' title='bbox 2762 3549 3112 3619; x_wconf 78' lang='lat' dir='ltr'><strong>excogitare?</strong></span> <span class='ocrx_word' id='word_1_700' title='bbox 3136 3547 3244 3601; x_wconf 86' lang='lat' dir='ltr'><strong>Sed</strong></span> <span class='ocrx_word' id='word_1_701' title='bbox 3267 3562 3369 3601; x_wconf 91' lang='lat' dir='ltr'><strong>nec</strong></span> 
     </span>
    </p>
   </div>
   <div class='ocr_carea' id='block_1_99' title="bbox 1785 3637 3370 3711">
    <p class='ocr_par' dir='ltr' id='par_1_99' title="bbox 1785 3637 3370 3711">
     <span class='ocr_line' id='line_1_99' title="bbox 1785 3637 3370 3711; baseline -0.004 -13"><span class='ocrx_word' id='word_1_702' title='bbox 1785 3653 2030 3698; x_wconf 86' lang='lat' dir='ltr'><strong>creatum</strong></span> <span class='ocrx_word' id='word_1_703' title='bbox 2067 3642 2306 3696; x_wconf 85' lang='lat' dir='ltr'><strong>dicimus</strong></span> <span class='ocrx_word' id='word_1_704' title='bbox 2335 3639 2601 3711; x_wconf 89' lang='lat' dir='ltr'><strong>Spiritum</strong></span> <span class='ocrx_word' id='word_1_705' title='bbox 2629 3680 2645 3706; x_wconf 89' lang='lat'><strong>,</strong></span> <span class='ocrx_word' id='word_1_706' title='bbox 2678 3641 2770 3710; x_wconf 90' lang='lat' dir='ltr'><strong>qui</strong></span> <span class='ocrx_word' id='word_1_707' title='bbox 2801 3655 2925 3695; x_wconf 92' lang='lat' dir='ltr'><strong>cum</strong></span> <span class='ocrx_word' id='word_1_708' title='bbox 2965 3639 3125 3694; x_wconf 85' lang='lat' dir='ltr'><strong>Patre</strong></span> <span class='ocrx_word' id='word_1_709' title='bbox 3154 3648 3208 3694; x_wconf 88' lang='lat' dir='ltr'><strong>et</strong></span> <span class='ocrx_word' id='word_1_710' title='bbox 3230 3637 3370 3692; x_wconf 87' lang='lat' dir='ltr'><strong>Filio</strong></span> 
     </span>
    </p>
   </div>
   <div class='ocr_carea' id='block_1_100' title="bbox 1785 3731 3365 3805">
    <p class='ocr_par' dir='ltr' id='par_1_100' title="bbox 1785 3731 3365 3805">
     <span class='ocr_line' id='line_1_100' title="bbox 1785 3731 3365 3805; baseline -0.006 -15"><span class='ocrx_word' id='word_1_711' title='bbox 1785 3736 2117 3805; x_wconf 86' lang='lat' dir='ltr'><strong>conjunctus</strong></span> <span class='ocrx_word' id='word_1_712' title='bbox 2143 3742 2227 3789; x_wconf 90' lang='lat' dir='ltr'><strong>est</strong></span> <span class='ocrx_word' id='word_1_713' title='bbox 2251 3772 2266 3799; x_wconf 90' lang='lat'><strong>,</strong></span> <span class='ocrx_word' id='word_1_714' title='bbox 2289 3747 2393 3788; x_wconf 90' lang='lat' dir='ltr'><strong>nec</strong></span> <span class='ocrx_word' id='word_1_715' title='bbox 2423 3733 2675 3788; x_wconf 89' lang='lat' dir='ltr'><strong>servilem</strong></span> <span class='ocrx_word' id='word_1_716' title='bbox 2705 3733 2971 3788; x_wconf 84' lang='lat' dir='ltr'><strong>audemus</strong></span> <span class='ocrx_word' id='word_1_717' title='bbox 2993 3731 3179 3786; x_wconf 83' lang='lat' dir='ltr'><strong>dicere</strong></span> <span class='ocrx_word' id='word_1_718' title='bbox 3206 3746 3330 3786; x_wconf 88' lang='lat' dir='ltr'><strong>eum</strong></span> <span class='ocrx_word' id='word_1_719' title='bbox 3349 3769 3365 3792; x_wconf 90' lang='lat'><strong>,</strong></span> 
     </span>
    </p>
   </div>
   <div class='ocr_carea' id='block_1_101' title="bbox 1785 3825 3370 3898">
    <p class='ocr_par' dir='ltr' id='par_1_101' title="bbox 1785 3825 3370 3898">
     <span class='ocr_line' id='line_1_101' title="bbox 1785 3825 3370 3898; baseline -0.004 -17"><span class='ocrx_word' id='word_1_720' title='bbox 1785 3828 1877 3898; x_wconf 91' lang='lat' dir='ltr'><strong>qui</strong></span> <span class='ocrx_word' id='word_1_721' title='bbox 1912 3826 2237 3897; x_wconf 90' lang='lat' dir='ltr'><strong>principalis</strong></span> <span class='ocrx_word' id='word_1_722' title='bbox 2275 3833 2359 3880; x_wconf 89' lang='lat' dir='ltr'><strong>est</strong></span> <span class='ocrx_word' id='word_1_723' title='bbox 2385 3826 2453 3879; x_wconf 75' lang='grc'><strong>⁸⁷.</strong></span> <span class='ocrx_word' id='word_1_724' title='bbox 2483 3825 2562 3880; x_wconf 80' lang='lat' dir='ltr'><strong>Ac</strong></span> <span class='ocrx_word' id='word_1_725' title='bbox 2610 3840 2708 3879; x_wconf 91' lang='lat' dir='ltr'><strong>vos</strong></span> <span class='ocrx_word' id='word_1_726' title='bbox 2752 3826 3115 3881; x_wconf 86' lang='lat' dir='ltr'><strong>adhortamur</strong></span> <span class='ocrx_word' id='word_1_727' title='bbox 3140 3832 3197 3877; x_wconf 73' lang='lat' dir='ltr'><strong>ut</strong></span> <span class='ocrx_word' id='word_1_728' title='bbox 3240 3837 3370 3876; x_wconf 81' lang='lat' dir='ltr'><strong>me—</strong></span> 
     </span>
    </p>
   </div>
   <div class='ocr_carea' id='block_1_102' title="bbox 1786 3908 3367 3984">
    <p class='ocr_par' dir='ltr' id='par_1_102' title="bbox 1786 3908 3367 3984">
     <span class='ocr_line' id='line_1_102' title="bbox 1786 3908 3367 3984; baseline -0.004 -13"><span class='ocrx_word' id='word_1_729' title='bbox 1786 3932 1966 3972; x_wconf 81' lang='lat' dir='ltr'><strong>mores</strong></span> <span class='ocrx_word' id='word_1_730' title='bbox 1996 3917 2273 3970; x_wconf 88' lang='lat' dir='ltr'><strong>minarum</strong></span> <span class='ocrx_word' id='word_1_731' title='bbox 2306 3914 2559 3979; x_wconf 89' lang='lat' dir='ltr'><strong>Domini,</strong></span> <span class='ocrx_word' id='word_1_732' title='bbox 2592 3915 2685 3984; x_wconf 90' lang='lat' dir='ltr'><strong>qui</strong></span> <span class='ocrx_word' id='word_1_733' title='bbox 2737 3914 2878 3969; x_wconf 84' lang='lat' dir='ltr'><strong>dixit</strong></span> <span class='ocrx_word' id='word_1_734' title='bbox 2916 3934 2927 3968; x_wconf 91' lang='lat'><strong>:</strong></span> <span class='ocrx_word' id='word_1_735' title='bbox 2985 3908 3150 3968; x_wconf 25' lang='lat' dir='ltr'><strong>O‘nme</strong></span> <span class='ocrx_word' id='word_1_736' title='bbox 3177 3927 3367 3979; x_wconf 84' lang='lat' dir='ltr'><strong>pecca-</strong></span> 
     </span>
    </p>
   </div>
   <div class='ocr_carea' id='block_1_103' title="bbox 1786 4004 3371 4077">
    <p class='ocr_par' dir='ltr' id='par_1_103' title="bbox 1786 4004 3371 4077">
     <span class='ocr_line' id='line_1_103' title="bbox 1786 4004 3371 4077; baseline -0.002 -15"><span class='ocrx_word' id='word_1_737' title='bbox 1786 4018 1895 4062; x_wconf 87' lang='lat' dir='ltr'><strong>tum</strong></span> <span class='ocrx_word' id='word_1_738' title='bbox 1922 4018 1973 4063; x_wconf 88' lang='lat' dir='ltr'><strong>et</strong></span> <span class='ocrx_word' id='word_1_739' title='bbox 1993 4008 2325 4077; x_wconf 77' lang='lat' dir='ltr'><strong>blasphemia</strong></span> <span class='ocrx_word' id='word_1_740' title='bbox 2355 4009 2652 4063; x_wconf 77' lang='lat' dir='ltr'><strong>remittetur</strong></span> <span class='ocrx_word' id='word_1_741' title='bbox 2671 4006 2970 4061; x_wconf 81' lang='lat' dir='ltr'><strong>hominibus</strong></span> <span class='ocrx_word' id='word_1_742' title='bbox 2994 4023 3013 4060; x_wconf 91' lang='lat'><strong><em>:</em></strong></span> <span class='ocrx_word' id='word_1_743' title='bbox 3043 4004 3371 4073; x_wconf 80' lang='lat' dir='ltr'><strong>blasphemia</strong></span> 
     </span>
    </p>
   </div>
   <div class='ocr_carea' id='block_1_104' title="bbox 1784 4098 3369 4170">
    <p class='ocr_par' dir='ltr' id='par_1_104' title="bbox 1784 4098 3369 4170">
     <span class='ocr_line' id='line_1_104' title="bbox 1784 4098 3369 4170; baseline -0.003 -15"><span class='ocrx_word' id='word_1_744' title='bbox 1784 4109 1959 4156; x_wconf 85' lang='lat' dir='ltr'><strong>autem</strong></span> <span class='ocrx_word' id='word_1_745' title='bbox 1991 4102 2049 4154; x_wconf 80' lang='lat' dir='ltr'><strong>in</strong></span> <span class='ocrx_word' id='word_1_746' title='bbox 2072 4098 2334 4170; x_wconf 77' lang='lat' dir='ltr'><strong>Spiritum</strong></span> <span class='ocrx_word' id='word_1_747' title='bbox 2354 4106 2597 4154; x_wconf 81' lang='lat' dir='ltr'><strong>sanctum</strong></span> <span class='ocrx_word' id='word_1_748' title='bbox 2632 4115 2738 4152; x_wconf 85' lang='lat' dir='ltr'><strong>non</strong></span> <span class='ocrx_word' id='word_1_749' title='bbox 2764 4099 3083 4162; x_wconf 80' lang='lat' dir='ltr'><strong>remittetur,</strong></span> <span class='ocrx_word' id='word_1_750' title='bbox 3111 4114 3274 4168; x_wconf 82' lang='lat' dir='ltr'><strong>neque</strong></span> <span class='ocrx_word' id='word_1_751' title='bbox 3311 4099 3369 4151; x_wconf 79' lang='lat' dir='ltr'><strong>in</strong></span> 
     </span>
    </p>
   </div>
   <div class='ocr_carea' id='block_1_105' title="bbox 1783 4191 3369 4261">
    <p class='ocr_par' dir='ltr' id='par_1_105' title="bbox 1783 4191 3369 4261">
     <span class='ocr_line' id='line_1_105' title="bbox 1783 4191 3369 4261; baseline 0.001 -17"><span class='ocrx_word' id='word_1_752' title='bbox 1783 4192 1879 4247; x_wconf 86' lang='lat' dir='ltr'><strong>hoc</strong></span> <span class='ocrx_word' id='word_1_753' title='bbox 1902 4197 2125 4256; x_wconf 70' lang='lat' dir='ltr'><strong>scecuto,</strong></span> <span class='ocrx_word' id='word_1_754' title='bbox 2159 4207 2321 4261; x_wconf 86' lang='lat' dir='ltr'><strong>neque</strong></span> <span class='ocrx_word' id='word_1_755' title='bbox 2352 4192 2406 4246; x_wconf 81' lang='lat' dir='ltr'><strong>in</strong></span> <span class='ocrx_word' id='word_1_756' title='bbox 2443 4192 2624 4261; x_wconf 82' lang='lat' dir='ltr'><strong>futuro</strong></span> <span class='ocrx_word' id='word_1_757' title='bbox 2649 4191 2717 4253; x_wconf 68' lang='lat'><strong>9&quot;,</strong></span> <span class='ocrx_word' id='word_1_758' title='bbox 2754 4192 2995 4245; x_wconf 84' lang='lat' dir='ltr'><strong>caveatis</strong></span> <span class='ocrx_word' id='word_1_759' title='bbox 3030 4204 3058 4243; x_wconf 73' lang='grc' dir='ltr'><strong>ιι</strong></span> <span class='ocrx_word' id='word_1_760' title='bbox 3092 4191 3369 4260; x_wconf 85' lang='lat' dir='ltr'><strong>pernicio-</strong></span> 
     </span>
    </p>
   </div>
   <div class='ocr_carea' id='block_1_106' title="bbox 1784 4281 3369 4353">
    <p class='ocr_par' dir='ltr' id='par_1_106' title="bbox 1784 4281 3369 4353">
     <span class='ocr_line' id='line_1_106' title="bbox 1784 4281 3369 4353; baseline -0.003 -13"><span class='ocrx_word' id='word_1_761' title='bbox 1784 4284 1861 4340; x_wconf 86' lang='lat' dir='ltr'><strong>sis</strong></span> <span class='ocrx_word' id='word_1_762' title='bbox 1902 4291 2095 4338; x_wconf 89' lang='lat' dir='ltr'><strong>contra</strong></span> <span class='ocrx_word' id='word_1_763' title='bbox 2139 4281 2408 4353; x_wconf 91' lang='lat' dir='ltr'><strong>Spiritum</strong></span> <span class='ocrx_word' id='word_1_764' title='bbox 2438 4282 2726 4338; x_wconf 87' lang='lat' dir='ltr'><strong>doctrinis.</strong></span> <span class='ocrx_word' id='word_1_765' title='bbox 2756 4281 2907 4337; x_wconf 89' lang='lat' dir='ltr'><strong>State</strong></span> <span class='ocrx_word' id='word_1_766' title='bbox 2940 4282 2995 4335; x_wconf 92' lang='lat' dir='ltr'><strong>in</strong></span> <span class='ocrx_word' id='word_1_767' title='bbox 3028 4281 3133 4337; x_wconf 89' lang='lat' dir='ltr'><strong>ﬁde</strong></span> <span class='ocrx_word' id='word_1_768' title='bbox 3163 4281 3231 4346; x_wconf 81' lang='lat'><strong>”,</strong></span> <span class='ocrx_word' id='word_1_769' title='bbox 3258 4282 3369 4336; x_wconf 89' lang='lat' dir='ltr'><strong>cir-</strong></span> 
     </span>
    </p>
   </div>
   <div class='ocr_carea' id='block_1_107' title="bbox 1783 4375 3369 4446">
    <p class='ocr_par' dir='ltr' id='par_1_107' title="bbox 1783 4375 3369 4446">
     <span class='ocr_line' id='line_1_107' title="bbox 1783 4375 3369 4446; baseline -0.001 -15"><span class='ocrx_word' id='word_1_770' title='bbox 1783 4376 2109 4446; x_wconf 88' lang='lat' dir='ltr'><strong>cumspicite</strong></span> <span class='ocrx_word' id='word_1_771' title='bbox 2134 4375 2323 4431; x_wconf 89' lang='lat' dir='ltr'><strong>orbem</strong></span> <span class='ocrx_word' id='word_1_772' title='bbox 2352 4381 2649 4440; x_wconf 88' lang='lat' dir='ltr'><strong>terrarum,</strong></span> <span class='ocrx_word' id='word_1_773' title='bbox 2675 4384 2728 4429; x_wconf 91' lang='lat' dir='ltr'><strong>et</strong></span> <span class='ocrx_word' id='word_1_774' title='bbox 2750 4375 2931 4429; x_wconf 89' lang='lat' dir='ltr'><strong>videte</strong></span> <span class='ocrx_word' id='word_1_775' title='bbox 2957 4375 3210 4445; x_wconf 83' lang='lat' dir='ltr'><strong>exiguam</strong></span> <span class='ocrx_word' id='word_1_776' title='bbox 3242 4390 3369 4430; x_wconf 84' lang='lat' dir='ltr'><strong>esse</strong></span> 
     </span>
    </p>
   </div>
   <div class='ocr_carea' id='block_1_108' title="bbox 1784 4467 3368 4538">
    <p class='ocr_par' dir='ltr' id='par_1_108' title="bbox 1784 4467 3368 4538">
     <span class='ocr_line' id='line_1_108' title="bbox 1784 4467 3368 4538; baseline -0.001 -18"><span class='ocrx_word' id='word_1_777' title='bbox 1784 4467 1926 4521; x_wconf 90' lang='lat' dir='ltr'><strong>hanc</strong></span> <span class='ocrx_word' id='word_1_778' title='bbox 1951 4475 2195 4537; x_wconf 89' lang='lat' dir='ltr'><strong>partem,</strong></span> <span class='ocrx_word' id='word_1_779' title='bbox 2228 4482 2351 4538; x_wconf 57' lang='lat' dir='ltr'><strong>quin</strong></span> <span class='ocrx_word' id='word_1_780' title='bbox 2383 4468 2580 4521; x_wconf 89' lang='lat' dir='ltr'><strong>morbo</strong></span> <span class='ocrx_word' id='word_1_781' title='bbox 2606 4468 2852 4534; x_wconf 88' lang='lat' dir='ltr'><strong>laborat;</strong></span> <span class='ocrx_word' id='word_1_782' title='bbox 2882 4467 3147 4535; x_wconf 87' lang='lat' dir='ltr'><strong>reliquam</strong></span> <span class='ocrx_word' id='word_1_783' title='bbox 3181 4477 3368 4521; x_wconf 83' lang='lat' dir='ltr'><strong>autem</strong></span> 
     </span>
    </p>
   </div>
   <div class='ocr_carea' id='block_1_109' title="bbox 1782 4555 3365 4628">
    <p class='ocr_par' dir='ltr' id='par_1_109' title="bbox 1782 4555 3365 4628">
     <span class='ocr_line' id='line_1_109' title="bbox 1782 4555 3365 4628; baseline 0.002 -20"><span class='ocrx_word' id='word_1_784' title='bbox 1782 4555 2128 4624; x_wconf 86' lang='lat' dir='ltr'><strong>Ecclesiam,</strong></span> <span class='ocrx_word' id='word_1_785' title='bbox 2182 4572 2306 4628; x_wconf 71' lang='lat' dir='ltr'><strong>quae</strong></span> <span class='ocrx_word' id='word_1_786' title='bbox 2355 4571 2387 4609; x_wconf 72' lang='grc' dir='ltr'><strong>ιι</strong></span> <span class='ocrx_word' id='word_1_787' title='bbox 2440 4556 2691 4611; x_wconf 87' lang='lat' dir='ltr'><strong>terminis</strong></span> <span class='ocrx_word' id='word_1_788' title='bbox 2746 4572 2923 4626; x_wconf 89' lang='lat' dir='ltr'><strong>usque</strong></span> <span class='ocrx_word' id='word_1_789' title='bbox 2976 4557 3043 4610; x_wconf 88' lang='lat' dir='ltr'><strong>ad</strong></span> <span class='ocrx_word' id='word_1_790' title='bbox 3099 4556 3365 4611; x_wconf 85' lang='lat' dir='ltr'><strong>terminos</strong></span> 
     </span>
    </p>
   </div>
   <div class='ocr_carea' id='block_1_110' title="bbox 1781 4647 3366 4720">
    <p class='ocr_par' dir='ltr' id='par_1_110' title="bbox 1781 4647 3366 4720">
     <span class='ocr_line' id='line_1_110' title="bbox 1781 4647 3366 4720; baseline 0.001 -20"><span class='ocrx_word' id='word_1_791' title='bbox 1781 4647 2138 4720; x_wconf 82' lang='lat' dir='ltr'><strong>Evangelium</strong></span> <span class='ocrx_word' id='word_1_792' title='bbox 2183 4649 2447 4719; x_wconf 85' lang='lat' dir='ltr'><strong>suscepit,</strong></span> <span class='ocrx_word' id='word_1_793' title='bbox 2472 4650 2528 4703; x_wconf 93' lang='lat' dir='ltr'><strong>in</strong></span> <span class='ocrx_word' id='word_1_794' title='bbox 2548 4663 2682 4704; x_wconf 88' lang='lat' dir='ltr'><strong>sana</strong></span> <span class='ocrx_word' id='word_1_795' title='bbox 2712 4649 2815 4702; x_wconf 88' lang='lat' dir='ltr'><strong>hac</strong></span> <span class='ocrx_word' id='word_1_796' title='bbox 2847 4649 3058 4703; x_wconf 88' lang='lat' dir='ltr'><strong>versari</strong></span> <span class='ocrx_word' id='word_1_797' title='bbox 3090 4657 3145 4703; x_wconf 92' lang='lat' dir='ltr'><strong>et</strong></span> <span class='ocrx_word' id='word_1_798' title='bbox 3178 4648 3366 4702; x_wconf 87' lang='lat' dir='ltr'><strong>ineor-</strong></span> 
     </span>
    </p>
   </div>
   <div class='ocr_carea' id='block_1_111' title="bbox 1781 4739 3367 4810">
    <p class='ocr_par' dir='ltr' id='par_1_111' title="bbox 1781 4739 3367 4810">
     <span class='ocr_line' id='line_1_111' title="bbox 1781 4739 3367 4810; baseline 0.001 -18"><span class='ocrx_word' id='word_1_799' title='bbox 1781 4750 1940 4810; x_wconf 87' lang='lat' dir='ltr'><strong>rupta</strong></span> <span class='ocrx_word' id='word_1_800' title='bbox 1968 4741 2244 4797; x_wconf 89' lang='lat' dir='ltr'><strong>doctrina.</strong></span> <span class='ocrx_word' id='word_1_801' title='bbox 2278 4739 2522 4806; x_wconf 92' lang='lat' dir='ltr'><strong>Quorum</strong></span> <span class='ocrx_word' id='word_1_802' title='bbox 2560 4748 2613 4796; x_wconf 91' lang='lat' dir='ltr'><strong>et</strong></span> <span class='ocrx_word' id='word_1_803' title='bbox 2637 4754 2738 4795; x_wconf 88' lang='lat' dir='ltr'><strong>nos</strong></span> <span class='ocrx_word' id='word_1_804' title='bbox 2770 4755 3083 4809; x_wconf 88' lang='lat' dir='ltr'><strong>precamur,</strong></span> <span class='ocrx_word' id='word_1_805' title='bbox 3116 4754 3185 4794; x_wconf 90' lang='lat' dir='ltr'><strong>ne</strong></span> <span class='ocrx_word' id='word_1_806' title='bbox 3216 4741 3367 4794; x_wconf 86' lang='lat' dir='ltr'><strong>exci-</strong></span> 
     </span>
    </p>
   </div>
   <div class='ocr_carea' id='block_1_112' title="bbox 1784 4830 3368 4902">
    <p class='ocr_par' dir='ltr' id='par_1_112' title="bbox 1784 4830 3368 4902">
     <span class='ocr_line' id='line_1_112' title="bbox 1784 4830 3368 4902; baseline 0 -17"><span class='ocrx_word' id='word_1_807' title='bbox 1784 4831 1980 4887; x_wconf 88' lang='lat' dir='ltr'><strong>damus</strong></span> <span class='ocrx_word' id='word_1_808' title='bbox 2021 4833 2443 4898; x_wconf 91' lang='lat' dir='ltr'><strong>communione,</strong></span> <span class='ocrx_word' id='word_1_809' title='bbox 2476 4843 2799 4902; x_wconf 85' lang='lat' dir='ltr'><strong>partemque</strong></span> <span class='ocrx_word' id='word_1_810' title='bbox 2833 4830 3114 4885; x_wconf 84' lang='lat' dir='ltr'><strong>vobiscum</strong></span> <span class='ocrx_word' id='word_1_811' title='bbox 3164 4831 3368 4885; x_wconf 78' lang='lat' dir='ltr'><strong>habea-</strong></span> 
     </span>
    </p>
   </div>
   <div class='ocr_carea' id='block_1_113' title="bbox 1546 4985 2116 5054">
    <p class='ocr_par' dir='ltr' id='par_1_113' title="bbox 1546 4985 2116 5054">
     <span class='ocr_line' id='line_1_113' title="bbox 1546 4985 2116 5054; baseline 0.004 -15"><span class='ocrx_word' id='word_1_812' title='bbox 1546 4988 1591 5018; x_wconf 71' lang='grc'><strong>’³</strong></span> <span class='ocrx_word' id='word_1_813' title='bbox 1631 4985 1651 5039; x_wconf 82' lang='grc'><strong>1</strong></span> <span class='ocrx_word' id='word_1_814' title='bbox 1689 4985 1817 5043; x_wconf 86' lang='lat' dir='ltr'><strong>Cor.</strong></span> <span class='ocrx_word' id='word_1_815' title='bbox 1860 5004 1986 5054; x_wconf 79' lang='lat' dir='ltr'><strong>xvr,</strong></span> <span class='ocrx_word' id='word_1_816' title='bbox 2031 4987 2116 5041; x_wconf 76' lang='grc'><strong>15.</strong></span> 
     </span>
    </p>
   </div>
   <div class='ocr_carea' id='block_1_114' title="bbox 1784 5142 2483 5200">
    <p class='ocr_par' dir='ltr' id='par_1_114' title="bbox 1784 5142 2483 5200">
     <span class='ocr_line' id='line_1_114' title="bbox 1784 5142 2483 5200; baseline 0 -2"><span class='ocrx_word' id='word_1_817' title='bbox 1784 5143 1908 5199; x_wconf 81' lang='lat' dir='ltr'><strong>Vat.</strong></span> <span class='ocrx_word' id='word_1_818' title='bbox 1942 5154 1994 5198; x_wconf 90' lang='lat' dir='ltr'><strong>et</strong></span> <span class='ocrx_word' id='word_1_819' title='bbox 2026 5145 2242 5199; x_wconf 82' lang='lat' dir='ltr'><strong>duobus</strong></span> <span class='ocrx_word' id='word_1_820' title='bbox 2271 5142 2483 5200; x_wconf 63' lang='lat' dir='ltr'><strong>Regiis.</strong></span> 
     </span>
    </p>
   </div>
   <div class='ocr_carea' id='block_1_115' title="bbox 1854 5213 3361 5287">
    <p class='ocr_par' dir='ltr' id='par_1_115' title="bbox 1854 5213 3361 5287">
     <span class='ocr_line' id='line_1_115' title="bbox 1854 5213 3361 5287; baseline -0.001 -16"><span class='ocrx_word' id='word_1_821' title='bbox 1854 5215 1967 5287; x_wconf 80' lang='lat'><strong>(59)</strong></span> <span class='ocrx_word' id='word_1_822' title='bbox 2003 5215 2073 5287; x_wconf 72' lang='grc' dir='ltr'><strong><em>ᾘ</em></strong></span> <span class='ocrx_word' id='word_1_823' title='bbox 2091 5214 2245 5287; x_wconf 72' lang='grc' dir='ltr'>αὐτὴ</span> <span class='ocrx_word' id='word_1_824' title='bbox 2277 5213 2391 5269; x_wconf 81' lang='grc' dir='ltr'>ἀεί.</span> <span class='ocrx_word' id='word_1_825' title='bbox 2425 5214 2712 5287; x_wconf 62' lang='lat' dir='ltr'><strong>Postrema</strong></span> <span class='ocrx_word' id='word_1_826' title='bbox 2741 5228 2843 5287; x_wconf 62' lang='lat' dir='ltr'><strong>vox</strong></span> <span class='ocrx_word' id='word_1_827' title='bbox 2876 5213 3059 5287; x_wconf 82' lang='lat' dir='ltr'><strong>addita</strong></span> <span class='ocrx_word' id='word_1_828' title='bbox 3093 5229 3161 5269; x_wconf 77' lang='lat' dir='ltr'><strong>ex</strong></span> <span class='ocrx_word' id='word_1_829' title='bbox 3189 5213 3361 5271; x_wconf 90' lang='lat' dir='ltr'><strong>Coisl.</strong></span> 
     </span>
    </p>
   </div>
   <div class='ocr_carea' id='block_1_116' title="bbox 1783 5281 3364 5369">
    <p class='ocr_par' dir='ltr' id='par_1_116' title="bbox 1783 5281 3364 5369">
     <span class='ocr_line' id='line_1_116' title="bbox 1783 5281 3364 5369; baseline 0.001 -30"><span class='ocrx_word' id='word_1_830' title='bbox 1783 5281 1983 5369; x_wconf 45' lang='lat' dir='ltr'><strong>primo,</strong></span> <span class='ocrx_word' id='word_1_831' title='bbox 2013 5284 2152 5369; x_wconf 57' lang='lat' dir='ltr'><strong>Med.</strong></span> <span class='ocrx_word' id='word_1_832' title='bbox 2187 5281 2253 5366; x_wconf 79' lang='lat' dir='ltr'><strong>et~</strong></span> <span class='ocrx_word' id='word_1_833' title='bbox 2285 5300 2397 5369; x_wconf 64' lang='lat' dir='ltr'><strong>uno</strong></span> <span class='ocrx_word' id='word_1_834' title='bbox 2424 5301 2503 5369; x_wconf 60' lang='grc' dir='ltr'><strong>ἐκ</strong></span> <span class='ocrx_word' id='word_1_835' title='bbox 2538 5283 2742 5355; x_wconf 79' lang='lat' dir='ltr'><strong>Regiis.</strong></span> <span class='ocrx_word' id='word_1_836' title='bbox 2783 5281 2955 5339; x_wconf 87' lang='lat' dir='ltr'><strong>Paulo</strong></span> <span class='ocrx_word' id='word_1_837' title='bbox 2999 5293 3125 5354; x_wconf 88' lang='lat' dir='ltr'><strong>post</strong></span> <span class='ocrx_word' id='word_1_838' title='bbox 3174 5287 3364 5355; x_wconf 83' lang='lat' dir='ltr'><strong>plures</strong></span> 
     </span>
    </p>
   </div>
   <div class='ocr_carea' id='block_1_117' title="bbox 1777 5355 3361 5514">
    <p class='ocr_par' dir='ltr' id='par_1_117' title="bbox 1777 5355 3361 5514">
     <span class='ocr_line' id='line_1_117' title="bbox 1777 5355 2524 5429; baseline -0.003 -19"><span class='ocrx_word' id='word_1_839' title='bbox 1777 5355 1999 5410; x_wconf 69' lang='lat' dir='ltr'><strong>Codices</strong></span> <span class='ocrx_word' id='word_1_840' title='bbox 2029 5355 2138 5408; x_wconf 81' lang='grc' dir='ltr'>ὰπὸ</span> <span class='ocrx_word' id='word_1_841' title='bbox 2162 5355 2255 5409; x_wconf 85' lang='grc' dir='ltr'><strong>τοῦ</strong></span> <span class='ocrx_word' id='word_1_842' title='bbox 2294 5356 2524 5429; x_wconf 87' lang='grc' dir='ltr'>Κυρίου.</span> 
     </span>
     <span class='ocr_line' id='line_1_118' title="bbox 1790 5420 3361 5514; baseline -0.002 -33"><span class='ocrx_word' id='word_1_843' title='bbox 1790 5496 1804 5514; x_wconf 32' lang='grc' dir='ltr'><strong>θ</strong></span> <span class='ocrx_word' id='word_1_844' title='bbox 1848 5427 1961 5509; x_wconf 68' lang='grc' dir='ltr'>(ὅθ)</span> <span class='ocrx_word' id='word_1_845' title='bbox 2002 5426 2126 5491; x_wconf 86' lang='grc' dir='ltr'>Ὃς,</span> <span class='ocrx_word' id='word_1_846' title='bbox 2166 5425 2297 5492; x_wconf 76' lang='grc' dir='ltr'>τήν.</span> <span class='ocrx_word' id='word_1_847' title='bbox 2343 5425 2437 5481; x_wconf 84' lang='lat' dir='ltr'><strong>Sic</strong></span> <span class='ocrx_word' id='word_1_848' title='bbox 2471 5440 2603 5479; x_wconf 80' lang='lat' dir='ltr'><strong>mss.</strong></span> <span class='ocrx_word' id='word_1_849' title='bbox 2641 5438 2858 5480; x_wconf 91' lang='lat' dir='ltr'><strong>summo</strong></span> <span class='ocrx_word' id='word_1_850' title='bbox 2889 5438 3184 5480; x_wconf 89' lang='lat' dir='ltr'><strong>consensu.</strong></span> <span class='ocrx_word' id='word_1_851' title='bbox 3216 5420 3361 5479; x_wconf 83' lang='lat' dir='ltr'><strong>Editi</strong></span> 
     </span>
    </p>
   </div>
   <div class='ocr_carea' id='block_1_118' title="bbox 1775 5514 3358 5638">
    <p class='ocr_par' dir='ltr' id='par_1_118' title="bbox 1775 5514 3358 5638">
     <span class='ocr_line' id='line_1_119' title="bbox 1775 5514 3358 5638; baseline -0.001 -17"><span class='ocrx_word' id='word_1_852' title='bbox 1775 5514 2323 5638; x_wconf 50' lang='grc' dir='ltr'><strong>ως(ϐῗῖ’Φυλάξατε.</strong></span> <span class='ocrx_word' id='word_1_853' title='bbox 2361 5565 2511 5638; x_wconf 84' lang='lat' dir='ltr'><strong>Editi</strong></span> <span class='ocrx_word' id='word_1_854' title='bbox 2544 5562 2758 5638; x_wconf 76' lang='lat' dir='ltr'><strong>addunt</strong></span> <span class='ocrx_word' id='word_1_855' title='bbox 2790 5561 2906 5638; x_wconf 68' lang='grc' dir='ltr'>οὖν,</span> <span class='ocrx_word' id='word_1_856' title='bbox 2933 5563 3079 5638; x_wconf 87' lang='lat' dir='ltr'><strong>quod</strong></span> <span class='ocrx_word' id='word_1_857' title='bbox 3112 5564 3276 5638; x_wconf 64' lang='lat' dir='ltr'><strong>deest</strong></span> <span class='ocrx_word' id='word_1_858' title='bbox 3301 5566 3358 5620; x_wconf 86' lang='lat' dir='ltr'><strong>in</strong></span> 
     </span>
    </p>
   </div>
   <div class='ocr_carea' id='block_1_119' title="bbox 1777 5635 3357 5707">
    <p class='ocr_par' dir='ltr' id='par_1_119' title="bbox 1777 5635 3357 5707">
     <span class='ocr_line' id='line_1_120' title="bbox 1777 5635 3357 5707; baseline -0.001 -15"><span class='ocrx_word' id='word_1_859' title='bbox 1777 5635 1871 5693; x_wconf 77' lang='lat' dir='ltr'><strong>sex</strong></span> <span class='ocrx_word' id='word_1_860' title='bbox 1904 5635 2040 5693; x_wconf 85' lang='lat' dir='ltr'><strong>mss.</strong></span> <span class='ocrx_word' id='word_1_861' title='bbox 2074 5637 2388 5707; x_wconf 82' lang='lat' dir='ltr'><strong>Legendum</strong></span> <span class='ocrx_word' id='word_1_862' title='bbox 2426 5636 2642 5707; x_wconf 79' lang='lat' dir='ltr'><strong>videtur</strong></span> <span class='ocrx_word' id='word_1_863' title='bbox 2673 5635 2907 5704; x_wconf 82' lang='grc' dir='ltr'>φυλάξαι</span> <span class='ocrx_word' id='word_1_864' title='bbox 2951 5635 3201 5707; x_wconf 63' lang='grc' dir='ltr'>ἑαυτούς.</span> <span class='ocrx_word' id='word_1_865' title='bbox 3236 5636 3357 5690; x_wconf 68' lang='lat' dir='ltr'><strong>Mox</strong></span> 
     </span>
    </p>
   </div>
   <div class='ocr_carea' id='block_1_120' title="bbox 1774 5705 3251 5779">
    <p class='ocr_par' dir='ltr' id='par_1_120' title="bbox 1774 5705 3251 5779">
     <span class='ocr_line' id='line_1_121' title="bbox 1774 5705 3251 5779; baseline -0.001 -15"><span class='ocrx_word' id='word_1_866' title='bbox 1774 5707 1944 5764; x_wconf 86' lang='lat' dir='ltr'><strong>Coisl.</strong></span> <span class='ocrx_word' id='word_1_867' title='bbox 1982 5705 2192 5779; x_wconf 72' lang='lat' dir='ltr'><strong>primus</strong></span> <span class='ocrx_word' id='word_1_868' title='bbox 2219 5723 2346 5763; x_wconf 86' lang='lat' dir='ltr'><strong>cum</strong></span> <span class='ocrx_word' id='word_1_869' title='bbox 2370 5722 2484 5762; x_wconf 86' lang='lat' dir='ltr'><strong>uno</strong></span> <span class='ocrx_word' id='word_1_870' title='bbox 2511 5721 2577 5761; x_wconf 77' lang='lat' dir='ltr'><strong>ex</strong></span> <span class='ocrx_word' id='word_1_871' title='bbox 2614 5706 2799 5776; x_wconf 80' lang='lat' dir='ltr'><strong>Regiis</strong></span> <span class='ocrx_word' id='word_1_872' title='bbox 2827 5705 3251 5777; x_wconf 80' lang='grc' dir='ltr'>περιϐλέψασθε.</span> 
     </span>
    </p>
   </div>
   <div class='ocr_carea' id='block_1_121' title="bbox 2955 5863 3032 5923">
    <p class='ocr_par' dir='ltr' id='par_1_121' title="bbox 2955 5863 3032 5923">
     <span class='ocr_line' id='line_1_122' title="bbox 2955 5863 3032 5923; baseline 0.013 -1"><span class='ocrx_word' id='word_1_873' title='bbox 2955 5863 3032 5923; x_wconf 90' lang='grc'><strong>30</strong></span> 
     </span>
    </p>
   </div>
  </div>
