3856 6224
450 298 559 358 959

1848 298 1914 356 ὃ.
1957 297 2203 354 BASlLll
2241 297 2460 354 MAGNI

3622 295 3723 350 940

452 437 578 478 mus
608 422 666 478 in
688 421 841 492 justo
869 419 1091 477 Domini
1117 418 1301 475 nostri
1342 415 1475 475 Jesu
1507 416 1714 475 Christi
1744 417 1835 474 die
1860 461 1875 486 ,
1908 434 2024 474 cum

2145 420 2258 473 ἐστι
2299 420 2505 491 ταύτης
2550 420 2646 474 καὶ
2689 419 3051 491 ἀδιαστρόφου
3094 414 3460 478 διδασκαλίας.
3496 406 3597 468 Ὧν
3631 413 3722 467 καὶ

450 513 635 570 veniet
662 514 963 587 unicuique
990 520 1247 570 nostrum
1281 511 1586 568 secundum
1608 526 1774 582 opera
1806 526 1906 568 sua
1933 511 2034 566 da-

451 611 636 661 turus.

2141 512 2301 582 ἡμεῖς
2354 512 2628 588 summa
2688 512 2791 583 τῆς
2846 510 3131 574 κοινωνίας
3177 509 3252 581 μὴ
3302 509 3575 573 ἐκπεσεῖν,
3630 506 3725 559 καὶ

2141 603 2271 674 ὑμῖν
2327 603 2440 676 (69.)
2498 604 2873 676 συνευχόμεθα
2921 604 3021 674 τὴν
3078 601 3271 674 μερίδα
3313 598 3497 652 λαϐεῖν
3548 599 3608 650 ὲν
3657 597 3723 666 τῇ

448 698 637 772 ἡμέρᾳ
665 698 763 754 τοῦ
791 699 1000 772 Κυρίου
1025 697 1183 770 ἡμῶν
1224 696 1400 754 Ἰησοῦ
1446 696 1686 769 Χριστοῦ
1728 699 1793 769 τῇ
1834 696 2042 769 δικαίᾳ,
2077 697 2204 752 ὅταν
2249 697 2378 770 ἔλθῃ
2430 697 2616 753 δοῦναι
2670 696 2886 768 ἑκάστῳ
2916 695 3059 750 κατά
3090 693 3189 765 τὴν
3224 688 3425 763 πρᾶξιν
3462 685 3655 743 αὐτοῦ.

948 879 1291 937 EPISTOLA
1321 878 1520 937 CCLII‘
1533 921 1548 934 .

2653 878 3001 934 ΕΠΙΣΤΟΛΗ
3048 876 3218 930 ΣΝΒν.

574 1013 757 1065 Invitat
778 1011 995 1065 Basilius
1017 1012 1246 1066 Ecclesiae
1270 1027 1374 1067 sua:
1396 1010 1606 1074 nomine,
1628 1020 1679 1064 ut
1701 1011 2091 1066 consuetudinem
2114 1014 2336 1069 veniendi
2354 1015 2421 1067 ad
2448 1013 2578 1068 diem
2602 1014 2774 1079 festum
2796 1011 2951 1066 sancti
2972 1009 3233 1078 Eupsycltii
3255 1007 3598 1074 redintegrant.

841 1144 1084 1200 Pontica:
1104 1145 1342 1201 diwcesis
1366 1146 1647 1214 episcopis.

520 1258 825 1332 Martyrum
877 1259 1118 1316 honores
1156 1259 1418 1316 omnibus
1469 1258 1692 1330 quidem
1737 1259 1795 1314 in
1843 1258 2030 1314 Domi-

448 1367 583 1406 num
623 1352 1001 1423 sperantibus,
1032 1366 1250 1407 summo
1296 1352 1483 1408 studio
1511 1367 1637 1408 esse
1671 1350 1904 1420 debent;
1930 1351 2028 1407 sed

449 1443 727 1515 praecipue
749 1442 909 1498 vobis
936 1441 1159 1498 virtutis
1189 1443 1524 1510 cultoribus,
1562 1442 1657 1513 qui
1688 1449 1870 1499 vestra
1896 1457 2030 1513 erga

447 1538 630 1593 claros
673 1550 739 1591 ac
779 1536 1027 1592 celebres
1068 1550 1370 1593 conservos
1422 1535 1728 1592 voluntatis
1785 1550 2027 1606 propen-

448 1628 604 1684 sione
628 1642 873 1683 amorem
902 1628 960 1682 in
996 1642 1343 1684 communem
1377 1627 1670 1683 Dominum
1693 1628 1985 1684 ostenditis
2012 1645 2028 1682 :

447 1728 505 1776 et
524 1719 764 1775 maxime
785 1760 801 1786 ,
826 1718 972 1790 quod
1003 1720 1212 1789 aliquid
1235 1720 1515 1775 atlinitatis
1542 1719 1742 1775 habeat
1769 1727 2028 1775 accurata

2238 1146 2625 1212 Ἐπισκόποις
2651 1144 2762 1215 τῆς
2793 1141 3094 1211 Ποντικῆς
3124 1139 3235 1213 (65)
3264 1136 3645 1204 διοικήσεως.

2212 1258 2524 1331 Μαρτύρων
2580 1259 2736 1329 τιμαὶ
2781 1259 2913 1311 πᾶσι
2968 1256 3067 1328 μὲν
3111 1252 3566 1326 περισπούδαστοι
3615 1250 3731 1312 τοῖς

2139 1352 2231 1405 ἐπὶ
2265 1350 2468 1422 Κύριον
2504 1349 2811 1420 ἡλπικόσιν,
2845 1348 3138 1421 ἐξαιρέτως
3161 1347 3217 1400 δὲ
3246 1337 3394 1417 ὑμῖν,
3437 1346 3551 1406 τοῖς
3597 1343 3730 1411 ἀρε-

2135 1446 2236 1517 τῆς
2273 1444 2765 1515 ἀντιποιουμένοις,
2813 1444 2861 1496 οἳ
2906 1442 2995 1515 διὰ
3036 1442 3135 1514 τῆς
3175 1441 3310 1511 πρὸς
3343 1440 3470 1501 τοὺς
3515 1435 3729 1489 εὐδοκί-

2141 1555 2277 1609 μους
2316 1537 2425 1590 τῶν
2470 1536 2774 1607 ὁμοδούλων
2802 1534 3090 1598 διαθέσεως
3128 1533 3226 1605 τὴν
3259 1530 3392 1603 πρὸς
3423 1529 3517 1583 τὸν
3545 1525 3727 1580 κοινὸν

2135 1629 2414 1701 Δεσπότην
2458 1629 2669 1683 εὔνοιαν
2708 1627 3083 1682 ὲπιδείκνυσθε
3108 1644 3121 1657 °
3167 1624 3342 1687 ἄλλως
3383 1638 3446 1675 ,τε
3499 1620 3597 1674 καὶ
3638 1616 3726 1669 διὰ

2136 1723 2198 1775 τὸ
2224 1723 2484 1792 συγγενές
2513 1741 2563 1775 τι
2594 1723 2737 1794 ἔχειν
2762 1723 2853 1776 τὸν
2884 1723 2941 1776 ἐν
2974 1719 3229 1791 ἀκριϐείᾳ
3267 1718 3379 1789 βίον
3411 1714 3550 1784 πρὸς
3598 1712 3727 1773 τοὺς

446 1810 667 1867 vivendi
701 1810 846 1866 ratio
894 1826 1021 1865 cum
1061 1810 1131 1866 iis
1166 1812 1258 1882 qui
1310 1827 1407 1882 per
1442 1813 1609 1866 animi
1654 1812 2024 1868 fortitudinem

2145 1813 2222 1868 sua;
2259 1814 2554 1886 καρτερίας
2575 1814 2979 1876 τελειωθέντας.
3023 1810 3177 1865 Ἐπεὶ
3203 1805 3296 1864 οὖν
3328 1806 3725 1878 ἐπισημότατοι

448 1898 819 1961 consummati
842 1911 992 1959 sunt.
1017 1901 1155 1957 Cum
1181 1903 1349 1973 igitur
1373 1903 1715 1958 celeberrimi
1746 1903 1857 1959 sint
1881 1920 2030 1958 mar-

446 2004 596 2067 tyres
628 1993 975 2067 Eupsychius
1000 2002 1055 2050 et
1085 1993 1289 2050 Damas
1313 2009 1615 2067 eorumque
1632 1995 1834 2051 chorus
1852 2036 1867 2060 ,
1899 2010 2036 2067 quo-

447 2100 572 2140 rum
602 2086 868 2140 memoria
921 2085 1223 2157 quotannis
1252 2086 1321 2141 ab
1346 2086 1482 2141 urbe
1515 2093 1704 2141 nostra
1724 2096 1779 2141 et
1815 2094 1928 2142 tota
1953 2089 2035 2141 vi-

447 2178 592 2233 cinia
658 2178 994 2242 celebratur,
1040 2176 1300 2232 admonet
1342 2192 1480 2243 vos,
1523 2178 1811 2248 proprium
1869 2193 2030 2233 suum

447 2269 618 2326 decus
638 2310 653 2336 ,
681 2268 964 2334 Ecclesia,
997 2285 1061 2326 ac
1098 2277 1291 2325 nostra
1318 2269 1487 2341 389
1516 2285 1653 2325 voce
1684 2269 2028 2336 adhortatur,

447 2366 509 2414 ut
558 2359 841 2431 antiquam
890 2360 1190 2416 resumatis
1235 2359 1497 2416 visitandi
1550 2358 2026 2415 consuetudinem.

445 2449 635 2522 Itaque
672 2458 734 2505 ut
764 2466 966 2523 magno
993 2461 1209 2522 quaestu
1247 2452 1408 2506 vobis
1451 2451 1739 2521 proposito
1776 2453 1830 2506 in
1877 2454 2034 2523 plebe

446 2561 570 2617 quae
619 2561 649 2600 a
697 2545 856 2602 vobis
909 2544 1173 2601 aediﬁcari
1232 2545 1413 2615 cupit,
1459 2552 1625 2615 atque
1676 2554 1737 2600 ut
1790 2547 2033 2616 praemiis

445 2639 644 2695 honori
691 2646 996 2711 martyrum
1035 2638 1333 2709 repositis,
1364 2638 1439 2692 ita
1477 2644 1726 2693 nostram
1765 2639 2034 2709 suscipite

446 2730 892 2787 adhortationem
915 2737 971 2786 et
1018 2729 1146 2785 huic
1180 2730 1411 2786 annuite
1457 2730 1742 2801 petitioni,
1774 2745 2033 2802 magnum

446 2824 610 2882 nobis
638 2823 967 2881 beneﬁcium
1000 2838 1113 2879 non
1146 2824 1322 2879 multo
1343 2823 1536 2880 labore
1567 2824 1899 2879 tribuentes.

935 3103 1276 3160 EPISTOLA
1314 3104 1590 3162 CCLIII".

2142 1907 2435 1978 μαρτύρων
2465 1906 2737 1978 Εὐψύχιος
2779 1907 2874 1959 καὶ
2920 1907 3129 1976 Δάμας,
3163 1902 3258 1955 καὶ
3294 1904 3322 1955 ὁ
3353 1902 3481 1972 περὶ
3524 1898 3726 1959 αὐτοὺς

2136 1998 2316 2068 Χορὸς,
2348 1992 2423 2053 ὧν
2460 2000 2493 2069 ἡ
2529 2000 2715 2070 μνήμη
2746 1998 2813 2051 δι’
2836 1997 2988 2060 ἔτους
3014 1995 3165 2069 παρὰ
3186 1994 3286 2065 τῆς
3315 1993 3523 2055 πόλεως
3561 1992 3596 2060 ἠ
3608 1989 3724 2059 μῶν

2136 2089 2229 2142 καὶ
2268 2091 2367 2161 τῆς
2406 2092 2736 2163 περιοικίδος
2774 2091 2955 2161 πάσης
3001 2090 3257 2153 τελεῖται,
3313 2086 3723 2156 ὑπομιμνήσκει

2135 2183 2300 2248 ὑμᾶς,
2347 2182 2437 2236 τὸν
2488 2183 2617 2236 ἴδιον
2664 2182 2866 2252 ἑαυτῆς
2912 2183 3135 2248 κόσμον,
3184 2183 3217 2251 ἡ
3276 2178 3592 2249 Ἐκκλησία,
3636 2174 3725 2230 διὰ

2131 2274 2231 2343 τῆς
2282 2275 2558 2347 ἡμετέρας
2621 2276 2806 2345 φωνῆς
2864 2273 3294 2349 παρακαλοῦσα,
3340 2270 3440 2343 τὴν
3489 2270 3725 2340 ἀρχαίαν

2132 2365 2425 2419 ἀπολαϐεῖν
2477 2367 2576 2437 τῆς
2623 2367 2967 2436 ἐπισκέψεως
3019 2366 3173 2438 ὑμῶν
3235 2364 3528 2435 συνήθειαν
3586 2361 3724 2430 (64).

2140 2458 2229 2521 Ὠς
2255 2454 2345 2513 οὖν
2373 2460 2640 2530 ἐργασίας
2682 2461 2926 2532 μεγάλης
2953 2459 3324 2530 προκειμένης
3350 2457 3459 2528 (65)
3504 2457 3637 2525 ὑμῖν
3668 2458 3726 2508 ὲν

2128 2547 2244 2621 λαῷ
2293 2550 2643 2621 ἐπιζητοῦντι
2694 2552 2793 2624 τὴν
2848 2553 2978 2624 παρ’
3042 2551 3197 2623 ὑμῶν
3249 2551 3578 2620 οἰκοδομὴν,
3631 2549 3726 2602 καὶ

2134 2642 2326 2713 μισθὸν
2378 2645 2435 2696 ὲν
2490 2648 2555 2716 τῇ
2610 2647 2745 2716 τιμῇ
2800 2644 2908 2697 τῶν
2963 2645 3258 2717 μαρτύρων
3320 2643 3724 2712 ἀποκείμενον,

2129 2732 2357 2799 δέξασθε
2383 2735 2541 2805 ἡμῶν
2562 2736 2659 2807 τὴν
2691 2735 3058 2807 παράκλησιν,
3096 2736 3190 2789 καὶ
3234 2733 3561 2788 ἐπινεύσατε
3591 2732 3726 2803 πρὸς

2131 2824 2230 2895 τὴν
2271 2828 2434 2898 χάριν
2484 2828 2666 2899 μικρῷ
2717 2829 2864 2900 πόνῳ
2921 2828 3165 2900 μεγάλην
3214 2829 3345 2900 ἡμῖν
3400 2825 3725 2898 εὐεργεσίαν

2135 2920 2499 2991 παρεχόμενοι
2531 2921 2663 2993 (66).

2655 3103 3001 3156 ΕΠΙΣΤΟΛΗ
3040 3103 3205 3156 ΣΝΡ.

448 3238 664 3292 Basilius
684 3251 749 3292 ea:
768 3237 862 3300 his,
886 3250 996 3304 qua:
1026 3237 1226 3291 audient
1261 3208 1543 3292 intiocheni
1566 3237 2024 3353 ρνεδὺῃιενέεῗωξιᾝ

2145 3239 2247 3353 inito,
2266 3252 2451 3351 teorum
2475 3234 2848 3289 sollicitudinem
2870 3235 3051 3302 partim
3089 3238 3357 3290 sedanaam
3393 3251 3518 3301 esse,
3541 3236 3721 3303 partim

2145 3317 2180 3352 ιι
2218 3316 2299 3352 ια.

1870 3315 2081 3353 uenaam
2099 3315 2299 3353 nuntiat.

896 3424 1232 3499 Presbyteris
1267 3425 1587 3481 Antiochiam

520 3539 959 3597 Sollicitudinem
980 3579 996 3605 ,
1033 3554 1198 3612 quam
1235 3554 1335 3610 pro
1363 3538 1460 3596 Dei
1496 3538 1761 3595 Ecclesiis
1792 3538 2024 3604 habetis,

443 3629 645 3699 partim
666 3627 889 3699 quidem
913 3627 1127 3683 sedabit
1162 3626 1672 3685 desideratissimus
1712 3643 1777 3682 ac
1806 3627 2031 3699 religio-

448 3716 705 3773 sissimus
733 3716 902 3773 frater
929 3723 1122 3772 noster
1168 3716 1568 3774 Sanctissimus
1598 3719 1907 3790 presbyter,
1943 3726 2029 3773 to-

445 3807 559 3862 tius
585 3806 905 3863 Occidentis
935 3822 1063 3879 erga
1087 3822 1190 3864 nos
1227 3823 1470 3864 amorem
1496 3824 1562 3864 ac
1587 3810 1831 3865 studium
1855 3826 2027 3881 expo-

446 3914 588 3958 nens
614 3918 629 3968 ;
663 3900 866 3971 partim
891 3914 1026 3956 vero
1055 3901 1421 3956 exsuscitabit
1448 3917 1514 3956 ac
1555 3900 1731 3972 magis
1764 3910 2025 3968 exacuet,

446 4000 713 4064 quantum
740 3991 911 4047 studii
944 4007 1034 4048 res
1066 3999 1367 4062 praesentes
1410 3992 1724 4063 requirant,
1759 3992 1907 4048 clare
1929 4007 2027 4047 vo-

446 4087 535 4142 bis
558 4101 655 4157 per
683 4101 744 4142 se
769 4087 888 4156 ipse
913 4084 1323 4141 demonstrans.
1356 4083 1493 4139 Nam
1519 4101 1712 4141 onmes
1743 4085 1835 4141 alii
1859 4087 2029 4142 veluti

447 4193 515 4233 ex
542 4176 770 4249 dimidio
795 4177 1194 4232 nuntiaverunt
1244 4177 1406 4233 nobis
1445 4186 1500 4233 et
1531 4180 1838 4235 sententias
1869 4178 2032 4234 Occi-

448 4268 749 4323 dentalium
773 4308 789 4333 ,
816 4275 872 4324 et
899 4283 1085 4323 rerum
1116 4275 1321 4325 statum
1353 4289 1366 4324 :
1406 4270 1524 4339 ipse
1555 4286 1687 4326 vero
1708 4313 1722 4337 ,
1755 4285 1878 4325 cum
1907 4271 2031 4327 ido-

447 4377 587 4416 ncus
621 4361 693 4416 sit
742 4360 837 4430 qui
893 4369 947 4415 et
1003 4360 1290 4415 hominum
1338 4361 1571 4417 consilia
1608 4362 1943 4432 perspiciat,
1976 4371 2033 4417 et

448 4466 633 4509 rerum
665 4458 870 4508 statum
923 4460 1183 4507 accurate
1233 4453 1556 4523 investiget;
1587 4454 1835 4508 narrabit
1872 4455 2030 4510 vobis

448 4544 669 4611 omnia,
727 4557 793 4598 ac
855 4542 1063 4599 bonum
1108 4550 1355 4599 vestrum
1418 4545 1660 4601 studium
1711 4545 1776 4599 ad
1846 4546 2033 4600 omnia

450 4631 611 4702 quasi
654 4644 821 4686 manu
860 4630 1044 4687 ducet.
1097 4631 1280 4699 Quare
1311 4634 1601 4689 materiam
1645 4634 1859 4690 habetis
1897 4651 2032 4690 con-

449 4728 735 4792 gruentem
774 4722 991 4778 eximio'
1024 4731 1211 4779 vestro
1258 4726 1548 4796 proposito
1569 4764 1585 4790 ,
1617 4727 1767 4795 quod
1814 4742 2034 4796 semper

446 4822 632 4870 vestra
658 4828 759 4885 pro
784 4812 884 4869 Dei
916 4813 1184 4871 Ecclesiis
1207 4816 1582 4873 sollicitudine
1611 4818 1956 4879 declarastis.

2484 3428 2923 3495 Πρεσϐυτεροις
2974 3428 3027 3480 Ἀ
3038 3428 3360 3497 ντιοχείας.

2208 3537 2319 3608 Τὴν
2371 3537 2661 3610 μέριμναν,
2710 3540 2775 3611 ἢν
2822 3539 2973 3610 ἔχετε
3026 3539 3166 3611 ὑπὲρ
3214 3541 3322 3593 τῶν
3380 3541 3719 3613 Ἐκκλησιῶν

2133 3629 2229 3684 τοῦ
2259 3630 2420 3696 Θεοῦ,
2451 3632 2509 3684 ὲν
2544 3632 2700 3704 μέρει
2732 3633 2831 3704 μὲν
2870 3633 3228 3687 διαναπαύσει
3269 3636 3297 3686 ὀ
3341 3634 3720 3700 ποθεινότατος

2136 3724 2230 3778 καὶ
2283 3724 2676 3790 εὐλαϐέστατος
2730 3726 2889 3797 ἡμῶν
2950 3727 3177 3799 ἀδελφὸς
3237 3728 3642 3799 Σαγκτίσσιμος
3692 3733 3719 3784 ὁ

2138 3817 2641 3890 συμπρεσϐύτερος,
2696 3818 3096 3890 διηγησάμενος
3148 3820 3330 3890 πάσης
3378 3820 3479 3891 τῆς
3505 3822 3718 3886 Δῦσεως

2136 3909 2233 3980 τὴν
2266 3908 2396 3980 περ).
2432 3910 2581 3980 ἡμᾶς
2612 3911 2836 3983 ἀγάπην
2884 3929 2943 3965 τε
2990 3913 3081 3965 καὶ
3132 3912 3404 3968 διάθεσινο
3458 3919 3515 3966 ὲν
3564 3915 3718 3985 μέρει

2135 3999 2191 4052 δὲ
2226 4000 2320 4053 καὶ
2352 4000 2697 4073 διαναστήσει
2724 4002 2817 4055 καὶ
2845 4002 3008 4056 πλέον
3040 4003 3351 4075 παροξυνεῖ,
3377 4005 3511 4075 ὅσην
3552 4023 3718 4058 σπου-

2134 4090 2231 4160 δὴν
2255 4090 2503 4161 ἐπιζητεῖ
2532 4092 2600 4145 τὰ
2641 4092 2883 4161 παρόντα
2929 4094 3252 4164 πράγματα,
3300 4095 3548 4164 ἐναργῶς
3593 4097 3719 4164 ὑμῖν

2135 4182 2201 4236 δι’
2245 4182 2437 4236 ἑαυτοῦ
2488 4185 2865 4255 παραστήσας.
2925 4185 3036 4238 Καὶ
3081 4185 3190 4256 γὰρ
3236 4185 3345 4240 τῶν
3404 4188 3503 4256 μὲν
3548 4188 3719 4241 ἄλλων

2136 4272 2385 4337 ἕκαστος,
2430 4272 2619 4345 ὥσπερ
2670 4275 2728 4341 ἐξ
2776 4276 3052 4346 ἡμισείας,
3086 4278 3218 4346 ἡμῖν
3266 4277 3571 4347 ἀπήγγειλε
3609 4279 3716 4345 (67)

2137 4365 2233 4419 καὶ
2262 4367 2362 4429 τὰς
2384 4366 2618 4438 ,γνώμας
2650 4366 2758 4421 τῶν
2804 4370 2981 4421 ἐκεῖσε
3012 4369 3242 4440 ἀνδρῶν,
3286 4371 3380 4423 καὶ
3411 4370 3509 4441 τὴν
3541 4374 3720 4425 κατέε-

2139 4472 2330 4509 στασιν
2357 4455 2465 4509 τῶν
2500 4459 2875 4528 πραγμάτων
2927 4459 3089 4522 αὐτὸς
3135 4458 3213 4523 δὲ,
3269 4459 3451 4523 ἱκανὸς
3500 4460 3574 4514 ὣν
3624 4464 3720 4514 καὶ

2139 4549 2462 4621 προαίρεσιν
2523 4549 2732 4622 ἀνδρῶν
2786 4550 3160 4621 καταμαθεῖν,
3227 4552 3322 4605 καὶ
3386 4553 3719 4607 κατάστασιν

2139 4640 2480 4712 πραγμάτων
2535 4640 2779 4712 ἀκριϐῶς
2832 4642 3304 4713 διερευνήσασθαι,
3362 4643 3546 4696 πάντα
3594 4646 3718 4714 ὑμῖν

2138 4731 2275 4802 ἐρεῖ,
2328 4732 2423 4784 καὶ
2472 4731 2608 4803 πρὸς
2670 4731 2848 4785 πάντα
2897 4735 3300 4803 χειραγωγήσει
3359 4732 3462 4802 τὴν
3512 4733 3715 4803 ante»

2063 4814 2107 4869 D
2138 4822 2371 4893 σπουδὴν
2400 4823 2575 4890 ὑμῶν.
2610 4824 2773 4877 Ὥστε
2806 4823 2958 4895 ἔχετε
2991 4824 3100 4891 (68)
3138 4824 3270 4894 ὕλην
3303 4825 3623 4895 πρέπουσαν

448 4906 641 4985 τελείᾳ,
670 4905 824 4979 ὑμῶν
857 4908 1177 4979 προαιρέσει
1227 4908 1295 4961 ἣν
1344 4909 1433 4963 ἀεὶ
1475 4911 1533 4964 ὲν
1567 4913 1690 4974 ταῖς
1733 4911 1875 4983 ὑπὲρ
1925 4909 2035 4967 τῶν
2078 4912 2415 4986 Ἐκκλησιῶν
2443 4914 2538 4968 τοῦ
2571 4914 2706 4968 Θεοῦ
2740 4916 3031 4987 μερίμναις
3063 4916 3320 4982 ἐδείξατε.

525 5089 545 5109 ⁶
577 5086 729 5144 Alias
754 5086 983 5158 CCXCI.
1019 5086 1235 5158 scripta
1265 5104 1410 5145 anno
1448 5091 1572 5147 576.

523 5157 1031 5229 ῖζᾼΙῘἎεΑΕΧΟΙΧη
1054 5157 1268 5229 Scripta
1302 5175 1446 5217 anno
1478 5163 1604 5217 576.

522 5224 648 5352 (θὲἔὶ
673 5227 783 5282 Καὶ
813 5228 977 5311 duim.
1012 5228 1104 5311 Sjc
1142 5224 1276 5285 mss.
1310 5239 1541 5355 seBtem.
1568 5232 1713 5287 Editi
1753 5234 1846 5288 καὶ
1871 5236 2025 5305 ἡμῖν.

454 5293 533 5371 S_u
651 5313 776 5371 nem
807 5299 939 5354 editi
960 5299 1149 5371 δουναι
1179 5301 1328 5371 ἡμῖν.
1410 5311 1648 5359 ostrema
1681 5319 1786 5359 vox
1831 5305 2025 5359 melius

454 5318 573 5352 DUD
612 5318 776 5354 uan
807 5318 939 5354 eum
966 5318 1149 5353 οουναι
1179 5318 1328 5371 ημιν.
1366 5318 1648 5359 rosuema
1681 5319 1786 5359 vox
1831 5318 2029 5359 melius

454 5367 798 5445 deessejisa
838 5369 1241 5445 est_in_Coi_sl._
1256 5372 1449 5445 primo,
1485 5382 1538 5429 et
1570 5390 1680 5430 uno
1726 5391 1792 5430 ex
1818 5373 2028 5445 Regiis.

455 5433 640 5511 Editio
664 5437 840 5496 Paris.
874 5439 911 5494 2
940 5440 1103 5495 habet
1125 5433 1303 5511 ἡμῶν.
1338 5440 1544 5499 ibidem
1566 5446 1676 5501 duo
1704 5433 1930 5502 codice;
1946 5461 2033 5501 re-

458 5509 902 5592 centi-gregna?
933 5511 1002 5564 τὰ
1026 5509 1372 5592 ἔργααύτοῦ.
1622 5586 1634 5592 _
1799 5586 1814 5592 _
1872 5574 1901 5592 ’ἑ

535 5578 807 5655 (ῥῷ-Τῆς
830 5578 1148 5655 Ποηικῆὸ.
1182 5582 1348 5639 Dee-t
1380 5600 1444 5642 ea
1485 5600 1593 5647 vox
1621 5586 1677 5642 in
1716 5586 1838 5643 cod.
1872 5585 2027 5641 llarl.

458 5676 525 5692 --
540 5646 552 5651 ⁷
564 5646 703 5704 Vide
732 5646 1008 5707 Addenda.

534 5719 644 5794 (64)
682 5720 877 5791 ’Υμῶν
893 5721 1243 5793 συνήθειαν.
1264 5721 1342 5779 lta
1367 5722 1519 5782 Harl.
1549 5734 1604 5783 et
1625 5725 1794 5784 Cois].
1821 5729 2032 5800 primus

2137 5109 2261 5167 cum
2294 5095 2472 5150 tribus
2502 5095 2648 5167 alus.
2695 5088 2839 5150 Editi
2871 5094 3028 5167 ἡμῶν
3067 5094 3362 5167 referendo
3402 5096 3473 5151 ad
3500 5097 3714 5149 ὲπισκὲο

2135 5164 2301 5234 ψεως,
2335 5166 2587 5219 uisitandi
2616 5167 2785 5219 nostri
2813 5164 3265 5222 consuetudinem.

2208 5235 2320 5306 (65)
2352 5235 2775 5307 Προκειμένης.
2811 5235 2890 5290 lla
2920 5236 3074 5291 Harl.
3123 5244 3178 5292 et
3206 5238 3395 5307 plures
3433 5238 3548 5292 alii.
3576 5236 3716 5291 Editi

2138 5306 2564 5377 προσκειμένης.

2211 5375 2324 5450 (66)
2353 5377 2778 5447 Παρεχόμενοι.
2842 5376 3010 5433 Coisi.
3050 5386 3107 5433 et
3149 5376 3242 5431 alii
3286 5379 3537 5432 nonnulli
3578 5395 3713 5450 παρ-

2090 5518 2095 5525 .
2138 5447 2405 5525 εχριένην

2214 5486 2718 5592 (ξῆῖΊᾸξ-τήγηιειλε.
2742 5516 2819 5572 ita
2849 5533 2943 5573 sex
2960 5486 3180 5575 codices
3203 5534 3337 5574 mss.
3388 5492 3714 5592 Ειιὶιίἀνήγ-

2138 5589 2592 5729 Ἔχετε.
2648 5657 2739 5713 Sic
2786 5659 2962 5723 Harl.,
2995 5659 3260 5724 Clarom.,
3323 5660 3501 5729 Bigot.
3560 5664 3712 5728 alter,

2140 5727 2347 5800 Regius
2379 5727 2627 5802 uterque,
2657 5729 2827 5787 Coisl.
2870 5734 3166 5787 secundus.
3205 5731 3353 5788 Editi
3378 5727 3541 5803 ἔχειν.
