3856 6224
150 341 251 399 941

661 453 1007 511 ΕΠΙΣΤΟΛΠ
1044 455 1208 509 ΣΝΔ’.

1039 335 1530 394 EPISTOLARUM
1558 333 1846 392 CLASSl-S
1877 334 1942 389 ll.
1982 332 2202 390 EPIST.
2244 334 2446 391 CCLV.

3308 334 3412 391 9‘2

2321 448 2667 507 EPISTOLA
2703 450 2951 507 CCLIV“.

982 568 1174 621 Salutat
1192 585 1281 635 per
1302 570 1694 632 Sanctissimum,
1725 581 1869 633 seque
1889 567 1994 635 ejus
2019 566 2242 632 precibus
2260 565 2577 618 commendat.

220 680 491 750 Πελαγίῳ
526 677 667 751 (69),
702 668 1013 746 emendae)
1044 679 1395 745 Λαοδικείας
1450 678 1691 747 Συρίας.
1752 683 1800 740 Α
1876 727 1884 733 .

220 796 501 868 Παράσχοι
546 795 576 846 6
604 792 812 865 Κύριός
853 810 984 847 ποτε
1030 794 1125 847 καὶ
1169 794 1318 865 αὐτῷ
1374 812 1464 865 μοι
1496 794 1578 858 εἰς
1608 794 1729 865 ὄψιν

152 891 329 944 ἐλθεῖν
362 892 426 962 τῇ
467 887 697 959 ἀληθινῇ
749 904 842 940 σου
877 886 1177 960 θεοσεϐείᾳ,
1212 889 1307 943 καὶ
1348 889 1449 942 ὅσα
1489 887 1732 942 ὲνελίπο-

152 1000 254 1053 μεν
307 981 388 1053 τῷ
433 980 760 1052 γράμματι,
816 978 987 1032 ταῦτα
1033 979 1425 1052 ἀναπληρῶσαι
1475 981 1624 1052 ἡμᾶς
1661 982 1728 1051 τῇ

148 1073 450 1146 παρουσίᾳ.
514 1072 641 1141 Ὀψὲ
692 1070 802 1143 γὰρ
854 1068 948 1124 τοῦ
994 1071 1230 1141 γράφειν
1279 1071 1588 1143 ἠρξάμεθα,
1635 1073 1731 1125 καὶ

148 1164 320 1236 πολλὴ
353 1165 485 1234 ἡμῖν
524 1161 636 1231 (70)
685 1161 784 1233 τῆς
829 1161 1124 1229 ἀπολογίας
1172 1162 1353 1234 χρεία.
1415 1161 1633 1232 Ἐπειδὴ
1673 1161 1731 1215 δὲ

147 1257 418 1328 πάρεστιν
460 1256 489 1307 ὁ
518 1253 896 1317 ποθεινότατος
938 1253 1031 1306 καὶ
1074 1254 1469 1318 εὐλαϐέστατος
1503 1254 1730 1325 ἀδελφὸς

146 1348 552 1417 Σαγκτίσσιμος
589 1348 618 1399 6
654 1344 1157 1417 σἀμπρεσὸύτερος,
1205 1346 1366 1411 αὐτὸς
1412 1347 1590 1401 πάντα
1649 1348 1728 1400 δι-

142 1438 414 1511 ηγήσεταί
451 1455 554 1501 σοι,
601 1438 671 1490 τά
713 1454 774 1489 τε
820 1437 1065 1509 ἡμέτερα
1100 1436 1212 1507 (71)
1247 1438 1341 1490 καὶ
1383 1437 1451 1490 τὰ
1502 1438 1608 1491 ἀπὸ
1633 1437 1741 1507 τῆς

141 1532 379 1595 Δύσεως.
408 1531 519 1583 Καὶ
544 1531 630 1582 ἐπ’
658 1529 886 1592 ἐκείνοις
914 1529 1011 1599 μὲν
1043 1528 1303 1599 εὐφρανεῖ
1322 1547 1336 1560 ο
1368 1529 1468 1592 τὰς
1498 1530 1556 1583 δὲ
1584 1531 1731 1601 ἡμᾶς

140 1623 524 1694 κατασχούσας
570 1620 816 1693 ταραχὰς
862 1619 1052 1685 είπὼν,
1087 1620 1217 1684 ἴσως
1266 1620 1563 1693 προσθήσει
1610 1621 1732 1675 τινὰ

139 1716 325 1787 λύπην
345 1715 440 1768 καὶ
458 1713 712 1786 φροντίδα
732 1716 846 1776 τοῖς
865 1714 965 1785 ήδη
997 1714 1438 1783 ὲναποκειμένοις
1461 1716 1527 1784 τῇ
1551 1713 1728 1787 ἀγαθῇ

141 1826 239 1861 σου
274 1807 492 1879 καρδίᾳ.
544 1808 618 1861 Οὐ
675 1809 782 1878 μὴν
827 1806 1099 1878 ἄχρηστον
1143 1806 1204 1859 τὸ
1248 1806 1535 1859 λυπεῖσθαι
1585 1807 1730 1877 ὑμᾶς

137 1903 270 1966 τοὺς
298 1902 631 1974 δυναμένους
657 1901 929 1954 δυσωπεῖν
955 1901 1047 1954 τὸν
1076 1899 1303 1973 Κύριον.
1346 1901 1442 1964 Et;
1476 1900 1591 1953 δέον
1619 1900 1728 1973 γὰρ

140 1996 278 2066 ἡμῖν
305 1995 643 2066 ἀποϐήσεται
675 1995 709 2063 ἡ
747 1993 988 2064 ὑμετέρα
1034 1992 1307 2064 μέριμνα·
1340 1992 1435 2044 καὶ
1476 1987 1595 2045 οἶδα
1644 1992 1726 2045 ὅτι
1755 2032 1799 2087 Β

136 2085 448 2155 τευξόμεθα
475 2085 576 2155 τῆς
601 2083 753 2156 παρὰ
781 2083 876 2137 τοῦ
905 2083 1040 2137 Θεοῦ
1068 2082 1179 2155 (72)
1197 2081 1555 2155 ἀντιλήψεως,
1579 2081 1728 2153 ἔχον-

135 2193 232 2240 τες
281 2176 380 2247 τὴν
443 2175 594 2247 παρὰ
654 2174 763 2228 τῶν
825 2172 1145 2246 προσευχῶν
1197 2173 1352 2245 ὑμῶν
1414 2173 1722 2244 συνεργίαν.

151 2266 283 2320 Ἐὰν
326 2266 384 2319 δὲ
429 2262 659 2336 συνεύξῃ
711 2267 843 2337 ἡμῖν
887 2263 1208 2336 ἀπαλλαγὴν
1249 2264 1358 2318 τῶν
1408 2263 1724 2335 φροντίδων,

135 2358 236 2412 καὶ
273 2357 592 2429 προσθήκην
633 2356 756 2411 τινὰ
786 2359 853 2429 τῇ
886 2356 1114 2425 δυνάμει
1153 2355 1246 2408 τοῦ
1280 2354 1531 2426 σώματος
1563 2353 1723 2425 ἡμῶν

2100 673 2353 746 Pelagio,
2382 675 2624 744 episcopo
2657 672 2938 728 Laodiceae
2962 671 3158 743 Syria.

1900 789 2194 862 Largiatur
2236 797 2291 844 et
2324 788 2460 843 mihi
2492 787 2760 844 Dominus
2807 788 3029 844 tandem
3072 787 3368 857 aliquando
3391 829 3407 854 ,

1829 888 1892 937 ut
1935 883 1993 938 in
2042 888 2401 952 conspectum
2435 880 2667 937 sincerae
2699 889 2807 935 tuae
2850 879 3038 951 pietati
3076 881 3289 933 veniam
3316 919 3331 943 ,
3355 888 3411 935 et

1832 990 1952 1045 qua:
1985 990 2017 1029 a
2050 973 2255 1030 litteris
2297 974 2459 1029 nobis
2497 973 2828 1037 defuerunt,
2860 988 2924 1028 ea
2963 988 3152 1026 coram
3189 973 3409 1042 explea-

1831 1082 1977 1122 mus.
2009 1065 2303 1121 Enimvero
2343 1081 2469 1121 sero
2504 1066 2748 1120 scribere
2779 1065 3029 1137 aggressi
3077 1080 3304 1129 sumus,
3345 1080 3411 1118 ac

1828 1158 1990 1213 valde
2039 1157 2202 1214 nobis
2244 1174 2386 1228 opus
2415 1168 2500 1214 est
2534 1158 2910 1212 excusatione.
2955 1155 3060 1210 Sed
3111 1171 3234 1210 cum
3266 1155 3410 1209 adsit

1831 1249 2340 1307 desideratissimus
2379 1266 2444 1304 ac
2479 1249 2935 1319 religiosissimus
2959 1249 3129 1304 frater
3159 1247 3410 1303 Sanctis-

1832 1343 2006 1399 simus
2033 1344 2471 1414 compresbyter,
2505 1343 2621 1412 ipse
2647 1342 2742 1397 tibi
2774 1342 2955 1396 omnia
2997 1341 3265 1405 narrabit,
3291 1348 3407 1393 tum

1830 1442 2051 1501 nostra,
2081 1441 2197 1487 tum
2229 1449 2351 1502 quae
2367 1434 2437 1488 ab
2457 1432 2775 1488 Occidente.
2808 1433 2887 1486 Ae
2916 1447 3014 1501 per
3041 1432 3158 1485 lucc
3184 1430 3407 1500 quidem

1831 1525 2033 1596 gaudio
2083 1533 2138 1580 te
2188 1525 2386 1579 alliciat
2421 1529 2439 1579 :'
2469 1525 2597 1579 dum
2627 1539 2758 1580 vero
2790 1523 3233 1595 perturbationes
3288 1521 3410 1589 qui-

1832 1617 1934 1672 bus
1990 1631 2424 1681 commovemur,
2477 1617 2578 1670 tibi
2634 1615 2948 1680 nuntiabit,
3002 1614 3145 1669 forte
3198 1611 3408 1683 aliquid

1831 1708 2097 1763 molestia).
2144 1723 2209 1761 ae
2256 1709 2646 1762 sollicitudinis
2701 1709 2923 1777 adjiciet
2982 1707 3067 1760 bis
3126 1721 3247 1775 quae
3291 1705 3407 1774 jam

1831 1801 1976 1856 bono
2000 1810 2096 1855 tuo
2128 1800 2281 1856 cordi
2315 1801 2577 1856 insident.
2608 1799 2730 1854 Non
2762 1806 2943 1853 tamen
2971 1798 3163 1852 inutile
3190 1805 3273 1851 est
3306 1812 3407 1851 vos

1831 1892 2023 1962 aﬂligi,
2063 1893 2155 1962 qui
2210 1892 2499 1947 Dominum
2538 1892 2771 1963 potestis
2810 1892 3050 1961 placare.
3105 1888 3408 1945 Commode

1830 1983 1975 2037 enim
2024 1985 2183 2038 nobis
2229 1985 2387 2040 cedet
2439 1992 2622 2039 vestra
2676 1982 3027 2046 sollicitudo,
3060 1996 3162 2036 nec
3210 1981 3407 2035 dubito

1827 2075 1965 2142 quin
1999 2077 2264 2130 auxilium
2288 2091 2317 2129 a
2354 2078 2461 2131 Deo
2478 2076 2837 2146 accipiamus,
2860 2078 2906 2131 si
2935 2091 3038 2132 nos
3055 2084 3255 2131 vestra:
3280 2091 3409 2145 pre-

1828 2181 1918 2221 ces
1949 2166 2230 2233 adjuvent.
2272 2166 2428 2232 Quod
2463 2167 2508 2222 si
2544 2181 2653 2221 una
2687 2166 2979 2221 nobiscum
3030 2165 3308 2237 preceris,
3345 2171 3407 2220 ut

1828 2257 1978 2314 curis
2015 2256 2339 2320 eximamur,
2375 2264 2430 2312 et
2482 2257 2860 2313 accessionem
2908 2257 3147 2327 aliquam
3192 2257 3406 2311 viribus

1827 2349 2078 2417 corporis
2103 2348 2279 2402 nostri
2309 2349 2592 2417 postules;
2615 2362 2876 2418 prospere
2901 2362 3004 2403 nos
3035 2348 3269 2402 deducet
3299 2346 3408 2400 Βο-

136 2453 372 2523 αἱτήσῃ,
414 2450 771 2505 κατευοδὼσει
813 2450 926 2518 (75)
974 2452 1122 2521 ἡμᾶς
1163 2451 1192 2502 ὁ
1237 2449 1442 2520 Κύριος
1477 2448 1614 2519 πρὸς
1665 2447 1727 2500 τὸ

1838 2440 2009 2495 ninus
2030 2480 2044 2505 ,
2079 2448 2139 2493 ut
2172 2439 2508 2495 desiderium
2532 2448 2781 2494 nostrum
2814 2439 3126 2508 impleatur,
3158 2448 3212 2494 et
3241 2438 3407 2494 urba-

134 2539 236 2611 τὴν
272 2540 569 2612 ἐπιθυμίαν
597 2542 733 2612 ἡμῖν
762 2539 1202 2611 ὲκπληρωθῆναι,
1244 2539 1339 2592 κα)⁹
1371 2542 1450 2601 είς
1478 2538 1599 2608 ὄψιν
1629 2536 1720 2590 ἐλ-

137 2628 256 2685 θεῖν
287 2634 355 2702 τῇ
384 2630 705 2703 κοσμιότητι
744 2647 836 2683 σου
879 2630 1018 2702 (74).

660 2743 1007 2796 ΕΠΙΣΤΟΛΗ
1046 2742 1135 2795 ΣΝ
1138 2740 1192 2795 Ε
1201 2782 1215 2796 .

1822 2531 1987 2585 uitali
2018 2540 2125 2586 tuae
2151 2531 2209 2585 in
2247 2541 2609 2602 conspectum
2639 2531 2951 2586 veniamus.

2202 2739 2367 2810 39o
2403 2714 2744 2793 EPISTOLA
2779 2737 2958 2795 CCLV

916 2850 1199 2916 Honori/ica
1221 2850 1447 2903 salutatio
1469 2865 1557 2918 per
1582 2848 1948 2902 Sanctissimum
1973 2847 2034 2899 ab
2059 2848 2316 2900 Occidente
2337 2848 2632 2901 redeuntem.

450 2968 604 3033 Βίτῳ
633 2966 745 3038 (75)
765 3007 781 3034 ,
808 2966 1122 3030 ἐπισκόπῳ
1147 2964 1415 3034 Καρῤὥν.

205 3054 338 3109 Εῐθε
390 3050 459 3125 ἦν
497 3071 587 3125 μοι
639 3053 866 3107 δυνατὸν
918 3053 1014 3106 καὶ
1069 3052 1190 3106 καθ’
1225 3054 1461 3125 ἑκάστην
1514 3054 1725 3127 ἡμέραν

132 3147 483 3202 ἐπιστέλλειν
513 3150 580 3218 τῇ
624 3145 883 3215 εὐλαϐείᾳ
915 3161 1031 3197 σου.
1074 3144 1197 3213 ΔἈφ’
1231 3136 1292 3197 οὗ
1336 3144 1445 3217 γὰρ
1483 3147 1563 3209 εἰς
1606 3148 1726 3199 πεῖ-

136 3254 241 3310 ραν
293 3231 458 3307 ἦλθον
496 3236 597 3306 τῆς
642 3236 865 3303 ἀγάπης
899 3250 1028 3299 σου,
1072 3234 1239 3287 πολὺν
1284 3234 1392 3304 ἔχω
1434 3236 1523 3289 τὸν
1563 3236 1725 3289 πόθον

137 3330 384 3401 μάλιστα
422 3330 519 3399 μὲν
552 3327 644 3380 τοῦ
681 3327 986 3395 συνδιάγειν
1019 3344 1135 3389 σοι,
1171 3327 1302 3380 εἰδὲ
1340 3328 1412 3400 μὴ
1434 3369 1448 3394 ,
1475 3329 1725 3382 ἐπιστέλ-

136 3422 255 3476 λειν
284 3422 416 3490 γοῦν
450 3421 539 3472 καὶ
572 3419 824 3490 δέχεσθαι
858 3419 1196 3490 γράμματα,
1231 3419 1317 3472 ἵνα
1362 3420 1468 3490 ἔχω
1502 3421 1597 3474 κοιλ⁹
1630 3439 1727 3494 ση-

141 3516 361 3588 μαίνειν
413 3513 483 3566 τὰ
531 3512 652 3566 κατ’
685 3511 923 3583 ἐμαυτὸν
953 3552 966 3574 ,
1002 3512 1095 3564 καὶ
1137 3512 1429 3581 μανθάνειν
1482 3512 1548 3564 τὰ
1601 3515 1728 3584 περὶ

145 3609 237 3678 τῆς
269 3604 563 3669 διαθέσεὼς
598 3622 714 3659 σου.
763 3603 980 3675 Ἐπειδὴ
1017 3603 1128 3675 (76)
1164 3604 1220 3657 δὲ
1254 3605 1350 3674 οὐχ
1388 3605 1488 3657 ὅσα
1538 3606 1728 3675 βουλό-

141 3698 285 3770 μεθα
335 3699 571 3767 ὑπάρχει
636 3697 810 3766 ἡμῖν,
860 3695 976 3748 ἀλλ’
1025 3697 1127 3749 ὅσα
1182 3695 1210 3746 ὁ
1261 3696 1465 3766 Κύριος
1520 3696 1725 3763 δίδωσι,

144 3791 313 3846 ταῦτα
347 3790 635 3860 ὀφείλομεν
685 3787 932 3859 δέχεσθαι
983 3790 1099 3858 μετ’
1136 3787 1519 3859 εὐχαριστίας’
1557 3790 1730 3861 ηὐχα-

138 3885 480 3956 ριστησαμεν
511 3880 590 3951 τῷ
640 3880 780 3950 ἁγίῳ
824 3877 944 3950 Θεῷ
978 3879 1380 3950 παρασχομένῳ
1414 3881 1544 3950 ἡμῖν
1596 3881 1730 3933 ὑπό-

137 3974 292 4028 θεσιν
342 3972 687 4044 γραμμάτων
748 3971 884 4042 πρὸς
943 3969 1041 4041 τὴν
1098 3970 1385 4024 εὐλάϐειαν
1436 3988 1529 4024 σου
1562 4013 1575 4036 ,
1627 3973 1728 4043 τὴν

138 4067 329 4136 ἄφιξιν
368 4064 463 4117 τοῦ
504 4064 889 4118 ποθεινοτάτου
923 4065 1017 4116 καὶ
1066 4063 1462 4117 εὐλαϐεστάτου
1494 4064 1726 4134 ἀδελφοῦ

139 4157 303 4228 ἡμῶν
340 4155 744 4225 Σαγκτισσίμου
792 4154 886 4206 τοῦ
936 4153 1458 4226 συμπρεσὸυτέρουο
1499 4154 1558 4217 ὃς
1581 4197 1595 4219 ,
1631 4173 1729 4208 πο..

140 4249 238 4303 λὺν
273 4247 516 4311 ὑποστὰς
545 4249 602 4302 ἐν
630 4249 696 4317 τῇ
736 4245 1016 4316 ὁδοιπορίᾳ
1041 4246 1134 4298 τὸν
1165 4246 1334 4299 κόπον
1366 4247 1478 4317 (77)
1500 4286 1514 4309 ,
1549 4248 1727 4303 πάντα

137 4340 464 4413 διηγήσεταί
505 4357 586 4393 σοι
616 4341 732 4409 μετ’
774 4338 1060 4410 ἀκριϐείας
1096 4340 1196 4391 ὅσα
1238 4339 1536 4393 κατέλαϐεν
1564 4341 1621 4393 ἐν
1658 4343 1724 4411 τῇ

136 4430 320 4487 Δύσει.
360 4429 532 4499 Ὑπὲρ
567 4420 642 4482 ὧν
680 4429 775 4481 καὶ
806 4429 1150 4499 εὐχαριστεῖν
1187 4427 1474 4498 ὀφείλομεν
1506 4427 1583 4498 τῷ
1616 4430 1728 4481 Κυ-

140 4523 243 4593 ρίῳ
266 4560 283 4584 ,
332 4519 430 4572 καὶ
484 4521 810 4589 προσκυνεῖν
857 4517 1053 4579 αὐτὸν,
1093 4519 1179 4571 ἵνα
1212 4517 1287 4588 δῷ
1321 4519 1415 4571 καὶ⁸
1454 4520 1585 4590 ἡμῖν
1624 4520 1725 4590 τὴν

136 4613 310 4681 αὐτὴν
334 4610 576 4682 είρήνην,
602 4610 699 4662 καὶ
729 4609 1093 4680 ἀπολάϐωμεν
1124 4610 1389 4679 ἀλλήλους
1426 4613 1543 4680 μετ’
1571 4611 1723 4663 ἐλευ-

2242 2962 2379 3028 Vita,
2401 2963 2726 3018 Carr/torum
2741 2964 3001 3032 episcopo.

1897 3053 2118 3109 Utinam
2161 3070 2379 3125 possem
2425 3054 2590 3109 etiam
2635 3054 2886 3125 quotidie
2925 3055 3170 3111 scribere
3218 3056 3406 3128 pietati

1826 3148 1973 3201 tuae!
2008 3146 2087 3201 Ex
2131 3162 2240 3217 quo
2287 3148 2432 3202 enim
2478 3148 2872 3217 experientiam
2924 3149 3043 3218 cepi
3092 3148 3405 3205 dilectionis

1828 3247 1953 3303 tuae,
1987 3239 2338 3294 vehementer
2367 3254 2504 3293 aveo
2535 3239 2772 3292 maxime
2800 3240 3021 3309 quidem
3056 3248 3235 3296 tecum
3267 3259 3407 3298 ver-

1832 3328 1986 3393 sari;
2037 3329 2127 3384 sin
2178 3330 2383 3392 minus,
2423 3330 2636 3384 litteras
2680 3329 2873 3384 saltem
2928 3332 3148 3387 mittere
3171 3341 3224 3387 et
3258 3335 3407 3389 acci-

1828 3436 1980 3492 pere,
2019 3428 2079 3475 ut
2127 3436 2324 3491 queam
2375 3429 2428 3476 et
2479 3438 2566 3477 res
2618 3430 2840 3478 nostras
2890 3424 2988 3478 tibi
3032 3425 3299 3489 indicare,
3350 3436 3406 3482 et

1828 3513 2104 3585 quomodo
2140 3523 2193 3569 te
2236 3514 2441 3569 habeas
2486 3513 2719 3570 discere.
2772 3513 2878 3570 Sed
2923 3517 3050 3586 quia
3100 3533 3209 3572 non
3254 3535 3405 3588 qna:-

1828 3622 2047 3677 cunque
2101 3606 2357 3660 volumus
2422 3606 2583 3661 nobis
2638 3606 2862 3672 adsunt,
2920 3608 3015 3663 sed
3061 3626 3405 3680 qumcunque

1828 3699 1974 3755 Deus
2029 3699 2164 3765 dat,
2224 3713 2350 3753 eum
2402 3700 2705 3769 gratiarum
2767 3701 2986 3756 actione
3050 3704 3404 3773 suscipienda

1829 3798 1994 3857 sunt;
2045 3789 2255 3860 gratias
2295 3790 2381 3859 egi
2426 3799 2620 3846 sancto
2654 3790 2787 3855 Deo,
2825 3794 2917 3863 qui
2966 3794 3102 3848 mibi
3151 3795 3219 3848 ad
3252 3806 3403 3851 tuam

1826 3882 2083 3951 pietatem
2136 3881 2415 3936 scribendi
2471 3882 2818 3938 occasionem
2866 3885 3120 3953 praebuit,
3165 3887 3401 3944 adventu

1827 3973 2285 4043 desideratissimi
2310 3988 2375 4027 ac
2405 3974 2813 4044 religiosissimi
2843 3975 3034 4031 fratris
3059 3980 3233 4033 nostri
3267 3979 3402 4035 San-

1827 4064 2058 4118 ctissimi
2093 4065 2528 4135 eompresbyteri
2562 4080 2576 4118 :
2610 4066 2704 4135 qui
2740 4068 2970 4123 multum
3006 4085 3302 4139 perpessus
3343 4074 3403 4129 in

1828 4153 2169 4209 conﬁciendo
2217 4155 2412 4210 itinere
2448 4156 2723 4218 laborem.
2784 4160 2969 4213 omnia
3007 4162 3107 4215 tibi
3143 4172 3404 4218 accurate

1826 4253 2100 4315 exponet,
2146 4261 2490 4317 quaecunque
2527 4249 2582 4302 in
2616 4248 2909 4306 Occidente
2949 4253 3279 4310 observavit.
3313 4255 3397 4311 Ob

1826 4352 1950 4404 qua:
1982 4336 2246 4391 debemus
2269 4344 2325 4391 et
2354 4336 2587 4393 Domino
2609 4348 2793 4410 grates
2822 4342 3145 4412 rependere,
3178 4352 3235 4400 et
3272 4362 3402 4401 eum

1826 4427 2092 4493 adorare,
2128 4437 2191 4482 ut
2231 4428 2323 4483 det
2350 4436 2406 4483 et
2446 4431 2607 4486 nobis
2640 4447 2830 4501 pacem
2872 4434 3141 4500 eamdem,
3190 4452 3403 4509 nosque

1824 4521 2061 4576 invicem
2108 4534 2235 4573 cum
2281 4520 2537 4577 libertate
2577 4524 2930 4592 recipiamus.
2977 4526 3401 4585 Fraternitatem

1825 4623 2040 4664 onmem
2065 4616 2258 4663 nostro
2291 4611 2516 4667 nomine
2545 4613 2746 4668 saluta.
2798 4676 2805 4680 ,

138 4705 346 4779 θερίας.
384 4703 571 4757 Πᾶσαν
608 4703 708 4773 τὴν
742 4706 799 4757 ὲν
844 4702 1064 4775 Χριστῷ
1103 4703 1440 4774 ἀδελφότητα
1486 4703 1732 4756 ἄσπασαι
1765 4703 1895 4776 παρ’
1926 4703 2102 4775 ἡμῶν.

218 4860 333 4930 (69)
365 4860 668 4938 (laxarten
688 4857 1206 4938 consentiunt'cum
1236 4858 1401 4938 editis
1432 4858 1487 4911 in
1520 4857 1625 4938 hoc
1654 4858 1723 4911 ti-

1838 4859 2004 4938 lices.
2036 4858 2183 4938 Fidjti
2215 4862 2480 4938 αἰτήσεις,
2503 4862 2603 4938 -ἴνα
2631 4865 2993 4938 κατευοδὼσῃ.

142 4926 260 4986 tulo
288 4926 511 4985 codices
540 4926 951 4998 antiquissimi.
983 4926 1151 4998 Cois].
1186 4930 1463 4983 secundus
1501 4935 1555 4981 et
1588 4927 1718 4997 Reg.

144 4999 425 5057 secundus
467 4996 718 5069 Πελαγίῲ
749 4997 1086 5060 Λαοδικείας.
1126 4996 1256 5069 Reg.
1299 5000 1509 5069 primus
1553 4996 1725 5051 Πελά-

137 5072 244 5140 γίῳ
273 5070 577 5139 ἐπισκόπῳ.

208 5124 325 5211 (70)
350 5124 560 5211 Πολλῆ
581 5138 742 5208 ἡμῖν.
770 5136 861 5192 Sic
886 5136 1053 5211 Coisl.
1078 5137 1289 5206 primus
1315 5147 1365 5191 et
1389 5137 1552 5199 Med.,
1573 5139 1721 5211 quod

140 5208 566 5279 meliusivisum
601 5215 688 5263 est
719 5223 883 5277 quam
927 5208 1147 5279 vulgata
1194 5211 1467 5276 scriptura
1519 5210 1722 5279 πολλῆς

140 5282 295 5350 ἡμῖν.
334 5278 662 5349 Quanquam
704 5286 818 5331 tota
849 5292 938 5333 res
967 5278 1119 5347 parvi
1153 5279 1436 5344 momenti,
1482 5294 1583 5332 nec
1607 5278 1722 5332 ma-

139 5365 309 5419 gnum
334 5352 653 5419 discrimen.

213 5420 328 5491 (71)
368 5417 662 5491 Ἠμέτερα.
711 5416 855 5472 Editi
905 5417 1112 5473 addunt
1143 5417 1211 5472 τὰ
1255 5418 1577 5491 παρεθέντα,
1621 5418 1718 5475 sed

139 5488 257 5543 haec
290 5488 495 5545 desunt
520 5489 573 5542 in
606 5497 810 5556 septem
843 5503 977 5542 mss.

214 5560 328 5631 (72)
364 5560 531 5631 Παρῤ
553 5558 659 5631 τοῦ
701 5558 1001 5631 Θεοῦᾏιιιι-
1022 5557 1170 5631 Harl.
1206 5573 1331 5631 cum
1364 5558 1538 5613 tribus
1568 5559 1708 5631 aliis.

140 5628 368 5699 Legitur
398 5633 452 5683 in
485 5628 739 5683 Medicam
768 5636 823 5682 et
860 5628 1026 5683 Coisl.
1048 5630 1242 5697 ‘primo
1270 5629 1370 5697 τῆς
1403 5632 1525 5699 παρτ
1549 5629 1711 5681 αὐτοῦ

139 5700 499 5771 ἀντιλήψεως.

216 5767 614 5841 (75)Ὰίτήσῃ.
642 5767 1056 5826 κατευοδὼσει.
1099 5767 1176 5821 lta
1220 5784 1410 5824 novem
1458 5785 1588 5825 mss.
1626 5786 1717 5825 co-

1899 4930 2011 4998 (74)
2046 4929 2125 4998 Τῇ
2165 4933 2512 4999 κοσμιότητί
2565 4948 2700 4986 σου.
2752 4929 3055 4990 Ριοιιυιίἶρη
3106 4938 3293 4993 deerat
3346 4942 3400 4995 in

1826 5000 2064 5078 editione
2089 5003 2112 5053 1
2133 5000 2319 5078 Γενίβ.
2350 5002 2570 5071 Legitur
2595 5005 2649 5056 in
2668 5004 2922 5061 Medicam
2943 5016 2996 5060 et
3022 5005 3188 5063 Coisl.
3222 5010 3401 5078 primo

1824 5070 1931 5141 1:7];
1953 5071 2319 5141 κοσμιότητός
2340 5070 2451 5125 σου.

1898 5139 2244 5218 (75)-Ιιέίτῳἱ
2293 5139 2722 5218 (_30d.__(llarom.
2758 5146 2928 5218 Τίτῳ.
2974 5146 3134 5218 et_ad
3199 5150 3400 5218 margi-

1824 5210 2146 5281 nemdBiztp.
2198 5210 2387 5281 Codex
2430 5210 2719 5268 Medichs
2779 5210 2970 5281 Βίττιρ.
3019 5215 3219 5270 Ibidem
3267 5210 3396 5273 editi

1826 5279 2047 5353 ξςαρῶν.
2074 5278 2492 5353 ΔΗειιῂηιίεςίιιε
2525 5293 2771 5353 uterque,
2819 5278 2986 5339 Coisl.
3026 5287 3301 5342 secundus
3344 5298 3400 5345 et

1823 5347 1996 5424 Bigot.
2037 5350 2171 5424 alter
2204 5347 2401 5424 habent
2436 5347 2690 5424 Καρρῶν.

1894 5418 2319 5497 (76)-’Ἐπειδτῇ
2372 5423 2447 5497 l_ta
2497 5418 2668 5488 Hdrl.,
2703 5423 2871 5480 Coisl.
2939 5432 3167 5497 uterque
3203 5435 3259 5483 et
3303 5428 3396 5483 alii

1821 5482 2083 5542 nonnulli.
2110 5489 2249 5542 Editi
2276 5482 2415 5543 ἐπεί.

1890 5559 2001 5640 (7.7)
2040 5561 2261 5613 Κόττον.
2291 5560 2458 5616 Coisl.
2494 5561 2702 5631 primus
2732 5569 2787 5618 et
2834 5564 2973 5621 Med.
3013 5569 3273 5636 κίνδυνον,
3303 5585 3394 5640 pe-
3482 5572 3487 5575 ’

1819 5629 2062 5683 riculum.

1897 5705 1913 5722 '
1948 5701 2097 5754 Alias
2127 5698 2330 5770 CCCX?!
2384 5699 2597 5770 Scripta
2628 5718 2772 5756 anno
2799 5704 2920 5759 576.

1899 5774 1934 5792 “
1968 5771 2115 5825 Alias
2147 5769 2416 5824 (ZCCXIV.
2452 5769 2665 5841 Scripta
2717 5789 2859 5829 anno
2895 5777 3012 5832 576.
