3856 6224
429 306 535 363 945

898 419 1242 479 EPISTOLA
1274 418 1480 476 CCLV]
1512 420 1551 473 ‘.

1740 296 1799 353 S.
1840 294 2088 353 BASlLll
2123 295 2343 355 MAGNI

3593 301 3690 357 9H

2628 421 2973 476 ΕΠΙΣΤΟΛΗ
3018 422 3202 489 ΣΝεῖν.

432 542 553 590 Cum
586 534 802 604 audisset
839 531 1071 604 Bas-ilius
1089 530 1436 604 monachorum
1471 527 1617 604 ardes
1638 527 1700 604 ab
1723 525 2076 604 Atrianisjigne
2099 543 2371 604 succensas,
2410 529 2961 604 futurumnsperabatut
2981 531 3047 604 ad
3067 545 3120 604 se
3142 528 3693 604 inimumnisronfag‘ef

491 605 619 661 rem.
634 600 734 649 Sed
760 609 870 661 cum
891 593 1034 661 id_eis
1054 592 1105 661 in
1123 599 1326 661 mentem
1347 605 1443 661 ῃοῃ
1466 589 1688 661 venisset,
1714 589 1881 661 saltem
1901 591 1966 639 ad
1986 589 2078 641 'eos
2098 590 2325 661 hortandi
2358 589 2514 661 causa
2552 589 2764 643 scribere
2785 590 3018 661 cupiebat.
3066 593 3284 661 Tandem
3309 593 3404 661 hoc
3419 591 3489 643 eis
3512 589 3692 661 cal-hibet

491 658 722 724 ofﬁcium,
761 657 919 709 oblata
936 655 1163 722 facultate
1200 652 1504 706 εστωιὶεεὶηή
1544 652 1839 716 presbyteri,
1871 664 2046 716 eosque
2076 654 2348 704 consolatur
2373 667 2458 718 spe
2478 652 2658 718 futura:
2688 652 2947 712 mercedis,
2967 661 3084 705 etut
3108 668 3200 720 pro
3221 652 3436 705 Ecclesia
3457 661 3594 704 orent
3609 656 3693 703 ad-

489 720 727 772 hortatur.

435 826 922 887 Desideratissimis
946 833 997 879 et
1022 822 1443 893 religiosissimis
1465 819 1730 893 fratribus
1778 836 2015 890 compre-

2129 824 2254 892 Τοῖς
2287 824 2733 892 ποθεινοτάτοις
2774 826 2872 878 καί
2908 823 3374 890 εὐλαϐεστάτοις
3411 823 3697 893 ἀδελφοῖς

502 891 1182 973 sbyteris_Acacio,-Aetio,
1210 892 1404 973 Paulo.
1442 902 1493 973 et
1528 891 1748 973 §ilvauo
1771 933 1786 957 ,
1823 901 1873 945 et
1902 892 2015 947 Sil.

502 962 621 1027 uitio
641 980 691 1024 et
723 967 888 1021 Lucio
934 965 1174 1018 diaconis
1216 972 1266 1017 et
1306 964 1512 1017 ca’leris
1537 962 1803 1031 fratribus
1832 979 2017 1016 mona-

503 1042 637 1103 chis,
668 1038 910 1095 Basilius
938 1037 1230 1105 episcopus.

502 1242 617 1314 Ego
654 1254 780 1296 cum
831 1236 1111 1292 audissem
1145 1234 1524 1289 vehementem
1570 1233 1719 1287 illam
1755 1249 2017 1305 persecu-

432 1337 637 1390 tionem
689 1346 812 1402 quae
842 1329 899 1383 in
954 1343 1053 1383 vos
1106 1326 1347 1381 excitata
1404 1332 1510 1390 est,
1567 1333 1621 1381 et
1672 1327 1857 1382 statim
1891 1333 2016 1398 post

432 1425 646 1482 Pascha
673 1438 791 1487 eos,
824 1421 919 1491 qui
954 1420 1023 1475 ad
1049 1418 1263 1488 judicia
1292 1424 1348 1473 et
1377 1433 1592 1489 pugnas
1619 1419 1944 1488 jejunarunt
1972 1421 2013 1487 ι,

432 1516 633 1573 vestris
656 1512 1035 1569 tabernaculis
1071 1512 1552 1581 supervenientes.
1578 1511 1690 1581 igni
1721 1512 2016 1569 tradidisse

430 1608 652 1662 labores
681 1610 917 1665 vestros,
950 1600 1108 1654 vobis
1136 1598 1358 1670 quidem
1393 1599 1736 1654 domicilium
1774 1600 1829 1654 in
1857 1602 2015 1658 caelis

431 1715 543 1755 non
572 1696 951 1752 manufactum
985 1698 1381 1763 praeparantes,
1415 1691 1519 1746 sibi
1547 1706 1679 1745 vero
1717 1691 1862 1762 ignis
1890 1692 2013 1747 the-

433 1805 661 1847 saurum
696 1795 1106 1858 comparantes,
1138 1798 1250 1853 quo
1294 1782 1362 1836 ad
1400 1782 1559 1837 vobis
1589 1781 1898 1838 nocendum
1927 1785 2014 1839 usi

432 1892 596 1949 sunt;
626 1878 866 1950 ingemui
896 1892 963 1932 ex
1001 1875 1108 1930 hoc
1135 1881 1364 1937 eventu,
1404 1889 1514 1927 non
1541 1875 1743 1939 vestri,
1778 1874 1977 1931 fratres
1996 1916 2012 1941 ,

431 1971 950 2030 commiserescens,
983 1966 1156 2021 absit!
1203 1963 1301 2020 sed
1338 1979 1528 2019 eorum
1569 1966 1663 2033 qui
1697 1965 1774 2019 ita
1811 1974 1940 2019 sunt
1982 1981 2014 2019 a

435 2062 647 2117 malitia
683 2059 950 2128 absorpti,
992 2064 1050 2111 ut
1080 2072 1146 2111 eo
1182 2071 1353 2126 usque
1384 2056 1685 2125 nequitiam
1723 2071 1880 2111 suam
1912 2072 2012 2112 ex-

435 2153 734 2210 tenderint.
766 2150 1042 2205 Futurum
1088 2156 1269 2203 autem
1297 2148 1703 2216 exspectabam,
1737 2156 1797 2202 ut
1827 2149 2016 2203 confe-

2189 895 2743 965 συμπρεσϐυτέροις
2764 895 2875 964 (78)
2919 895 3179 959 Ἀκακίῳ,
3227 895 3450 965 Ἀετίῳ,
3481 897 3696 961 Παύλῳ

2188 964 2286 1021 καὶ
2323 965 2665 1032 Σιλουάνῳ,
2703 965 2803 1019 καὶ
2843 966 3138 1029 Σιλουίνῳ
3166 964 3299 1031 (79),
3337 965 3434 1017 καί
3466 969 3699 1030 Λουκίῳ

2188 1036 2490 1101 διακόνοις
2540 1036 2638 1089 καὶ
2690 1037 2926 1100 λοιποῖς
2970 1034 3339 1104 μονάζουσιν
3389 1036 3697 1104 ἀδελφοῖς,

2192 1106 2509 1171 Βασίλειος
2537 1106 2892 1172 ἐπίσκοπος.

2199 1216 2343 1286 Ἐγὼ
2361 1257 2376 1281 ,
2406 1190 2647 1282 ὀίκούσας
2678 1218 2769 1270 τὸν
2796 1217 2966 1289 βαρὺν
3004 1190 3210 1270 ἐκεῖνον
3238 1216 3475 1287 διωγμὸν
3500 1220 3704 1271 ἐπανα-

2119 1306 2321 1360 στάντα
2356 1308 2515 1376 ὑμῖν,
2554 1307 2648 1360 καὶ
2679 1306 2761 1359 ὅτι
2801 1307 3006 1370 εὐθέως
3038 1307 3178 1377 μετὰ
3210 1306 3271 1359 τὸ
3317 1306 3511 1376 Πάσχα
3544 1309 3594 1360 οἱ
3626 1311 3704 1369 εἰς

2116 1398 2328 1470 κρίσεις
2362 1398 2457 1452 κα)⁸
2490 1400 2670 1470 μάχας
2716 1398 3146 1470 νηστεύσαντες,
3195 1398 3518 1462 ἐπελθόντες
3549 1400 3702 1468 ὑμῶν

2113 1493 2234 1554 ταῖς
2283 1494 2508 1563 σκηναῖς
2532 1532 2547 1556 ,
2590 1492 2725 1563 πυρὶ¹
2763 1491 3087 1561 παρέδωκαν
3123 1491 3250 1554 τοὺς
3291 1492 3489 1554 πόνους
3523 1491 3697 1561 ὑμῶν,

2115 1583 2245 1652 ὑμῖν
2281 1584 2379 1655 μὲν
2421 1585 2520 1656 τὴν
2572 1585 2631 1640 ἐν
2668 1586 2918 1657 οὐρανοῖς
2952 1587 3129 1640 οἰκίαν
3157 1585 3255 1656 τὴν
3285 1585 3700 1657 ἀχειροποίητον

2113 1679 2528 1750 εὐτρεπίζοντες
2547 1720 2562 1743 ,
2611 1682 2822 1743 ἑαυτοῖς
2856 1680 2913 1734 δὲ
2941 1681 3003 1734 τὸ
3036 1681 3149 1751 πῦρ
3180 1679 3627 1751 θησαυρίζοντες,
3655 1672 3700 1744 ᾧ

2114 1772 2193 1833 είς
2245 1771 2345 1842 τὴν
2391 1772 2512 1824 καθ’
2560 1772 2717 1842 ὑμῶν
2781 1773 3086 1844 ἐχρήσαντο
3139 1771 3344 1843 βλάϐην
3370 1812 3384 1837 ,
3438 1771 3701 1835 ἔστέναξα

2117 1861 2218 1929 μὲν
2255 1863 2348 1915 ἐπὶ
2395 1861 2473 1932 τῷ
2521 1862 2790 1933 συμϐάντι
2815 1903 2829 1927 ,
2863 1866 2962 1935 οὺχ
3017 1866 3145 1935 ὑμῖν
3186 1864 3465 1932 συναλγῶν
3490 1902 3505 1925 ,
3543 1864 3699 1916 ἁδελ-

2114 1954 2238 2021 φοὶ,
2296 1953 2371 2025 μὴ
2421 1954 2664 2023 γένοιτοῑ
2708 1955 2843 2009 ἀλλά
2890 1960 3005 2020 τοῖς
3055 1957 3197 2010 οὕτω
3242 1955 3701 2009 καταδαπτισθείο

2115 2062 2199 2099 σιν
2228 2044 2340 2115 (80)
2390 2047 2494 2100 ὑπὸ
2532 2046 2635 2117 τῆς
2678 2050 2913 2114 κακίας,
2943 2048 3085 2101 ὥστε
3118 2049 3281 2121 μέχρι
3314 2049 3575 2102 τοσούτου
3602 2049 3702 2117 τὴν

2113 2136 2321 2191 ἑαυτῶν
2365 2140 2629 2211 πονηρίαν
2674 2141 2913 2195 ἐκτεῖναι
2939 2158 2953 2172 ·
2990 2142 3369 2212 προσεδόκησα
3406 2140 3465 2194 δὲ
3497 2139 3701 2201 εὐθέως

434 2244 563 2301 stim
591 2243 659 2298 ad
692 2253 944 2313 paratum
973 2239 1305 2311 perfugium,
1339 2239 1703 2294 humilitatem
1738 2251 2008 2306 nostram,

2129 2230 2197 2297 ;φ’
2248 2230 2471 2301 ἑτοίμην
2521 2232 2845 2303 καταφυγὴν
2897 2232 2996 2303 τὴν
3052 2233 3330 2302 ἡμετέραν
3366 2232 3705 2285 ταπείνωσιν

432 2351 627 2392 omnes
662 2334 1071 2396 accurreretis;
1119 2331 1525 2401 sperabamque
1566 2330 1825 2386 daturum
1879 2333 2013 2387 mihi

432 2425 726 2483 Dominum
752 2441 819 2480 ex
848 2431 1036 2481 vestro
1058 2424 1349 2503 complexu
1378 2423 1801 2493 respirationem
1830 2440 1859 2477 a
1882 2440 2015 2478 con-

433 2518 603 2574 tinuis
631 2512 913 2573 doloribus
933 2557 948 2581 ,
980 2532 1177 2586 meque
1210 2516 1535 2586 praeclarum
1560 2516 1711 2570 illum
1736 2516 2012 2581 sudorem,

432 2623 596 2679 quem
628 2622 731 2678 pro
752 2608 982 2662 veritate
1006 2606 1251 2672 stillatis,
1276 2606 1379 2660 hoc
1411 2606 1573 2661 inerti
1597 2622 1830 2677 corpore
1853 2606 2012 2661 exci-

434 2703 698 2773 pientem,
732 2699 1109 2770 praemiorum,
1144 2712 1265 2768 qua:
1293 2698 1450 2752 vobis
1486 2712 1517 2751 a
1550 2697 1803 2752 veritatis
1828 2697 2016 2766 judice

433 2795 674 2865 reposita
703 2800 865 2858 sunt,
916 2792 975 2845 in
1017 2798 1227 2860 partem
1279 2790 1519 2861 aliquam
1554 2798 1871 2845 venturum.
1909 2788 2017 2843 Sed

434 2882 562 2953 quia
609 2881 664 2935 id
692 2881 851 2936 vobis
902 2896 972 2935 ne
1024 2881 1081 2934 in
1131 2888 1371 2934 mentem
1421 2879 1642 2949 quidem
1689 2880 1861 2942 venit,
1915 2895 2017 2933 nec

433 2973 736 3043 quidquam
776 2986 806 3024 a
857 2971 1019 3025 nobis
1065 2972 1424 3040 exspectastis
1477 2970 1682 3037 solatii,
1730 2970 2017 3041 cupiebam

435 3063 633 3119 saltem
665 3060 986 3132 frequentes
1017 3060 1086 3115 ad
1117 3076 1216 3115 vos
1242 3060 1401 3131 39],
1456 3061 1737 3116 scribendi
1772 3062 2019 3116 invenire

435 3152 786 3215 occasiones,
829 3157 889 3205 ut
931 3166 1081 3204 more
1107 3166 1298 3204 eorum
1330 3151 1423 3219 qui
1460 3152 1802 3205 certantibus
1832 3153 2016 3205 accla-

439 3249 617 3305 mant,
654 3255 756 3312 ego
789 3240 955 3294 etiam
990 3239 1200 3309 aliquid
1231 3241 1392 3294 vobis
1419 3257 1516 3310 per
1547 3242 1761 3295 litteras
1787 3242 1855 3294 ad
1888 3242 2018 3296 boni

434 3333 606 3388 vestri
645 3331 967 3387 certaminis
1000 3332 1279 3384 hortatum
1315 3332 1632 3386 clamarem.
1672 3331 1776 3387 Sed
1817 3349 1886 3388 ne
1914 3334 2018 3388 hoc

436 3425 656 3497 quidem
687 3424 846 3478 nobis
881 3421 1043 3477 facile
1077 3421 1180 3477 fuit
1210 3422 1350 3478 duas
1380 3423 1451 3476 ob
1483 3438 1717 3478 causas:
1755 3425 2014 3494 primum,

435 3517 581 3589 quod
614 3515 709 3570 ubi
755 3513 1032 3585 degeretis
1074 3513 1672 3622 ingnorabamfndeinde
1718 3514 1865 3584 quod
1906 3530 2017 3569 non
2044 3565 2087 3622 Ο

435 3608 593 3663 multi
627 3607 758 3661 hinc
775 3606 844 3661 ad
864 3621 961 3661 vos
975 3604 1421 3676 proﬁciscantur.
1444 3603 1554 3660 Sed
1584 3622 1729 3661 nunc
1756 3607 2017 3664 Dominus

436 3700 666 3755 adduxit
727 3699 890 3754 nobis
941 3697 1470 3753 desideratissimum
1534 3713 1598 3753 ac
1661 3699 2019 3768 religiosissi-

437 3808 585 3845 mum
620 3790 842 3845 fratrem
865 3789 1288 3845 Sanctissimum
1305 3797 1359 3845 et
1374 3790 1901 3860 compresbyteruni,
1924 3806 2023 3860 per

435 3899 597 3956 quem
633 3892 687 3938 et
713 3890 953 3939 vestram
976 3883 1300 3938 cbaritatem
1331 3882 1533 3949 saluto,
1561 3888 1616 3936 et
1667 3880 1930 3935 adhortor
1960 3888 2020 3936 ut

434 3993 535 4047 pro
583 3976 742 4031 nobis
770 3975 1068 4047 precemini
1103 3977 1349 4030 laetantes
1387 3982 1440 4029 et
1471 3973 1832 4037 exsultantes,
1871 3976 2020 4045 quod

436 4084 647 4124 merces
670 4079 853 4123 vestra
883 4069 1052 4122 multa
1074 4068 1243 4123 est'in
1278 4067 1434 4122 cmlis
1466 4067 1486 4096 ¹
1523 4084 1536 4120 :
1567 4075 1620 4120 et
1649 4066 1780 4135 quia
1803 4066 1872 4119 ad
1904 4065 2013 4121 Do-

435 4161 643 4219 minum
678 4158 939 4230 loquendi
973 4160 1189 4214 habetis
1224 4159 1509 4241 ﬁduciam.
1543 4174 1613 4213 ne
1635 4159 2015 4215 intermittatis

435 4262 599 4307 noctu
632 4266 699 4307 ac
731 4250 967 4307 interdiu
991 4249 1059 4304 ad
1093 4250 1271 4319 ipsum
1296 4249 1558 4312 clamare,
1589 4256 1649 4302 ut
1679 4249 1797 4304 hate
1823 4249 2013 4305 Eccle-

434 4347 643 4403 siarum
666 4346 887 4402 sedetur
900 4345 1159 4414 procella,
1179 4341 1320 4411 plebi
1339 4340 1639 4394 reddantur
1656 4348 1931 4410 pastores,
1960 4349 2016 4397 et

430 4438 684 4495 Ecclesia
713 4439 780 4492 ad
806 4452 962 4493 suam
1000 4437 1176 4506 ipsius
1202 4436 1523 4505 dignitatem
1556 4443 1888 4490 revertatur.
1917 4435 2016 4491 Est

428 4532 583 4586 enim
617 4530 748 4584 mihi
770 4544 1116 4600 persuasum,
1144 4529 1190 4582 si
1212 4527 1376 4581 modo
1400 4526 1708 4595 reperiatur
1738 4541 1864 4590 vox,
1891 4543 2015 4597 qua:

435 4623 608 4679 Deum
649 4623 854 4677 bonum
902 4622 1119 4686 ﬂectat,
1158 4635 1265 4674 non
1310 4619 1472 4688 longe
1522 4617 1796 4673 facturum
1848 4618 2008 4672 illum

437 4715 823 4771 miserationes
856 4728 987 4770 suas
1008 4754 1022 4780 ,
1050 4713 1147 4767 sed
1180 4718 1235 4767 et
1268 4709 1431 4765 nobis
1459 4709 1722 4789 deinceps
1746 4708 2011 4764 daturum

540 4869 557 4899 ¹
600 4867 706 4925 lsa.
730 4882 889 4933 cvm,
929 4867 987 4925 4.
1063 4868 1085 4898 ³
1111 4865 1300 4921 Matth.
1337 4879 1393 4931 v,
1435 4863 1524 4918 12.

558 5025 710 5079 Alias
735 5022 841 5080 CC.
877 5022 1092 5093 Scripta
1119 5019 1420 5093 anno‘576.

509 5095 621 5167 (78A)
655 5084 1231 5167 Συμπρεσόύτέροις.
1264 5087 1355 5145 Sic
1404 5102 1541 5145 mss.
1572 5087 1841 5161 plerique.
1873 5084 2020 5141 Editi

439 5165 850 5238 πρεσϐυτέροις.
1404 5229 1415 5242 υ
1692 5229 1705 5241 ⁸
1883 5227 1896 5240 θ

440 5303 485 5308 __
510 5236 623 5308 (79)
662 5234 773 5308 ιξαὶ
801 5233 1112 5298 Σιλουίνῳ.
1133 5228 1262 5285 Hice
1292 5228 1479 5285 addita
1509 5243 1577 5284 ex
1610 5228 1781 5287 Consi.
1817 5241 2017 5299 primo,

440 5303 562 5359 Vat.
593 5314 647 5359 et
673 5303 915 5358 Clarom.

512 5375 624 5447 (80)
691 5371 1291 5429 Karaé’arrtwaeio'tr.
1350 5369 1639 5427 Medicaeus
1702 5368 2017 5440 βαπτισθεϊ-

444 5461 624 5585 cu(.Sl)
700 5512 1125 5585 Ἀντίπαν-ενι)(νινἐ
1194 5509 1342 5566 Harl.
1400 5511 1756 5585 ἀναπνεῦσαι.
1813 5508 2017 5585 lbide_m

443 5580 934 5667 (.J‘oisllfecundus
980 5593 1036 5639 et
1090 5580 1224 5654 Reg.
1284 5582 1558 5637 secundus
1610 5582 1718 5635 τῶν
1780 5581 2019 5650 συνεχῶν

445 5670 710 5725 οουρμων.

2051 5021 2099 5079 D

2116 2323 2325 2388 πάντας
2365 2324 2509 2394 ὑμᾶς
2556 2323 2884 2395 δραμεῖσθαι
2908 2340 2921 2353 ·
2963 2324 3059 2377 καὶ
3089 2326 3148 2376 ἐν
3177 2324 3353 2376 ἐλπίδι
3390 2321 3566 2392 εἶχον,
3621 2322 3706 2373 ὅτι

2112 2414 2274 2467 δώσει
2324 2418 2477 2486 μοιό
2514 2416 2722 2486 Κύριος
2759 2417 3089 2470 ἀνάπνευσιν
3137 2416 3248 2485 (Ri)
3299 2416 3407 2468 τῶν
3464 2414 3707 2483 συνεχῶν

2114 2506 2313 2561 ὀδυνῶν
2355 2508 2420 2560 ὲκ
2457 2507 2553 2562 τοῦ
2601 2508 3038 2580 περιπτύξασθαι
3075 2510 3220 2579 ὑμᾶς
3243 2549 3257 2571 ,
3290 2511 3385 2562 καὶ
3415 2509 3509 2561 τὸν
3538 2508 3710 2561 καλὸν

2119 2599 2319 2670 ἱδρῶτα
2347 2638 2363 2661 ,
2411 2600 2470 2653 ὃν
2524 2600 2665 2672 ὑπὲρ
2717 2601 2817 2671 τῆς
2866 2600 3123 2672 ἀληθείας
3174 2600 3400 2665 στάζετε
3428 2599 3581 2670 (8‘2),
3624 2598 3709 2669 τῷ

2116 2690 2270 2763 ἀργῷ
2304 2692 2480 2762 τούτῳ
2516 2692 2628 2762 (85)
2670 2691 2882 2761 σώματι
2924 2691 3352 2761 ὑποδεξάμενος,
3395 2691 3538 2755 ἕξειν
3581 2692 3709 2744 τινα

2117 2785 2399 2840 κοινωνίαν
2430 2786 2538 2838 τῶν
2593 2784 2973 2855 ἀποκειμένων
3014 2785 3143 2855 ὑμῖν
3196 2784 3374 2838 ἄθλων
3409 2782 3564 2852 παρὰ
3607 2782 3706 2834 τοῦ

2117 2876 2304 2946 κριτοῦ
2335 2877 2432 2947 τῆς
2463 2876 2744 2947 ἀληθείας.
2782 2875 2923 2928 Ἀλλ’
2958 2876 3144 2947 ἐπειδὴ
3171 2876 3329 2928 τοῦτο
3355 2874 3456 2945 μὲν
3480 2874 3592 2926 οὐδ’
3624 2874 3708 2935 είς

2117 2968 2323 3021 ἔννοιαν
2360 2970 2491 3039 ύμῖν
2533 2965 2731 3041 ἦλθεν,
2774 2969 2893 3022 οὐδὲ
2935 2966 3372 3038 προσεδοκήσατέ
3412 2982 3536 3019 τινα
3575 2965 3711 3018 ἀνά-

2119 3077 2318 3112 παυσιν
2352 3060 2494 3125 ἕξειν
2526 3061 2654 3132 παρ’
2678 3061 2834 3131 ἡμῶν
2859 3101 2873 3125 ,
2908 3060 3217 3129 ἐπεθύμουν
3252 3057 3542 3120 ὑποθέσεις
3574 3056 3712 3125 γοῦν

2118 3152 2395 3222 εὑρίσκειν
2426 3156 2672 3223 συνεχεῖς
2701 3153 2812 3206 τῶν
2846 3153 2982 3223 πρὸς
3014 3152 3160 3221 ὑμᾶς
3196 3150 3542 3220 γραμμάτων
3569 3189 3584 3213 ,
3615 3150 3708 3211 ἵν’,

2119 3243 2307 3315 ὥσπερ
2358 3245 2407 3297 οἱ
2458 3248 2571 3307 τοῖς
2605 3244 3027 3315 ἀγωνιζομένοις
3066 3242 3573 3311 ύποφθεγγόμενοι,
3614 3241 3713 3293 καὶ

2119 3337 2280 3401 αὐτός
2312 3352 2437 3389 τινα
2470 3338 2600 3406 ὑμῖν
2637 3336 2728 3389 διὰ
2756 3336 3106 3407 γραμμάτων
3130 3338 3210 3398 είς
3239 3334 3557 3405 προτροπὴν
3592 3334 3710 3404 (84)

2118 3428 2220 3498 τῆς
2256 3428 2467 3499 ἀγαθῆς
2513 3429 2667 3498 ὑμῶν
2713 3428 2993 3498 ἀθλήσεως
3040 3427 3323 3498 ὲνεϐόησα.
3370 3426 3619 3494 Ἐγένετο
3654 3426 3715 3478 δὲ

2121 3522 2253 3593 ἡμῖν
2280 3520 2402 3572 οὐδὲ
2431 3520 2588 3573 τοῦτο
2615 3520 2796 3591 ῥᾴδιον
2828 3519 2917 3573 διὰ
2938 3518 3031 3571 δύο
3055 3519 3358 3587 προφάσεις
3378 3534 3392 3547 ο
3427 3519 3556 3587 μίαν
3585 3516 3711 3585 μὲν,

2120 3616 2201 3668 ὅτι
2239 3614 2339 3666 οὐκ
2369 3613 2592 3684 ᾔδειμεν
2635 3614 2772 3666 ὅπου
2803 3614 3020 3681 διάγετε
3064 3612 3177 3680 (85)
3205 3627 3219 3641 °
3270 3611 3467 3682 ἑτέραν
3498 3610 3555 3662 δὲ
3577 3649 3592 3669 ,
3626 3610 3714 3661 ὅτι

2121 3705 2241 3757 οὐδὲ
2269 3705 2455 3758 πολλοί
2488 3707 2625 3758 εἰσιν
2667 3707 2717 3757 oi
2748 3705 2874 3777 παρ’
2914 3704 3071 3775 ἡμῶν
3102 3704 3236 3775 πρὸς
3265 3703 3411 3772 ὑμᾶς
3448 3701 3716 3770 ἀπαίρον-

2122 3813 2231 3859 τες.
2280 3795 2441 3848 Ἀλλά
2470 3795 2565 3849 νῦν
2594 3798 2622 3848 ό
2653 3795 2859 3866 Κύριος
2904 3796 3110 3865 ἤγαγεν
3156 3796 3289 3864 ἡμῖν
3335 3793 3427 3845 τὸν
3468 3791 3716 3845 ποθεινό-

2122 3904 2282 3940 τατον
2324 3889 2418 3940 καὶ
2473 3887 2869 3942 εῦλαδέστατον
2916 3888 3145 3957 ἀδελφὸν
3180 3887 3584 3956 Σαγκτίσσιμον
3620 3885 3716 3937 τὸν

2124 3979 2646 4051 συμπρεσϐύτερον,
2685 3980 2749 4033 δι’
2793 3975 2853 4034 οῦ
2883 3982 2976 4034 καὶ
3022 3980 3520 4052 προσφθεγγόμεθα
3557 3978 3717 4049 ὑμῶν

2116 4070 2216 4142 τὴν
2249 4072 2473 4143 ἀγάπην
2493 4112 2507 4135 ,
2540 4074 2635 4125 καὶ
2662 4071 3096 4144 παρακαλοῦμεν
3126 4073 3529 4143 προσεύχεσθαι
3566 4074 3716 4141 ὑμᾶς

2118 4163 2260 4233 ὑπὲρ
2304 4163 2495 4235 ἡμῶν,
2536 4164 2826 4234 χαίροντας
2877 4166 2973 4217 καὶ
3033 4163 3513 4234 άγαλλιωμένους,
3551 4166 3636 4217 ὅτι
3689 4168 3718 4217 ὁ

2124 4254 2314 4325 μισθὸς
2361 4254 2516 4325 ὑμῶν
2554 4255 2720 4319 πολὺς
2754 4258 2814 4308 ἐν
2849 4259 2962 4319 τοῖς
2993 4257 3277 4328 οὐρανοῖς,
3311 4257 3406 4308 καὶ
3453 4256 3530 4319 ὡς
3562 4255 3706 4325 ἕχον·

2118 4363 2217 4409 τας
2247 4347 2559 4418 παρρησίαν
2609 4349 2747 4418 πρὸς
2774 4348 2865 4400 τὸν
2896 4348 3133 4419 Κύριον,
3171 4349 3246 4418 μὴ
3279 4349 3489 4400 ἀνεῖναι
3518 4348 3718 4409 νυκτὸς

2121 4438 2216 4491 καὶ
2248 4438 2463 4509 ἡμέρας
2512 4438 2751 4508 βοῶντας
2794 4440 2926 4510 πρὸς
2969 4440 3131 4493 αὑτὸν
3152 4480 3166 4502 ,
3200 4440 3340 4510 ὑπὲρ
3371 4439 3468 4493 τοῦ
3502 4440 3718 4492 παύσα-

2126 4529 2247 4582 σθαι
2284 4531 2381 4600 μὲν
2413 4530 2504 4583 τδν
2532 4531 2692 4584 σάλον
2717 4531 2823 4585 τῶν
2863 4532 3199 4603 Ἐκκλησιῶν
3222 4532 3409 4585 τοῦτον
3436 4534 3720 4601 (86).ἁπο-

2123 4621 2342 4692 δοθῆναι
2374 4623 2431 4675 δὲ
2478 4628 2590 4687 τοῖς
2621 4624 2771 4689 λαοῖς
2802 4627 2928 4689 τοὺς
2958 4626 3225 4695 ποιμένας
3245 4665 3260 4688 ,
3294 4627 3615 4679 ἐπανελθεῖν
3660 4628 3714 4679 δὲ

2123 4709 2222 4779 τὴν
2268 4708 2598 4780 Ἐκκλησίαν
2634 4715 2713 4776 εἰς
2751 4713 2811 4766 τὸ
2865 4716 3065 4767 οἰκεῖον
3102 4713 3273 4783 αὐτῆς
3321 4715 3563 4787 ἀξίωμα.
3613 4717 3720 4768 Πέ-

2198 5014 2309 5097 ea
2340 5013 2924 5097 ἐτιίξετεελίεείίθεεειε
2951 5014 3122 5097 ςοίξεκ
3161 5015 3423 5097 κάρνετε-

2198 5084 2310 5157 (85)
2354 5086 2566 5157 Τούτῳἶ
2592 5084 2734 5157 Editj
2774 5085 3002 5157 addunt
3033 5084 3295 5157 ἐμαυτοῦ,
3319 5086 3490 5157 _quod
3523 5090 3720 5141 melius

2125 5153 2359 5279 deegt'in
2376 5155 2658 5235 codicibus
2676 5153 2818 5210 Med.
2839 5164 2893 5210 et
2907 5153 3078 5211 Coisl.
3098 5157 3295 5227 primo.
3318 5153 3474 5212 Harl.
3502 5159 3719 5230 σώματι

2125 5243 2202 5279 τω
2263 5241 2487 5279 natu-eoo.

2124 5243 2202 5280 τω
2229 5241 2255 5279 ε
2263 5241 2465 5280 μαυτου
2473 5265 2487 5279 ο

2172 5244 2856 5370 ρῶῧαῗῗὲοπροτροπήν.
2900 5294 3055 5370 Harl.
3108 5305 3163 5352 et
3193 5297 3354 5370 Med.
3392 5299 3475 5363 εις
3518 5315 3718 5370 προκο-

2126 5369 2259 5438 πήν,
2302 5368 2370 5419 ad
2403 5367 2525 5438 boni
2559 5368 3054 5438 vestiricertaminis
3077 5368 3393 5436 profectum.

2199 5434 2312 5507 (85)
2350 5434 2604 5505 Διὰγετε.
2644 5437 2784 5492 Editi
2810 5438 2904 5491 κα)⁵
2953 5434 3187 5506 διάγετε.
3219 5440 3391 5495 Abest
3436 5439 3507 5494 ab
3538 5441 3716 5494 omni-

2127 5507 2231 5562 bus
2258 5523 2392 5563 mss.
2422 5508 2759 5576 conjunctio.

2127 5577 2331 5702 mea)"
2357 5578 2600 5633 Τοῦτον.
2656 5578 2825 5635 Coisl.
2881 5589 3113 5653 uterque
3142 5588 3197 5637 et
3246 5581 3382 5652 Reg.
3440 5579 3716 5637 secundus

2193 5667 2221 5701 U
2332 5686 2348 5702 ο

2193 5667 2348 5702 υτων.
