3856 6224
136 277 236 333 945

1021 276 1515 335 EPISTOLABUM
1552 259 1842 338 CLASSIS
1878 280 1941 338 ιι.
1978 275 2207 340 ΕΡῘΞΤ.
2247 283 2492 342 CCLVII.

3285 293 3391 353 936

137 413 363 468 πεισμαι
413 396 557 469 γὰρ,
611 399 731 465 ὅτι,
786 397 882 453 ἐὰν
928 399 1127 471 εὑρεθῇ
1180 400 1333 472 φωνὴ
1388 400 1749 465 δυσωποῦσοι⁴

1844 417 1928 457 ma
1957 417 2085 457 cum
2116 404 2420 461 tentatione
2461 407 2691 471 exitum,
2724 411 2785 460 ut
2836 404 2981 465 ferre
3022 409 3301 479 possimus
3346 411 3390 466 ³.

134 488 223 539 τὸν
255 486 456 555 ἀγαθὸν
497 488 629 541 Θεὸν
678 490 813 558 (87),
863 490 964 543 οὑκ
994 492 1096 554 ,είς
1145 490 1365 562 μακρὰν
1396 493 1614 563 ποιήσει
1644 493 1715 546 τὰ

1844 492 2025 549 )mnes
2057 494 2114 548 in
2142 494 2366 550 Christo
2396 494 2598 552 fratres
2630 497 2815 553 verbis
2841 496 2979 553 meis
3010 498 3265 555 salutate.

136 578 253 649 ὲλέη
288 578 453 632 αὑτοῦ
480 596 494 608 ·
536 580 671 633 ἀλλὰ
710 580 943 653 παρέξει
977 584 1107 653 ἡμῖν
1128 584 1320 639 λοιπὸν
1351 584 1449 637 σὺν
1476 584 1554 656 τῷ
1590 588 1885 657 πειρασμῷ
1917 587 2012 639 κα)¹
2045 587 2145 658 τὴν
2176 586 2403 642 ἔκϐασιν
2422 628 2437 654 ,
2484 589 2579 643 τοῦ
2610 588 2872 645 δύνασθαι
2903 593 3015 664 (88)
3042 592 3391 665 ὑπενεγκεῖν.

135 672 318 724 Πᾶσαν
378 673 477 745 τὴν
510 675 569 726 ὲν
601 674 822 745 Χριστῷ
864 675 1204 748 ἀδελφότητα
1238 678 1564 732 ἀσπάσασθε
1604 679 1664 746 ἐξ
1697 679 1858 750 ἡμῶν
1886 681 2022 752 (89).

629 806 995 875 ,ΕΠΙΣΤυΑΗ
1036 809 1200 866 ΣΝΖ·.

2277 815 2616 873 EPISTULA
2655 816 2885 874 CCLVll
2908 821 2945 872 *.

141 943 366 1018 Ostendit
380 943 469 1018 etsi
494 943 757 1018 Christiani
776 952 1010 1018 uocantur
1033 954 1380 1012 persecutores,
1404 964 1498 1001 non
1518 949 1705 1018 idcirco
1738 966 1909 1018 eorum
1923 952 2008 1017 qui
2030 956 2263 1018 occantur
2286 951 2443 1003 minui
2466 951 2754 1018 mercedem,
2779 953 2864 1018 sed
2886 953 3033 1005 etiam
3053 951 3242 1018 augeri.
3267 956 3401 1006 Hor-

350 1013 496 1060 tatur.
519 1014 671 1058 utnec
695 1009 881 1058 exsiliis
902 1009 1256 1070 episcoporum,
1281 1009 1375 1062 nec
1388 1013 1731 1064 nonnullorum
1751 1029 1779 1067 e
1794 1009 2174 1080 clero'perﬁaia,
2200 1028 2285 1066 nec
2307 1013 2573 1066 errantium
2595 1009 2900 1066 multitudine
2919 1009 3214 1067 moveantur.

234 1117 572 1179 Μονάζουσι
620 1118 730 1189 (90)
786 1122 1293 1189 καταπονηθεῖσιν
1346 1124 1467 1179 ὑπὸ
1512 1125 1631 1181 τῶν

761 1189 1093 1256 Ἀρειιινῶν.

236 1303 301 1355 Ἀ
357 1302 477 1354 κατ’
510 1301 744 1381 ἐμαυτὸν
792 1302 1167 1376 ἐφθεγξάμην,
1199 1307 1441 1371 ἀκούσας
1471 1308 1600 1380 περὶ
1628 1305 1722 1363 του

143 1392 448 1465 πειρασμοῦ
486 1393 581 1446 τοῦ
615 1393 945 1463 ἐπαχθέντος
988 1398 1118 1467 ὑμῖν
1168 1398 1318 1470 παρὰ
1363 1400 1474 1452 τῶν
1512 1400 1722 1472 ἐχθρῶν

141 1483 235 1536 τοῦ
264 1483 419 1547 Θεοῦ,
450 1484 622 1536 ταῦτα
651 1483 715 1554 δὴ
743 1483 830 1537 διὰ
860 1486 1188 1557 γράμματος
1223 1489 1558 1558 ἀπαγγεῖλαι
1585 1478 1722 1563 πρὸς

142 1577 291 1646 ὑμᾶς
339 1575 517 1638 καλῶς
564 1574 710 1646 ἔχειν
759 1577 1023 1649 ἐνόμισα,
1054 1580 1136 1633 ὅτι
1184 1582 1243 1636 ὲν
1280 1581 1457 1653 καιρῷ
1506 1583 1725 1654 νομιζο-

146 1666 296 1737 μένῳ
337 1666 711 1739 εἰρηνεύεσθαι
749 1669 1053 1740 ἐκτήσασθε
1111 1673 1322 1736 ἑαυτοῖς
1351 1676 1721 1746 μακαρισμὸν,

2110 1126 2196 1180 Ad
2226 1126 2512 1181 monachos
2535 1127 2598 1181 ab
2623 1128 2843 1183 Ariani:
2874 1138 3109 1185 vexatos.

1900 1306 2033 1372 Quae
2080 1319 2298 1361 mecum
2347 1305 2468 1376 ipse
2519 1320 2641 1361 sum
2700 1307 2959 1372 locutus,
2996 1307 3183 1362 audita
3217 1314 3400 1364 tenta—

1830 1398 2000 1463 tione,
2038 1414 2160 1470 qua:
2184 1398 2339 1454 vobis
2364 1413 2395 1452 a
2422 1397 2516 1454 Dei
2539 1399 2793 1455 hostibus
2814 1400 2966 1455 illata
2995 1407 3100 1465 est,
3132 1414 3195 1456 ea
3218 1408 3272 1455 et
3306 1416 3403 1471 per

1830 1491 2040 1546 litteras
2056 1491 2215 1547 vobis
2231 1490 2541 1563 signiﬁcare
2567 1493 2890 1562 praeclarum
2917 1507 3040 1548 esse
3064 1493 3229 1547 duxi:
3252 1493 3404 1547 scili-

1830 1591 1948 1648 cet,
1981 1598 2047 1639 eo
2091 1593 2335 1653 tempore
2364 1582 2509 1653 quod
2547 1592 2804 1654 pacatum
2837 1582 3187 1637 existimatur
3208 1621 3223 1647 ,
3253 1596 3406 1636 com-

1830 1676 2068 1746 parastis
2097 1676 2512 1747 vobismetipsis
2572 1674 2968 1731 beatitudinem
3021 1674 3107 1729 his
3148 1674 3241 1744 qui
3272 1689 3400 1744 per—

145 1758 235 1809 τὸν
271 1758 410 1829 ὑπὲρ
431 1758 539 1812 τῶν
570 1759 916 1830 διωκομένων
964 1761 1149 1816 ἕνεκεν
1191 1763 1284 1816 τοῦ
1318 1765 1585 1837 ὀνόματος
1628 1767 1722 1820 τοῦ

1844 1764 2166 1820 ιθουιίοηθιη
2184 1780 2284 1836 pro
2300 1764 2509 1821 Christi
2530 1766 2748 1821 nomine
2766 1766 3068 1836 patiuntur,
3084 1764 3401 1835 repositam.

146 1850 382 1921 Χριστοῦ
418 1851 798 1926 ἀποκείμενον.
835 1852 913 1907 Οὑ
950 1854 1061 1926 γὰρ
1096 1855 1285 1927 ἐπειδὴ
1319 1856 1494 1925 ὄνομα
1559 1876 1726 1930 προσ-

150 1943 276 2013 ηνὲς
310 1945 403 1998 καὶ
432 1946 591 2015 ἤπιον
616 1948 923 2018 περίκειται
960 1951 1072 2011 τοῖς
1099 1948 1170 2002 τὰ
1197 1950 1411 2023 πονηρὰ
1429 1952 1726 2023 ἐργαζομέ-

147 2050 258 2094 νοις
277 2076 309 2107 ,η
329 2035 521 2089 τούτου
549 2036 736 2090 ἕνεκεν
770 2039 864 2091 καὶ
894 2039 963 2092 τὰ
996 2039 1298 2110 πράγματα
1344 2041 1588 2111 νομίζειν
1617 2042 1723 2113 χρὴ

148 2124 226 2195 μὴ
252 2125 525 2195 πολεμίων
547 2123 706 2181 εἶναι.
737 2128 1133 2202 Χαλεπὼτερον
1158 2130 1268 2202 γὰρ
1298 2131 1469 2203 κρίνω
1498 2130 1610 2201 ἐγὼ
1631 2132 1726 2185 τὸν

146 2213 300 2285 παρὰ
328 2215 437 2269 τῶν
473 2217 758 2287 ὁμοφύλων
794 2219 1061 2289 πόλεμον·
1103 2219 1237 2273 διότι
1284 2206 1413 2284 τοὺς
1449 2221 1549 2290 μὲν
1590 2238 1726 2292 προ-

146 2309 595 2379 κεκηρυγμένους
628 2310 856 2382 ἐχθροὺς
887 2312 983 2365 καὶ
1012 2311 1352 2381 φυλάξασθαι
1385 2312 1587 2384 ῥᾴδιον,
1614 2315 1726 2378 τοῖς

145 2400 203 2452 δὲ
228 2402 694 2473 ἁναμεμιγμένοις
728 2406 861 2474 ἡμῖν
887 2405 1099 2475 ἀνάγκη
1135 2405 1385 2469 ἐκδότους
1413 2402 1552 2460 εἶναι
1590 2406 1727 2477 πρὸς

146 2495 331 2547 πᾶσαν
366 2494 601 2568 βλάϐηνο
634 2497 662 2549 ὃ
687 2498 781 2550 κα)⁸
806 2499 960 2570 ὑμεῖς
994 2499 1318 2554 πεπόνθατε.
1364 2498 1725 2571 Ἐδιώχθησαν

150 2584 251 2653 μὲν
275 2584 384 2654 γὰρ
412 2584 505 2637 καὶ
544 2587 594 2638 οἱ
625 2585 858 2657 πατέρες
888 2586 1044 2657 ἡμῶν
1072 2587 1185 2657 (91)
1211 2627 1226 2651 ,
1256 2587 1395 2641 ἀλλὰ
1439 2588 1591 2660 παρὰ
1619 2588 1727 2642 τῶν

147 2674 680 2747 είδωλολατρούντων
706 2693 721 2706 ·
757 2679 851 2731 καὶ
875 2678 1155 2750 διηρπάγη
1181 2679 1362 2733 αὐτῶν
1394 2682 1422 2733 ὁ
1458 2680 1602 2750 βίος,
1633 2679 1727 2732 καὶ

147 2762 286 2820 οἶκοι
317 2768 702 2841 ἀνετράπησαν
721 2809 737 2834 ,
770 2772 865 2824 καὶ
888 2771 1041 2824 αὐτοὶ
1068 2770 1547 2842 ὲφυγαδεὺθησαν,
1577 2771 1729 2843 παρὰ

147 2861 257 2912 τῶν
304 2860 416 2931 (92)
461 2862 710 2933 φανερῶς
754 2862 1131 2933 πολεμούντων
1164 2865 1296 2935 ἡμῖν
1344 2863 1430 2917 διὰ
1464 2865 1524 2918 τὸ
1557 2864 1727 2937 ὄνομα

147 2950 242 3003 τοῦ
270 2952 530 3022 Χριστοῦ.
563 2955 625 3006 Οἱ
652 2953 708 3006 δὲ
733 2953 828 3007 νῦν
860 2954 1227 3024 ἀναφανέντες
1252 2954 1476 3008 διῶκται
1511 2956 1726 3026 μισοῦσι

151 3041 256 3113 μὲν
308 3044 453 3113 ἡμᾶς
498 3044 648 3097 οὐδὲν
692 3039 854 3114 ἦττον
912 3044 944 3116 ἢ
996 3045 1228 3108 ἐκεῖνοι,
1260 3047 1340 3108 είς
1374 3045 1432 3098 δὲ
1479 3044 1578 3116 τὴν
1619 3045 1727 3099 τῶν

1825 1856 1945 1912 Non
1996 1860 2143 1913 enim
2196 1858 2326 1928 quia
2374 1874 2576 1914 nomen
2632 1858 2894 1913 blandum
2933 1866 2988 1913 et
3027 1859 3150 1914 lene
3188 1858 3275 1913 his
3314 1860 3404 1928 qui

1826 1951 1969 2006 male
2000 1950 2247 2013 faciunt,
2299 1951 2616 2022 impositum
2653 1959 2771 2015 est,
2816 1950 3028 2005 idcirco
3058 1965 3149 2005 res
3177 1951 3406 2005 hostiles

1826 2059 1936 2098 non
1980 2059 2107 2100 esse
2132 2043 2586 2099 existimandum.
2617 2042 2731 2114 Ego
2751 2045 2895 2098 enim
2926 2044 3297 2098 truculentius
3317 2043 3406 2112 ju—

1827 2135 1951 2189 dico
1998 2149 2029 2189 a
2064 2135 2365 2190 tribulibus
2388 2135 2615 2199 bellum,
2641 2134 2773 2205 quia
2801 2135 2992 2191 hostes
3016 2134 3168 2206 prius
3195 2134 3410 2189 denun-

1826 2226 1991 2281 tiatos
2021 2227 2185 2281 etiam
2231 2225 2471 2296 etfugere
2512 2223 2719 2280 facile:
2754 2233 2810 2279 at
2857 2226 2927 2280 iis
2973 2230 3066 2295 qul
3119 2225 3409 2281 nobiscum

1827 2318 2280 2385 commiscentur,
2316 2332 2546 2373 necesse
2572 2323 2657 2372 est
2691 2316 2759 2371 ad
2781 2332 2998 2372 omnem
3030 2317 3289 2387 injuriam
3315 2333 3412 2373 ex-

1827 2408 2037 2479 positos
2060 2423 2220 2475 esse;
2258 2412 2406 2478 quod
2434 2415 2491 2463 et
2523 2407 2707 2477 ipsum
2734 2407 2895 2462 vobis
2925 2406 3147 2463 accidit.
3194 2404 3331 2461 Nam
3355 2414 3413 2461 et

1827 2500 2067 2570 majores
2105 2500 2282 2554 nostri
2308 2499 2751 2569 persecutionem
2778 2497 3027 2568 perpessi
3054 2502 3217 2564 sunt,
3250 2499 3345 2552 sed
3379 2511 3410 2550 a

1828 2591 2257 2646 simulacrorum
2285 2589 2597 2645 cultoribus
2623 2608 2637 2643 :
2669 2598 2723 2644 et
2765 2587 3061 2642 facultates
3105 2602 3298 2642 eorum
3324 2586 3412 2641 di-

1827 2690 1996 2752 reptae
2022 2690 2170 2746 sunt,
2205 2687 2260 2737 et
2297 2681 2444 2736 sedes
2491 2695 2717 2744 eversae,
2753 2686 2809 2733 et
2852 2679 2955 2749 ipsi
2995 2677 3165 2748 fugati
3212 2677 3283 2732 ab
3321 2677 3411 2743 iis,

1829 2773 1920 2842 qui
1979 2771 2186 2827 bellum
2234 2771 2396 2827 nobis
2444 2778 2633 2841 aperte
2680 2776 2907 2840 propter
2957 2766 3167 2823 Christi
3210 2781 3413 2822 nomen

1828 2860 2154 2915 inferebant.
2186 2858 2290 2926 Qui
2318 2874 2446 2914 vero
2477 2872 2626 2913 nunc
2656 2858 2976 2928 prodierunt
3000 2862 3411 2927 persecutores,

1828 2954 2061 3005 oderunt
2081 2950 2302 3021 quidem
2337 2965 2439 3006 nos
2461 2965 2618 3020 aeque
2645 2964 2710 3004 ac
2747 2948 2848 3015 illi,
2883 2948 2979 3004 sed
3009 2948 3077 3004 ad
3114 2948 3414 3003 multorum

1829 3042 2208 3112 deceptionem
2244 3042 2448 3098 Christi
2476 3040 2777 3097 ostendunt
2815 3056 3017 3097 nomen
3039 3081 3055 3106 ,
3088 3049 3148 3095 ut
3188 3057 3256 3096 ne
3280 3056 3415 3095 con-

148 3135 367 3189 πολλῶν
400 3136 616 3208 ἀπάτην
652 3137 715 3190 τὸ
762 3136 857 3191 τοῦ
902 3136 1136 3208 Χριστοῦ
1179 3138 1573 3208 προῖάλλονται
1623 3137 1734 3191 δνο-

1844 3133 2092 3190 iessionis
2116 3134 2339 3205 quidem
2386 3134 2646 3190 solatium
2678 3134 2939 3201 habeant,
2975 3133 3069 3203 qui
3099 3140 3406 3189 vexantur:

150 3244 266 3296 μα,
311 3227 399 3280 ἵνα
451 3228 587 3299 μηδὲ
626 3229 725 3300 τὴν
780 3230 845 3281 ἐκ
894 3230 992 3299 τῆς
1038 3229 1328 3298 ὁμολογίας
1380 3227 1733 3300 παραμυθίαν

147 3319 348 3390 ἔχωσιν
390 3321 440 3372 οἱ
475 3320 823 3392 διωκόμενοι,
854 3320 962 3373 τῶν
1012 3319 1221 3374 πολλῶν
1273 3321 1368 3373 καὶ
1413 3320 1733 3391 ἀκεραιοτέ-

154 3427 265 3479 ρων
296 3410 597 3464 ἀδικεῖσθαι
634 3412 733 3482 μὲν
766 3414 913 3483 ἡμᾶς
951 3412 1388 3483 ὁμολογούντων,
1421 3414 1502 3476 εἰς
1531 3411 1737 3484 μαρτύ-

153 3517 273 3571 ριον
305 3500 363 3553 δὲ
391 3502 522 3572 ἡμῖν
556 3503 646 3556 τὸν
681 3504 821 3575 ὑπὲρ
861 3504 962 3574 τῆς
994 3503 1252 3574 ἀληθείας
1281 3503 1510 3557 θάνατον
1542 3502 1616 3574 μὴ
1646 3501 1737 3555 λο-

148 3591 482 3663 γιζομένων.
516 3594 716 3664 Διόπερ
747 3594 858 3664 ἐγὼ
888 3595 1190 3664 πέπεισμαι
1230 3593 1449 3665 μείζονα
1477 3594 1604 3665 ὑμῖν
1628 3593 1735 3666 (9'5)

149 3684 186 3754 ἢ
233 3685 352 3747 τοῖς
386 3684 508 3737 τότε
545 3684 882 3757 μαρτυροῦσι
923 3686 1011 3741 τδν
1045 3686 1199 3756 παρὰ
1231 3685 1325 3738 τοῦ
1366 3685 1578 3738 δικαίου
1612 3701 1736 3755 κρι-

150 3773 249 3827 τοῦ
280 3774 470 3846 μισθὸν
502 3777 823 3832 ἀποκεῖσθαι
842 3817 857 3841 ,
910 3778 1066 3849 εῐπερ
1107 3780 1304 3831 ἐκεῖνοι
1342 3777 1435 3830 καὶ
1465 3775 1564 3845 τὴν
1588 3775 1739 3847 παρὰ

149 3864 266 3918 τῶν
299 3865 602 3936 ἀνθρώπων
646 3867 913 3941 ἀποδοχὴν
945 3869 1380 3940 ὁμολογουμένην
1415 3864 1593 3939 εἶχον,
1645 3867 1739 3920 κα)⁹

147 3956 248 4009 τὸν
283 3957 438 4029 παρὰ
463 3958 557 4011 τοῦ
589 3958 723 4013 Θεοῦ
759 3960 949 4031 μισθὸν
984 3960 1323 4032 ἐξεδέχοντο,
1365 3961 1494 4031 ὑμῖν
1535 3959 1591 4012 δὲ
1627 3957 1736 4031 (94)

151 4048 245 4100 ἐπ’
271 4048 409 4112 ἴσοις
436 4052 547 4112 τοῖς
581 4050 999 4123 κατορθώμασιν
1049 4053 1107 4106 αἱ
1149 4051 1304 4122 παρὰ
1341 4051 1452 4106 τῶν
1484 4050 1628 4105 λαῶν
1656 4069 1739 4104 τι-

158 4141 262 4209 μαὶ
302 4141 403 4212 οὑχ
420 4142 774 4215 ὑπάρχουσιν·
808 4145 949 4199 ὥστε
982 4146 1128 4209 εἰκὸς
1161 4144 1565 4199 πολυπλασίονα
1604 4145 1739 4198 ἁπο-

152 4230 374 4285 κείσθαι
403 4235 460 4285 ἐν
482 4233 559 4303 τῷ
586 4234 832 4304 μέλλοντι
860 4237 1016 4290 αἰῶνι
1037 4236 1146 4291 τῶν
1170 4238 1311 4308 ὑπὲρ
1335 4236 1436 4308 τῆς
1460 4235 1741 4298 εὐσεϐείας

151 4321 337 4374 πὸνων
365 4322 467 4393 τὴν
498 4324 862 4395 ἀντιμισθίαν.

226 4480 247 4511 ³
288 4478 311 4532 l
352 4478 483 4533 Cor.
522 4494 593 4543 ι,
637 4480 725 4535 15.

1837 3225 2030 3280 multis
2058 3240 2123 3279 ac
2171 3225 2605 3294 simplicioribus
2657 3225 2918 3295 injuriam
2968 3223 3188 3294 quidem
3252 3225 3411 3280 nobis

1837 3316 1952 3370 ﬁeri
1981 3316 2301 3380 fatentibus,
2321 3324 2377 3370 at
2404 3316 2460 3371 in
2487 3317 2736 3387 martyrii
2767 3318 2887 3371 loco
2908 3316 3066 3371 nobis
3086 3315 3246 3386 392
3269 3332 3418 3371 mor-

1838 3416 1945 3462 tem
2012 3421 2113 3477 pro
2165 3407 2395 3461 veritate
2468 3407 2757 3462 toleratam
2821 3421 2933 3461 non
2992 3407 3418 3462 ascribentibus.

1837 3495 2179 3567 QuaprOpter
2200 3512 2524 3567 persuasum
2555 3497 2688 3552 mihi
2709 3505 2792 3552 est
2814 3497 3024 3567 majora
3053 3495 3420 3565 vobis,quam

1838 3589 1907 3644 iis
1936 3589 2029 3659 qui
2056 3596 2191 3643 tunc
2217 3589 2547 3661 martyrium
2582 3589 2731 3659 passi
2778 3596 2948 3655 sunt,
3002 3602 3033 3642 a
3062 3587 3421 3658 justojudice

1838 3678 2064 3750 prauuia
2093 3679 2304 3734 servari
2330 3696 2344 3745 ;
2380 3678 2652 3750 siquidem
2685 3679 2762 3733 illi
2791 3686 2845 3734 et
2869 3680 2938 3734 ab
2960 3679 3276 3735 hominibus
3306 3694 3422 3735 cer-

1840 3779 1952 3825 tam
1981 3778 2034 3826 et
2077 3770 2418 3841 exploratam
2462 3770 2679 3825 laudem
2721 3770 3223 3841 consequebantur,
3290 3780 3346 3825 et
3388 3785 3420 3824 a

1841 3863 1954 3920 Deo
1982 3864 2291 3920 mercedem
2314 3864 2746 3934 exspectabant;
2780 3863 2937 3919 vobis
2962 3870 3144 3919 autem
3187 3864 3243 3917 in
3273 3864 3421 3934 pari—

1840 3954 1945 4012 bus
1979 3956 2243 4025 praeclare
2273 3955 2434 4011 factis
2465 3956 2703 4010 honores
2727 3970 2758 4008 a
2781 3955 2999 4025 papulis
3028 3970 3136 4010 non
3160 3954 3423 4011 deferun-

1842 4057 1961 4117 tur;
1997 4047 2141 4102 unde
2183 4063 2280 4118 par
2308 4056 2392 4103 est
2433 4048 2851 4119 multiplicatam
2894 4048 3087 4120 reponi
3128 4049 3187 4104 in
3230 4049 3419 4104 futuro

1841 4153 1957 4194 aevo
2005 4139 2258 4195 laborum
2305 4154 2405 4210 pro
2435 4140 2633 4209 pietate
2678 4150 3063 4211 susceptorum
3099 4156 3415 4199 remunera-

1841 4233 2064 4288 tionem.

228 4637 347 4708 (87)
392 4637 504 4690 Τὸν
531 4635 755 4708 ἀγαθόν
786 4638 954 4691 Geor.
1000 4635 1161 4708 l_)eest
1208 4644 1483 4708 postrema
1533 4651 1634 4708 vox
1656 4707 1661 4708 ί
1685 4637 1742 4691 in
1765 4592 1820 4700 ἱ)
1848 4634 2140 4708 busiltatte
2170 4651 2288 4688 cum
2310 4649 2514 4708 eaquae
2547 4633 3177 4708 ab_htere_ticis_ir_tfertur.
3205 4642 3255 4690 et
3281 4651 3417 4708 quoa

153 4706 419 4765 Medicaeo
468 4716 524 4778 et
553 4706 744 4778 Coisl.,
767 4709 965 4778 primo.
998 4706 1130 4778 Reg.
1167 4706 1442 4764 secundus
1475 4713 1530 4762 et
1569 4706 1739 4761 Coisl.

154 4779 439 4835 secundus
465 4777 556 4849 τὸν
573 4774 791 4849 ⁸ιὶγαθδν
812 4777 1035 4849 Κύριον.

227 4849 346 4915 (88)
392 4846 503 4902 Τοῦ
560 4846 874 4901 δύνασθαι.
906 4846 1066 4902 Ἐᾱὶιί
1098 4847 1321 4919 addunt
1371 4849 1538 4919 ἡμᾶς,
1596 4847 1741 4918 quod

153 4918 318 4975 deest
347 4919 402 4972 in
431 4932 526 4988 sex
564 4931 723 4988 mss,
756 4933 864 4988 non
896 4918 1151 4973 tamenin
1188 4918 1355 4974 Coisl.
1390 4918 1594 4988 primo.

227 4988 347 5061 (89)
393 4985 497 5052 Ἐξ
522 4983 709 5061 ήμῷνξ.
758 4986 877 5061 μου
900 4988 1075 5061 _male
1116 4983 1432 5061 Harlaeanu's
1472 4988 1644 5061 codex
1686 4995 1741 5045 et

155 5055 455 5115 Medicmus
498 5055 626 5128 παρ’
666 5057 841 5128 ἡμῶν.
895 5056 1002 5128 sed
1058 5059 1115 5112 in
1161 5060 1325 5115 simili
1371 5059 1616 5112 clausula
1653 5074 1741 5115 εει

155 5131 385 5200 quentis
404 5127 660 5200 epistOIae
681 5127 878 5200 legitur
902 5127 963 5194 ἐξ
985 5128 1145 5199 ἡμῶν
1171 5129 1427 5185 omnibus
1455 5129 1738 5184 codicibus

155 5198 663 5255 consentientibus.

230 5269 348 5341 (90)
378 5267 743 5341 Μονάζουᾳι,
777 5274 885 5324 etc.
919 5266 1153 5341 Itaktres
1201 5268 1564 5341 antiquissimi
1590 5267 1743 5341 codi-

157 5338 277 5397 ces.
310 5338 856 5410 Adduntphlcdicaans
881 5346 936 5394 et
973 5338 1159 5410 Coisl.
1202 5338 1410 5410 primus
1448 5355 1460 5389 :
1500 5338 1738 5410 Εὐθαλες

160 5412 334 5481 στάτη
364 5409 502 5481 πρὸς
537 5408 813 5481 ὑπομονὴν
840 5409 1184 5481 παράκλησις
1204 5408 1306 5481 *καὶ
1333 5411 1617 5481 σύγκρισις
1643 5408 1738 5481 τοῦ

157 5499 220 5534 τε
274 5478 388 5533 ἀπὸ
412 5478 545 5532 θτῶν
600 5478 997 5549 είδωλολατρῶν
1043 5478 1138 5533 καὶ
1183 5479 1277 5533 τοῦ
1319 5478 1427 5533 ἀπὸ
1450 5478 1741 5549 αἱρετικῶν

160 5550 505 5620 ἐπαγομένου
515 5548 786 5621 διωγμοῦ,
819 5548 914 5621 καὶ
937 5550 1024 5621 ὅτι
1042 5550 1103 5603 οὑ
1136 5549 1330 5621 πλήθει
1372 5548 1615 5621 ὁριστέον
1641 5549 1741 5621 τὴν

161 5618 465 5692 σωτηρίαν·
505 5618 1024 5692 Prwclarissimaad
1053 5618 1365 5692 patientiam
1406 5618 1736 5692 adhortatio,

161 5703 212 5743 et
241 5689 573 5760 comparatio
593 5691 966 5759 persecutionis
1007 5689 1061 5743 a7
1081 5690 1490 5745 simulacrorum
1520 5689 1741 5744 cultori-

1847 4705 2182 4782 multitudine
2205 4723 2317 4782 ⁸νιοη
2357 4705 2659 4782 definienda
2691 4706 2862 4782 salus.
2900 4705 3045 4760 Editi
3082 4708 3226 4782 Πρὸς
3257 4705 3420 4778 μονά-

1846 4775 2036 4841 ζοντας
2055 4775 2162 4828 ὑπὸ
2204 4776 2263 4847 ’_A
2272 4775 2500 4847 ρειανῶν
2523 4776 3013 4847 καταπονηθέντας.

1918 4847 2029 4917 (91)
2068 4843 2325 4915 Πατέρές
2363 4843 2553 4916 ἡμῶν.
2587 4846 2676 4917 ita
2714 4843 2827 4902 tres
2863 4847 3217 4903 vetustissimi
3268 4847 3419 4903 codi-

1845 4915 2092 4988 cescum
2136 4916 2256 4988 aliis
2286 4918 2561 4988 pluribus.
2586 4915 2727 4988 Editi
2755 4917 2990 4988 πατέρες
3022 4918 3196 4988 ὑμῶν.

1916 4986 2227 5059 (92)-Παρὰ
2276 4985 2413 5041 τῶν.
2470 4985 2614 5041 Editi
2672 4985 3008 5057 praemittunt
3061 4985 3229 5052 ἀλλά,
3273 4987 3425 5059 quod

1844 5056 1997 5111 deest
2029 5057 2084 5111 in
2114 5072 2309 5111 novem
2336 5070 2469 5111 mss.

1916 5126 2045 5196 (93),
2075 5124 2327 5196 Μείζονα
2350 5125 2508 5194 ὑμῖν.
2542 5125 2709 5196 Goisl.
2746 5137 2996 5196 uterque,
3019 5125 3162 5182 Med.
3199 5135 3254 5182 et
3283 5125 3425 5196 Reg.

1845 5195 2121 5251 secundus
2152 5195 2371 5266 μείζονα
2403 5198 2555 5267 ἡμῖν.
2586 5195 2692 5252 Sed
2721 5195 3042 5255 Harlteanus
3071 5205 3125 5253 et
3157 5198 3251 5251 alii
3296 5195 3424 5252 con-

1845 5267 2087 5322 sentiunt
2114 5282 2239 5320 cum
2272 5267 2453 5322 editis.

1917 5335 2029 5408 (94)
2073 5335 2356 5408 Ὑμῖνᾼδέ.
2412 5335 2554 5390 Editi
2584 5336 2921 5406 praemittunt
2952 5338 3079 5403 καί,
3122 5351 3284 5408 quam
3326 5353 3427 5390 vo-

1845 5406 2025 5461 culam
2059 5406 2403 5472 sustulimus,
2432 5408 2561 5477 quia
2594 5408 2788 5477 melius
2818 5409 2971 5463 abest
3009 5424 3039 5462 a
3076 5406 3254 5462 tribus
3285 5422 3419 5462 mss.

1847 5477 1950 5532 etsi
2003 5493 2110 5532 non
2154 5475 2560 5547 vetustissimis.
2599 5475 2724 5532 Haec
2765 5479 3092 5547 epistolaLin
3135 5477 3422 5533 Harlteano

1849 5547 2036 5602 codice
2091 5548 2175 5620 sic_
2208 5546 2399 5620 linitur
2437 5565 2452 5602 :
2504 5544 2939 5619 ὁμολογουμένην
2988 5544 3132 5620 εἶχον
3170 5548 3254 5603 ἑτέ
3288 5548 3433 5611 ἴσοις

1847 5619 1963 5680 τοῖς
1985 5616 2422 5689 κατόρθωμα-σιν.

1920 5689 1939 5712 ⁸
1970 5685 2132 5745 Alias
2147 5685 2368 5755 CCClll,
2396 5688 2597 5755 scripta
2637 5703 2779 5744 anno
2808 5687 2930 5742 376.
