3856 6224
158 317 264 376 949

987 322 1480 380 EPlSTOLARUM
1515 324 1805 382 CLASSIS
1842 328 1908 383 ll.
1953 327 2173 387 EPIST.
2216 329 2488 387 CCLVIII.

3314 341 3423 397 950

161 452 329 505 ματι,
379 435 758 506 ὲπιτείνομεν,
821 436 914 488 καὶ
967 438 1015 488 οἱ
1078 438 1135 490 ἐν
1195 440 1307 500 τοῖς
1364 440 1748 511 καιριωτάτοις

1863 443 2158 513 tendimus;
2205 452 2260 501 et
2306 445 2401 517 qui
2445 446 2503 500 in
2551 447 2843 518 praecipuis
2873 448 3150 519 capitibus
3184 452 3328 509 inter
3360 471 3422 511 se

157 528 373 596 ἔχοντες
407 527 726 596 συμφωνίαν
775 526 853 579 ἑνί
888 527 952 595 γέ
996 544 1102 580 τινι
1140 528 1356 592 πάντως
1388 530 1737 603 διεστήκασιν

158 616 255 669 ἀπ’
284 614 549 686 ἀλλήλων.
582 616 705 682 Πῶς
731 612 825 669 οῦν
862 616 937 687 μὴ
977 616 1328 688 θαυμάσομεν
1361 619 1451 673 τὸν
1484 622 1543 673 ὲν
1572 621 1743 675 τοιού-

154 725 273 771 τοις
325 709 615 780 πράγμασι
669 708 915 779 καθαρὰν
947 709 1042 762 καὶ
1079 709 1262 763 ἄδολον
1310 711 1408 783 τὴν
1447 712 1585 782 πρὸς
1616 716 1742 778 τοὺς

158 798 387 868 πλησίον
437 801 658 870 ἀγάπην
698 800 1173 872 ἐπιδεικνύμενον,
1210 804 1304 855 καὶ
1341 802 1430 857 διὰ
1474 805 1743 878 τοσαύτης

160 888 436 959 θαλάσσης
471 891 565 943 καὶ
586 890 817 961 ἠπείρου
839 932 854 957 ,
887 892 987 961 τῆς
1012 893 1350 964 χωριζούσης
1383 896 1531 966 ἡμᾶς
1558 914 1745 967 σωμα-

162 980 351 1043 τικῶς,
374 979 472 1050 τὴν
500 981 854 1053 ἐνδεχομένην
879 983 1198 1052 ἐπιμέλειαν
1223 988 1340 1050 ταῖς
1363 988 1563 1056 ψυχαῖς
1588 987 1744 1058 ἡμῶν

164 1071 522 1144 χαριζόμενον
543 1091 558 1140 ;

233 1165 289 1218 2.
340 1165 660 1237 Ἐθαύμασα
687 1165 745 1219 δέ
780 1183 872 1219 σου
913 1168 1165 1234 κάκεῖνο,
1198 1169 1284 1222 δτι
1319 1171 1413 1223 καὶ¹
1443 1169 1540 1242 τήν
1571 1172 1629 1224 ὲν
1668 1172 1746 1243 τῷ

175 1257 426 1313 Ἐλαιῶνι
474 1258 585 1312 τῶν
636 1259 879 1329 ἀδελφῶν
928 1260 1208 1315 διάστασιν
1247 1262 1507 1334 λυπηρῶς
1558 1264 1741 1332 ἐδέξω,

164 1352 264 1405 καὶ
317 1350 496 1420 βούλει
548 1351 672 1405 τινὰ
740 1353 922 1417 αὐτοῖς
983 1354 1238 1423 γενέσθαι
1296 1357 1431 1430 πρὸς
1482 1357 1749 1429 ἀλλήλους

164 1443 568 1514 πμϐιὸασμὸν.
619 1446 730 1498 Καὶ
778 1446 860 1499 ὅτι
923 1462 984 1498 σε
1043 1447 1163 1501 οὐδὲ
1216 1448 1287 1502 τὰ
1344 1452 1749 1523 παρευρεθὲντα

165 1533 274 1586 ὑπὸ
318 1534 516 1601 τινῶν,
570 1536 665 1588 καὶ
718 1536 965 1607 ταραχὰς
1019 1538 1397 1610 ὲμποιήσαντα
1429 1544 1494 1612 τῇ
1528 1542 1751 1612 ἀδελφό-

163 1642 310 1699 τητι,
343 1627 650 1698 παρέλαθεν
681 1628 829 1699 (99),
875 1629 1012 1683 ἀλλά
1044 1632 1138 1684 καὶ
1166 1633 1265 1702 τὴν
1296 1634 1389 1686 ἐπὶ
1414 1634 1626 1700 τούτοις
1655 1635 1750 1706 μέ-

168 1734 368 1789 ριμναν
413 1721 684 1787 ἀνεδέξω,
743 1722 839 1775 καὶ
891 1722 1066 1777 ταῦτα
1107 1724 1476 1798 ἀπεδεξάμην.
1546 1727 1751 1783 Ἐκεῖνο

162 1810 224 1862 δὲ
254 1809 437 1863 ούκέτι
469 1812 568 1881 τῆς
600 1812 700 1884 σῆς
729 1813 958 1885 ἐνόμισα
993 1811 1132 1869 εἶναι
1162 1816 1430 1882 συνέσεως
1463 1818 1612 1888 ἄξιον
1638 1862 1653 1886 ,
1689 1822 1751 1876 τὸ
1783 1800 1824 1854 Β

164 1902 302 1974 ἡμῖν
332 1902 430 1973 τήν
482 1905 611 1976 περὶ
660 1904 771 1958 τῶν
823 1907 1158 1978 τηλικούτων
1208 1909 1495 1982 διόρθωσιν
1530 1914 1752 1986 ἐπιτρέ-

164 2011 323 2060 πειν,
380 1996 697 2069 ἀνθρώποις
729 1998 852 2052 οὔτε
893 2000 1078 2073 χάριτι
1125 2002 1261 2057 Θεοῦ
1305 2005 1632 2076 ἀγομένοις,
1666 2007 1755 2062 διὰ

162 2087 229 2141 τὸ
260 2088 556 2160 ἁμαρτίαις
599 2088 772 2163 συζῆν
802 2134 818 2160 ,
859 2092 985 2147 οὔτε
1036 2094 1161 2148 τινὰ
1218 2099 1582 2170 κεκτημένοις
1626 2102 1755 2171 περὶ⁹

161 2179 294 2244 τοῦς
333 2180 524 2250 λόγους
550 2182 814 2254 δύναμιν,
859 2184 947 2240 διὰ
972 2188 1034 2238 τὸ
1060 2184 1170 2238 τῶν
1202 2187 1303 2257 μὲν
1344 2190 1589 2258 ματαίων
1624 2192 1756 2260 ἀγα-

163 2272 357 2342 πητῶς
394 2272 469 2343 (1)
511 2275 844 2345 ἀποστῆναι,
898 2277 1007 2332 τῶν
1038 2279 1095 2333 δὲ
1125 2282 1225 2352 τῆς
1258 2281 1520 2352 ἀληθείας
1552 2284 1756 2355 δογμά-

163 2382 277 2418 των
331 2367 497 2437 μήπω
532 2368 632 2437 τὴν
670 2371 1054 2441 προσήκουσαν
1086 2372 1200 2437 ἕξιν
1266 2374 1577 2431 ἀναλαϐεῖν.
1625 2379 1755 2432 Ἐπ-

163 2457 490 2529 ιστείλαμεν
535 2455 627 2514 οὖν
655 2463 754 2535 ’ήδη
796 2467 907 2528 τοῖς
957 2466 1259 2536 ἀγαπητοῖς
1293 2468 1543 2539 ἀδελφοῖς
1573 2471 1752 2542 ἡμῶν,

164 2552 282 2612 τοῖς
308 2550 451 2603 κατά
474 2551 566 2604 τὸν
610 2554 877 2610 Ἐλαιῶνα
901 2596 916 2620 ,
958 2557 1245 2629 Παλλαδίῳ
1267 2546 1361 2631 ’τῷ
1385 2562 1640 2634 ἡμετέρῳ
1662 2565 1757 2616 καὶ

176 2642 513 2714 Ἰννοκεντίῳ
545 2646 621 2716 (2)
646 2646 724 2717 τῷ
756 2648 941 2721 Ἰταλῷ
960 2689 975 2713 ,
1006 2651 1141 2722 πρὸς
1160 2652 1229 2705 τὰ
1256 2654 1389 2725 παρ’
1414 2656 1593 2710 αὐτῶν
1624 2659 1757 2729 ήμῖν

165 2736 553 2807 ἐπεσταλμένα
577 2756 590 2768 ·
626 2739 708 2793 ὅτι
742 2742 896 2794 οὐδὲν
940 2743 1220 2815 δυνάμεθα
1248 2748 1313 2817 τῇ
1356 2747 1498 2800 κατὰ
1524 2749 1756 2803 Νίκαιαν

168 2827 352 2881 πίστει
418 2831 768 2901 προστιθέναι
825 2836 988 2905 ἡμεῖς
1018 2876 1033 2899 ,
1093 2836 1213 2889 οὐδὲ
1273 2838 1334 2890 τὸ
1398 2839 1755 2911 βραχύτατον,

170 2919 315 2990 πλὴν
352 2921 456 2991 τῆς
505 2925 586 2987 εἰς
619 2924 680 2976 τὸ
725 2925 951 2997 Πνεῦμα
987 2927 1049 2979 τὸ
1094 2927 1249 2997 ἅγιον
1296 2929 1634 2999 δοξολογίας,
1669 2934 1759 2988 διὰ

168 3010 232 3062 τὸ
278 3011 336 3062 ὲν
375 3013 701 3084 παραδρομῇ
759 3015 883 3078 τοὺς
942 3015 1187 3087 πατέρας
1242 3018 1399 3088 ἡμῶν
1440 3018 1631 3072 τούτου
1661 3019 1757 3073 τοῦ

1842 539 2197 593 consentiunt
2224 578 2239 603 ,
2294 537 2350 592 in
2375 553 2485 593 una
2514 539 2699 609 aliqua
2730 555 2790 594 re
2823 555 3053 610 prorsus
3087 544 3156 598 ab
3185 560 3245 600 se
3277 546 3426 601 invi-

1842 644 1962 684 cem
1990 629 2282 686 dissident.
2320 629 2606 697 Quomodo
2638 630 2811 702 igitur
2856 648 2982 688 eum
3035 650 3143 690 non
3190 637 3427 694 admire-

1843 737 1991 787 mur,
2038 723 2134 793 qui
2170 724 2225 777 in
2251 723 2347 778 tali
2386 739 2571 779 rerum
2615 731 2763 778 statu
2803 740 3001 794 purum
3051 742 3117 781 ac
3149 729 3424 784 sincerum

1843 828 1976 883 erga
2006 812 2209 869 fratres
2241 830 2485 870 amorem
2520 816 2785 881 ostendit,
2814 823 2868 871 et
2894 831 2962 872 ex
2990 824 3143 873 tanto
3175 821 3345 876 maris
3370 829 3426 875 et

1844 917 2025 973 terrae,
2056 909 2259 980 quibus
2287 924 2518 980 corpore
2548 909 2891 981 sejungimur
2920 910 3232 979 intervallo,
3258 929 3427 984 quan-

1848 1009 1961 1055 tum
2006 1000 2063 1055 in
2098 1017 2158 1057 se
2190 1010 2309 1067 est,
2337 1001 2646 1056 animarum
2691 1009 3007 1059 nostrarum
3058 1017 3249 1059 curam
3299 1021 3427 1061 sus-

1846 1091 2014 1160 cipit?

1919 1180 1975 1235 2.
2011 1180 2149 1237 Illud
2178 1189 2361 1237 autem
2397 1182 2561 1237 etiam
2589 1182 2645 1237 in
2682 1189 2735 1238 te
2759 1184 2993 1240 miratus
3017 1199 3162 1249 sum,
3192 1184 3340 1256 quod
3374 1194 3433 1240 et

1849 1274 2105 1340 fratrum,
2137 1274 2233 1346 qui
2276 1276 2333 1330 in
2364 1273 2582 1331 Elaeone
2625 1283 2789 1341 sunt,
2821 1278 3053 1332 moleste
3090 1276 3284 1332 tuleris
3310 1277 3429 1333 dis-

1850 1368 2198 1433 sensionem,
2234 1366 2487 1437 velisque
2532 1367 2773 1436 aliquam
2821 1368 2957 1438 ipsis
3011 1368 3129 1423 ﬁeri
3174 1369 3319 1425 inter
3369 1384 3432 1424 se

1850 1458 2309 1514 conciliationem.
2344 1456 2501 1524 Quod
2547 1464 2732 1513 autem
2777 1465 2828 1513 te
2857 1473 2969 1513 non
2997 1459 3278 1514 latuerunt
3308 1474 3432 1530 quae

1852 1567 1883 1606 a
1911 1551 2195 1606 nonnullis
2225 1550 2369 1605 male
2401 1550 2730 1620 excogitata,
2766 1548 2964 1623 fratres
2994 1551 3430 1615 eonturbarunt,

1852 1658 1918 1698 ac
1965 1642 2034 1698 de
2070 1642 2155 1698 bis
2202 1657 2422 1713 quoque
2468 1640 2897 1697 sollicitudinem
2946 1642 3277 1712 suscepisti,
3314 1642 3433 1699 hac

1853 1735 2017 1790 etiam
2063 1733 2200 1788 mihi
2248 1733 2477 1803 probata
2519 1731 2670 1788 sunt.
2706 1731 2845 1787 lllud
2875 1748 3007 1789 vero
3035 1748 3145 1788 non
3170 1734 3284 1805 jam
3334 1741 3432 1794 tua

1849 1823 2093 1894 judicavi
2120 1839 2245 1880 esse
2271 1821 2560 1894 prudentia
2587 1822 2834 1894 dignum,
2868 1822 3017 1894 quod
3044 1823 3203 1879 nobis
3233 1823 3432 1877 barum

1855 1931 2039 1971 rerum
2074 1915 2514 1970 emendationem
2557 1914 2929 1979 commiseris,
2973 1914 3291 1970 hominibus
3336 1929 3434 1970 ne-

1852 2023 1960 2078 que
1990 2006 2169 2078 gratia
2198 2004 2295 2061 Dei
2316 2006 2520 2071 ductis,
2554 2015 2615 2061 ut
2647 2004 2743 2076 qui
2777 2004 2833 2059 in
2863 2006 3107 2076 peccatis
3143 2006 3431 2072 vivamus,

1854 2116 1956 2155 nec
1980 2101 2088 2153 ulla
2112 2099 2332 2155 dicendi
2355 2098 2619 2153 facultate
2645 2096 2915 2167 praeditis,
2946 2111 3012 2152 eo
3040 2097 3189 2168 quod
3221 2113 3253 2151 a
3276 2097 3435 2153 vanis

1854 2195 2074 2266 quidem
2107 2194 2346 2249 libenter
2370 2194 2771 2249 recesserimus
2792 2232 2809 2259 ,
2840 2192 3092 2249 veritatis
3122 2198 3307 2246 autem
3337 2190 3440 2247 do-

1855 2294 2096 2357 paratum
2144 2286 2388 2341 nondum
2435 2286 2676 2341 assecuti
2724 2286 2984 2341 idoneum
3028 2299 3192 2339 usum
3237 2282 3434 2351 simus.

1853 2377 1975 2433 Jam
2008 2377 2178 2447 igitur
2221 2377 2614 2447 respondimus
2655 2377 2874 2433 dilectis
2914 2375 3182 2431 fratribus
3230 2375 3438 2431 nostris

1857 2469 1916 2524 in
1932 2468 2146 2524 Elaeone
2166 2468 2515 2540 degentibus,
2534 2468 2780 2524 Palladio
2805 2475 3001 2524 nostro
3022 2476 3076 2523 et
3107 2466 3439 2523 Innocentio

1856 2560 2013 2629 ltalo,
2046 2561 2112 2616 ad
2138 2576 2202 2616 ea
2225 2575 2348 2632 qua;
2381 2561 2544 2616 nobis
2569 2561 2638 2615 ab
2668 2561 2806 2631 ipsis
2830 2559 3053 2615 fuerunt
3086 2560 3313 2629 scripta,
3336 2572 3439 2615 nos

1858 2654 2071 2711 scilicet
2101 2653 2238 2707 nihil
2268 2667 2431 2722 posse
2462 2650 2698 2707 Nicaeum
2742 2650 2869 2707 fidei
2905 2651 3173 2722 adjicere,
3219 2666 3290 2705 ne
3313 2649 3441 2705 bre—

1857 2747 2144 2804 vissimum
2170 2745 2415 2816 quidem,
2447 2752 2679 2815 excepta
2705 2741 2947 2814 Spiritus
2969 2742 3148 2797 sancti
3175 2739 3443 2812 gloriﬁca-

1860 2842 2028 2906 tione,
2058 2849 2351 2911 propterea
2383 2838 2531 2910 quod
2563 2836 2802 2908 majores
2829 2835 3005 2891 nostri
3037 2833 3246 2889 cursim
3275 2830 3443 2902 hujus

1859 2931 2035 3003 partis
2065 2929 2442 2993 meminerint,
2484 2926 2731 2983 nondum
2766 2932 2901 2980 tunc
2934 2923 3004 2979 de
3050 2921 3264 2994 Spiritu
3293 2929 3444 2976 mota

1860 3020 2185 3091 quaestione.
2237 3020 2370 3086 Qua:
2421 3028 2605 3075 autem
2659 3017 2994 3074 adtexuntur
3030 3015 3160 3070 huic
3186 3013 3311 3069 ﬁdei
3339 3012 3441 3069 do-

170 3101 377 3172 μέρους
412 3104 859 3174 ἐπιμνησθῆναι⁹
895 3105 1050 3160 οὔπω
1087 3107 1182 3161 τοῦ
1237 3108 1357 3162 κατ’
1410 3110 1541 3165 αὐτὸ
1593 3110 1760 3184 ζητή-

1863 3120 2075 3185 gmata,
2104 3113 2173 3168 de
2211 3111 2433 3167 Domini
2464 3110 2883 3175 lncarnatione,
2916 3124 2982 3164 ea
3010 3117 3070 3164 ut
3100 3106 3302 3162 altiora
3345 3118 3443 3161 no-

172 3206 345 3259 ματος
382 3191 494 3244 τότε
525 3195 910 3266 κεκινημένου.
951 3196 1032 3250 Τὰ
1059 3196 1117 3250 δὲ
1168 3202 1646 3272 προσυφαινόμενα
1679 3203 1754 3275 (5)

167 3283 239 3352 τῇ
294 3282 474 3338 πίστει
518 3287 705 3360 ἐκείνῃ
759 3287 1008 3358 δόγματα
1060 3284 1188 3362 περὶ
1248 3292 1346 3363 τῆς
1400 3293 1495 3346 τοῦ
1550 3296 1756 3367 Κυρίου

169 3376 676 3449 ὲνανθρωπήσεως,
716 3379 790 3443 ὡς
834 3380 1108 3453 βαθύτερα
1149 3384 1248 3454 τῆς
1280 3386 1553 3458 ἡμετέρας
1587 3404 1759 3441 κατα-

169 3464 426 3535 λήψεως,
475 3467 598 3522 οὗτε
642 3470 1083 3543 ἐϐασανίσαμεν,
1135 3472 1257 3526 οὔτε
1313 3476 1755 3549 παρεδεξάμεθα·

170 3557 410 3625 εἰδότες,
463 3561 585 3626 ὅτι,
645 3562 866 3616 ἐπειδὰν
912 3563 1011 3635 τὴν
1062 3565 1341 3637 ἁπλότητα
1386 3568 1485 3639 τῆς
1525 3568 1759 3635 πίστεως

174 3649 326 3717 ἅπαξ
371 3654 872 3725 παρακινήσωμεν,
906 3654 1029 3708 οὔτε
1075 3674 1127 3709 τι
1172 3655 1249 3728 (4)
1300 3657 1474 3728 πέρας
1527 3658 1634 3714 τῶν
1671 3659 1759 3712 λό-

1861 3212 1977 3261 stra
1995 3205 2369 3275 intelligentia,
2391 3219 2572 3274 neque
2591 3202 3050 3266 examinavimus,
3079 3213 3261 3270 neque
3287 3212 3446 3255 rece-

1857 3296 2077 3366 pimus:
2116 3296 2373 3360 scientes,
2413 3295 2506 3350 ubi
2523 3293 2931 3365 simplicitatem
2967 3290 3093 3347 fidei
3121 3290 3292 3346 semel
3321 3304 3447 3347 sus-

1861 3387 2188 3452 tulerimus,
2238 3386 2454 3440 nullum
2485 3385 2601 3454 jam
2648 3397 2968 3439 sermonum
3001 3380 3163 3436 finem
3191 3395 3295 3435 nos
3323 3394 3449 3435 esse

1867 3479 2225 3543 inventuros,
2289 3476 2731 3533 contradictione
2782 3490 2886 3531 nos
2951 3487 3166 3543 semper
3214 3471 3448 3526 ulterius

1866 3571 2206 3641 abripiente;
2232 3584 2296 3625 ac
2319 3568 2721 3639 simpliciorum
2747 3566 2962 3624 animas
2989 3562 3444 3629 conturbaturos,

1863 3662 2020 3717 novis
2048 3661 2213 3717 rebus
2233 3659 2666 3715 introducendis.

173 3759 291 3810 γων
351 3743 695 3816 εὑρήσομεν,
732 3749 819 3801 ἀεὶ
873 3747 975 3818 τῆς
1029 3747 1339 3824 ἀντιλογίας
1386 3752 1467 3814 είς
1505 3750 1566 3803 τὸ
1607 3752 1790 3807 πλεῖον
1831 3756 1979 3826 ἡμᾶς
2047 3752 2427 3825 προαγούσης,
2476 3751 2572 3806 καὶ
2617 3750 2717 3815 τὰς
2764 3748 2943 3821 ψυχὰς
2983 3746 3092 3802 τῶν
3132 3744 3449 3817 ἀκεραιοτὲ·

178 3849 292 3905 ρων
329 3836 789 3908 παραταράξομεν
828 3838 904 3907 (5)
943 3841 1009 3910 τῇ
1064 3843 1460 3911 παρεισαγωγῇ
1510 3840 1619 3896 τῶν
1672 3842 2006 3909 ξενιζόντων.

248 3928 300 3981 5.
337 3928 447 4000 Τὴν
485 3928 540 3981 δὲ
586 3930 727 3983 κατά
769 3933 1099 4003 Ἀντιόχειαν
1146 3933 1495 4004 Ἐκκλησίαν,
1525 3934 1666 4004 λέγω
1706 3937 1771 4009 δὴ

174 4017 279 4088 τὴν
312 4018 390 4089 τῷ
435 4019 585 4090 αύτῷ
634 4023 944 4092 φρονήματι
1002 4022 1439 4093 συμϐαίνουσαν,
1480 4023 1590 4097 δῴη
1631 4028 1765 4080 ποτὲ

173 4113 206 4164 ὁ
257 4110 464 4182 Κύριος
512 4112 642 4165 ἰδεῖν
694 4113 864 4185 αὐτὴν
914 4115 1224 4186 ἡνωμένην.
1279 4116 1598 4171 Κινδυνεύει
1656 4119 1765 4191 γὰρ

177 4202 318 4274 αῦτη
369 4204 602 4275 μάλιστα
645 4205 890 4276 δεδέχθαι
942 4208 1042 4271 τὰς
1077 4208 1371 4272 ἐπιϐουλὰς
1408 4208 1502 4263 τοῦ
1543 4209 1764 4281 ἐχθροῦ,

183 4297 654 4368 μνησικακοῦντος
689 4301 825 4371 αὐτῇ
858 4300 946 4355 διὰ
978 4302 1042 4354 τὸ
1091 4300 1308 4372 πρῶτον
1350 4305 1464 4366 τοῖς
1515 4305 1634 4359 ἐκεῖ
1669 4304 1766 4377 τὴν

1949 3940 2002 3994 '5.
2045 3938 2203 4006 Quod
2256 3946 2439 3994 autem
2472 3938 2668 3997 attinet
2701 3937 2769 3991 ad
2805 3933 3107 3991 Eeelesiam
3148 3933 3449 3992 Antioche-

1867 4045 2018 4094 nam,
2051 4031 2198 4083 illam
2234 4029 2382 4092 dico,
2413 4044 2536 4099 quae
2560 4028 2614 4081 in
2643 4026 2836 4082 eadem
2862 4025 3116 4080 doctrina
3146 4024 3447 4090 consentit,

1867 4119 2132 4190 largiatur
2162 4118 2463 4189 aliquando
2505 4116 2772 4173 Dominus
2818 4123 2881 4169 ut
2902 4114 3067 4187 395,
3105 4129 3227 4176 eam
3267 4114 3452 4170 videar

1869 4226 1993 4266 mus
2009 4211 2384 4280 conjunctam.
2411 4209 2728 4264 Periculum
2748 4207 2896 4264 enim
2917 4214 3020 4271 cst,
3046 4220 3117 4261 ne
3138 4206 3258 4277 ipsa
3277 4205 3451 4260 maxi-

1869 4316 1956 4356 me
1988 4309 2176 4372 pateat
2205 4300 2431 4359 insidiis
2461 4300 2707 4367 inimici,
2741 4299 2847 4370 qui.
2882 4298 2931 4354 ei
2976 4304 3292 4363 succenset,
3318 4296 3449 4367 quia

256 4452 369 4529 (99)
410 4455 774 4529 Παρέλαθεν.
808 4456 951 4512 Editi
998 4458 1336 4529 praemittunt
1385 4460 1467 4529 οὐ.
1514 4458 1617 4515 Sed
1652 4462 1767 4517 haec
1797 4420 1848 4481 υ
1872 4458 2264 4528 simpliciorum
2294 4460 2461 4514 animi
2511 4459 2670 4515 novis
2705 4459 2869 4515 rebus
2915 4458 2970 4513 in
3018 4457 3321 4529 symbolum
3361 4457 3450 4511 in-

180 4525 403 4602 negatio
427 4526 622 4602 melius
666 4529 821 4602 a_bes_t
848 4544 879 4582 a
906 4528 1189 4602 codicibus
1210 4528 1374 4597 Med,
1403 4528 1535 4601 Reg.
1566 4532 1764 4602 primo,

178 4595 355 4669 Cuisl.
380 4597 669 4669 _secundo,_
687 4597 863 4669 Paris.
897 4606 952 4654 et
981 4597 1157 4669 Bigot.

229 4664 333 4747 _(l)
379 4666 732 4735 Ἀγαπητῶς.
770 4668 847 4723 Ita
896 4664 1295 4725 mssfnovem.
1331 4668 1768 4742 Εάίιίἁγαπητι-

182 4753 313 4798 κως.

253 4808 334 4877 (2)
385 4809 775 4881 Ἰννοξιεντίῳ.
813 4807 986 4881 Coisl.
1027 4816 1277 4881 uterque,
1330 4808 1503 4873 Harl.,
1539 4809 1676 4866 Med.
1713 4820 1767 4868 θι

180 4874 319 4951 Reg.
357 4878 633 4951 secundus
682 4879 996 4951 Ἰνοκεντίῳ.

258 4949 336 5019 (ὅ)
382 4950 459 5003 Τὰ
511 4947 1169 5019 δέ-προσυφαικόμενα.
1202 4950 1357 5017 Quod
1394 4951 1471 5019 ait
1512 4950 1763 5016 Basilius,

184 5017 274 5070 se
306 5017 512 5073 attexta
558 5017 790 5073 Nicaenae
840 5019 965 5074 fidei
993 5017 1244 5089 dogmata
1289 5022 1356 5076 de
1388 5018 1768 5077 lncarnatione

184 5101 299 5161 nec
312 5090 679 5161 examinasse,
717 5104 830 5161 nec
860 5091 1152 5161 recepisse,
1184 5091 1238 5144 id
1271 5092 1339 5146 de
1369 5092 1489 5160 ipso
1518 5090 1769 5161 dogmate

187 5160 364 5231 accipi
393 5173 503 5212 non
517 5158 707 5231 debet,
741 5159 835 5231 sed
868 5158 933 5231 de
975 5158 1138 5214 modo
1177 5158 1554 5231 dogmatisita
1587 5158 1769 5230 expri-

187 5230 396 5301 mendi.
432 5236 492 5301 ut
516 5228 756 5283 haeretici
783 5229 1003 5285 eludere
1024 5245 1132 5284 non
1162 5228 1392 5300 possint.
1424 5230 1559 5285 Nam
1587 5228 1767 5301 ipsum

187 5300 415 5371 quidem
460 5298 656 5369 dogma
700 5301 1005 5371 certissime
1051 5298 1267 5356 tenebat
1300 5300 1555 5371 Basilius,
1592 5298 1768 5371 neque

189 5368 257 5420 ad
284 5385 407 5424 eam
454 5368 566 5423 rem
610 5384 747 5437 opus
778 5369 1009 5424 habebat
1043 5373 1311 5426 examine.
1346 5370 1452 5425 Sed
1477 5386 1600 5425 cum
1629 5368 1769 5426 non-

186 5441 325 5510 nulli
358 5439 607 5510 formula:
652 5439 886 5494 Nicaena:
916 5440 1122 5510 aliquid
1150 5441 1218 5496 de
1250 5440 1631 5495 lncarnatione
1674 5442 1770 5501 ad:-

186 5508 383 5565 derent
404 5509 473 5563 ad
507 5511 947 5579 comprimendos
963 5508 1412 5579 Apollinaristas;
1453 5510 1508 5564 id
1533 5510 1767 5568 Basilius

187 5579 772 5653 needexam‘inaverat,
806 5594 909 5653 nee
951 5589 1249 5653 receperat,
1291 5590 1419 5653 tum
1445 5580 1575 5653 quia
1604 5581 1767 5640 altius

188 5649 550 5721 intelligentia
594 5665 699 5722 sua
723 5665 844 5722 esse
878 5649 1144 5722 ducebat;
1176 5659 1292 5722 tum
1330 5649 1768 5722 quiaimetuebat

189 5736 259 5777 ne
307 5720 474 5777 finem
535 5735 641 5776 non
689 5721 951 5777 baberent
980 5720 1249 5791 ejusmodi
1297 5720 1660 5794 quaestiones,
1702 5736 1765 5778 ac

1869 4530 2050 4584 ductis
2080 4530 2425 4585 laederentur.
2454 4529 2675 4585 Minime
2696 4538 2875 4585 autem
2910 4528 3131 4592 mirum,
3157 4528 3227 4593 si,
3259 4542 3453 4597 quam-

1867 4601 1952 4654 vis
1972 4599 2232 4670 Basilinm
2262 4616 2422 4657 nemo
2444 4599 2778 4670 intelligendi
2813 4606 2867 4653 et
2894 4597 3204 4670 explicandi
3227 4598 3453 4667 dogma-

1868 4670 1941 4741 t_is
1984 4669 2129 4726 dono
2173 4678 2480 4741 superaret,
2522 4668 2747 4726 suarum
2793 4678 2977 4723 tamen
3009 4668 3309 4741 virium_a_c
3340 4683 3454 4721 suae

1855 4739 2146 4811 facultatis
2194 4736 2316 4797 esse
2372 4757 2484 4795 non
2534 4741 2776 4811 putabat,
2819 4747 3021 4811 attexta
3066 4737 3190 4811 fidei
3222 4736 3455 4811 Nicaznzt:

1869 4809 1937 4864 de
1967 4810 2359 4880 incarnatione
2397 4807 3051 4880 dogmataiexaminarea
3088 4807 3269 4880 Longe
3306 4809 3453 4880 enim

1869 4879 2245 4934 difﬁcillimum
2281 4876 2496 4936 sciebat
2516 4896 2639 4936 esse
2659 4878 2949 4933 formulam
2983 4876 3107 4931 fidei
3138 4876 3225 4931 ita
3249 4877 3456 4932 consti-

1870 4957 2061 5024 tuere,‘
2083 4958 2174 5016 ut,
2196 4952 2343 5020 quod
2370 4952 2607 5024 omnino
2626 4949 2994 5024 necessarium
3025 4963 3147 5002 esse
3175 4946 3455 5024 ad_leg_i_ti:

1870 5036 2012 5073 mam
2039 5015 2327 5075 formulam
2358 5021 2519 5076 docet
2553 5021 2648 5075 lib.
2684 5019 2781 5073 lin
2813 5017 3140 5088 Eunom.,p.
3162 5018 3296 5080 215,
3319 5015 3453 5088 nihil

1870 5091 1919 5144 ei
1951 5091 2122 5153 desit,
2161 5098 2215 5146 et
2249 5091 2629 5145 haereticorum
2665 5105 2768 5143 usu
2825 5087 2924 5142 teri
2960 5084 3311 5157 pon'possit.
3346 5084 3454 5138 Nec

1870 5175 1995 5215 eum
2031 5162 2229 5215 latebat
2271 5163 2419 5231 ipsos
2450 5162 2630 5231 (etiam
2679 5156 3149 5231 NicmnosPatres
3183 5157 3452 5215 formulm,

1870 5246 2035 5298 quam
2088 5227 2699 5300 primo—condiderant,
2748 5227 2953 5300 aliquid
2998 5228 3455 5300 addere__coactos

1871 5296 2063 5366 fuisse,
2088 5296 2379 5371 postquam
2406 5301 2555 5354 illam
2589 5301 2659 5354 ab
2689 5296 3070 5353 haereticorum
3096 5296 3324 5352 auribus
3345 5309 3458 5355 nor.

1872 5371 2168 5428 abhorrere
2190 5371 2711 5425 animadverterunt.

1943 5441 2022 5509 (4)
2050 5442 2200 5495 Οὔτε
2225 5458 2300 5494 τι.
2335 5439 2427 5494 Sic
2454 5455 2644 5509 omnes
2667 5454 2799 5509 mss.
2844 5436 2986 5509 Editi
3007 5436 3212 5509 οὐκέτι.

1943 5503 2021 5581 (5)
2059 5510 2582 5581 Παραταράξομεν.
2607 5508 2685 5563 Ita
2723 5508 2897 5581 ﬂarl.,
2932 5505 3063 5581 Reg.
3088 5508 3318 5581 primus,
3343 5503 3456 5581 _P_a-

1870 5576 1969 5638 ris.
2003 5576 2079 5637 'et
2131 5576 2311 5652 Bigot.
2335 5576 2554 5651 Legitur
2598 5577 2907 5652 ταράξομεν
2965 5578 3020 5652 in_
3070 5577 3250 5652 tribus
3309 5576 3452 5641 aliis,

1871 5667 2068 5788 negtpe
2091 5646 2259 5709 Coisl.
2286 5646 2517 5723 utroque
2542 5658 2597 5709 et
2617 5646 2790 5722 Regio
2811 5646 3080 5705 secundo.
3113 5646 3256 5703 Editi
3275 5663 3456 5716 παρα-

1871 5740 1940 5777 τα
1972 5740 2123 5788 ομεν.

1870 5740 2123 5795 ταςομεν.
