3856 6224
464 249 561 307 951

1820 265 1879 320 S.
1920 264 2168 324 BASILII
2207 266 2423 324 MAGNI

3638 280 3740 335 952

460 361 575 421 illic
621 364 858 434 primum
885 364 1334 425 Christianorum
1362 373 1538 443 viguit
1588 375 1910 445 appellatio.
1967 380 2021 432 Αι

2151 381 2260 437 τῶν
2291 384 2638 454 Χριστιανῶν
2662 388 3034 461 προσηγορίαν
3074 390 3597 460 ἐμπολιτεύσασθαι.
3629 399 3737 453 Καὶ

458 458 880 528 scissa'quidem
903 469 987 514 est
1010 461 1236 517 haeresis
1257 473 1449 518 contra
1474 475 1678 521 rectam
1708 468 2038 537 doctrinam,

456 554 631 605 scissa
658 549 824 605 etiam
847 561 903 607 et
934 556 1051 623 ipsa
1080 564 1274 610 contra
1304 572 1365 612 se
1405 569 1555 613 recta
1600 559 1754 616 fides.
1790 561 1902 617 Nos
1942 578 2041 618 au-

454 655 586 709 tem,
629 644 762 716 quia
793 645 889 715 qui
924 647 1077 715 prior
1120 649 1408 704 veritatem
1448 651 1622 706 libere
1673 652 1951 719 defendit,
1987 664 2041 711 et

451 737 658 791 bonum
703 735 838 789 illud
891 746 1169 793 certamen
1208 739 1536 797 Constantio
1577 742 1883 814 imperante
1921 763 2037 804 cer-

451 826 610 888 tavit,
638 823 913 898 ,Meletius
944 835 1028 881 est
1061 829 1555 889 reverendissimus
1599 835 1933 907 episc0pus;
1984 849 2039 896 et

450 921 580 990 quia
612 936 737 975 eum
784 920 979 976 habuit
1032 921 1278 980 Ecclesia
1318 941 1438 981 mea
1473 931 2033 998 communicatorem,

449 1027 788 1083 magnopere
820 1029 945 1068 eum
986 1013 1222 1085 diligens
1250 1016 1320 1070 ob
1363 1016 1562 1073 fortem
1607 1021 1755 1076 illam
1795 1039 1860 1078 ac
1893 1026 2035 1081 invi-

451 1109 596 1155 ctam
629 1102 1070 1168 dimicationem.
1109 1104 1317 1162 idcirco
1352 1109 1617 1166 habemus
1650 1112 1804 1167 illum
1849 1114 2036 1171 hacte-

451 1205 587 1259 nus,
624 1190 737 1247 Deo
762 1193 1052 1265 largiente,
1082 1198 1612 1257 communicatorem
1634 1242 1649 1265 ,
1676 1211 1732 1258 et
1773 1213 1951 1271 certe,
1986 1209 2033 1264 si

448 1282 598 1339 Deus
618 1285 876 1352 voluerit,
901 1286 1246 1343 habebimus.
1271 1289 1405 1344 Nam
1429 1302 1483 1347 et
1515 1293 1868 1352 beatissimus
1891 1312 2031 1369 papa

447 1376 828 1442 Athanasius,
880 1394 1006 1433 cum
1056 1381 1447 1437 Alexandriam
1492 1387 1758 1450 venisset,
1803 1390 2031 1446 omnino

447 1470 692 1538 optabat,
726 1480 785 1524 ut
814 1471 919 1525 sibi
947 1487 1071 1526 cum
1102 1474 1224 1542 ipso
1254 1478 1572 1533 communio
1596 1482 2026 1550 conciliaretur;

448 1560 546 1614 sed
598 1562 808 1615 malitia
843 1563 1290 1620 consiliariornm
1334 1568 1388 1621 in
1430 1570 1578 1624 aliud
1608 1580 1827 1644 tempus
1858 1575 2027 1630 dilata

447 1668 638 1708 eorum
678 1655 1003 1725 conjunctio
1057 1676 1069 1711 :
1114 1659 1263 1728 quod
1312 1661 1520 1717 utinam
1564 1679 1671 1718 non
1704 1669 2022 1724 evenisset!

445 1743 664 1801 Nullius
688 1757 867 1804 autem
898 1765 965 1805 ex
991 1748 1099 1814 his,
1137 1752 1232 1821 qui
1265 1762 1455 1823 postea
1494 1756 1852 1825 introierunt,
1885 1776 2031 1815 com-
2062 1738 2104 1797 Β

446 1840 763 1895 munionem
823 1857 1067 1913 unquam
1129 1843 1455 1901 admisimus
1505 1866 1667 1905 :non
1728 1856 1873 1924 quod
1934 1872 2030 1914 eos

443 1931 759 2000 judicemus
790 1934 1080 2006 indignos,
1134 1939 1231 1993 sed
1273 1940 1423 2010 quod
1484 1944 1622 1997 nihil
1683 1947 1982 2004 habeamus
2012 1992 2027 2016 ,

449 2024 594 2078 unde
626 2025 773 2079 hunc
806 2027 1263 2087 condemnemus.
1296 2032 1460 2103 Atqui
1492 2036 1663 2089 multa
1690 2038 1909 2107 quidem
1933 2056 2030 2095 au-

445 2113 684 2167 divimus
714 2129 744 2167 a
774 2114 1059 2183 fratribus,
1084 2119 1178 2173 sed
1207 2119 1366 2174 fidem
1410 2138 1519 2177 non
1554 2124 1929 2193 adhibuimus,
1962 2146 2029 2185 eo

445 2205 591 2273 quod
622 2220 807 2259 coram
856 2211 1278 2267 accusatoribus
1329 2228 1440 2268 non
1489 2225 1701 2271 starent
1743 2223 2024 2283 accusati.

445 2295 591 2349 sicut
618 2298 884 2366 scriptum
915 2310 1001 2355 est
1028 2320 1040 2355 :
1087 2300 1195 2356 Lex
1227 2314 1414 2359 nostra
1464 2324 1569 2361 non
1589 2309 1803 2378 judicat
1856 2313 2028 2367 homi-

445 2403 586 2453 nem,
615 2389 721 2441 nisi
749 2390 902 2457 prius
931 2408 1049 2445 eum
1077 2394 1311 2450 audierit
1337 2406 1386 2451 et
1413 2402 1615 2454 noverit
1645 2405 1775 2472 quid
1793 2406 1961 2473 faciat
1981 2408 2024 2464 ⁸.

443 2478 626 2545 Quare
654 2482 896 2537 nondum
934 2501 1254 2555 possumus,
1282 2491 1454 2547 frater
1489 2495 1909 2565 colendissime,
1936 2501 2029 2554 lit-

441 2579 591 2627 teras
635 2573 701 2627 ad
748 2575 872 2630 illos
911 2576 1065 2643 dare,
1103 2596 1283 2651 neque
1331 2583 1398 2637 ad
1442 2585 1547 2639 hoc
1579 2590 1699 2658 cogi
1736 2590 2022 2647 debemus.

441 2663 579 2718 Illud
605 2674 788 2721 autem
810 2670 1039 2737 pacilico
1070 2680 1165 2727 tuo
1194 2676 1379 2729 animo
1412 2675 1638 2748 dignum
1671 2680 1859 2745 fuerit,
1891 2700 2020 2750 non,

442 2772 613 2812 unum
654 2760 877 2832 quidem
917 2763 1288 2836 conjungere,
1339 2770 1488 2825 aliud
1516 2788 1644 2828 vero
1672 2775 2022 2848 disjungere,

442 2848 539 2903 sed
575 2851 642 2904 ad
673 2866 791 2906 eam
837 2853 1309 2925 conjunctionem,
1335 2877 1459 2930 qua:
1498 2864 1650 2933 prior
1685 2869 1913 2933 exstitit,
1958 2888 2024 2926 ea

439 2958 565 3011 quae
606 2954 735 2998 sunt
777 2954 1033 3016 separata
1075 2948 1360 3008 reducere.
1394 2952 1741 3028 Quapropter
1781 2963 2020 3029 primum

440 3032 662 3101 quidem
698 3050 958 3104 precare,
999 3038 1199 3095 deinde
1224 3042 1425 3109 etiam,
1455 3056 1726 3116 quantum
1761 3051 1816 3105 in
1863 3061 1916 3108 te
1946 3056 2024 3110 si-

440 3132 557 3178 tum
596 3126 725 3190 erit,
759 3128 1075 3195 exhortare,
1119 3139 1179 3186 ut
1215 3135 1460 3204 projecta
1498 3154 1565 3193 ex
1605 3143 1806 3199 animis
1839 3148 2021 3202 ambi-

439 3218 609 3282 tione,
638 3226 752 3274 tum
779 3222 847 3276 ad
876 3223 1046 3277 robur
1073 3224 1329 3283 Ecclesia:
1365 3232 1791 3301 restituendum,
1817 3247 1929 3294 tum
1953 3242 2021 3297 ad

438 3313 913 3381 comprimendum
966 3317 1315 3375 inimicorum
1363 3322 1606 3380 furorem
1662 3328 1805 3383 inter
1837 3348 1896 3387 se
1936 3350 2022 3389 re-

438 3404 822 3463 concilientur.
857 3406 1027 3463 Valde
1062 3417 1246 3466 autem
1293 3430 1475 3468 meum
1510 3417 1643 3473 illud
1688 3422 1856 3476 etiam
1902 3426 2022 3479 ani-

436 3508 587 3547 mum
629 3498 935 3563 recreavit,
978 3501 1125 3569 quod
1169 3502 1451 3574 diligentia
1492 3514 1584 3561 tua
1618 3512 1837 3567 caeteris
1882 3530 2022 3584 prae-

435 3585 585 3642 clare
622 3596 677 3642 et
709 3600 967 3647 accurate
991 3596 1242 3651 tractatis
1266 3597 1487 3667 adjecit,
1517 3610 1626 3657 tres
1650 3621 1877 3660 necesse
1899 3625 2021 3664 esse

436 3674 764 3746 hypostases
811 3681 1083 3739 confiteri.
1133 3685 1480 3759 Quapropter
1531 3691 1636 3747 hoc
1681 3697 1844 3750 etiam
1891 3714 1920 3751 a
1968 3707 2021 3755 te

436 3763 636 3823 fratres
687 3769 1021 3828 Antiocheni
1067 3775 1404 3834 edoceantur
1452 3799 1468 3834 :
1522 3784 1773 3852 profecto
1832 3800 2019 3845 autem

429 3859 545 3928 jam
574 3861 755 3917 edocti
797 3877 946 3922 sunt.
981 3867 1119 3922 Nam
1155 3872 1277 3927 sine
1306 3873 1474 3930 dubio
1505 3891 1695 3932 eorum
1732 3883 2018 3950 amplexus

433 3968 546 4008 non
585 3972 738 4013 esses
770 3965 1214 4022 communionem
1236 4006 1252 4032 ,
1290 3968 1397 4023 nisi
1424 3971 1661 4028 maxime
1697 3973 1795 4028 tibi
1820 3974 1887 4029 de
1916 3976 2019 4032 hoc

434 4045 615 4115 capite
641 4059 867 4105 cautum
901 4062 1065 4110 esset.

505 4225 562 4280 4.
617 4225 764 4284 Gens
808 4237 990 4287 autem
1041 4231 1444 4307 Magusaeorum
1489 4239 1564 4312 (id
1619 4245 1766 4314 quod
1824 4245 2017 4303 alteris

430 4318 570 4372 mihi
614 4319 813 4377 litteris
863 4324 1113 4383 indicare
1153 4340 1416 4400 gravatus
1462 4349 1574 4389 non
1619 4337 1702 4406 es)
1753 4340 2017 4409 frequens

2049 3087 2091 3145 C

2143 474 2414 546 τέτμηται
2443 476 2545 547 μὲν
2569 479 2602 549 ἡ
2636 479 2847 551 αἵρεσις
2876 481 3015 553 πρὸς
3042 480 3139 553 τὴν
3159 482 3494 554 ὀρθοδοξίαψ
3528 487 3737 562 τέτμη-

2142 577 2234 613 ται
2279 561 2338 614 δὲ
2395 563 2489 616 καὶ
2540 563 2679 635 αὐτὴ
2731 565 2870 635 πρὸς
2908 567 3107 639 ἑαυτὴν
3155 570 3187 639 ἡ
3240 568 3487 639 ὀρθότης.
3546 561 3737 643 Ἡμεῖς

2142 649 2217 716 δὲ,
2250 651 2438 723 ἐπειδὴ
2469 654 2564 706 καὶ
2591 656 2620 707 6
2647 654 2864 726 πρῶτος
2889 656 3408 729 παρρησιασάμενος
3447 659 3592 731 ὑπὲρ
3638 663 3738 731 τῆς

2142 739 2436 813 ἀληθείας,
2478 744 2574 797 καὶ
2616 744 2708 799 τὸν
2759 746 2924 800 καλὸν
2971 749 3179 802 ἐκεῖνον
3216 749 3513 820 διαθλήσας
3544 752 3736 821 ἀγῶνα

2142 834 2236 887 ἐπὶ
2265 836 2373 889 τῶν
2404 836 2615 909 καιρῶν
2666 839 3069 906 Κωνσταντίου,
3111 843 3140 894 ὁ
3172 841 3600 913 αἰδεσιμώτατος
3628 847 3741 899 Με-

2137 926 2313 991 λέτιός
2355 929 2505 982 ἐστιν
2552 932 2581 983 6
2626 931 2950 997 ἐπίσκοπος,
2987 932 3082 985 καὶ
3132 932 3291 1003 ἔσχεν
3342 935 3507 987 αὐτὸν
3536 939 3572 1007 ἡ
3624 937 3737 1007 ἐμὴ

2152 1019 2454 1092 Ἐκκλησία
2507 1022 2845 1089 κοινωνικὸν,
2893 1024 3375 1096 ὑπεραγαπήσασα
3425 1026 3593 1084 αὐτὸν
3648 1027 3740 1081 διὰ

2138 1109 2235 1181 τὴν
2267 1111 2544 1184 καρτερὰν
2579 1113 2795 1185 ἐκείνην
2850 1115 2944 1168 καὶ
2996 1115 3275 1170 ἀνένδοτον
3309 1117 3591 1172 ἔνστασιν·
3621 1118 3741 1189 ἐχο-

2140 1217 2239 1269 μεν
2279 1201 2355 1272 (6)
2417 1201 2579 1257 αὐτὸν
2638 1206 2954 1259 κοινωνικὸν
3012 1207 3176 1280 μέχρι
3226 1208 3321 1262 τοῦ
3373 1210 3467 1263 νῦν
3513 1214 3583 1283 τῇ
3638 1211 3737 1264 τοῦ

2135 1293 2269 1346 Θεοῦ
2294 1295 2478 1367 χάριτι
2500 1337 2515 1361 ,
2539 1296 2633 1350 καὶ
2658 1297 2851 1371 ἕξομέν
2877 1316 2940 1368 γε
2965 1339 2980 1363 ,
3016 1301 3111 1354 ἐὰν
3149 1303 3178 1354 6
3206 1300 3340 1364 Θεὸς
3381 1302 3531 1374 θέλῃ.
3578 1305 3735 1358 Ἐπεὶ

2134 1385 2228 1437 καὶ⁸
2276 1387 2304 1439 6
2350 1388 2774 1459 μακαριώτατος
2828 1390 3017 1454 πάπας
3077 1392 3392 1458 Ἀθανάσιος
3425 1433 3442 1459 ,
3498 1397 3735 1460 ἐπιστὰς

2132 1473 2239 1527 ἀπὸ
2299 1476 2747 1551 Ἀλεξανδρείας,
2792 1480 2934 1535 πάνυ
2964 1481 3219 1535 ἐϐούλετο
3262 1484 3411 1554 αὐτῷ
3449 1486 3550 1557 τὴν
3590 1488 3732 1558 πρὸς

2131 1566 2293 1620 αὐτὸν
2326 1570 2612 1623 κοινωνίαν
2659 1572 3154 1644 καταπραχθῆναι·
3186 1574 3325 1628 ἀλλά
3376 1575 3550 1647 κακίᾳ
3597 1594 3730 1648 συμ-

2132 1659 2337 1714 ϐούλων
2374 1663 2456 1726 είς
2488 1663 2673 1735 ἕτερον
2710 1664 2901 1738 καιρὸν
2954 1667 3258 1738 ὑπερετέθη
3304 1668 3483 1721 αὐτῶν
3529 1671 3564 1740 ῆ
3612 1687 3731 1722 συν-

2133 1751 2314 1822 άφεια·
2349 1754 2425 1819 ὡς
2464 1757 2565 1809 οὐκ
2597 1756 2823 1824 ὥφειλεί
2905 1757 3029 1814 Τῶν
3060 1759 3117 1812 δέ
3156 1759 3459 1814 τελευταῖον
3491 1762 3732 1815 ἐπεισελ-

2134 1844 2337 1900 θόντων
2378 1848 2592 1913 οὐδενὸς
2626 1849 2841 1904 οὐδέπω
2879 1851 2977 1922 τὴν
3028 1854 3318 1907 κοινωνίαν
3376 1856 3731 1926 προσηκάμε-

2133 1937 2200 1991 θα
2230 1956 2242 1968 ·
2287 1941 2389 1993 οὐκ
2438 1941 2681 2007 ἐκείνους
2718 1943 3001 2015 κρίνοντες
3044 1945 3332 2012 ἀναξίους,
3386 1946 3521 2000 ἀλλά
3562 1948 3729 2019 μηδὲν

2132 2029 2347 2101 ἔχοντες
2395 2032 2585 2086 τούτου
2644 2035 3104 2105 καταγινώσκειν.
3163 2039 3361 2092 Καίτοι
3410 2041 3585 2095 πολλά
3628 2043 3728 2113 μὲν

2131 2123 2446 2193 ἠκούσαμεν
2485 2126 2615 2194 περὶ
2668 2125 2779 2178 τῶν
2828 2127 3116 2197 ἀδελφῶν,
3152 2128 3268 2182 ἀλλ’
3318 2132 3380 2184 οὐ
3441 2134 3728 2204 προσηκά-

2134 2215 2312 2287 μεθα,
2365 2216 2454 2270 διὰ
2497 2218 2558 2270 τὸ
2595 2217 2671 2289 μὴ
2720 2219 3183 2292 ἀντικαταστῆναι
3230 2226 3342 2286 τοῖς
3396 2224 3730 2295 κατηγόροις

2128 2309 2255 2371 τοὺς
2303 2309 2741 2381 ἐγκαλουμένους
2772 2310 2917 2364 κατὰ
2959 2312 3020 2364 τὸ
3072 2315 3487 2385 γεγραμμένον,
3518 2316 3600 2368 ὅτι
3626 2316 3728 2386 Μὴ

2130 2402 2163 2452 o'
2201 2401 2385 2469 νόμος
2417 2400 2590 2470 ἡμῶν
2619 2403 2810 2470 κρίνει
2841 2403 2919 2474 (7)
2972 2404 3082 2456 τὸν
3118 2404 3435 2473 ἄνθρωπον
3454 2449 3468 2472 ,
3498 2407 3607 2461 ἐὰν
3636 2409 3728 2478 μὴ

2128 2491 2365 2559 ,πρῶτον
2396 2493 2588 2547 αὑτοῦ
2620 2495 2894 2564 ἀκούσῃ,
2942 2497 3042 2550 καὶ
3083 2498 3205 2566 γνῷ
3249 2499 3306 2551 τί
3352 2499 3527 2554 ποιεῖ.
3557 2501 3728 2555 Ὥστε

2126 2582 2280 2636 οὔπω
2316 2584 2595 2656 δυνάμεθα
2634 2588 2818 2651 αὐτοῖς
2851 2588 3188 2642 ἐπιστέλλειν
3208 2630 3223 2654 ,
3253 2591 3553 2662 τιμιώτατε
3578 2594 3731 2647 ἁδελ-

2128 2675 2195 2744 φὲ.
2214 2716 2229 2740 ,
2271 2675 2394 2729 οὔτε
2423 2677 2833 2747 ἀναγκάζεσθαι
2867 2681 2949 2744 είς
2970 2680 3130 2734 τοῦτο
3156 2681 3467 2754 ὀφείλομεν.
3504 2685 3727 2755 Πρέπον

2125 2767 2170 2820 δ’
2199 2767 2266 2821 ἂν
2290 2769 2374 2840 εἴη
2406 2772 2473 2841 τῇ
2513 2772 2762 2842 εἰρηνικῇ
2816 2789 2908 2825 σου
2947 2773 3206 2844 προθέσει
3238 2775 3312 2846 μὴ
3356 2775 3417 2827 16
3451 2775 3552 2845 μὲν
3593 2793 3725 2829 συν-

2126 2859 2340 2924 άπτειν,
2381 2861 2443 2914 16
2471 2861 2528 2914 δὲ
2568 2862 2824 2935 διασπᾷν,
2858 2864 2996 2918 ἀλλά
3023 2867 3090 2936 τῇ
3119 2866 3555 2941 προϋπαρχούσῃ
3582 2867 3721 2921 ἐνώ-

2127 2969 2209 3005 σει
2268 2953 2337 3007 τά
2377 2955 2758 3026 κεχωρισμένα
2789 2959 3112 3029 προσάγειν.
3151 2960 3313 3013 Ὥστε
3356 2960 3572 3033 πρῶτον
3620 2961 3726 3033 μὲν

2127 3041 2281 3108 εὖξαι
2305 3084 2319 3109 ,
2350 3045 2542 3100 ἔπειτα
2584 3048 2706 3110 καὶ,
2741 3049 2841 3119 ὅση
2880 3048 3110 3120 δύναμις
3134 3091 3148 3116 ,
3185 3053 3567 3124 παρακάλεσον
3592 3096 3607 3123 ,
3642 3057 3727 3128 ῥί-

2128 3133 2338 3203 ψαντας
2376 3138 2575 3201 αὐτοὺς
2623 3139 2687 3191 ἐκ
2738 3138 2845 3192 τῶν
2895 3139 3083 3213 ψυχῶν
3136 3143 3197 3196 τὸ
3245 3143 3525 3217 φιλότιμον
3554 3188 3570 3213 ,
3627 3149 3726 3201 καὶ

2130 3226 2271 3298 ὑπὲρ
2308 3227 2401 3281 τοῦ
2452 3228 2743 3283 ἀποδοῦναι
2794 3229 2894 3302 τὴν
2942 3233 3094 3303 ίσχὺν
3140 3239 3206 3307 τῇ
3246 3237 3546 3309 Ἐκκλησία
3575 3280 3589 3303 ,
3626 3242 3725 3294 καὶ

2129 3319 2376 3374 καθελεῖν
2410 3320 2468 3374 16
2509 3322 2774 3393 φρύαγμα
2803 3322 2913 3376 τῶν
2944 3325 3173 3396 ἐχθρῶν,
3220 3329 3493 3399 συμϐῆναι
3524 3332 3728 3396 αὐτοὺς

2129 3410 2267 3480 πρὸς
2296 3409 2582 3481 ἀλλήλους.
2627 3411 2849 3476 Ἱκανῶς
2885 3413 2941 3466 δέ
2996 3432 3098 3484 μου
3150 3417 3368 3471 κάκεῖνο
3406 3418 3505 3490 τὴν
3542 3419 3726 3491 ψυχὴν

2128 3503 2474 3573 παρεκάλεσε
2499 3544 2513 3568 ,
2549 3504 2609 3557 16
2651 3505 2949 3576 προστεθὲν
2984 3509 3138 3579 παρά
3180 3509 3280 3578 τῆς
3310 3510 3409 3580 σῆς
3434 3512 3727 3584 ἀκριϐείας

2127 3598 2239 3659 τοῖς
2282 3597 2488 3659 λοιποῖς
2533 3596 2716 3660 καλῶς
2763 3599 2859 3651 καὶ
2915 3600 3162 3671 ἀκριϐῶς
3206 3601 3577 3675 θεολογηθεῖσι
3604 3623 3619 3636 ο
3664 3608 3724 3660 16

2126 3690 2277 3758 τρεῖς
2325 3689 2626 3755 ἀναγκαῖον
2688 3684 2828 3741 εἶναι
2887 3689 2987 3753 τὰς
3036 3691 3364 3755 ὑποστάσεις
3412 3694 3719 3764 ὁμολογεῖν.

2129 3778 2290 3832 Ὥστε
2327 3777 2486 3832 τοῦτο
2521 3781 2615 3833 καὶ
2666 3782 2716 3833 οἱ
2750 3782 2893 3835 κατὰ
2944 3784 3274 3854 Ἀντιόχειαν
3322 3786 3545 3856 ἀδελφοὶ
3569 3788 3723 3843 διδα-

2126 3867 2445 3921 σκέσθωσαν
2501 3869 2652 3941 παρά
2690 3870 2784 3923 σοῦ
2812 3887 2827 3901 ο
2863 3871 3083 3937 πάντως
3132 3873 3189 3926 δέ
3244 3891 3347 3927 που
3401 3877 3495 3929 καὶ
3541 3877 3726 3933 ἐδιδά-

2124 3961 2361 4033 χθησαν.
2392 3963 2466 4015 Οὐ
2498 3962 2609 4035 γὰρ
2642 3962 2709 4017 ἂν
2731 3964 2877 4018 εἵλου
2919 3965 2994 4037 (8)
3030 3966 3273 4036 δηλονότι
3300 3966 3401 4040 τὴν
3444 3969 3581 4040 πρὸς
3618 3973 3691 4025 αὖ
3716 4008 3729 4013 -

2122 4056 2250 4119 τοὺς
2280 4056 2567 4110 κοινωνίαν
2592 4098 2607 4123 ,
2655 4058 2730 4130 μὴ
2769 4058 2926 4112 τοῦτο
2958 4060 3136 4114 αὐτῶν
3171 4060 3409 4133 μάλιστα
3447 4062 3508 4116 16
3551 4064 3730 4138 μέρος

2123 4149 2595 4219 ἀσφαλισάμενος.

2194 4261 2247 4315 4.
2272 4261 2344 4314 Τὸ
2373 4261 2431 4314 δέ
2454 4261 2564 4315 τῶν
2589 4263 2957 4331 Μαγουσαίων
2982 4264 3135 4330 ἔθνος
3170 4266 3329 4338 (ὅπερ
3358 4268 3449 4322 διὰ
3471 4271 3570 4342 τῆς
3604 4271 3733 4325 ἑτέ-

2127 4370 2225 4425 ρας
2263 4353 2554 4423 ἐπιστολῆς
2592 4355 2834 4426 σημῆναι
2870 4354 2945 4426 (9)
2983 4358 3115 4428 ἡμῖν
3158 4358 3531 4432 κατηξίωσας)
3580 4365 3728 4418 πολύ

424 4419 519 4465 est
566 4412 712 4482 apud
750 4429 875 4479 nos,
908 4432 1006 4486 per
1046 4433 1240 4477 omnes
1279 4422 1396 4479 fere
1429 4440 1596 4496 agros
1622 4444 1835 4499 sparsa,
1863 4437 2014 4490 colo-

430 4501 540 4524 ...22-
586 4503 689 4524 I----
739 4504 971 4524 2____s--j
1103 4509 1144 4524 ἢ
1183 4510 1198 4524 1
1257 4512 1270 4524 ι
1466 4516 1517 4524 .-
1621 4517 1632 4524 .
1739 4519 1781 4524 --

2137 4412 2234 4498 ίστγι
2275 4444 2406 4515 παρ’
2442 4412 2575 4515 ἡμῖν
2616 4412 2758 4501 κ’ἀτά
2798 4412 2978 4501 πᾶσαν
3006 4412 3221 4519 ’.σχεδὸν
3418 4412 3733 4524 χῶραννδι-

429 4501 545 4557 niis
583 4503 693 4558 huc
731 4504 1062 4576 jampridem
1103 4509 1383 4583 Babylone
1412 4516 1688 4573 adductis.
1734 4519 1801 4575 Hi
1852 4530 2015 4578 utun-

427 4603 522 4650 tur
565 4598 815 4654 moribus
862 4602 1238 4670 peculiaribus
1291 4621 1304 4658 :
1343 4608 1493 4663 nulla
1534 4610 1672 4681 ipsis
1717 4629 1842 4668 cum
1882 4617 2012 4671 reli-

427 4690 555 4760 quis
623 4691 941 4751 hominibus
999 4698 1274 4765 societas,
1336 4716 1438 4756 nec
1495 4702 1611 4759 fieri
1677 4707 1788 4762 ullo
1850 4709 2015 4764 modo

430 4790 633 4853 potest,
689 4791 750 4839 ut
817 4802 944 4841 cum
996 4789 1105 4845 illis
1154 4807 1339 4848 sermo
1370 4794 1675 4863 habeatur,
1740 4799 2012 4869 siquidem

496 5000 517 5030 ⁵
558 4997 717 5054 Joan.
764 5019 874 5067 vn,
913 5004 1003 5061 51.

425 5252 449 5303 ἔ
502 5182 574 5253 (6)
608 5184 892 5254 Ἕχομεν.
917 5186 995 5241 lta
1027 5196 1142 5245 tres
1173 5206 1307 5247 mss.
1340 5195 1720 5250 vetustissimi.
1745 5196 1891 5253 Editi
1921 5200 2017 5253 καὶ

455 5269 641 5303 κίομεν.

455 5269 641 5306 γομεν.

455 5270 834 5408 νίξδοίνειἶ
862 5325 955 5408 Sic
991 5329 1235 5408 plerique
1274 5348 1408 5408 mss.
1443 5333 1587 5408 Editi
1610 5341 1805 5408 κρινεῖ.
1837 5337 2013 5395 Paulo

425 5399 870 5483 ailwuﬂ‘ta'ﬁvis
911 5398 1566 5483 ίη,ξ⁰¹“ηῖῒὲμξοοάίςί¹)με
1620 5398 1831 5483 Issam
1879 5412 2013 5483 ’περὶ

423 5460 533 5550 τῶν
569 5460 836 5550 ἀδελφῶν,
865 5469 1037 5550 multa
1078 5471 1372 5550 audiuimus
1400 5474 1474 5550 de
1494 5460 2013 5550 [νο(ᾖδ’ιῖδῖ-Ιεςειῖζ

425 5528 555 5616 trium
607 5528 787 5590 tamen
818 5538 1055 5616 .videtun
1084 5542 1236 5616 παρὰ
1266 5543 1375 5596 τῶν

429 5599 907 5691 gratrumnOInine
941 5599 1276 5691 probabilius
1300 5623 1387 5669 est
1414 5631 1508 5672 eos
1535 5599 1832 5691 deSigna-ri',

430 5667 489 5724 S.
524 5670 719 5728 Meletii
748 5667 995 5745 partibus
1035 5667 1269 5747 stabant,
1305 5667 1931 5758 quam

2116 4536 2491 4609 εσπαρμένον,
2525 4536 2769 4592 ἀποίκων
2791 4539 2854 4592 16
2887 4541 3117 4595 παλαιὸν
3153 4543 3263 4613 (10)
3300 4544 3365 4596 ἐκ
3397 4545 3500 4617 τῆς
3539 4547 3731 4601 Βαϐυ-

2116 4626 2312 4691 λωνίας
2380 4631 2514 4701 ἡμῖν
2573 4631 3028 4702 ἐπεισαχθέντων.
3094 4633 3157 4686 Οἳ
3214 4633 3394 4690 ἔθεσιν
3454 4637 3729 4703 ἰδιάζουσι

2118 4719 2443 4790 κέχρηνται,
2477 4722 2702 4792 ἄμικτοι
2744 4723 2898 4788 ὄντες
2928 4725 3065 4796 πρὸς
3101 4727 3230 4789 τοὺς
3271 4726 3470 4793 ἄλλους
3497 4730 3727 4801 ἀνθρώ-

2120 4826 2281 4873 πους·
2313 4811 2456 4882 λόγῳ
2493 4812 2550 4865 δὲ
2591 4814 2728 4884 πρὸς
2781 4814 2978 4878 αὐτοὺς
3036 4815 3382 4888 κεχρῆσθαι,
3430 4819 3568 4873 καθό
3608 4821 3727 4893 (il)

2199 5202 2275 5342 (8;
2318 5206 2427 5259 Ἂν
2446 5206 2636 5261 εἵλου.
2661 5206 2844 5264 Codex
2860 5208 3149 5266 Medicams
3170 5211 3319 5269 εἴλω.

2199 5274 2252 5342 (9
2315 5274 2603 5342 Σημῆναι.
2639 5279 2712 5334 Ita
2743 5287 2857 5335 tres
2894 5282 3256 5338 vetustissimi
3290 5298 3319 5340 c

2197 5274 2277 5398 (9a)l
2315 5274 2603 5345 Σημῆναι.
2639 5279 2712 5334 Ita
2743 5287 2857 5351 tres
2894 5282 3256 5338 vetustissimi
3290 5283 3535 5342 codices.
3572 5284 3722 5341 Editi

2200 5361 2238 5398 υ.
2280 5362 2387 5398 ναι.

2280 5362 2387 5398 ναι.

2126 5359 2440 5537 Ξᾷἓῖαιάὐ
2473 5420 2751 5475 παλαιόν.
2807 5418 2887 5474 Ita
2942 5436 3071 5479 mss.
3124 5423 3391 5494 quinque.
3447 5425 3595 5481 Editi
3654 5429 3723 5482 16

2119 5499 2283 5539 παλαι

2189 5554 2207 5625 (

2214 5525 2304 5635 ὶῖῇ
2354 5559 2533 5635 rgias.
2588 5558 2731 5616 Med.
2787 5570 2842 5620 et
2883 5562 3057 5622 Coisl.
3115 5564 3351 5635 primus,
3388 5564 3514 5620 καθ’
3561 5566 3714 5623 ὅσον.

2117 5620 2267 5679 Ilarl.
2282 5620 2421 5682 ’καθ’
2466 5630 2544 5684 ὃν.
