3856 6224
213 263 323 322 95⁸5

1096 264 1589 323 EPISTOLARUM
1619 264 1907 322 CLASSIS
1944 263 2010 320 ll.
2052 264 2271 322 EPIST.
2312 264 2513 322 CCLX.

3373 267 3480 322 954

212 387 353 438 εἰσιν
397 385 769 454 ἐζωγρημένοι
817 385 921 438 ὑπὸ
963 384 1058 438 τοῦ
1096 385 1344 439 διαϐόλου
1373 388 1452 449 είς
1497 386 1559 439 τὸ
1586 386 1795 440 ἐκείνου

1929 385 2102 441 δίειὺοιὶ
2131 385 2263 439 facti
2314 391 2443 440 sunt
2495 382 2698 453 prmda,
2742 389 2803 437 ut
2847 381 2998 437 illius
3055 382 3358 438 inserviant
3390 403 3487 439 vu-

213 470 459 541 θέλημα,
496 472 771 529 παντελῶς
802 474 949 525 ἐστιν
980 475 1258 528 ἀδύνατον.
1293 474 1431 527 Οὔτε
1464 475 1574 546 γὰρ
1610 474 1797 545 βιϐλία

214 561 333 615 ἔστι
371 563 502 631 παρ’
531 561 746 626 αὐτοῖς,
799 562 922 615 οὔτε
957 563 1265 617 διδάσκαλοι
1301 565 1587 635 δογμάτων
1611 606 1626 630 ,
1661 567 1796 619 ἀλλὰ

214 654 327 706 ἔθει
351 655 530 724 ἀλόγῳ
578 656 964 725 συντρέςρονται
990 698 1004 720 ,
1039 661 1166 721 παῖς
1204 658 1352 729 παρὰ
1386 660 1593 731 πατρὸς
1623 660 1798 713 διαδε-

214 748 430 817 χόμενοι
472 748 570 819 τὴν
623 750 895 803 ἀσέϐειαν.
961 751 1145 814 Ἐκτὸς
1198 751 1260 821 δὴ
1311 752 1547 818 τούτων,
1600 753 1637 806 ὃ.
1692 754 1799 807 ὑπὸ

215 842 433 892 παῖντων
487 842 679 912 ὁρᾶται
706 882 719 905 ,
775 843 872 911 τὴν
928 840 1227 905 ζωοθυσίαν
1280 843 1671 915 παραιτοῦνται
1724 846 1800 910 ὡς

218 934 472 1004 μίασμα,
514 934 581 987 δι’
619 934 913 1007 ἀλλοτρίων
964 937 1161 1007 χειρῶν
1210 937 1279 990 τὰ
1324 938 1459 1008 πρὸς
1488 938 1583 1009 τὴν
1613 938 1799 1010 χρείαν

216 1023 334 1086 ζῶα
362 1025 833 1094 κατασφάττοντες
864 1026 973 1093 (12)
995 1043 1007 1056 ·
1053 1027 1250 1097 γάμοις
1285 1028 1657 1098 ἐπιμαίνονται
1695 1047 1801 1083 πα-

218 1117 474 1187 ρανόμοις
507 1134 520 1147 ο
559 1118 654 1169 καὶ
706 1118 766 1170 τὸ
815 1116 926 1189 πῦρ
974 1118 1235 1187 ἡγοῦνται
1294 1119 1455 1171 θεόν’
1500 1121 1596 1173 καὶ
1650 1121 1704 1173 εἴ
1749 1139 1801 1175 τι

216 1207 445 1261 τοιοῦτο.
487 1208 598 1272 Τὰς
649 1209 706 1262 δὲ
744 1211 809 1263 ἐκ
872 1208 967 1262 τοῦ
1023 1208 1275 1280 Ἀϐραὰμ
1323 1211 1670 1278 γενεαλογίας
1710 1212 1801 1263 οὑ-

217 1297 329 1361 δεὶς
381 1301 513 1370 ἡμῖν
551 1289 718 1371 ’μέχρι
769 1299 863 1352 τοῦ
910 1300 1175 1370 παρόντος
1207 1301 1314 1352 τῶν
1365 1301 1552 1369 μάγων
1602 1298 1801 1370 ἐμυθο-

218 1384 445 1456 λόγησεν
469 1404 482 1416 ·
517 1387 653 1440 ἀλλὰ
696 1387 971 1459 Ζαρνοῦάν
1009 1405 1130 1440 τινα
1180 1390 1395 1453 ἑαυτοῖς
1436 1390 1676 1460 ἀρχηγὸν
1706 1390 1799 1443 τοῦ

218 1475 411 1540 γένους
447 1477 858 1549 ἐπιξημίζουσι.
915 1479 1115 1549 Διόπερ
1159 1479 1311 1531 οὐδὲν
1346 1480 1454 1549 ἔχω
1494 1481 1603 1552 (15)
1643 1480 1802 1534 πλέον

220 1568 556 1623 ἐπιστέλλειν
591 1570 732 1642 ὑπὲρ
760 1569 938 1624 αὐτῶν
974 1574 1041 1643 τῇ
1082 1572 1359 1642 τιμιότητί
1404 1589 1520 1626 σου.

728 1687 1079 1740 ΕΠΙΣΤΟΛΗ
1125 1689 1294 1743 ΣΝΘ’.

1904 477 2123 531 luntati.
2173 475 2308 530 Nam
2352 490 2455 529 nec
2501 473 2626 527 libri
2669 474 2813 543 apud
2857 475 3001 539 illos,
3040 489 3142 528 nec
3170 475 3485 543 dogmatum

1904 566 2178 635 magistri,
2213 565 2306 619 sed
2349 563 2597 618 moribus
2625 563 2854 618 insulsis
2893 564 3282 629 instituuntur,
3342 565 3487 618 ﬁlius

1906 673 1935 710 a
1978 664 2135 727 patre
2179 656 2518 725 impietatem
2563 654 2921 723 excipientes.
2954 653 3074 708 Jain
3116 670 3246 710 vero
3297 664 3491 725 praeter

1907 750 2024 803 hinc
2074 763 2198 819 qua;
2248 747 2671 817 conspiciuntur
2725 746 2795 801 ab
2841 746 3117 809 omnibus,
3172 748 3491 802 animalium

1906 839 2107 894 caidem
2176 846 2506 893 aversantur
2576 844 2637 892 ut
2703 837 3221 907 inquinamentum,
3292 840 3490 894 alienis

1907 932 2165 986 manibus
2218 930 2477 985 animalia
2514 929 2582 983 ad
2625 945 2759 986 suos
2797 946 2931 986 usus
2971 932 3284 987 necessaria
3327 931 3490 1003 395

1907 1031 2218 1078 maetantes
2251 1041 2266 1077 :
2298 1020 2511 1092 nuptiis
2542 1020 2827 1077 insaniunt
2856 1022 3177 1093 illegitimis,
3218 1037 3283 1076 ac
3310 1023 3490 1093 ignem

1913 1119 2077 1173 deum
2126 1132 2250 1172 esse
2297 1116 2639 1171 arbitrantur
2671 1134 2686 1183 ;
2740 1122 2795 1170 et
2833 1116 2878 1171 si
2910 1116 3058 1187 quod
3095 1115 3242 1170 aliud
3273 1115 3495 1171 institu-

1912 1216 2028 1263 tum
2068 1207 2369 1277 ejusmodi.
2423 1206 2697 1263 Caeterum
2744 1221 3029 1278 magorum
3075 1208 3143 1263 ab
3179 1207 3492 1263 Abrahamo

1910 1299 2258 1369 genealogias
2303 1313 2466 1353 nemo
2507 1299 2776 1353 hactenus
2828 1298 2990 1354 nobis
3042 1300 3288 1354 narravit
3332 1320 3347 1354 :
3397 1297 3494 1353 sed

1910 1389 2183 1443 Zarnuam
2205 1388 2491 1458 quemdam
2516 1389 2733 1458 generis
2750 1388 2835 1444 sui
2856 1396 3134 1444 auctorem
3157 1404 3279 1445 esse
3291 1388 3490 1443 lerunt.

1910 1482 2261 1552 Quapropter
2294 1479 2432 1534 nihil
2480 1480 2718 1551 amplius
2753 1481 2951 1546 habeo,
2996 1481 3145 1552 quod
3173 1481 3241 1537 de
3275 1481 3363 1536 his
3411 1478 3495 1533 di-

1913 1574 2105 1645 gnitati
2141 1582 2248 1627 tuae
2273 1574 2535 1629 scribam.

2377 1687 2717 1744 EPISTOLA
2762 1685 2967 1743 CCLIX
2990 1690 3030 1740 ⁶.

220 1806 359 1857 Dolet
378 1806 589 1860 Basilius
609 1809 738 1874 quod
758 1823 927 1872 pacem
947 1808 1207 1863 conciliare
1230 1825 1324 1862 non
1356 1811 1580 1879 potuerit.
1601 1812 1686 1879 sed
1708 1819 1865 1879 tamen
1889 1812 2068 1864 nemini
2088 1821 2346 1865 succenset.
2374 1816 2488 1864 Non
2510 1812 2625 1879 petit
2648 1816 2700 1861 ut
2723 1823 2773 1861 se
2796 1806 2967 1858 crebro
3004 1801 3214 1854 invisam
3236 1798 3494 1852 Palladius

1326 1873 1372 1925 et
1394 1873 1722 1935 Innocentius,
1747 1876 1832 1926 sed
1854 1881 1904 1925 ut
1920 1888 2012 1939 pro
2034 1889 2087 1927 se
2115 1882 2389 1939 precentur.

303 1978 626 2044 Παλλαδίῳ
654 1979 753 2032 καὶ
799 1980 1165 2046 Ἰννοκεντίφ
1183 1980 1554 2051 μονάζουσιν
1586 1983 1722 2053 (id).

306 2090 448 2160 Ἐγὼ
478 2090 642 2143 πόσον
694 2089 791 2159 μὲν
837 2090 982 2160 ὑμᾶς
1016 2090 1215 2159 ἀγαπῶ
1238 2133 1252 2156 ,
1289 2091 1531 2156 εἰκάζειν
1566 2092 1809 2162 ὀφείλετε

222 2182 281 2249 ἐξ
333 2177 408 2235 ὧν
441 2183 587 2252 ἡμᾶς
637 2182 792 2235 αὐτοὶ
832 2182 1101 2250 ἀγαπᾶτε.
1150 2184 1261 2235 Καὶ
1306 2185 1528 2254 εἰρήνης
1564 2184 1662 2255 μὲν
1710 2188 1812 2239 ἐπα

221 2274 476 2346 εθύμησα
522 2275 609 2327 ἀεὶ
654 2272 907 2342 γενέσθαι
940 2274 1267 2345 βραδευτὴς,
1321 2276 1713 2343 ἀποτυγχάνων
1755 2276 1811 2329 δὲ

220 2366 498 2437 λυποῖψαι
533 2364 651 2436 μέν.
688 2364 812 2428 Πῶς
844 2365 950 2436 γὰρ
989 2364 1086 2431 of»;
1119 2367 1193 2418 Οὐ
1226 2365 1330 2437 μὴν
1360 2366 1472 2437 (15)
1506 2367 1811 2438 ἐχθραίνειν

222 2459 458 2532 δύναμαί
501 2478 612 2513 τισι
645 2459 837 2511 τούτου
887 2476 951 2528 γε
1004 2459 1220 2524 ἕνεκεν,
1276 2457 1466 2523 εἰδὼς,
1513 2460 1595 2512 ὅτι
1646 2459 1812 2512 πάλαι

222 2555 317 2622 ἀφ’
344 2552 503 2624 ἡμῶν
538 2551 679 2623 ἤρθη
731 2551 793 2604 τὸ
842 2551 942 2619 τῆς
981 2551 1204 2621 εἰρήνης
1248 2550 1433 2604 καλόν.
1478 2551 1541 2603 Εἰ
1573 2550 1630 2604 δὲ
1682 2552 1813 2622 παρ’

222 2646 409 2709 ἄλλοις
460 2647 493 2717 ή
550 2644 698 2697 αἰτία
736 2644 837 2714 τῆς
866 2643 1240 2708 διαστάσεως,
1296 2643 1568 2714 παράσχοι
1608 2643 1814 2714 Κύριος

222 2736 539 2793 παύσασθαι
567 2737 696 2799 τοὺς
723 2736 821 2799 τὰς
857 2735 1202 2806 διχοστασίας
1234 2735 1542 2798 ποιοῦντας.
1571 2736 1647 2789 Οὐ
1681 2735 1811 2806 μέν·

222 2849 309 2885 τοι
335 2831 455 2883 οὐδὲ
478 2829 721 2900 ἐπιζητῶ
748 2828 945 2899 συνεχῆ
975 2827 1128 2899 ὑμῶν
1158 2828 1257 2899 τὴν
1291 2829 1612 2900 ἐπιδημίανο
1673 2828 1813 2883 ὥστε

223 2923 417 2977 τούτου
448 2922 633 2976 ἕνεκεν
663 2922 798 2994 μηδὲ
823 2920 1209 2990 ἀπολογεῖσθαί
1235 2920 1344 2991 (16)
1382 2939 1492 2993 μοι.
1525 2917 1658 2976 Οἶδα
1682 2922 1813 2994 γὰρ,

224 3018 309 3072 ὅτι
338 3015 530 3086 ἄνδρες
562 3015 654 3067 τὸν
695 3014 1069 3086 πεπονημένον
1112 3012 1466 3085 προελόμενοι
1521 3012 1631 3084 βίον
1654 3053 1670 3077 ,
1722 3014 1817 3066 καὶ

224 3108 317 3162 ἀεὶ
360 3107 450 3161 διὰ
489 3106 600 3160 τῶν
645 3105 841 3178 χειρῶν
875 3108 1090 3169 ἑαυτοῖς
1134 3105 1204 3158 τὰ
1237 3090 1511 3175 ἀναγκαῖα
1541 3124 1816 3178 συμπορι-

226 3201 446 3271 ζςῖμενοι
474 3238 489 3263 ,
522 3199 687 3253 πολὺν
725 3198 1028 3270 ἀποδημεῖν
1067 3199 1259 3269 χρόνον
1303 3200 1413 3252 τῶν
1464 3201 1610 3254 ἰδίων
1638 3202 1698 3253 οὐ
1725 3200 1817 3253 δύ-

227 3307 440 3344 νανται.
484 3289 624 3342 Ἀλλ’
655 3289 899 3360 ὅπουπερ
929 3288 995 3343 ἂν
1022 3285 1122 3361 ἦτε
1140 3330 1154 3354 ,
1192 3290 1469 3361 μέμνησθε
1494 3292 1651 3362 ἡμῶν
1671 3308 1684 3321 ⁸
1722 3292 1815 3344 καὶ⁹

2197 1979 2456 2034 Palladio
2482 1987 2532 2032 et
2566 1974 2880 2031 Innocentio
2911 1967 3203 2024 monachis.

1985 2093 2264 2161 Quantum
2325 2109 2425 2165 ego
2494 2108 2592 2147 vos
2652 2090 2903 2158 diligant,
2955 2084 3228 2152 conjicere
3287 2081 3497 2137 debetis

1912 2202 1981 2242 ex
2022 2195 2204 2241 vestro
2242 2187 2298 2239 in
2339 2201 2426 2240 me
2474 2199 2680 2237 amore.
2732 2180 2798 2233 Et
2836 2178 2988 2250 pacis
3018 2176 3237 2246 quidem
3282 2189 3499 2243 semper

1914 2279 2098 2348 optavi
2150 2279 2475 2333 conciliator
2521 2290 2664 2341 esse,
2726 2271 2845 2335 sed,
2890 2286 2951 2325 re
2995 2268 3219 2333 infecta,
3265 2282 3493 2321 maereo.

1910 2370 2195 2436 Quomodo
2261 2369 2408 2422 enim
2470 2382 2579 2421 non
2634 2364 2977 2420 mmrerem?
3021 2360 3131 2415 Sed
3199 2367 3381 2413 tamen
3436 2373 3500 2413 ea

1915 2475 2087 2515 causa
2134 2472 2461 2513 succensere
2511 2455 2720 2511 nemini
2771 2467 2998 2524 possum
3038 2467 3054 2517 ;
3118 2450 3318 2520 quippe
3374 2466 3500 2505 eum

1917 2554 2091 2608 sciam
2132 2552 2287 2622 pacis
2336 2552 2539 2605 bonum
2567 2549 2682 2619 jam
2730 2548 2861 2602 olim
2898 2561 2929 2599 a
2960 2544 3121 2601 nobis
3160 2559 3283 2600 esse
3318 2544 3503 2599 subla-

1917 2654 2054 2699 tum.
2096 2643 2251 2709 Quod
2285 2644 2332 2699 si
2374 2645 2430 2698 in
2478 2642 2604 2696 aliis
2654 2656 2824 2696 causa
2866 2639 3070 2694 residet
3112 2637 3498 2701 dissensionis,

1912 2737 2049 2792 faxit
2104 2737 2364 2792 Dominus
2421 2743 2480 2791 ut
2534 2733 2893 2790 dissidiorum
2937 2738 3191 2787 auctores
3238 2730 3503 2800 conquie-

1915 2836 2095 2884 scant.
2171 2827 2292 2883 Non
2349 2843 2483 2884 sane
2533 2841 2565 2881 a
2604 2826 2758 2881 vobis
2813 2833 2973 2896 peto,
3029 2830 3090 2878 ut
3163 2838 3251 2879 me
3307 2821 3503 2876 crebro

1915 2920 2282 2977 conveniatis.
2338 2921 2523 2987 Quare
2566 2935 2678 2974 non
2719 2925 2806 2975 est
2849 2933 2951 2973 cur
2980 2932 3044 2972 ea
3075 2916 3142 2971 de
3173 2932 3233 2971 re
3272 2930 3502 2970 causam

1918 3013 2065 3083 apud
2116 3029 2204 3068 me
2250 3013 2469 3068 dicatis.
2518 3010 2656 3081 Novi
2701 3010 2848 3067 enim
2895 3010 3169 3072 homines,
3205 3021 3503 3078 pauperem

1920 3105 2203 3175 amplexos
2229 3105 2421 3167 vitam,
2460 3118 2525 3158 ac
2575 3118 2792 3173 semper
2821 3102 2938 3158 suis
2984 3100 3237 3154 manibus
3267 3098 3369 3154 sibi
3407 3112 3504 3153 ne-

1922 3196 2171 3251 cessaria
2219 3200 2628 3264 comparantes,
2684 3194 2847 3263 longo
2885 3191 3225 3263 peregrinari
3259 3197 3504 3259 tempore

1922 3302 1952 3340 a
1992 3288 2107 3342 suis
2139 3286 2349 3341 aedibus
2384 3300 2494 3339 non
2534 3299 2716 3355 posse.
2757 3280 2862 3337 Sed
2902 3282 3218 3351 ubicunque
3256 3280 3502 3333 locorum

227 3378 600 3450 προσεύχεσθε
634 3379 773 3450 ὑπὲρ
811 3354 970 3449 ἡμῶν
1140 3420 1154 3442 ,
1312 3354 1465 3433 adeo).
1509 3354 1639 3450 γοῦν
1678 3380 1814 3452 πρὸς

1929 3378 2156 3442 fueritis,
2173 3378 2343 3432 nostri
2363 3383 2726 3430 mementote:
2748 3389 2811 3428 ac
2826 3388 2924 3445 pro
2940 3373 3097 3427 nobis
3110 3369 3428 3442 precamini,
3448 3377 3505 3422 ut

229 3471 459 3534 ἑαυτοὺς
495 3471 721 3541 εἰρήνην
774 3471 989 3543 ἔχωμεν
1037 3473 1129 3524 καὶ
1159 3472 1295 3542 πρὸς
1327 3472 1416 3524 τὸν
1455 3471 1620 3537 Θεὸν,
1654 3473 1818 3544 μηδε-

233 3564 367 3634 μιᾶς
409 3566 523 3627 τοῖς
549 3563 830 3634 λογισμοῖς
858 3564 1015 3635 ἡμῶν
1048 3563 1297 3634 ταραχῆς
1336 3565 1672 3634 ὲνοικούσης.

779 3804 1124 3858 ΕΗΙΣΤΟΛΗ
1168 3803 1282 3858 ΣΞ’.

1927 3484 2030 3524 nos
2061 3470 2255 3522 saltem
2290 3466 2579 3520 nobiscum
2616 3464 2721 3535 ipsi
2753 3479 2944 3534 pacem
2974 3463 3274 3517 habeamus
3300 3468 3503 3515 etcum

1924 3560 2068 3625 Deo,
2127 3560 2278 3613 nulla
2326 3557 2754 3627 cogitationibus
2820 3555 3030 3610 nostris
3090 3551 3507 3624 perturbatione

1925 3652 2221 3707 insidente.

2367 3804 2708 3862 EPISTOLA
2770 3803 2953 3861 CCLX
2977 3805 3039 3858 “.

236 3921 423 3983 Rogata
446 3915 625 3982 Optimi
643 3916 861 3982 pluribus
876 3914 1086 3980 explicat
1105 3914 1317 3986 Basilius
1337 3915 1459 3986 illud
1481 3914 1751 3986 Scriptura:
1771 3931 1788 3968 :
1806 3918 1975 3986 Omnis
1994 3922 2076 3986 qui
2096 3919 2480 3986 occideritﬁain,
2499 3927 2693 3982 septem
2717 3921 2953 3971 vindictas
2973 3919 3225 3981 exsolvet;
3247 3925 3346 3969 tum
3362 3916 3506 3969 etiam

1199 3980 1423 4028 Lameclti
1445 3980 1508 4027 ad
1530 3991 1707 4029 uxores
1728 3982 1890 4042 verba,
1914 3988 1959 4032 et
1985 3980 2224 4033 Simeonis
2239 3984 2304 4032 ad
2330 3980 2562 4032 Marium.

724 4131 972 4198 Ὀπτίμῳ
1001 4131 1333 4197 ἐπισκόπῳ.

317 4246 363 4299 1.
393 4245 502 4299 Καὶ
532 4243 707 4307 ἄλλως
742 4244 854 4315 (18)
889 4244 986 4314 μὲν
1037 4243 1207 4313 ἡδέως
1236 4244 1377 4316 ὁρῶν
1426 4245 1553 4308 τοὺς
1583 4244 1821 4313 ἀγαθοὺς

315 4451 429 4519 (12)
466 4447 1303 4519 Κατασςράττοντεςηϋοόίεθε
1360 4451 1607 4505 nonnulli
1651 4468 1823 4505 natat—

243 4518 576 4591 auditavi-eg.
604 4520 792 4591 [Basilii
849 4518 1217 4591 narrationem
1266 4523 1596 4576 continuant
1629 4520 1826 4574 Barcle-

2464 4135 2673 4206 Optimo
2719 4137 2985 4205 episcopo.

2001 4252 2055 4305 1.
2087 4249 2224 4306 Cum
2254 4257 2308 4305 et
2343 4250 2481 4303 alias
2516 4249 2749 4304 libenter
2778 4248 2991 4303 videam
3021 4249 3258 4318 optimos
3283 4264 3509 4316 pueros,

1932 4457 2105 4510 cibus.
2140 4455 2282 4509 Editi
2332 4455 2602 4525 μοναχοῖς.
2633 4451 2770 4525 Tres
2806 4451 3048 4525 codices,
3099 4466 3292 4525 nempe
3333 4449 3509 4525 llarl.,

1930 4527 2097 4581 Coisl.
2139 4520 2348 4595 primus
2378 4532 2432 4579 et
2472 4520 2710 4579 Clarom.
2760 4522 2963 4577 habent
2996 4520 3386 4594 πρεσϐυτέροις
3418 4523 3511 4575 καὶ

242 4587 409 4679 sanes
440 4590 579 4679 apud
601 4588 915 4679 Eusebium,
936 4587 1113 4679 Pnrwp.
1137 4591 1505 4679 epungel.,lib.'
1532 4608 1603 4679 Vl;
1626 4591 1816 4679 p.373},

1934 4587 2277 4679 μονάςουσιν.

242 4671 299 4717 et
330 4662 449 4730 ipse
476 4658 818 4730 Epiphanius
857 4659 913 4711 in
962 4658 1301 4730 Expositione
1331 4663 1526 4715 cathol.
1564 4658 1659 4730 fid.
1700 4660 1824 4714 Pri-

242 4729 370 4785 mus
404 4729 637 4785 testatur
664 4730 835 4799 legem
889 4744 1011 4784 esse
1062 4730 1205 4799 apud
1256 4729 1451 4787 Persas
1485 4729 1571 4786 ut’
1597 4732 1737 4785 ﬁlias
1773 4737 1827 4785 et

244 4811 453 4855 matres
476 4801 532 4872 in
559 4799 1254 4872 matrimonimn‘ducant;
1301 4818 1476 4872 neque
1506 4804 1560 4857 id
1596 4803 1651 4856 in
1693 4800 1826 4857 Per-

246 4872 368 4926 side
411 4871 587 4925 solum
628 4869 890 4939 ﬁeri.sed
926 4870 1089 4923 etiam
1127 4869 1443 4939 quotquote
1474 4872 1695 4927 Perside
1726 4872 1831 4925 mi-

247 4950 515 5011 grarunt,
559 4956 699 5013 quos
729 4938 1028 5013 Magusazos
1056 4938 1287 5013 vocant,
1312 4943 1502 5013 iisdem
1531 4943 1583 4995 in
1610 4942 1828 5013 ﬂagitiis

248 5027 495 5073 manere,
519 5018 573 5065 et
599 5011 724 5065 liliis
746 5010 906 5079 quasi
932 5012 1158 5078 patriam
1182 5010 1555 5067 haereditatem
1588 5010 1831 5067 hos'mo-

249 5096 346 5162 res
375 5080 808 5169 tradefezuAddilt‘
825 5082 1025 5169 multos
1042 5081 1318 5169 hfietenus
1350 5083 1649 5169 Ma‘gu'sazos
1673 5097 1832 5169 repe-

247 5151 350 5206 riri
383 5152 439 5204 in
496 5149 696 5220 Media,
744 5149 1003 5219 ngypto,
1041 5150 1301 5220 Phrygia,
1337 5162 1392 5207 et
1419 5149 1650 5208 Galatia.
1698 5149 1835 5207 Vide

249 5238 308 5292 p.
332 5221 463 5275 259.
493 5219 835 5291 Epiphanius
879 5223 954 5292 ait
1004 5219 1305 5289 Magu’swos
1339 5225 1481 5292 apud
1519 5222 1719 5278 Persas
1767 5225 1836 5277 si-

250 5288 501 5364 inulacra
521 5288 824 5364 _detestari,_
843 5288 941 5345 sed
966 5306 1037 5364 ea
1060 5288 1243 5344 tamen
1274 5288 1523 5359 adorare,
1563 5293 1835 5364 siquidem

252 5363 493 5416 adorant
520 5362 720 5430 ignem,
748 5361 916 5415 solem
939 5369 993 5414 et
1029 5360 1233 5430 lunam.

255 5441 264 5478 ι
327 5432 441 5505 (15)
476 5426 846 5505 ᾜκωωριει.
879 5431 1088 5505 primnus
1134 5426 1299 5505 ἕχον.
1345 5432 1543 5487 Ibidem
1588 5434 1719 5488 editi
1764 5436 1838 5505 τῇ

251 5499 674 5573 τιμιότητίξσου
717 5501 866 5573 ὑπὲρ
898 5500 1096 5573 αὐτῶν.
1138 5499 1273 5573 Tres
1310 5505 1528 5559 codices
1574 5499 1841 5559 vetustis:

254 5570 407 5659 si'ini:
444 5572 580 5626 utin
611 5579 780 5636 textu,
815 5570 921 5626 nisi
957 5573 1103 5641 quod
1149 5570 1465 5630 llarlzeanus
1513 5574 1677 5629 habet
1708 5577 1835 5644 περὶ

255 5660 460 5696 αυτων.
943 5678 950 5687 ι

332 5714 447 5785 (ll)
475 5711 871 5773 Μονάζουσιν.
905 5711 994 5769 Sic
1019 5714 1214 5785 legitur
1243 5714 1296 5769 in
1337 5729 1428 5770 sex
1460 5714 1664 5769 nostris
1694 5714 1839 5768 codi-

2000 4668 2112 4737 (15)
2156 4668 2238 4719 Οὐ
2273 4665 2432 4737 μήν.-
2462 4661 2684 4737 Ῐιιιῃι-ιξεβ
2712 4661 3073 4737 vetii_stissinii
3114 4662 3352 4718 codices.
3386 4660 3511 4717 Plu-

1926 4732 2018 4793 res
2045 4732 2134 4790 alii
2182 4737 2243 4789 οὐ
2417 4734 2495 4787 δέ.
2530 4732 2672 4807 Editj
2703 4735 2764 4787 οὺ
2794 4733 2891 4807 μὲν
2917 4732 2994 4786 δέ.

1998 4807 2110 4879 (16)
2148 4802 2818 4879 Μῃᾷὲξάπολοῖεῖσᾷαι.
2864 4805 2943 4857 lta
2990 4812 3103 4859 tres
3145 4802 3510 4860 vetustissimi

1927 4875 2164 4933 codices.
2202 4877 2342 4931 Editi
2372 4875 2445 4946 μὴ
2476 4875 2845 4942 ἀπολογεῖσθε.

2002 4967 2328 5041 (17))Υπὲρ
2349 4965 2536 5036 ἡμῶν.
2564 4966 2690 5041 llaec
2714 4967 2913 5023 desunt
2936 4968 2990 5021 in
3021 4966 3307 5031 Vaticano,
3335 4966 3507 5022 Coisl.

1931 5037 2175 5095 secundo
2213 5046 2267 5091 et
2298 5038 2430 5107 lieg.
2464 5037 2727 5091 secundo.

2005 5112 2117 5180 (l8)
2155 5108 2267 5162 Καὶ
2294 5106 2513 5180 ἄλλως.
2543 5107 2674 5180 Post
2724 5109 2858 5180 hcce
2880 5107 3041 5180 verba
3083 5106 3391 5180 addidimus
3419 5123 3513 5180 vo-

1932 5177 2110 5235 culam
2143 5195 2206 5233 ex
2241 5178 2520 5235 codicibus
2551 5178 2700 5231 Harl.
2724 5185 2779 5230 et
2812 5177 2952 5231 Med.
2985 5188 3040 5232 et
3065 5192 3173 5234 uno
3207 5192 3273 5247 ex
3307 5178 3512 5247 Regiis.

1932 5251 2133 5307 Ibidem
2170 5249 2484 5301 Ilarlieanus
2523 5249 2693 5301 codex
2717 5248 2888 5316 prima
2920 5263 3083 5317 manu
3128 5246 3262 5317 ὁρῶ,
3285 5257 3339 5302 et
3366 5246 3514 5316 pust-

1933 5338 1996 5376 ea
2028 5319 2213 5391 ἐπειδὴ
2256 5319 2325 5391 -δὲ
2366 5318 2461 5371 καὶ
2488 5318 2625 5388 μετὰ
2640 5317 3002 5391 γραμμάτων.
3033 5316 3100 5391 Et
3131 5316 3271 5391 alias
3305 5318 3515 5388 quidem

1936 5391 2157 5445 libenter
2182 5386 2346 5449 uideo,
2379 5386 2508 5451 etc.,
2547 5397 2602 5440 at
2640 5386 2731 5440 ubi
2756 5386 2896 5439 eum
2930 5386 3121 5441 litteris
3170 5386 3333 5441 etiarn
3386 5398 3511 5442 tuis.

1936 5463 2080 5515 l‘lditi
2117 5459 2384 5530 ἐπειδὴδὲ
2415 5459 2510 5511 καὶ
2544 5458 2696 5530 μετα
2719 5458 3082 5530 γραμμάτων.
3131 5456 3292 5530 Deest
3339 5462 3513 5529 prima

1937 5532 2131 5587 vocula
2162 5532 2216 5584 in
2245 5528 2486 5598 quinque
2512 5529 2790 5583 veteribus
2822 5529 2995 5591 libris,
3022 5529 3191 5583 altera
3231 5528 3286 5584 in
3316 5528 3511 5585 tribus.

2012 5627 2027 5645 ‘
2067 5624 2216 5678 Alias
2238 5619 2566 5677 CLXXXIV.
2600 5620 2818 5692 Scripta
2850 5635 2997 5676 anno
3025 5621 3127 5677 577

2016 5718 2052 5737 “
2092 5715 2239 5768 Alias
2262 5710 2557 5767 CCCXVII.
2584 5711 2796 5780 Scripta
2828 5726 2972 5765 anno
3001 5711 3126 5767 377.
