3856 6224
364 289 469 346 955

1708 284 1764 340 S.
1805 278 2051 337 BASlLll
2090 277 2305 333 MAGNl

3512 267 3626 325 956

364 416 481 460 tum
515 405 637 475 quia
673 404 890 460 illorum
927 421 1108 461 mores
1136 406 1276 462 ultra
1306 415 1518 461 aetatem
1549 406 1763 477 egregie
1787 419 1938 458 coui-

2066 399 2235 461 ιαῖδας
2263 398 2351 451 διά
2381 412 2440 447 τε
2477 395 2539 447 τὺ
2573 394 2713 466 ὑπὲρ
2745 393 2845 464 τὴν
2870 391 3086 464 ἡλικίαν
3114 390 3223 444 τῶν
3257 390 3404 460 ἠθῶν
3437 391 3631 442 εὐστα-

361 499 551 567 positi,
589 504 706 550 tum
739 504 962 567 propter
1001 513 1192 553 eorum
1231 514 1356 552 cum
1395 509 1484 553 tua
1522 500 1721 569 pietate
1750 513 1942 552 neces-

364 589 700 657 situdinem,
762 604 831 643 ex
887 606 994 661 qua
1049 592 1215 648 etiam
1271 592 1455 662 magni
1510 591 1715 660 aliquid
1744 590 1813 644 ab
1862 589 1942 644 eis

362 690 691 751 exspectare
730 683 897 751 licet;
948 692 1241 754 postquam
1282 700 1407 738 cum
1452 684 1651 739 litteris
1686 683 1795 737 tuis
1829 683 1941 737 vidi

361 786 459 826 eos
513 773 581 826 ad
634 789 720 828 me
764 773 1069 837 venientes,
1102 773 1380 844 duplicavi
1418 773 1474 828 in
1512 773 1636 827 illos
1674 787 1939 826 amorem.

363 859 469 916 Ubi
522 872 702 917 autem
742 864 845 933 legi
887 865 1193 934 epistolam,
1240 879 1303 918 ac
1339 865 1394 918 in
1434 879 1499 917 ea
1536 864 1790 934 perspexi
1817 878 1943 917 cum

371 953 654 1023 providam
708 956 879 1009 animi
936 956 1013 1009 tui
1061 956 1128 1009 de
1177 955 1441 1011 Ecclesiis
1483 954 1941 1019 sollicitudinem,

365 1057 484 1100 tum
527 1047 769 1117 legenda:
816 1048 1113 1118 Scripturae
1157 1049 1358 1103 divina:
1404 1048 1644 1104 studium
1686 1065 1700 1114 ;
1737 1049 1944 1119 gratias

364 1138 450 1206 egi
507 1137 759 1203 Domino,
803 1155 867 1194 ac
908 1140 1050 1195 bona
1101 1149 1357 1210 precatus
1404 1156 1524 1195 sum
1554 1141 1639 1195 his
1679 1141 1773 1211 qui
1807 1141 1945 1196 tales

367 1225 529 1280 nobis
574 1226 872 1281 all‘erebaut
918 1228 1152 1293 litteras,
1199 1228 1470 1299 imprimis
1521 1242 1652 1283 vero
1695 1227 1801 1297 ipsi
1838 1226 1941 1292 illi,

367 1314 461 1383 qui
496 1316 654 1369 nobis
687 1316 931 1386 scripsit.

356 1555 363 1562 .
436 1488 492 1542 2.
557 1490 897 1556 Quaesivisti,
964 1493 1383 1548 celeberrimum
1449 1491 1581 1547 illud
1637 1492 1846 1546 dictum
1893 1498 1948 1547 et

367 1581 514 1651 apud
568 1598 759 1638 omnes
808 1586 1083 1654 susdeque
1136 1595 1445 1648 versatum,
1494 1600 1657 1654 quam
1711 1584 1946 1639 solutio-

367 1689 492 1727 nem
540 1674 705 1745 396
748 1676 945 1730 habeat
987 1696 1001 1731 :
1032 1692 1228 1747 nempe
1255 1677 1389 1732 illud
1426 1697 1439 1733 :
1473 1677 1658 1733 Omnis
1682 1678 1774 1747 qui
1811 1678 1949 1730 occi-

2045 489 2136 553 θὲς
2169 490 2264 542 καὶ
2292 488 2381 541 διὰ
2413 487 2475 539 τὸ
2502 487 2637 555 πρὸς
2673 485 2772 557 τὴν
2810 483 2909 555 σὴν
2949 483 3234 536 εὐλάὸειαν
3266 484 3487 546 οἰκεῖον,
3530 482 3626 549 ἀφ’

2042 575 2104 633 οῦ
2139 599 2192 634 τι
2229 582 2324 633 καὶ
2375 580 2518 650 μέγα
2550 577 2857 649 προσδοκᾷν
2885 576 3032 629 ἐστιν
3073 575 3159 628 ἐπ’
3193 575 3404 637 αὐτοῖς·
3434 573 3627 643 ἐπειδὴ

2043 676 2136 728 καὶ
2169 674 2306 745 μετά
2336 674 2681 746 γραμμάτων
2724 672 2835 726 σῶν
2883 667 3023 723 εἶδον
3062 670 3261 733 αὐτοὺς
3300 668 3628 738 προσιόντας

2048 783 2174 838 μοι,
2229 765 2587 818 ὲδιπλασίασα
2635 764 2695 817 τὸ
2746 764 2833 816 ἐπ’
2871 764 3054 826 αὐτοῖς
3104 761 3344 831 φίλτρον.
3390 760 3517 812 Ὅτε
3568 758 3630 811 δὲ

2044 857 2288 925 ἀνέγνων
2342 856 2439 927 τὴν
2478 855 2765 926 ἐπιστολὴν
2790 898 2805 921 ,
2842 854 2938 908 καὶ
2992 850 3127 906 εἶδον
3185 855 3242 904 ὲν
3297 853 3433 921 αὐτῇ
3489 849 3628 920 ὁμοῦ

2048 947 2148 1017 μὲν
2200 946 2261 998 τὸ
2297 948 2423 1017 περὶ
2471 946 2571 1009 τὰς
2612 945 2938 1016 Ἐκκλησίας
2981 944 3090 1015 (19)
3131 943 3485 1014 προνοητικὸν
3526 941 3631 1011 τῆς

2047 1039 2146 1110 σῆς
2179 1038 2469 1101 διαθέσεως
2497 1078 2511 1102 ,
2550 1037 2686 1107 ὁμοῦ
2718 1037 2777 1090 δὲ
2805 1037 2866 1089 τὸ
2890 1037 3020 1107 περὶ
3051 1036 3151 1107 τὴν
3189 1035 3497 1103 ἀνάγνωσιν
3518 1033 3631 1086 τῶν

2047 1129 2207 1183 θείων
2238 1129 2469 1201 Γραφῶν
2518 1128 2814 1199 ἐπιμελὲς,
2857 1129 3237 1199 ηὐχαρίστησα
3284 1125 3364 1196 τῷ
3412 1126 3630 1196 Κυρίῳ,

2046 1222 2142 1275 καὶ
2177 1221 2503 1292 ἐπηυξάμην
2532 1221 2600 1275 τά
2645 1220 2825 1290 ἀγαθά
2862 1223 2973 1282 τοῖς
2994 1218 3064 1272 τὰ
3092 1218 3316 1289 τοιαῦτα
3351 1219 3481 1288 ἡμῖν
3511 1218 3633 1269 δια-

2050 1313 2333 1384 κομίζουσι
2368 1314 2708 1384 γράμματα,
2740 1311 2835 1365 καὶ
2867 1311 2975 1383 πρό
3019 1327 3084 1379 γε
3133 1308 3313 1363 αὐτῶν
3356 1307 3505 1379 αὐτῷ
3549 1306 3632 1378 τῷ

2047 1405 2318 1475 γράψαντι
2341 1407 2495 1475 ἡμῖν.

2117 1494 2171 1548 9...
2228 1494 2601 1565 Ἐπεζήτησας
2655 1492 2718 1546 τὸ
2771 1489 3206 1562 πολυθρύλλητον
3258 1488 3435 1540 ἐκεῖνο
3466 1527 3481 1550 ,
3536 1487 3633 1539 καὶ

2047 1585 2200 1656 παρά
2239 1587 2406 1638 πᾶσιν
2462 1585 2573 1637 ἄνω
2624 1583 2723 1637 καὶ
2754 1584 2906 1636 κάτω
2956 1578 3389 1651 περιφερόμενον
3442 1576 3628 1648 ῥητὸν,

2047 1679 2169 1731 τίνα
2208 1677 2305 1748 τὴν
2342 1675 2495 1729 λύσιν
2532 1674 2675 1745 ἕχει·
2725 1674 2819 1737 τὸ,
2854 1670 2980 1738 Πᾶς
3011 1675 3044 1724 ό
3072 1669 3435 1733 ἀποκτείνας
3480 1668 3635 1723 Κάϊν

365 1763 504 1817 derit
569 1765 726 1830 Cain,
781 1777 976 1835 septem
1032 1746 1294 1823 vindictas
1350 1770 1512 1824 solvet
1540 1770 1580 1823 ⁸.
1617 1746 1732 1824 Hae
1760 1778 1946 1824 autem

2066 1766 2198 1821 ἑπτὰ
2229 1766 2620 1835 ἑκὸικούμενα
2646 1764 3003 1832 παραλύσει.
3040 1760 3138 1813 Διὰ
3165 1759 3353 1813 τούτου
3396 1758 3456 1811 δὲ
3492 1758 3634 1822 τέως

366 1853 823 1928 interrogatione,
881 1860 1116 1929 primum
1158 1861 1379 1931 quidem
1418 1860 1652 1931 teipsum
1719 1860 1950 1917 demon~

367 1947 561 2001 strasti
599 1948 653 2002 id
697 1949 845 2019 quod
879 1949 1087 2007 Paulus
1133 1953 1392 2023 praecepit
1436 1952 1725 2009 Timotheo
1766 1954 1787 1985 ⁷
1853 1967 1947 2008 ac-

371 2048 564 2095 curate
619 2056 841 2098 servare
911 2044 1105 2115 (liquet
1170 2046 1316 2100 enim
1367 2054 1421 2100 te
1491 2053 1763 2101 attentum
1818 2061 1943 2101 esse

368 2130 660 2203 lectioni);
716 2133 913 2190 deinde
948 2151 1079 2191 vero
1119 2148 1174 2192 et
1220 2152 1350 2203 nos,
1394 2137 1490 2207 qui
1532 2153 1693 2193 senes
1734 2153 1946 2204 sumus,

370 2228 427 2275 et
469 2222 582 2292 jam
626 2227 997 2283 emarcuimus
1048 2239 1103 2283 et
1150 2236 1400 2300 tempore
1458 2238 1511 2283 et
1570 2230 1951 2284 imbecillitate

370 2316 643 2384 corporis,
675 2326 729 2371 et
762 2319 1114 2375 multitudine
1144 2319 1522 2387 alllictionum,
1554 2337 1675 2390 qua:
1705 2321 1952 2390 plurima:

369 2406 428 2459 in
459 2420 561 2460 nos
594 2407 880 2462 concitatae
922 2410 1087 2464 vitam
1122 2418 1368 2466 nostram
1396 2419 1828 2481 praegravarunt,
1860 2420 1947 2464 ta-

369 2513 494 2553 men
521 2500 900 2566 exsuscitasti,
933 2515 997 2554 ac
1038 2500 1251 2556 fervens
1287 2501 1486 2571 spiritu
1514 2517 1617 2558 nos
1654 2501 1954 2572 frigescen-

373 2599 478 2654 tes,
522 2600 784 2662 tanquam
834 2593 1061 2648 latentia
1093 2594 1149 2647 in
1186 2594 1378 2649 lustris
1412 2594 1692 2662 animalia,
1724 2596 1794 2649 ad
1837 2611 1955 2651 me-

374 2682 618 2737 diocrem
639 2684 978 2754 vigilantiam
996 2694 1051 2739 et
1068 2686 1289 2739 vitalem
1310 2686 1685 2756 operationem
1703 2703 1950 2744 revocas.

374 2773 556 2842 Atque
606 2774 743 2828 illud
788 2775 1009 2844 quidem
1060 2776 1269 2830 dictum
1312 2785 1365 2831 et
1398 2777 1728 2847 simpliciter
1758 2780 1840 2834 sic
1867 2782 1949 2836 in—

375 2866 547 2936 telligi
599 2874 799 2936 potest,
844 2876 901 2922 et
934 2868 1139 2923 variam
1192 2870 1440 2939 accipere
1486 2872 1950 2941 explanationem.

376 2955 690 3027 Simplicior
720 2967 903 3013 autem
928 2968 985 3014 et
1016 2976 1136 3030 qua:
1166 2962 1394 3016 cuilibet
1418 2965 1591 3031 possit
1625 2980 1724 3019 sua
1758 2975 1954 3035 sponte

2055 1858 2154 1929 μὲν
2178 1858 2341 1920 αὐτὸς
2370 1856 2595 1910 σεαυτὸν
2621 1856 2954 1924 συνέστησας
2969 1892 2984 1917 ,
3007 1852 3067 1906 τὸ
3089 1851 3184 1905 τοῦ
3205 1850 3472 1922 Τιμοθέου
3495 1851 3632 1921 (20).

2049 1948 2079 2000 ὃ
2116 1946 2432 2017 παρέδωκεν
2481 1943 2629 2015 αὐτῷ
2683 1943 2930 2006 Παῦλος,
2997 1941 3241 2013 ἀκριϐῶς
3297 1939 3637 2009 φυλάττοντα

2052 2038 2235 2109 (δῆλος
2280 2036 2389 2108 γὰρ
2430 2033 2482 2090 εἴ
2514 2035 2796 2107 προσέχων
2834 2036 2900 2104 τῇ
2933 2031 3287 2102 ἀναγνώσει)·
3317 2030 3509 2084 ἔπειτα
3541 2031 3639 2084 καὶ⁵

2051 2132 2203 2202 ἡμᾶς
2251 2131 2377 2193 τοὺς
2406 2129 2701 2199 γέροντας,
2733 2126 2829 2181 καὶ
2866 2124 3273 2196 νεναρκηκότας
3305 2124 3408 2194 ἤδη
3440 2125 3532 2176 καὶ
3558 2123 3641 2193 τῷ

2052 2224 2229 2295 χρόνῳ
2263 2222 2357 2275 καὶ
2378 2223 2445 2292 τῇ
2478 2218 2734 2289 ἀσθενείᾳ
2769 2215 2862 2271 τοῦ
2896 2216 3149 2286 σώματος
3169 2254 3184 2278 ,
3214 2216 3308 2268 καὶ
3336 2213 3413 2285 τῷ
3440 2213 3641 2285 πλήθει

2051 2314 2161 2367 τῶν
2200 2314 2466 2383 θλίψεων,
2503 2312 2558 2366 αἳ
2616 2310 2809 2365 πολλαὶ
2842 2308 2938 2362 νῦν
2980 2309 3110 2380 περὶ
3148 2308 3297 2379 ἡμᾶς
3333 2306 3642 2376 κινηθεῖσαι

2054 2405 2331 2477 ἐὸἀρησαν
2359 2405 2471 2475 (2i)
2522 2404 2680 2474 ἡμῶν
2722 2401 2819 2473 τὴν
2854 2400 2997 2471 ζωὴν
3021 2440 3036 2463 ,
3074 2400 3224 2470 ὅμως
3256 2397 3642 2468 διανέστησας,

2055 2500 2147 2551 καὶ
2177 2498 2315 2561 ζέων
2344 2496 2422 2568 τῷ
2463 2496 2737 2565 πνεύματι
2785 2491 3231 2562 κατεψυγμένους
3259 2491 3406 2561 ἡμᾶς
3425 2529 3440 2552 ,
3464 2489 3542 2549 ὡς
3569 2488 3646 2542 τὰ

2056 2587 2368 2657 φωλεύοντα
2412 2586 2521 2639 τῶν
2556 2584 2710 2648 ζώων
2731 2623 2746 2648 ,
2781 2584 2862 2646 είς
2905 2584 3236 2653 ἐγρήγορσιν
3284 2579 3513 2650 μετρίαν
3548 2579 3649 2631 καὶ

2055 2679 2291 2748 ζωτικὴν
2336 2678 2616 2748 ἐνέργειαν
2664 2662 3121 2743 ὲπανάγειςῖἳὲ).
3162 2673 3315 2724 Ἔστι
3362 2671 3407 2724 δ’
3449 2666 3543 2723 οῦν
3581 2670 3649 2721 τὸ

2058 2772 2219 2842 ῥητὸν
2275 2771 2370 2823 καὶ
2421 2769 2609 2832 ἀπλῶς
2648 2767 2791 2821 οὕτω
2840 2766 3099 2838 νοηθῆναι
3159 2763 3495 2833 δυνάμενον,
3548 2762 3651 2814 καὶ

2055 2859 2299 2912 ποικίλον
2342 2856 2692 2921 ἐπιδέξασθαι
2729 2856 2839 2926 (25)
2871 2856 3050 2923 λόγον.
3090 2855 3156 2907 Ἠ
3190 2853 3289 2924 μὲν
3315 2848 3411 2906 οὖν
3446 2851 3651 2905 ἁπλου-

2059 2952 2224 3021 στέρα
2258 2952 2354 3004 καὶ
2404 2951 2567 3003 παντὶ
2598 2948 2870 3019 δυναμένη
2903 2948 2968 3000 ὲκ
3016 2946 3109 2999 τοῦ
3143 2945 3435 3017 προχείρου
3467 2961 3651 3013 παρα-

372 3064 664 3105 occurrere
689 3052 980 3116 sententia,
998 3054 1111 3105 haec
1138 3060 1222 3108 est
1244 3073 1256 3108 :
1279 3064 1530 3123 oportere
1551 3056 1685 3110 Cain
1718 3067 1952 3127 septem-

2066 3043 2251 3113 στῆναι
2296 3042 2503 3096 διάνοια
2547 3038 2686 3111 αὕτη
2718 3037 2865 3091 ἐστίν
2889 3054 2902 3067 ·
2932 3038 3013 3090 ὅτι
3046 3037 3128 3090 δεῖ
3173 3036 3265 3089 τὸν
3297 3036 3439 3089 Κάῖν
3471 3037 3648 3088 ἐπτα-

2101 3135 2113 3139 _
2215 3133 2225 3139 .
2386 3134 2397 3139 _
2489 3131 2511 3139 -
2548 3130 2573 3139 -
2726 3129 2825 3139 η..
2931 3129 2940 3139 .
3234 3128 3247 3139 ,
3381 3128 3395 3139 .
3453 3126 3466 3139 .
3575 3120 3608 3139 η

374 3141 573 3210 plicem
624 3142 754 3196 dare
806 3158 1024 3213 ptenam
1068 3154 1444 3214 peccatorum.
1499 3147 1617 3202 Non
1672 3151 1819 3205 enim
1867 3160 1951 3206 est

368 3235 510 3304 justi
551 3234 776 3304 judicis,
831 3251 991 3305 pares
1032 3238 1261 3306 paribus
1318 3247 1562 3295 statuere
1611 3242 1892 3298 mercedes
1934 3263 1947 3297 :

378 3324 475 3379 sed
516 3340 745 3380 necesse
786 3335 871 3380 est
912 3334 973 3380 ut
1015 3328 1140 3381 ntali
1187 3330 1434 3399 inceptor
1467 3332 1802 3387 cumulatius
1831 3348 1956 3403 per-

371 3415 550 3469 solvat
582 3414 786 3480 debita,
824 3416 871 3471 si
907 3417 1070 3472 modo
1103 3425 1156 3472 et
1201 3420 1320 3487 ipse
1354 3421 1549 3476 melior
1573 3438 1641 3477 ex
1666 3423 1955 3493 suppliciis

376 3505 599 3560 futurus
642 3506 731 3573 sit,
779 3515 835 3564 et
884 3508 1022 3563 alios
1071 3509 1328 3565 meliores
1392 3512 1640 3569 facturus
1681 3515 1951 3584 exemplo.

381 3598 654 3664 Quoniam
708 3600 877 3670 igitur
932 3608 1198 3655 statutum
1245 3610 1365 3667 est,
1425 3613 1485 3657 ut
1546 3606 1956 3675 septemplicem

379 3691 517 3746 Cain
550 3691 844 3763 adimpleat
874 3699 1223 3763 peccatorum
1258 3709 1498 3764 poenam,
1550 3697 1833 3763 dissolvet,
1868 3698 1957 3751 in-

380 3786 522 3853 quit,
563 3784 614 3839 id
647 3785 793 3854 quod
827 3785 1014 3839 divino
1040 3784 1250 3853 judicio
1299 3788 1365 3842 de
1416 3803 1482 3842 eo
1535 3788 1817 3844 decretum
1848 3797 1955 3855 est,

373 3879 473 3947 qui
508 3892 634 3943 eum
668 3877 901 3931 occidet.
939 3876 1065 3931 llaec
1091 3886 1175 3931 est
1209 3881 1476 3933 sententia
1518 3896 1619 3935 sua
1668 3891 1862 3938 soonte
1890 3899 1958 3938 ex

378 3969 555 4039 prima
594 3968 829 4023 lectione
859 3968 1020 4024 nobis
1049 3984 1373 4025 occurrens.

448 4237 505 4291 5.
557 4235 664 4292 Sed
704 4239 832 4307 quia
883 4239 1022 4294 solet
1065 4238 1339 4309 profunda
1388 4242 1626 4297 scrutari
1672 4243 1959 4300 hominum

380 4328 589 4384 laboris
619 4330 919 4384 amantium
967 4332 1185 4387 animus
1206 4373 1222 4398 ,
1260 4333 1459 4402 quaerit
1487 4336 1768 4403 quomodo
1794 4336 1961 4407 justi-

2059 3133 2323 3186 πλασίονα
2374 3130 2669 3184 ἀποδοῦναι
2719 3129 2832 3199 (24)
2890 3129 2990 3200 τὴν
3043 3128 3316 3199 τιμωρίαν
3373 3126 3515 3199 ὑπὲρ
3567 3120 3650 3181 ὧν

2055 3227 2325 3296 ἥμαρτεν.
2360 3225 2432 3278 Οὐ
2466 3224 2575 3294 γάρ
2601 3225 2715 3275 ἐστι
2743 3222 2951 3275 δικαίου
2984 3219 3172 3293 κριτοῦ
3197 3221 3318 3283 ἴσας
3354 3219 3495 3291 πρὸς
3525 3218 3653 3283 ἴσας

2055 3313 2255 3385 ὁρίζειν
2280 3314 2379 3377 τὰς
2411 3313 2708 3375 ἀντιδόσεις
2738 3312 2849 3383 (25)
2872 3329 2885 3342 ·
2910 3311 3025 3365 ἀλλ’
3050 3312 3263 3381 ἀνάγκη
3284 3352 3297 3377 ,
3326 3311 3418 3363 τὸν
3441 3310 3655 3381 κατάρ-

2058 3405 2223 3470 ξαντα
2253 3405 2426 3459 κακοῦ
2460 3404 2599 3476 μετά
2649 3404 2972 3475 προσθήκης
3023 3403 3277 3457 ἀποτίσαι
3327 3401 3397 3455 τὰ
3434 3401 3653 3470 ὀφειλό-

2026 3488 2228 3569 ⁵μενα,
2282 3498 2330 3549 εἰ
2374 3494 2556 3568 μέλλοι
2593 3497 2754 3559 αὐτός
2804 3513 2866 3549 τε
2922 3494 3145 3564 βελτίων
3196 3495 3319 3558 ταῖς
3352 3495 3653 3566 τιμωρίαις

2058 3587 2421 3659 γενήσεσθαι,
2447 3587 2540 3639 καὶ
2572 3586 2697 3649 τοὺς
2729 3585 2951 3647 λοιποὺς
2984 3583 3459 3656 σωφρονεστέρους
3491 3584 3655 3654 ποιή-

2061 3697 2173 3733 σειν
2204 3679 2316 3753 (26)
2358 3678 2436 3750 τῷ
2467 3677 2848 3748 ὑποδείγματι.
2885 3676 3094 3730 Οὐκοῦν
3115 3715 3130 3741 ,
3161 3675 3351 3747 ἐπειδὴ
3387 3676 3653 3729 τέτακται

2059 3769 2289 3832 ἑπτάκις
2333 3768 2730 3840 ἀποπληρῶσαι
2772 3768 2873 3838 τὴν
2905 3767 3061 3838 δίκην
3086 3766 3193 3820 τῶν
3237 3766 3656 3837 ἡμαρτημένων

2058 3862 2151 3914 τὸν
2181 3862 2323 3915 Κάῖν
2348 3902 2362 3926 ,
2397 3861 2735 3932 παραλύσει,
2767 3860 2925 3931 φησι,
2955 3860 3117 3914 τοῦτο
3142 3860 3203 3912 τὸ
3235 3860 3339 3913 ὑπὸ
3366 3861 3467 3932 τῆς
3496 3861 3657 3925 θείας

2061 3953 2295 4023 κρίσεως
2335 3953 2421 4005 ἐπ’
2453 3951 2602 4022 αὐτῷ
2630 3950 2949 4022 δεδογμένον
2972 3992 2986 4016 ,
3029 3951 3059 4002 ὁ
3102 3952 3431 4015 ἀποκτείνας
3463 3952 3656 4007 αὐτόν.

2061 4036 2231 4107 Οὗτός
2258 4044 2405 4096 ἐστιν
2429 4045 2457 4095 ὀ
2489 4042 2613 4106 νοῦς
2648 4045 2676 4095 ὁ
2714 4040 2966 4095 ἐντεῦθεν
2999 4042 3108 4094 ἀπὸ
3146 4042 3247 4113 τῆς
3280 4042 3506 4115 πρώτης
3528 4043 3664 4097 ἀνα-

2060 4132 2316 4202 γνώσεως
2346 4134 2479 4203 ἡμῖν
2510 4131 2894 4204 προσπίπτων.

2130 4248 2185 4302 5.
2228 4246 2446 4318 Ἐπειδὴ
2479 4246 2537 4299 δὲ
2566 4232 2794 4317 ἐρευνᾷν
2825 4244 3037 4315 πέφυκε
3065 4244 3134 4298 τὰ
3176 4243 3318 4316 βάθη
3353 4231 3467 4298 τῶν
3504 4245 3663 4314 φιλο-

2067 4340 2388 4410 πονωτέρων
2429 4342 2462 4411 ἡ
2496 4338 2704 4393 διάνοια
2724 4379 2739 4405 ,
2773 4337 3053 4409 ἐπιζητεῖ,
3097 4336 3161 4390 τὸ
3188 4336 3397 4391 δίκαιον
3445 4337 3562 4400 πῶς
3598 4340 3661 4391 ἐν

380 4423 456 4476 tia
495 4424 549 4477 in
577 4421 917 4496 septemplici
952 4424 1336 4495 adimpleatur,
1361 4435 1416 4481 et
1450 4426 1586 4497 quid
1614 4428 1726 4482 sint
1755 4429 1823 4483 τὰ
1864 4432 1952 4484 ὲκ-

2066 4431 2138 4503 τῷ
2176 4432 2404 4495 ἑπτάκις
2451 4430 2904 4502 ἀποπληροῦται,
2951 4431 3047 4484 καὶ
3080 4429 3133 4482 τί
3162 4429 3232 4483 τὰ
3267 4429 3658 4500 ὲκδικούμενα,

375 4513 674 4585 δικούμενα
696 4556 711 4580 ,
743 4521 927 4570 utrum
955 4524 1176 4585 peccata
1205 4524 1432 4586 septem,
1462 4532 1533 4573 an
1562 4534 1732 4573 unum
1762 4535 1959 4590 pecca-

378 4618 516 4674 tum,
551 4617 604 4664 et
639 4618 846 4679 septem
877 4626 975 4680 pro
1005 4626 1115 4665 uno
1146 4613 1453 4683 supplicia?
1479 4612 1706 4683 Semper
1735 4615 1957 4684 quidem

383 4698 670 4770 Scriptura
708 4701 1086 4757 remissionem
1129 4711 1480 4772 peccatorum
1509 4719 1738 4760 numero
1779 4716 1957 4777 septe-

378 4791 767 4859 nario-deﬁnit.
810 4792 1051 4859 Quoties,
1084 4795 1281 4864 inquit,
1307 4795 1542 4863 peccabit
1579 4797 1633 4849 in
1663 4813 1743 4851 me
1766 4797 1956 4864 frater,

376 4890 427 4935 et
459 4885 723 4937 remittam
751 4884 832 4938 illi
865 4884 1082 4956 (Petrus
1104 4894 1188 4942 est
1210 4887 1303 4956 qui
1332 4887 1447 4941 [nec
1477 4887 1708 4943 Domino
1741 4889 1956 4953 dicit)?

452 5038 472 5068 ⁸
511 5038 647 5092 Gen.
691 5054 765 5103 ιν,
809 5038 898 5093 l5.
974 5038 994 5068 ⁷
1035 5038 1057 5092 l
1092 5038 1234 5093 Tim.
1277 5055 1352 5106 tv,
1386 5041 1475 5096 l5.

452 5151 733 5270 ἓξθζζῖερι
768 5153 875 5219 τὰς
914 5154 1297 5224 Ἐκκλησίας.
1333 5154 1425 5211 Sic
1461 5171 1597 5212 mss.
1638 5164 1783 5211 octo.
1814 5155 1959 5212 Editi

495 5240 510 5270 ι
587 5241 672 5270 ηε-

383 5237 510 5290 περι
553 5239 672 5292 της.

453 5292 563 5372 (ξω)
609 5294 904 5372 ΤιμόθέουἸ
962 5292 1269 5372 Posthanc
1330 5309 1519 5372 vocem
1569 5296 1775 5372 addunt
1831 5296 1963 5372 editi
2006 5318 2011 5321 Α

387 5365 574 5432 ποιῶν,
603 5365 748 5432 quod
782 5365 977 5420 melius
1004 5367 1176 5421 multo
1206 5366 1398 5419 deesse
1429 5367 1605 5420 visum
1635 5375 1719 5420 est
1748 5368 1802 5421 in
1833 5369 1965 5422 duo-

385 5430 498 5505 bus
534 5430 738 5503 Regiis,
783 5433 958 5505 Bigot.
1003 5436 1195 5502 altero,
1257 5436 1431 5490 Coisl.
1479 5437 1720 5491 secundo
1746 5445 1800 5493 et
1854 5453 1964 5493 uno
2004 5476 2005 5479 η

384 5500 719 5557 Colberltito.

619 5572 971 5647 ξΕϐἀρηρίαν.
1007 5575 1172 5631 Coisl.
1205 5576 1412 5646 primus
1430 5575 1716 5647 ἐϐάρυναν.

456 5642 570 5713 (2‘2)
618 5643 990 5713 Ἐπανάγεις.
1036 5647 1113 5700 lta
1165 5642 1277 5701 tres
1324 5642 1684 5703 vetustissimi
1720 5649 1959 5705 codices.

387 5709 529 5765 Editi
553 5709 920 5781 ἐπανήγαγές.

2019 4534 2025 4540 ’
2060 4524 2289 4595 πότερον
2339 4523 2411 4577 τά
2455 4522 2846 4594 ἁμαρτηθέντα
2877 4523 3019 4577 ἑπτά
3045 4522 3195 4574 ἐστιν
3220 4521 3299 4592 ,ἢ
3344 4520 3403 4575 ἓν
3451 4522 3548 4593 μὲν
3594 4523 3662 4576 τὸ

2062 4616 2365 4686 ἁμάρτημα
2389 4654 2404 4678 ,
2438 4614 2581 4667 έπτά
2626 4614 2685 4668 δὲ
2737 4613 2830 4667 ἐπὶ
2881 4613 2961 4684 τῷ
2999 4613 3079 4666 ἑνὶ
3118 4613 3177 4664 αἱ
3210 4611 3497 4677 κολάσεις;
3543 4613 3661 4666 ’Λεὶ

2020 4752 2023 4759 ,
2064 4708 2161 4779 μὲν
2189 4702 2281 4760 οὖν
2319 4708 2352 4778 ή
2387 4705 2580 4777 Γραφὴ
2613 4706 2706 4759 τὸν
2753 4704 2852 4775 τῆς
2901 4704 3152 4773 ἀφέσεως
3179 4703 3290 4757 τῶν
3321 4704 3664 4775 ἁμαρτημά-

2016 4816 2020 4820 ‘
2065 4815 2174 4851 των
2207 4798 2439 4869 ἀριθμὸν
2468 4800 2524 4850 ὲν
2556 4800 2668 4860 τοῖς
2694 4796 2836 4850 ἐπτά
2863 4795 3186 4868 περιορξζει.
3218 4795 3491 4861 Ποσάκις
3516 4797 3657 4868 ('27),

2068 4893 2263 4962 φησιν,
2299 4889 2631 4962 ἁμαρτήσει
2682 4892 2769 4956 εὶς
2820 4888 2927 4958 ἐμὲ
2977 4892 3010 4943 ὁ
3042 4887 3310 4957 ἁδελφός
3353 4905 3476 4956 μου
3502 4929 3518 4952 ,
3556 4891 3661 4943 καὶ

2139 5157 2273 5227 (25)
2302 5152 3033 5227 ἘπιδέξασθαιηΝφιιημΙΙὶ
3108 5152 3329 5209 codices
3380 5151 3660 5216 ἐπιδείξα-

2070 5227 2214 5282 σθαι.
2233 5224 2476 5291 Quidam
2506 5226 2599 5279 alii
2635 5224 3037 5290 ὑποδείξασθαι.

2141 5297 2251 5365 (24)
2303 5295 2672 5365 Ἄποδοῦναι.
2694 5295 2771 5348 lta
2792 5294 2943 5348 Harl.
2969 5302 3024 5351 et
3053 5293 3223 5349 Coisl.
3251 5292 3486 5363 primus.
3512 5291 3656 5347 Med.

2070 5364 2395 5421 ἀποδιδόναι.
2419 5364 2560 5419 Editi
2596 5365 2800 5419 δοῦναι.
3232 5400 3233 5403 η

2143 5436 2254 5507 (25)
2296 5434 2663 5501 Ἀντιδόσεις.
2700 5434 2776 5507 l_ta
2816 5433 2965 5507 Harl.
3007 5440 3062 5488 et
3089 5432 3260 5490 Coisl.
3291 5433 3507 5503 primus
3529 5445 3655 5487 cum

2070 5503 2371 5575 An‘glicano
2394 5513 2461 5575 et,
2477 5521 2587 5561 uno
2615 5522 2682 5560 ex
2712 5503 2917 5575 Regiis.

2147 5572 2259 5648 (‘26)
2321 5574 2625 5642 Ποιήσειν.
2682 5572 2836 5629 Multi
2896 5572 3113 5630 codices
3166 5573 3261 5629 sed
3314 5573 3656 5630 recentiores

2071 5650 2265 5700 ποιεῖν.

2146 5717 2255 5787 (‘27)
2302 5714 2588 5782 Ποσάκις.
2638 5714 2781 5771 Editi
2837 5715 3045 5771 addunt
3095 5713 3234 5783 γάρ,
3287 5729 3411 5785 quae
3459 5711 3656 5770 vocula
