3856 6224
167 317 275 375 957

1156 289 1653 351 I'IPISTOLARUM
1690 283 1978 342 CLASSLS
2014 281 2079 336 ll.
2120 279 2343 337 EPlST.
2381 275 2581 334 CCLX.

3332 265 3437 323 958

171 429 390 501 ἀφήσω
415 420 615 488 αὺτῷ;
664 419 755 488 ('0
792 416 998 488 Πέτρος
1035 414 1149 468 ἐστὶ
1177 412 1350 480 λέγων
1390 410 1470 481 τῷ
1515 407 1750 480 Κυρίῳ.)
1783 435 1796 469 Α

1908 402 2008 455 'um
2052 415 2216 465 usque
2259 397 2490 465 septies?
2534 391 2741 446 Deinde
2789 401 3116 459 responsum
3166 383 3381 440 Domini
3423 402 3437 438 :

1908 492 1912 499 ι
2049 490 2079 501 ι.
2206 489 2272 501 .ι.
2576 484 2701 501 μ.9.λ
2798 480 2880 501 ,ΑΔ
2929 494 3090 501 ,----.-
3154 478 3437 501 -..κιυι-ηἱι.

173 499 326 585 Ἕως
356 513 604 578 ἑπτάκις
622 528 639 575 ;
666 507 800 564 Εἶτα
831 507 1124 575 ἀπόκρισις
1149 504 1244 556 τοῦ
1275 503 1515 575 Κυρίου·
1551 499 1756 555 Οὐ⁶λέ-

175 630 258 683 »γεω
303 624 404 664 σοι
457 606 568 670 ἕως
599 602 881 665 ἑπτάκις,
926 599 1064 654 ἀλλ’
1108 597 1219 663 ἕως
1254 592 1757 664 ἑϐδομηκοντάκις

174 702 346 757 ἑπτά.
394 701 470 753 Οὐ
499 697 608 769 γὰρ
639 697 724 749 ἐπ’
764 693 921 748 ἄλλον
961 689 1191 760 ἀριθμὸν
1234 688 1436 759 μετέϐη
1467 688 1495 738 6
1533 684 1756 754 Κύριος,

176 794 316 848 ἀλλὰ
367 792 458 844 τὸν
491 788 630 842 ἑπτὰ
668 783 1110 844 πολυπλασιάσας
1134 821 1149 844 ,
1200 782 1255 832 ὲν
1309 777 1459 849 αὐτῷ
1503 776 1594 830 τὸν
1634 776 1760 847 ὅρον

176 885 332 938 ἔθετο
352 883 453 952 τῆς
481 880 747 948 ἀφέσεως.
778 877 888 930 Καὶ
911 875 977 928 δι’
1003 872 1146 928 ἑπτὰ
1172 874 1268 944 μὲν
1295 871 1431 924 ὲτῶν
1456 873 1484 924 6
1516 868 1762 941 Ἑϐραῖος

177 977 446 1033 ἀπελύετο
476 976 577 1044 τῆς
604 972 845 1033 δουλείας
866 988 878 998 ·
910 968 1051 1021 ἑπτὰ
1092 967 1149 1020 δὲ
1179 965 1471 1029 ἑϐδομάδες
1501 961 1638 1016 ἐτῶν
1672 962 1764 1015 τὸν

180 1067 483 1140 ὀνομαστὸν
542 1063 827 1135 ίωῦηλαῖον
867 1060 1081 1112 ἐποίουν
1128 1061 1186 1111 ὲν
1229 1060 1343 1119 τοῖς
1379 1054 1580 1118 πάλαι,
1625 1055 1684 1106 ὲν
1721 1045 1766 1120 ᾧ

183 1154 511 1219 ἑσαὸϐἀτιζε
565 1153 663 1224 μὲν
702 1154 736 1222 ἡ
786 1151 856 1220 γῆ
882 1189 896 1213 ,
938 1148 1115 1219 χρεῶν
1173 1147 1229 1199 δὲ
1280 1142 1422 1217 ἦσαν
1467 1144 1764 1210 ἀποκοπαὶ,

181 1247 429 1309 δουλείας
464 1245 752 1315 ἀπαλλαγὴ
778 1284 794 1307 ,
853 1242 949 1295 καὶ
1008 1241 1171 1293 οἱονεὶ
1214 1238 1333 1302 νέος
1388 1235 1593 1291 ἄνωθεν
1637 1234 1769 1295 καθ-

188 1341 375 1394 ίστατο
409 1338 521 1408 βίος
540 1377 556 1401 ,
592 1339 650 1389 ἐν
682 1336 758 1406 τῷ
784 1330 1126 1403 ὲϐδοματικῷ
1158 1328 1378 1403 ἀριθμῷ
1411 1327 1506 1382 τοῦ
1536 1326 1768 1381 παλαιοῦ

184 1434 389 1504 τρόπον
447 1430 570 1483 τινὰ
620 1428 717 1498 τὴν
766 1423 1074 1479 συντέλειαν
1121 1421 1429 1492 δεχομένου.
1480 1418 1669 1472 Ταῦτα
1714 1417 1773 1470 δὲ

183 1527 350 1580 τύποι
391 1524 488 1577 τοῦ
518 1522 713 1585 αἰῶνος
741 1519 932 1572 τούτου
956 1559 970 1583 ,
1018 1517 1077 1580 ὃς
1116 1514 1204 1568 διὰ
1241 1513 1348 1567 τῶν
1380 1511 1521 1565 ἑπτὰ
1552 1510 1774 1583 ἡμερῶν

186 1621 668 1692 ἀνακυκλούμενος
721 1619 872 1689 ἡμᾶς
928 1617 1299 1687 παρατρέχειο
1336 1613 1394 1665 ὲν
1445 1604 1490 1677 ᾧ
1535 1608 1775 1678 γίνονται

188 1718 249 1769 αἱ
293 1715 401 1768 τῶν
441 1711 820 1784 μετριωτέρων
868 1706 1282 1780 ἁμαρτημάτων
1325 1702 1591 1765 ἐκτίσεις,
1635 1698 1779 1752 κατὰ

189 1812 294 1882 τὴν
329 1806 709 1878 φιλάνθρωπον
746 1802 1066 1875 ἐπιμέλειαν
1112 1796 1204 1852 τοῦ
1241 1793 1450 1865 ἀγαθοῦ
1483 1792 1774 1854 Δεσπὸτου,

192 1902 272 1965 ὡς
326 1900 402 1970 μὴ
441 1896 518 1968 τῷ
554 1897 845 1968 ἀπεράντῳ
895 1893 1052 1948 αἰῶνι
1100 1889 1469 1962 παραδοθῆναι
1513 1888 1660 1958 ἡμᾶς
1697 1885 1778 1946 είς

193 1994 442 2048 κόλασιν.
473 1992 546 2043 Τὸ
580 1992 678 2061 μὲν
721 1985 814 2042 οῦν
843 1986 1090 2051 ἑπτάκις
1119 1983 1209 2037 διὰ
1252 1983 1352 2053 τὴν
1384 1983 1522 2053 πρὸς
1562 1979 1654 2032 τὸν
1683 1978 1779 2031 κό⁴

198 2104 339 2158 σμον
393 2083 581 2138 τοῦτον
617 2081 975 2150 συγγένειαν,
1024 2078 1098 2141 ὡς
1147 2074 1258 2128 τῶν
1306 2070 1653 2143 φιλοκόσμων
1691 2068 1783 2121 ἀν-

196 2181 438 2253 θρώπων
466 2179 559 2230 ἀπ’
587 2175 764 2229 αὐτῶν
806 2171 1127 2243 ὀφειλόντων
1165 2168 1399 2239 μάλιστα
1433 2160 1780 2235 ζημιοῦσθαι,

196 2268 278 2327 ὧν
312 2271 498 2324 ἕνεκεν
538 2268 741 2320 εἴλοντο
778 2262 1175 2333 πονηρεύεσθαι
1211 2258 1344 2331 (‘28).
1394 2254 1785 2322 Ἐκδικούμενα

199 2366 260 2419 δὲ
282 2407 298 2431 ,
343 2362 454 2415 εἴτε
492 2360 562 2414 τὰ
593 2359 741 2431 παρά
766 2356 858 2411 τοῦ
888 2355 997 2427 (29)
1030 2354 1168 2407 Κάἵν
1193 2348 1553 2422 ἡμαρτημένα
1585 2344 1783 2413 λέγοις,

202 2455 460 2526 εὑρήσεις
494 2451 661 2504 ἐπτά’
701 2448 811 2501 εἴτε
854 2447 922 2500 τά
962 2444 1114 2515 παρὰ
1149 2443 1243 2496 τοῦ
1287 2437 1475 2512 κριτοῦ
1508 2437 1594 2490 ἐπ’
1640 2432 1789 2504 αὐτῷ

202 2545 519 2617 ἐπαχθέντα
556 2541 668 2613 (50)
694 2581 707 2603 ,
755 2541 849 2593 καὶ
884 2537 1058 2600 οὕτως
1105 2535 1206 2588 οὐκ
1254 2529 1528 2600 ἀποτεύξῃ
1561 2527 1660 2598 τῆς
1707 2528 1792 2579 ὲν-

208 2638 378 2701 νοίας.
422 2637 508 2689 Ἐν
545 2635 645 2704 μὲν
686 2627 780 2685 οῦν
821 2633 935 2694 τοῖς
969 2626 1122 2699 παρὰ
1152 2626 1245 2679 τοῦ
1286 2624 1428 2677 Κάῖν
1455 2617 1792 2690 τετολμημέ-

209 2748 324 2794 νοις
369 2727 585 2800 πρῶτον
634 2725 940 2796 ἁμάρτημα
988 2719 1182 2789 φθόνος
1232 2717 1323 2769 ἐπὶ
1355 2716 1422 2785 τῇ
1462 2711 1793 2784 προτιμήσει

216 2824 304 2878 τοῦ
344 2822 511 2876 ’Λϐελ
536 2839 549 2851 ·
605 2819 862 2888 δεύτερον
907 2814 1057 2876 δόλος
1083 2852 1097 2876 ,
1159 2809 1275 2881 μεθ’
1331 2802 1391 2861 οὗ
1428 2803 1674 2874 διελέχθη
1717 2800 1796 2871 τῷ

213 2912 429 2983 ἀδελφῷ
453 2953 467 2976 ,
505 2908 705 2965 εἰπών·
739 2905 1073 2974 Διέλθωμεν
1117 2904 1203 2967 εὶς
1235 2898 1302 2952 τὸ
1334 2897 1579 2951 πεδίον-ο
1614 2892 1796 2965 τρίτον

214 3007 418 3076 φόνος,
472 3001 760 3073 προσθήκη
814 2997 909 3051 τοῦ
961 2993 1134 3048 κακοῦ
1169 3010 1182 3023 ο
1239 2991 1537 3062 τέταρτον,
1572 2986 1654 3039 ὅτι
1707 2983 1799 3037 καὶ

216 3090 448 3161 ἀδελφοῦ
499 3092 693 3160 φόνος,
752 3086 952 3158 μείζων
992 3086 1028 3154 ἡ
1063 3083 1314 3143 ἐπίτασις
1339 3097 1352 3109 ·
1388 3079 1670 3148 πέμπτον,
1717 3074 1799 3126 ὅτι

219 3187 315 3239 καὶ
354 3183 571 3256 πρῶτος
613 3183 807 3251 φονεὺς
843 3181 871 3232 6
901 3177 1071 3240 Κὰῖν,
1114 3173 1350 3245 πονηρὸν
1380 3170 1685 3240 ὑπόδειγμα
1724 3164 1802 3237 τῷ

220 3277 324 3348 βίῳ
362 3273 705 3330 καταλιπώνο
755 3271 915 3325 ’έκτον
952 3269 1227 3339 ἀδίκημα,
1278 3266 1360 3318 ὅτι
1412 3261 1628 3331 γονεῦσι
1685 3257 1806 3311 πένα

222 3371 317 3433 θος
341 3369 595 3439 ἐποίησεν
619 3366 751 3437 (5H-
775 3363 1024 3434 ἕϐδομον,
1047 3363 1130 3414 ὅτι
1146 3358 1265 3429 Θεῷ
1288 3355 1553 3426 ἐψεύσατο
1568 3354 1807 3424 ’ἐρωτη-

223 3462 342 3526 θείς
367 3461 477 3532 γὰρ
499 3500 514 3524 ,
554 3458 678 3513 Ποῦ
711 3458 883 3512 Ἅϐελ
916 3459 948 3509 ό
974 3453 1239 3522 ἁδελφός
1271 3465 1387 3505 σου
1412 3464 1431 3512 ;
1462 3443 1648 3510 εἶπεν,
1687 3445 1809 3497 Οὐκ

225 3551 381 3609 οἴδα.
426 3549 598 3605 Ἑπτὰ
647 3544 739 3602 οὖν
782 3547 852 3601 τὰ
897 3543 1258 3615 ἐκδικούμενα
1300 3535 1601 3610 παρελύετο
1649 3535 1706 3587 ὲν
1734 3530 1811 3602 τῷ

229 3644 587 3717 ἀναιρεθῆναι
622 3643 712 3695 τὸν
738 3639 900 3694 Κάῖν.
942 3635 1160 3705 Ἐπειδὴ
1205 3632 1312 3705 γὰρ
1345 3627 1496 3684 εἶπεν
1530 3630 1558 3682 6
1587 3625 1809 3697 Κύριος,

232 3740 315 3793 ὅτι
362 3712 837 3802 “Ἐετικατάρατος
884 3730 923 3796 ἢ
974 3727 1049 3798 γῆ
1077 3725 1160 3803 ,ἦ
1202 3727 1383 3794 ἕχανε
1416 3719 1705 3783 δέξασθαι
1746 3712 1812 3768 τὸ

233 3828 377 3901 αἷμα
400 3829 506 3883 τοῦ
537 3826 806 3896 ἀδελφοῦ
838 3839 954 3877 σου
974 3838 988 3852 ⁸
1026 3821 1121 3873 καὶ
1145 3859 1159 3883 ,
1199 3816 1435 3872 Στένων
1461 3812 1560 3866 καὶ
1589 3811 1817 3878 τρέμων·

235 3925 352 3991 ἔσῃ
386 3919 487 3974 ἐπὶ
528 3917 639 3985 τῆς
684 3916 829 3987 γῆς·
857 3917 886 3968 6
913 3912 1053 3965 Κάῖν
1081 3908 1245 3980 φησίν
1266 3924 1279 3937 ·
1313 3907 1381 3959 Et
1404 3901 1720 3962 ἐκϐάλλεις
1742 3912 1818 3966 με

237 4014 506 4081 σήμερον
544 4008 664 4064 ἀπὸ
699 4007 811 4076 τῆς
835 4005 949 4077 γῆς
977 4003 1124 4074 (52),
1166 3998 1265 4053 καὶ
1317 3995 1436 4051 ἀπὸ
1481 3992 1588 4046 τοῦ
1631 4005 1819 4057 προσ-

1860 492 1985 547 Non
2024 490 2143 545 dico
2177 489 2272 543 tibi
2313 502 2476 557 usque
2516 484 2744 552 septies,
2791 480 2880 534 sed
2926 494 3090 548 usque
3149 478 3443 544 septuagies

1859 585 2045 653 septies
2079 585 2121 637 ⁸.
2159 580 2279 635 Non
2333 579 2478 633 enim
2525 576 2593 630 ad
2642 574 2809 627 alium
2849 586 3140 625 numerum
3185 566 3444 621 transivit

1862 674 2128 729 Dominus
2156 714 2171 740 ,
2212 670 2309 726 sed
2358 665 2730 739 scptenarium
2785 660 3199 731 multiplicans,
3253 656 3311 710 in
3350 656 3443 708 illo

1861 765 2087 820 modum
2114 759 2404 817 constituit
2451 753 2822 812 remissionis.
2856 750 2987 806 Post
3018 757 3231 818 septem
3264 758 3444 798 annos

1864 856 2129 911 llebraaus
2163 850 2504 907 liberabatur
2538 862 2569 901 a
2608 845 2873 901 servitute
2899 842 2941 894 ³.
2991 838 3213 909 Septem
3240 835 3450 890 hebdo-

1867 948 2057 1006 mades
2084 959 2353 1001 annorum
2396 938 2816 996 celeberrimum
2853 932 3138 1004 jubilaeum
3174 928 3307 983 olim
3338 925 3453 980 elli-

1867 1042 2088 1096 ciebant
2126 1039 2195 1106 ¹⁰,
2236 1050 2346 1107 quo
2393 1032 2683 1088 sabbatum
2734 1034 2887 1082 terra
2930 1023 3209 1084 servabat,
3268 1018 3456 1074 debita

1868 1130 2352 1192 rescindebantur,
2399 1124 2543 1180 servi
2588 1122 2646 1175 in
2695 1118 3005 1172 libertatem
3039 1112 3451 1171 asserebautur,

1872 1240 1937 1280 ac
1973 1222 2142 1279 veluti
2183 1233 2384 1275 novum
2417 1216 2499 1271 de,
2524 1215 2738 1284 integro
2778 1205 3216 1267 constituebatur
3255 1215 3453 1266 aevum,

1871 1324 2058 1371 vetere
2089 1327 2187 1383 per
2230 1306 2602 1379 septenarium
2661 1315 2959 1358 numerum
3004 1295 3245 1368 quodam
3294 1290 3458 1345 modo

1874 1408 2036 1462 ﬁnem
2084 1402 2406 1472 accipiente.
2450 1396 2579 1452 Haec
2637 1403 2823 1450 autem
2874 1394 3060 1462 ligurm
3090 1402 3220 1441 eran
3291 1383 3460 1453 hujus

1876 1497 2085 1561 saeculi,
2122 1493 2269 1565 quod
2308 1507 2406 1562 per
2444 1496 2653 1558 septem
2679 1487 2798 1541 dies
2830 1485 3139 1538 revolutum
3174 1476 3411 1547 praeterit
3442 1490 3459 1540 ;

1877 1591 1934 1644 in
1967 1605 2077 1658 quo
2123 1583 2483 1641 mediocrium
2530 1587 2881 1649 peccatorum
2920 1586 3096 1643 paenae
3146 1570 3460 1629 solvuntur,

1879 1677 2184 1735 seCundum
2236 1675 2531 1743 benignam
2568 1666 2741 1724 divini
2779 1663 2962 1719 nostri
3009 1657 3228 1715 Domini
3280 1655 3466 1727 provi-

1810 1771 1853 1824 B
1885 1770 2149 1834 dentiam,
2196 1778 2257 1821 ut
2293 1781 2363 1821 ne
2415 1760 2632 1817 inﬁnito
2674 1757 2877 1815 saeculo
2912 1753 3192 1809 tradamur
3222 1747 3292 1802 ad
3328 1762 3461 1813 sup-

1878 1863 2126 1934 plicium.
2154 1856 2290 1912 Illud
2330 1855 2517 1926 igitur,
2547 1852 2736 1922 septies
2757 1889 2771 1915 ,
2808 1854 3033 1919 prepter
3082 1844 3247 1913 hujus
3278 1838 3468 1894 mundi

1881 1968 2123 2009 amorem
2169 1950 2379 2004 dictum
2429 1953 2534 2013 est,
2567 1960 2634 1999 eo
2665 1940 2811 2013 quod
2857 1935 3047 1992 mundi
3092 1940 3368 1988 amatores
3400 1945 3470 1984 ex

1883 2048 1970 2102 his
2002 2045 2238 2099 debeant
2263 2039 2500 2094 maxime
2531 2037 2736 2115 puniri,
2768 2045 3007 2103 quorum
3043 2040 3211 2083 causa
3235 2022 3473 2095 improbi

1884 2158 2008 2198 esse
2037 2141 2352 2195 voluerunt.
2388 2135 2521 2200 Quae
2557 2138 2740 2186 autem
2772 2128 3037 2183 dicuntur
3071 2118 3467 2191 ὲκδικούμενα,

1887 2234 2001 2288 sive
2048 2230 2290 2285 admissa
2324 2241 2355 2280 a
2399 2224 2536 2278 Cain
2567 2220 2729 2292 397
2763 2226 2988 2288 peccata
3039 2210 3337 2280 intelligas,
3388 2207 3474 2261 in-

1886 2323 2076 2379 venies
2101 2331 2306 2391 septem
2337 2336 2351 2372 :
2379 2317 2495 2372 sive
2521 2328 2712 2385 pmnas
2746 2309 2826 2363 illi
2850 2323 2881 2361 a
2905 2304 3090 2377 judice
3122 2301 3472 2364 constitutas,

1889 2431 1959 2471 ne
1988 2415 2070 2469 sic
2115 2410 2337 2483 quidem
2384 2424 2416 2461 a
2452 2404 2726 2462 sententia
2764 2398 3067 2457 aberrabis.
3098 2394 3160 2449 ln
3207 2393 3277 2465 iis
3307 2391 3476 2462 igitur

1890 2523 2012 2580 quae
2061 2505 2199 2560 Cain
2236 2500 2595 2573 perpetravit,
2645 2495 2882 2567 primum
2922 2498 3229 2560 peccatum,
3270 2484 3477 2540 invidia

1893 2575 1965 2657 ob
1991 2599 2271 2671 pra-latum
2301 2594 2528 2648 Abelem
2563 2608 2578 2646 :
2611 2585 2938 2649 secundum,
2977 2581 3154 2645 dolus,
3189 2593 3300 2649 quo
3331 2575 3474 2630 allo-

1894 2701 2057 2747 cutus
2119 2695 2204 2743 cst
2241 2685 2487 2749 fratrem,
2538 2679 2769 2742 dicens,
2824 2674 3181 2728 Transeamus
3222 2668 3277 2722 in
3334 2681 3482 2720 cant-

1893 2799 2020 2854 pum
2066 2782 2108 2811 ιι
2141 2798 2155 2845 ;
2194 2777 2441 2841 tertium,
2471 2770 2668 2837 caedes,
2705 2767 2833 2822 mali
2868 2764 3117 2819 accessio
3146 2779 3162 2829 ;
3195 2765 3480 2830 quartum,

1897 2850 2061 2934 etiam
2101 2872 2288 2940 fratris
2320 2867 2516 2932 caedes,
2550 2860 2815 2917 intentior
2857 2855 3166 2926 iniquitas;
3206 2850 3481 2921 quintum,

1899 2971 2046 3043 quod
2094 2968 2305 3038 primus
2355 2957 2634 3015 homicida
2686 2953 2846 3016 Cain,
2904 2948 3106 3002 malum
3175 2943 3485 3013 exemplum

1905 3061 2107 3119 saeculo
2138 3057 2503 3125 relinquens;
2550 3054 2791 3110 sextum,
2844 3040 2992 3112 quod
3035 3036 3357 3109 parentibus
3404 3034 3490 3086 lu-

1904 3163 2053 3209 ctum
2090 3148 2370 3211 incussit;
2408 3143 2723 3214 scptimum,
2751 3134 2897 3208 quod
2927 3133 3035 3188 Deo
3060 3129 3320 3185 mentitus
3355 3134 3439 3181 est
3473 3142 3489 3190 ;

1906 3248 2283 3315 interrogatus
2333 3240 2516 3296 enim:
2568 3233 2669 3288 Ubi
2731 3230 2861 3285 Abel
2910 3227 3077 3297 frater
3140 3224 3300 3277 tuus?
3353 3217 3494 3274 dixit

1909 3341 2103 3396 Nescio
2125 3311 2206 3392 λ’.
2242 3337 2461 3405 Septem
2512 3329 2682 3400 igitur
2725 3320 3084 3391 ὲκδικούμενα
3113 3311 3495 3370 ᾱίεευὶνεὺθη·

1909 3442 1998 3487 tur
2028 3430 2082 3483 in
2110 3426 2264 3482 Caini
2287 3438 2440 3479 nece.
2473 3421 2611 3475 Cum
2640 3414 2785 3472 enim
2809 3411 3040 3467 dixisset
3089 3407 3138 3461 ei
3174 3402 3441 3459 Dominus
3477 3416 3490 3452 :

1912 3519 2207 3575 Maledicta
2264 3524 2429 3577 terra,
2493 3522 2610 3580 qua:
2667 3502 2876 3574 aperuit
2929 3516 2986 3553 os
3049 3509 3205 3551 suum
3265 3490 3498 3558 accipere

1914 3612 2226 3683 sanguinem
2262 3606 2452 3677 fratris
2498 3602 2622 3664 tui;
2661 3594 2999 3653 etzGemens
3033 3599 3083 3644 et
3131 3597 3352 3641 tremens
3392 3582 3498 3636 eris

1915 3674 2072 3774 super
2122 3674 2359 3762 terra-tn;
2410 3695 2549 3750 dixit
2596 3691 2735 3747 Cain
2770 3707 2783 3744 :
2834 3686 2894 3741 Si
2934 3683 3081 3754 ejicis
3124 3695 3206 3733 me
3244 3676 3396 3730 hodie
3433 3674 3499 3727 de

1920 3810 2086 3862 terra,
2133 3804 2184 3849 et
2228 3811 2260 3847 a
2294 3790 2431 3861 facie
2467 3798 2560 3840 tua
2610 3781 2945 3842 abscondar,
2987 3784 3037 3830 et
3080 3788 3168 3826 ero
3209 3784 3414 3841 gemens
3449 3773 3502 3820 et

1923 3900 2145 3945 tremens
2197 3900 2353 3955 super
2398 3891 2633 3942 (errant;
2675 3884 2724 3930 et
2769 3871 2938 3926 omnis
2976 3867 3066 3938 qui
3103 3861 3355 3918 invenerit
3399 3874 3502 3925 me,

1922 3980 2123 4036 occidet
2167 3949 2272 4031 me.
2319 3973 2399 4026 Ad
2449 3974 2553 4025 hoc
2593 3976 2772 4021 autem
2808 3961 2951 4016 dixit
2993 3954 3259 4011 Dominus
3314 3970 3328 4004 :
3379 3949 3505 4004 Non

238 4042 503 4081 υιιμαμυν
544 4042 664 4064 αδιυ
703 4042 801 4076 “ts
843 4042 941 4077 μιν,
977 4042 1124 4074 \v-lo
1166 4042 1265 4053 σννπ
1318 4042 1430 4051 --η
1486 4042 1575 4046 νν-
1669 4042 1686 4057 ..

238 4105 406 4159 ώπου
445 4119 563 4157 σου
612 4098 1009 4169 κρυϐήσομιιι,
1061 4091 1162 4147 καὶ
1188 4090 1405 4159 ἔσομαι
1441 4083 1674 4140 στένων
1721 4096 1796 4133 κα

1924 4074 2002 4128 sic
2035 4088 2052 4125 :
2083 4070 2172 4141 qui
2202 4064 2452 4122 occiderit
2475 4060 2631 4123 Cain,
2664 4063 2858 4126 septem
2886 4049 3146 4106 vindictas
3181 4043 3416 4100 exsolvet
3440 4042 3508 4095 ¹³.

1942 4168 1959 4169 ί
2095 4165 2106 4169 -
2323 4160 2334 4169 -
2558 4152 2673 4169 --νι
2716 4148 2849 4169 η-ε..
2908 4160 2964 4169 ..λ
3014 4142 3175 4169 tamn“
3206 4155 3232 4169 η
3269 4136 3508 4169 ...ιηιηιοι

240 4196 472 4265 τρέμων
523 4192 623 4246 ἐπὶ
654 4189 764 4260 τῆς
820 4187 968 4259 γῆς·
1006 4184 1106 4239 καὶ
1141 4179 1261 4248 πᾶς
1319 4182 1350 4232 ὀ
1402 4175 1701 4245 εὑρίσκων
1748 4187 1826 4240 με

242 4286 567 4346 ἀποκτενεῖ
586 4303 681 4355 με.
720 4281 865 4356 Πρὸς
892 4281 950 4334 δὲ
980 4277 1139 4331 τοῦτο
1164 4278 1194 4329 6
1225 4271 1429 4344 Κύριός
1462 4284 1625 4340 φησιν
1649 4283 1663 4297 ·
1701 4266 1827 4331 Οὐχ

244 4384 427 4438 οὓτω’
456 4378 575 4444 πᾶς
602 4380 635 4431 ό
668 4373 1028 4436 ἀποκτείνας
1075 4367 1226 4423 Κάιν
1254 4364 1404 4419 ἑπτὰ
1437 4359 1830 4426 ἐκδικούμεγα

1929 4136 2202 4234 Quoniam
2250 4160 2395 4216 enim
2444 4152 2679 4210 credidit
2714 4148 2853 4204 Cain
2907 4160 2967 4200 se
3014 4142 3176 4197 facile
3204 4155 3234 4193 a
3267 4136 3513 4208 quolibet

1929 4265 2151 4328 captum
2184 4253 2275 4317 iri,
2303 4266 2370 4305 eo
2403 4246 2551 4318 quod
2592 4241 2942 4299 securitatem
2974 4248 3139 4304 super
3169 4238 3371 4285 terram
3402 4240 3514 4280 nou

1932 4318 2160 4405 haberet
2208 4339 2526 4413 (maledicta
2571 4335 2720 4391 enim
2750 4339 2896 4386 terra
2928 4332 3152 4397 propter
3186 4318 3364 4389 illum)
3397 4325 3452 4372 et
3483 4330 3514 4369 a

247 4402 427 4438 ουτω·
456 4402 575 4444 nuc
602 4402 633 4431 υ
668 4402 1026 4436 ιιπυιισινας
1075 4402 1212 4423 nu"
1254 4402 1404 4419 σηοω
1437 4402 1796 4426 ν.υν....νντ...,.

247 4473 607 4542 παραλύσει.
653 4464 873 4536 Ἐπειδὴ
923 4462 1032 4531 γὰρ
1074 4459 1324 4529 ἐνόμισεν
1377 4452 1647 4512 εὐάλωτος
1693 4443 1796 4500 εἷνο

1908 4440 2031 4495 .Dei
2076 4435 2283 4491 auxilio
2331 4430 2587 4485 desertus
2616 4428 2808 4484 .esset,
2849 4415 2945 4488 qui
2979 4414 3031 4470 ei
3078 4413 3251 4466 iratus
3281 4412 3403 4462 erat
3440 4402 3514 4458 ob

2036 4532 2049 4542 “
2255 4533 2269 4542 ⁴
2350 4536 2478 4542 ’“--’
2509 4534 2532 4542 λ
2566 4524 2710 4542 ’λ’-ἰ
2764 4524 2941 4542 ’πυ-ιιι·
2978 4522 3008 4542 Δ
3040 4505 3182 4542 nmln
3220 4501 3407 4542 rplipla
3438 4493 3514 4542 illi

247 4537 414 4619 ποιῐηί
448 4566 477 4616 6
526 4561 666 4615 Κάῐν
690 4600 707 4626 ,
737 4557 825 4611 διὰ
875 4554 935 4609 τὸ
960 4554 1062 4623 τὴν
1092 4550 1187 4604 ἐπὶ
1232 4548 1335 4619 τῆς
1382 4548 1484 4617 γῆς
1511 4544 1623 4615 (δε)
1660 4537 1836 4607 ἀσφά-

250 4666 402 4713 λειαν
435 4657 508 4728 μὴ
541 4654 685 4725 ἔχειν
713 4648 1142 4722 (ὲπικατάρατος
1176 4641 1286 4713 γὰρ
1314 4643 1348 4710 ὴ
1388 4640 1459 4708 γῆ
1493 4638 1586 4690 ἀπ’
1617 4631 1833 4701 αὐτοῦ),

253 4752 349 4806 καὶ
375 4725 475 4821 της
498 4725 609 4802 ἀπὸ
635 4743 772 4799 Θεοῦ
818 4740 1069 4814 βοηθείας
1098 4731 1463 4808 ἠρημῶσθαι,
1495 4725 1840 4800 ὀργισθέντος

327 4908 350 4940 ⁸
389 4906 583 4961 Matth.
623 4917 759 4959 xvm
787 4941 802 4967 ,
839 4899 945 4966 9-1,
983 4895 1076 4950 22.

257 4978 508 5046 11,1⁴2,
552 4976 650 5043 14,
692 4973 781 5029 15.

1180 4894 1200 4926 ⁸
1241 4890 1401 4946 Deut.
1442 4902 1532 4951 xv,
1580 4882 1663 4937 12.

258 5140 418 5198 deest
440 5137 500 5191 in
528 5134 706 5189 tribus
745 5123 1139 5185 vetustissimis
1189 5117 1512 5198 codicibus:
1550 5112 1715 5198 deest
1740 5123 1842 5198 ‘se-

1177 5187 1595 5246 recentioribus.
1640 5181 1845 5234 Ibidem

1165 5280 1288 5334 μου.
1323 5259 1514 5313 Deerat
1563 5253 1753 5308 vocula
1792 5251 1849 5303 in

260 5225 445 5282 quens
471 5205 737 5282 _verbum__
760 5204 814 5256 in
864 5198 1113 5282 plpribus

262 5264 379 5337 t'res
412 5277 576 5332 iidem
618 5272 836 5329 codices
864 5264 1114 5334 ’ἀδελφός

264 5352 393 5406 aliis
423 5355 478 5403 et
509 5347 568 5400 in
597 5344 780 5401 editis.

343 5460 457 5529 (28)
492 5448 1126 5529 Hormeiieojﬂat.-Edi_ti
1154 5448 1214 5529 το
1244 5437 1851 5529 πονηρεύεσθαι..1)ρεδῐ

269 5512 542 5587 articulus
566 5530 619 5582 in
643 5512 929 5582 codicibus
961 5519 1138 5584 Harl.,
1168 5519 1337 5572 Coisl.
1369 5512 1606 5582 utroque
1635 5520 1687 5564 et
1713 5512 1854 5564 duo-

270 5604 377 5659 bus
413 5600 617 5669 Regiis.

351 5692 465 5761 (29)
502 5688 671 5758 Παρὰ
694 5685 819 5740 τοῦ.
856 5682 943 5738 lla
971 5680 1147 5747 Harl.,
1182 5678 1351 5736 Coisl.
1390 5688 1619 5746 uterque
1648 5681 1699 5730 et
1728 5671 1857 5741 Reg.

278 5766 511 5837 primus.

1772 4875 1958 4932 1“Lev.
1999 4888 2128 4938 xxv,
2169 4868 2256 4923 10.

1938 4532 2141 4587 caedem
2168 4545 2182 4592 ;
2216 4533 2275 4580 ut
2303 4536 2483 4593 neque
2505 4534 2536 4573 e
2566 4524 2734 4578 terra,
2763 4524 2942 4581 neque
2978 4522 3010 4562 e
3040 4505 3182 4559 coelo
3220 4501 3409 4555 relicta
3438 4493 3517 4549 illi

1942 4638 2047 4695 ope
2085 4638 2099 4673 :
2144 4618 2286 4680 Erit,
2329 4613 2530 4684 inquit,
2573 4607 2743 4663 omnis
2773 4603 2863 4674 qui
2904 4596 3155 4654 invenerit
3187 4609 3286 4657 me,
3319 4586 3520 4643 occidet

1946 4732 2051 4771 me.
2086 4714 2338 4784 Argueus
2379 4706 2531 4762 illius
2576 4711 2823 4757 errorem
2873 4692 3159 4760 Scriptura
3196 4683 3350 4745 dicit,
3397 4676 3524 4732 Non

2366 4864 2407 4894 “
2449 4861 2586 4916 Gen.
2627 4871 2682 4910 tv
2707 4894 2723 4923 ,
2762 4851 2814 4906 8.
2920 4848 2973 4927 “_
2999 4842 3132 4900 ibid.
3171 4840 3251 4897 9.~
3300 4836 3349 4873 ³³
3386 4832 3522 4889 ibid.

2024 5096 2136 5167 (50)
2180 5092 2566 5167 Ἔπαχθὲντα.
2620 5085 2712 5139 Sic
2752 5091 2863 5136 tres
2905 5070 3265 5131 vetustissimi
3291 5067 3528 5125 codices.

1950 5165 2092 5221 Edili
2133 5165 2439 5236 ὁρισθέντα.

2025 5218 2587 5308 (371)7’E5Z70t'7n70’8‘rdl3
2611 5224 2785 5308 Harl_.,
2804 5219 2972 5308 fioisl.
2992 5224 3219 5308 ntequue
3236 5218 3290 5266 et
3310 5224 3451 5308 unus
3466 5221 3530 5261 ex

1951 5279 2157 5379 Regiis.
2186 5306 2330 5359 Editi
2348 5279 2688 5370 Ιἐνεποίησεν.
2707 5279 3534 5379 lbidem!eorumdcmrlcodigulu

2513 5373 2519 5379 ·
2601 5370 2608 5377 ·
2824 5376 2881 5379 η-
2991 5365 3070 5379 mn
3114 5356 3166 5379 ι..
3217 5369 3241 5379 η
3286 5353 3373 5379 ςιςι.
3452 5348 3534 5379 θλ..

1955 5351 2284 5433 austeritate
2328 5348 2742 5429 emenda'vimus
2783 5359 2927 5432 quod
2956 5365 3075 5413 erat
3114 5356 3170 5408 iu
3214 5351 3376 5408 editis
3406 5348 3536 5401 Θεὸν

1955 5449 2239 5503 ἐψεύσατο.

2350 5509 2632 5591 τῆςηγῆςλ
2658 5507 2737 5591 ita
2776 5513 2888 5591 tres
2926 5493 3288 5582 vetustissimi
3325 5490 3540 5571 codices

1962 5561 2085 5651 cuin
2124 5561 2368 5660 pluribus
2573 5561 2738 5632 Ἐιιὶιί
2767 5573 2873 5627 ἀπὸ
2902 5567 3192 5640 προσώπου
3221 5564 3318 5634 τῆς
3344 5561 3470 5660 γῇις.

2302 5657 2310 5660 ,
2398 5653 2423 5660 _
2541 5650 2566 5660 ,
3008 5638 3217 5660 “Lm”
3281 5642 3328 5660 Α,
3437 5646 3463 5660 η

2793 5629 2973 5730 Illoisl'.
2990 5638 3240 5730 \primus-
3277 5629 3333 5689 et
3359 5629 3537 5688 ‘Harl.

1968 5708 2214 5802 Qu‘mu'or
2240 5728 2329 5782 alii
2358 5708 2693 5794 eiciam.
2732 5715 2869 5769 Editi
2910 5710 3015 5764 ἀπὸ
3044 5709 3141 5778 τῆς
3175 5708 3298 5778 γῆς.
