3856 6224
371 227 480 286 959

1713 238 1772 295 S.
1808 237 2057 295 BASlLll
2093 237 2312 296 MAGNI

3536 236 3653 296 κο

371 350 473 412 sic,
507 348 560 405 id
589 358 690 418 est,
721 367 831 408 non
879 355 1173 413 occideris.
1219 357 1460 414 Lucrum
1491 358 1638 415 enim
1686 375 1839 416 mors
1869 368 1955 416 est

2083 360 2208 432 ιὺτῷ
2240 361 2333 414 ἐπὶ
2384 359 2463 431 τῷ
2493 360 2670 430 φόνῳ,
2707 359 2784 424 ὡς
2810 356 2933 412 οὔτε
2966 357 3076 412 ἀπὸ
3104 358 3227 430 γῆς,
3267 356 3391 412 οὔτε
3424 358 3521 411 ἀπ’
3545 359 3655 413 οὐ-

377 441 465 498 his
499 444 593 513 qui
644 447 973 514 puniuntur,
1012 450 1344 506 solutionem
1386 451 1623 508 afferens
1668 468 1733 508 ex
1786 454 1959 507 mole-

377 532 521 588 stiis.
555 533 661 588 Sed
713 536 1044 605 produceris
1074 542 1134 595 in
1158 542 1271 595 vita
1292 582 1307 608 ,
1339 550 1400 596 ut
1444 558 1544 613 pro
1581 544 1794 597 meritis
1830 559 1959 615 pec-

379 634 628 677 catorum
654 628 1025 696 rependentur
1055 631 1150 685 tibi
1173 633 1465 702 supplicia.
1492 634 1764 698 Quoniam
1794 634 1961 703 igitur

382 714 517 767 illud
542 716 926 789 ἐκδικούμενον
949 721 1157 792 duplici
1188 739 1353 779 sensu
1389 723 1731 796 intelligitur,
1764 740 1961 795 nempe

264 847 271 859 .
383 814 692 875 peccatum,
743 812 831 865 cui
879 814 1123 868 vindicta
1163 815 1452 885 inﬂigitur,
1494 822 1548 871 et
1596 816 1795 873 modus
1829 833 1960 887 sup-

384 898 557 966 plieii,
604 915 703 969 per
761 903 907 972 quod
950 905 1232 973 vindicta;
1289 907 1571 963 videamus
1612 923 1683 962 an
1753 917 1957 978 septem

383 989 782 1057 suppliciorum
834 994 981 1049 modi
1044 995 1239 1051 inﬂicti
1287 997 1496 1052 fuerint
1549 999 1621 1064 ei,
1674 999 1767 1069 qui
1819 997 1960 1053 male

382 1080 607 1136 fecerat.

379 1177 544 1248 τηθὲν
573 1217 585 1241 ,

2064 455 2225 526 ρανοῦ
2254 454 2589 525 ἀντιλήψεως
2624 452 2774 524 αὐτῷ
2803 452 3128 523 λειπομένης
3148 468 3161 482 ·
3201 451 3409 505 Ἔσται
3430 488 3446 515 ,
3481 449 3650 518 φησὶ,

2061 542 2181 610 πᾶς
2227 547 2259 597 ό
2300 544 2600 612 εὑρίσκων
2620 559 2731 613 με,
2760 540 3085 597 ἀποκτενεῖ
3126 558 3222 611 με·
3288 540 3503 610 ἐλέγχει
3530 540 3651 609 (54)

2062 634 2227 689 αὑτοῦ
2260 634 2322 687 τὸ
2363 634 2587 704 σφάλμα
2631 635 2660 686 ὁ
2691 633 2849 702 λόγος
2890 633 3094 700 λέγων,
3126 634 3250 699 Οὐχ
3281 631 3468 695 οὕτω,
3499 646 3657 683 τουτ-

2066 725 2235 788 έστιν,
2267 725 2367 777 οὐκ
2408 725 2761 797 άναιρεθήσῃ.
2796 723 3003 796 Κέρδος
3034 721 3147 794 γάρ
3190 724 3305 785 τοῖς
3346 704 3656 791 κολαζομέ-

2064 832 2177 880 νοις
2224 819 2253 870 ὁ
2304 815 2533 880 θάνατος
2557 854 2573 879 ,
2618 815 2939 887 ἀπαλλαγὴν
2990 814 3172 886 φέρων
3205 812 3314 867 τῶν
3356 812 3652 884 λυπηρῶν.

2079 911 2240 965 Ἀλλὰ
2300 910 2667 983 παραταθήσῃ
2717 908 2795 979 τῷ
2841 908 2977 978 βίῳ,
3020 907 3109 961 ἵνα
3153 906 3273 960 κατ’
3326 905 3480 971 ἀξίαν
3532 903 3657 957 τῶν

2064 1000 2471 1073 ἡμαρτημένων
2491 999 2858 1071 ἀντιμετρηθῇ
2891 1015 2973 1052 σοι
2991 997 3060 1050 τά
3080 997 3436 1068 κολαστήρια.
3467 996 3659 1048 Ἑπι-

2065 1091 2130 1163 δὴ
2163 1091 2220 1144 δὲ
2252 1093 2314 1145 τὸ
2342 1090 2723 1161 ἐκδικούμενον
2771 1089 2934 1161 διχῶς
2975 1092 3211 1153 νοεῖται,
3259 1088 3322 1141 τό
3373 1104 3434 1140 τε
3468 1087 3661 1156 ἁμαρ-

674 1180 759 1249 ἐφ’
809 1173 853 1248 ᾧ
906 1184 939 1253 ή
1004 1183 1329 1255 ἐκδίκησις,
1391 1186 1487 1239 καὶ
1549 1186 1578 1239 ὁ
1639 1185 1842 1257 τρόπος
1899 1186 1999 1258 τῆς
2063 1187 2386 1255 κολάσεως,
2437 1187 2487 1240 δι
2552 1180 2612 1239 οῦ
2662 1188 2697 1256 ἡ
2752 1184 3032 1255 ἐκδίκησις
3064 1199 3081 1214 ⁶
3144 1182 3344 1253 ἴδωμεν
3404 1182 3456 1234 εί
3505 1178 3659 1232 ἑπτὰ

378 1268 570 1340 τρόποι
615 1270 1049 1344 βασανιστηρίων
1096 1276 1484 1348 ἐπηνέχθησαν
1518 1276 1627 1347 (55)
1673 1276 1754 1348 τῷ
1799 1279 2279 1349 πονηρευσαμένῳ.

450 1363 507 1419 4.
534 1363 751 1435 Septem
782 1366 1001 1436 quidem
1026 1377 1254 1438 peccata
1278 1370 1433 1425 Caini
1457 1373 1709 1441 superior
1731 1386 1959 1425 enume-

378 1455 521 1507 ravit
572 1458 772 1512 oratio.
826 1457 984 1513 Nunc
1034 1466 1219 1514 autem
1264 1463 1561 1531 quzerimus
1607 1477 1677 1515 an
1731 1470 1959 1531 septena

378 1546 512 1609 sint,
555 1562 676 1616 qua}
730 1548 834 1618 ipsi
878 1549 945 1603 ad
988 1551 1318 1620 supplicium
1366 1552 1724 1620 inferuntur;
1769 1568 1835 1607 ac
1880 1554 1961 1608 sic

2130 1372 2182 1425 4.
2226 1372 2306 1424 Τὰ
2365 1371 2462 1441 μὲν
2509 1365 2600 1424 οὖν
2654 1369 2797 1423 ἑπτὰ
2840 1369 3212 1439 ἁμαρτήματα
3266 1363 3360 1419 τοῦ
3396 1364 3540 1417 Κάῖν
3590 1364 3657 1417 ἐν

2058 1467 2175 1528 τοῖς
2196 1463 2425 1517 κατόπιν
2451 1464 2479 1514 ὁ
2505 1462 2661 1530 λόγος
2685 1460 3130 1532 ἀπηριθμήσατο.
3155 1456 3270 1511 Νῦν
3285 1455 3343 1508 δὲ
3372 1450 3655 1523 ζητοῦμεν

2062 1556 2111 1607 εί
2169 1554 2309 1607 ἑπτά
2360 1554 2574 1605 ἐστιτὰ
2619 1554 2700 1614 είς
2743 1551 2965 1604 κόλασιν
3003 1548 3154 1619 αὐτῷ
3183 1546 3525 1615 ὲπαγόμενα,
3553 1541 3657 1594 καί

379 1634 726 1691 disserimus.
756 1638 1117 1710 Interrogavit
1169 1641 1433 1699 Dominus
1462 1644 1505 1675 ³⁸⁵
1539 1663 1552 1699 :
1592 1642 1691 1696 Ubi
1719 1652 1797 1698 est
1828 1642 1960 1697 Abel

2083 1660 2247 1714 ραμεν
2277 1642 2449 1706 οὓτως
2468 1642 2597 1712 (56).
2615 1642 2770 1695 Μετὰ
2795 1640 2892 1711 τὴν
2916 1639 3105 1693 πεῦσιν
3129 1637 3223 1691 τοῦ
3256 1635 3488 1706 Κυρίου,
3523 1630 3654 1685 Ποῦ

2083 1737 2170 1745 .-ι-
2216 1740 2231 1745 -
2289 1738 2301 1745 .
2349 1735 2404 1745 ..ι
2454 1739 2471 1745 -
2546 1737 2557 1745 .
2825 1734 2844 1745 ιι
2962 1732 2974 1745 ι
3022 1730 3034 1745 \
3168 1728 3250 1745 ﬂ.
3302 1724 3632 1745 n,,\1__-_._-

380 1727 548 1795 frater
573 1733 736 1784 tuus?
767 1732 910 1801 quod
944 1733 1164 1803 quidem
1199 1750 1311 1788 non
1354 1735 1567 1791 discere
1598 1736 1814 1799 volens,
1864 1735 1959 1791 sed

380 1819 713 1889 pmnitentiae
771 1825 850 1877 illi
919 1825 1271 1880 occasionem
1337 1828 1629 1897 praebens,
1691 1829 1960 1898 benignus

379 1909 646 1967 Dominus
690 1916 964 1984 quaesivit,
1019 1924 1081 1971 ut
1137 1918 1521 1973 demonstrant
1580 1921 1700 1991 ipsa
1770 1921 1958 1975 verba.

380 2003 677 2076 Postquam
716 2009 861 2062 enim
902 2010 1124 2081 negavit
1168 2011 1279 2075 ille,
1321 2012 1432 2065 cito
1475 2012 1681 2082 arguit,
1716 2012 1907 2067 dicens
1945 2030 1958 2066 :

390 2096 506 2151 Vox
557 2102 836 2169 sanguinis
891 2101 1080 2168 fratris
1123 2102 1202 2155 tui
1242 2103 1443 2156 clamat
1496 2103 1565 2157 ad
1620 2120 1721 2158 me.
1782 2102 1964 2169 Quare

382 2188 539 2255 illud,
572 2188 672 2243 Ubi
695 2200 773 2243 est
802 2190 931 2244 Abel
953 2191 1125 2260 frater
1150 2200 1269 2245 tuus
1294 2192 1686 2247 ?occasionem
1721 2193 1771 2247 ei
1799 2192 1964 2247 dabat

383 2283 759 2351 persentiendi
792 2286 1026 2354 peccati,
1069 2301 1180 2339 non
1216 2284 1327 2339 Deo
1358 2285 1732 2355 cognitionem
1762 2286 1955 2340 affere—

382 2372 499 2427 bat.
548 2372 683 2444 Nam
729 2377 774 2430 si
821 2376 1093 2430 caruisset
1122 2374 1464 2444 inspectione
1494 2372 1611 2440 Dei,
1640 2381 1961 2443 praetextum

382 2463 706 2531 habuisset,
742 2473 800 2520 ut
832 2466 1151 2531 derelictus,
1201 2481 1304 2521 nec
1340 2465 1451 2519 ullo
1488 2465 1797 2520 instructus
1827 2479 1966 2533 pree-

387 2556 528 2610 sidio
578 2555 646 2610 ad
696 2557 1106 2626 paenitentiam.
1161 2556 1318 2610 Nunc
1380 2564 1563 2610 autem
1616 2555 1868 2625 apparuit
1914 2554 1964 2607 ei

384 2646 655 2708 medicus,
683 2655 743 2700 ut
787 2647 852 2701 ad
901 2661 1024 2702 eum
1063 2657 1302 2717 aegrotus
1329 2645 1626 2716 confugiat.
1659 2648 1754 2701 llle
1783 2653 1962 2701 autem

389 2748 505 2788 non
549 2736 713 2790 modo
746 2734 914 2807 393
956 2736 1251 2790 abscondit
1283 2736 1463 2801 ulcus,
1497 2736 1593 2791 sed
1626 2736 1774 2791 aliud
1809 2736 1965 2791 insu-

387 2840 483 2896 per
523 2825 705 2892 ellicit,
758 2828 892 2881 credi
955 2828 1305 2882 mendacium
1370 2829 1699 2900 adjungens,
1747 2829 1964 2885 Nescio.

388 2914 535 2968 Num
573 2925 748 2970 custos
790 2917 977 2985 fratris
1031 2918 1134 2971 mei
1171 2935 1290 2972 sum
1328 2921 1466 2988 ego?
1506 2917 1635 2974 Inde
1672 2920 1786 2990 jam
1823 2936 1963 2975 enu—

2065 1737 2236 1791 Ἅϐελ
2269 1738 2301 1789 o'
2329 1735 2592 1803 ἀδελφός
2611 1750 2763 1798 σου;
2819 1734 2884 1802 ἢν
2922 1730 3045 1801 οὐχὶ
3088 1728 3281 1800 μαθεῖν
3302 1724 3656 1796 βουλόμενος,

2061 1829 2200 1882 ἀλλὰ
2232 1828 2518 1899 μετανοίας
2550 1825 2699 1897 αὐτῷ
2714 1823 2970 1896 ἀφορμὴν
2990 1821 3382 1894 παρεχόμενος,
3412 1821 3441 1870 6
3459 1815 3657 1884 φιλάν-

2063 1920 2278 1992 θρωπος
2349 1920 2625 1989 Δεσπότης
2674 1918 3045 1988 προσήγαγεν,
3098 1913 3175 1976 ὡς
3240 1910 3390 1981 δηλοῖ
3416 1907 3558 1963 αὐτὰ
3581 1906 3661 1959 τά

2066 2012 2306 2083 ῥήματα.
2364 2006 2771 2079 Ἀρνησαμένου
2802 2005 2913 2075 γὰρ
2968 2001 3157 2067 αὑτοῦ,
3204 2001 3375 2070 ταχὺν
3419 1999 3660 2051 ποιεῖται

2062 2102 2153 2155 τὸν
2170 2102 2410 2171 ἔλεγχον,
2442 2099 2608 2153 εἰπών
2633 2116 2647 2129 ο
2675 2098 2846 2163 Φωνὴ
2870 2097 3118 2165 αἵματος
3128 2093 3235 2147 τοῦ
3251 2089 3519 2159 ἀδελφοῦ
3536 2104 3661 2142 σου

2058 2190 2181 2259 ,βοᾷ
2204 2193 2350 2262 πρὸς
2368 2191 2462 2261 μέ.
2502 2193 2664 2244 Ὥστε
2694 2190 2775 2254 τὸ,
2800 2189 2925 2243 Ποῦ
2962 2189 3134 2242 Ἅϐελ
3160 2189 3193 2239 ὀ
3215 2184 3480 2252 ἀδελφός
3503 2196 3663 2243 cov;

2064 2286 2258 2355 ἐκείνῳ
2288 2284 2540 2354 ἀφορμὴν
2571 2282 2742 2335 ἐδίδου
2786 2282 2885 2351 τῆς
2916 2278 3324 2349 συναισθήσεως
3354 2272 3451 2327 τοῦ
3472 2275 3663 2343 ἡμαρ-

2062 2378 2319 2448 τημένου,
2345 2376 2405 2429 οὐ
2458 2373 2536 2444 τῷ
2580 2372 2699 2443 θεῷ
2731 2373 2941 2440 ἐγίνετο
2985 2368 3331 2429 διδασκαλίας
3373 2364 3661 2437 πρόξενον.

2065 2469 2130 2521 Et
2165 2467 2274 2538 γὰρ
2308 2466 2381 2537 μὴ
2415 2465 2604 2534 ἔτυχεν
2635 2462 2942 2532 ἐπισκοπῆς
2974 2459 3131 2522 Θεοῦ,
3169 2454 3313 2528 εἶχεν
3350 2456 3415 2509 ἂν
3441 2454 3665 2524 πρόφα-

2067 2577 2150 2612 σιν
2178 2559 2253 2622 ὡς
2278 2556 2674 2627 ὲγκαταλελειμ
2683 2556 2862 2626 μένος,
2886 2554 2980 2607 καὶ
3003 2552 3122 2606 οὐδε
3132 2550 3259 2621 μίαν
3282 2547 3465 2601 λαϐὼν
3494 2550 3665 2617 ἀφορ-

2069 2650 2175 2722 μὴν
2222 2652 2301 2713 είς
2355 2649 2666 2719 μετάνοιαν,
2696 2645 2810 2699 Νῦν
2840 2645 2897 2698 δὲ
2932 2644 3176 2714 ἐπεφάνη
3215 2641 3363 2712 αὐτῷ
3388 2643 3417 2694 ό
3449 2638 3661 2710 ἰατρὸς,

2069 2744 2157 2796 ἵνα
2186 2740 2473 2812 προσφύγη
2530 2738 2680 2809 αὑτῷ
2709 2738 2822 2809 (57)
2845 2738 2874 2789 ὁ
2906 2735 3170 2789 ἀσθενῶν.
3216 2736 3273 2786 Ὁ
3317 2733 3374 2785 δὲ
3402 2732 3466 2785 οὐ
3499 2729 3667 2801 μόνον

2066 2835 2126 2887 οὐ
2142 2833 2274 2904 (57’)
2288 2832 2519 2903 κρύπτει
2540 2831 2601 2884 τὸ
2621 2830 2799 2895 ἕλκος,
2816 2828 2950 2882 ἀλλὰ
2967 2828 3063 2882 xa‘t
3088 2828 3174 2880 ἓτε
3183 2844 3272 2898 ρον
3290 2822 3669 2895 προσεξεργά-

2069 2924 2239 2987 ζεται,
2256 2924 2333 2993 τῷ
2356 2923 2498 2993 φόνῳ
2520 2922 2581 2975 τὸ
2599 2921 2791 2990 ψεῦδος
2811 2919 3219 2982 ὲπισυνάπτων,
3241 2919 3362 2970 Οὐκ
3384 2911 3535 2969 οἶδα.
3557 2913 3664 2980 Μὴ

389 3021 536 3062 mera
580 3009 870 3078 supplicia.
906 3007 1199 3063 Maledicta
1238 3021 1379 3064 terra
1416 3020 1627 3079 propter
1673 3021 1742 3066 te.
1781 3011 1957 3065 Unum

2083 3014 2267 3078 ρύλαξ
2300 3014 2408 3068 τοῦ
2439 3010 2705 3080 ἀδελφοῦ
2736 3028 2857 3080 μου
2883 3009 3001 3077 εἰμὶ
3043 3009 3192 3078 eqvi);
3238 3004 3519 3060 Ἐντεῦθεν
3548 3003 3667 3055 λοι-

390 3098 745 3166 supplicium.
797 3098 1109 3166 Operaberis
1140 3108 1361 3156 terram.
1401 3100 1564 3154 Aliud
1614 3101 1967 3171 supplicium.

391 3188 702 3245 Necessitas
732 3192 877 3246 enim
911 3206 1112 3245 arcana
1137 3191 1387 3260 quaedam
1432 3192 1686 3262 imposita
1726 3192 1805 3246 illi
1833 3202 1969 3255 erat,

394 3283 462 3337 ad
498 3298 637 3351 opus
674 3284 1026 3353 agriculturae
1066 3300 1290 3354 urgens,
1319 3285 1396 3337 ita
1424 3292 1483 3337 ut
1512 3300 1581 3338 ne
1611 3284 1814 3338 volenti
1848 3286 1972 3353 qui-

393 3376 515 3429 dem
558 3375 745 3429 liceret
768 3376 1129 3445 requiescere,
1144 3375 1237 3431 sed
1256 3390 1470 3445 semper
1490 3377 1829 3431 cruciaretur
1851 3392 1973 3429 cum

394 3467 614 3523 inimica
646 3482 746 3522 sua
777 3475 945 3532 terra,
983 3484 1146 3538 quam
1196 3468 1543 3522 maledictam
1590 3468 1708 3538 ipse
1755 3468 1858 3523 sibi
1906 3468 1980 3527 fe-

394 3568 573 3623 cerat,
607 3560 855 3629 polluens
883 3575 1003 3615 eam
1035 3559 1279 3617 fraterno
1314 3563 1601 3631 sanguine.
1662 3559 1976 3627 Operaberis

396 3665 530 3721 ergo
563 3660 782 3704 terram.
838 3649 1017 3704 Grave
1059 3650 1408 3721 supplicium,
1439 3665 1562 3704 cum
1598 3648 1685 3712 iis,
1727 3650 1819 3718 qui
1855 3649 1980 3702 odio

403 3744 628 3802 habent,
654 3741 879 3813 degere,
914 3742 1168 3797 comitem
1201 3743 1406 3796 habere
1444 3741 1679 3803 hostem,
1719 3741 1981 3809 implaca-

408 3834 575 3889 bilem
612 3834 916 3888 inimicum.
964 3832 1278 3902 Operaberis
1329 3840 1566 3893 terram;
1602 3832 1707 3885 hoc
1747 3839 1855 3895 est,
1896 3833 1975 3884 in-

411 3934 594 3981 tentus
636 3925 704 3980 ad
747 3940 915 3996 opera
966 3925 1350 3995 agriculturae,
1389 3925 1598 3978 nullum
1649 3932 1864 3993 tempus
1896 3938 1984 3976 re-

414 4017 622 4080 mittes,
675 4031 778 4070 nec
834 4024 997 4071 nocte
1048 4030 1151 4071 nec
1203 4015 1292 4069 die
1336 4016 1551 4069 solutus
1603 4030 1633 4067 a
1682 4014 1982 4077 laboribus,

412 4106 509 4162 sed
557 4107 780 4161 domino
829 4106 1067 4176 quodam
1121 4106 1321 4161 acerbo
1368 4106 1742 4161 molestiorem
1779 4106 1985 4159 habens

408 4213 669 4253 arcanam
728 4198 1132 4264 necessitatem,
1165 4199 1232 4252 ad
1261 4213 1426 4268 opera
1452 4205 1508 4253 te
1546 4198 1885 4253 incitantem.
1918 4196 1988 4251 Et

2074 3109 2172 3161 πὸν
2227 3106 2448 3179 ἀρίθμει
2504 3105 2614 3173 (58)
2648 3103 2748 3166 τὰς
2782 3102 3076 3173 τιμωρίας.
3118 3096 3583 3164 Ἐπικατάρατος
3620 3096 3661 3163 ἡ

2075 3200 2150 3271 γῆ
2184 3199 2302 3253 ἀπὸ
2328 3198 2464 3251 σοῦ.
2485 3197 2601 3250 Μία
2631 3195 2872 3256 κόλασις.
2913 3191 3092 3262 Ἐργᾷ
3118 3191 3235 3258 τὴν
3253 3189 3390 3260 γῆν.
3422 3187 3668 3256 Δευτέρα

2076 3291 2235 3363 αὕτη.
2290 3290 2527 3359 Ἀνάγκη
2576 3288 2683 3358 γάρ
2726 3303 2808 3349 τις
2848 3285 3087 3356 ἄῤῥητος
3120 3282 3268 3352 αὐτῷ
3317 3280 3666 3344 συνέζευκτο,

2078 3383 2214 3454 πρὸς
2260 3382 2321 3434 τὸ
2370 3380 2529 3452 ἔργον
2569 3380 2668 3449 τῆς
2692 3377 2798 3448 γῆς
2827 3377 2990 3431 αὐτὸν
3031 3375 3470 3442 κατεπείγουσα·
3522 3370 3669 3424 ὥστε

2083 3474 2216 3544 μηδέ
2257 3471 2566 3543 βουλομένῳ
2595 3468 2743 3540 αὑτῴ
2773 3467 2972 3533 ἐξεῖναι
3010 3465 3411 3525 ἀναπαύεσθαι,
3436 3462 3550 3516 ἀλλ’
3578 3463 3671 3515 ἀεὶ

2080 3565 2241 3618 αὐτὸν
2295 3561 2900 3635 προσταλαιπωρεῖσθαι
2935 3561 3000 3630 τῇ
3041 3558 3211 3629 ἐχθρᾷ
3248 3555 3416 3611 αὑτοῦ
3453 3557 3546 3625 γῇ,
3602 3556 3670 3624 ἣν

2082 3657 2482 3727 ἐπικατάρατον
2524 3654 2689 3717 αὐτὸς
2718 3650 2896 3721 ἐαυτῴ
2921 3651 3032 3722 (59)
3068 3649 3313 3719 ἐποίησε.
3347 3648 3547 3719 μιάνας
3570 3646 3671 3698 αὐ·

2081 3750 2181 3820 τὴν
2240 3746 2513 3817 ἀδελφικῷ
2574 3747 2787 3815 αἵματι.
2831 3743 3003 3814 Ἑργᾷ
3038 3739 3131 3797 οῦν
3173 3741 3289 3811 τὴν
3328 3740 3468 3810 γῆν.
3512 3740 3673 3810 Δεινὴ

2084 3838 2342 3909 τιμωρία,
2383 3840 2416 3908 ἡ
2461 3837 2604 3908 μετὰ
2644 3837 2754 3891 τῶν
2803 3837 3100 3908 μισούντων
3126 3833 3395 3904 διαγωγὴ,
3425 3831 3673 3886 σύνοικον

2086 3930 2231 3999 ἔχειν
2277 3928 2556 3997 πολέμιον,
2614 3928 2893 3982 ἄπαυστον
2935 3924 3127 3996 ἐχθρόν
3169 3924 3302 3994 (40).
3344 3919 3525 3991 Ἐρτᾷ
3557 3922 3677 3990 τὴν

2086 4016 2204 4087 γῆν
2223 4035 2235 4046 ·
2268 4017 2533 4081 τουτέστι,
2565 4014 3018 4084 κατατεινόμενος
3047 4015 3162 4075 τοῖς
3185 4012 3367 4082 ἔργοις
3399 4013 3514 4074 τοῖς
3540 4027 3677 4080 γεη-

2089 4110 2353 4171 πονικοῖς,
2394 4107 2585 4160 οὐδένα
2631 4106 2824 4178 χρόνον
2877 4106 3119 4176 ἀνήσεις,
3162 4103 3286 4157 οὔτε
3331 4103 3527 4166 νυκτὸς
3551 4101 3681 4155 οὔτε

2090 4201 2299 4272 ἡμέρας
2346 4200 2675 4271 ἐκλυόμενος
2724 4202 2790 4254 ἐκ
2825 4199 2935 4253 τῶν
2973 4198 3173 4263 πόνων,
3223 4197 3360 4251 ἀλλὰ
3408 4197 3680 4250 δεσπότου

423 4308 527 4344 non
581 4290 798 4359 adjiciat
843 4290 971 4345 dare
1022 4292 1264 4344 virtutem
1311 4308 1484 4345 suam.
1537 4291 1714 4361 Atque
1772 4291 1974 4345 etiams‘

2089 4293 2234 4357 τινὸς
2277 4291 2476 4361 πικροῦ
2517 4291 2904 4363 χαλεπωτέραν
2927 4290 3066 4362 ἔχων
3104 4290 3201 4360 τὴν
3230 4289 3471 4360 ἄῤῥητον
3504 4289 3681 4356 ἀνάγ-

413 4381 548 4436 illud
599 4398 711 4435 non
758 4382 1131 4437 intermissum
1214 4397 1353 4452 opus
1416 4382 1651 4452 aliquem
1706 4382 1974 4437 habuisset

2091 4402 2212 4456 κην,
2245 4386 2338 4438 ἐπὶ
2356 4385 2423 4438 τὰ
2435 4384 2575 4456 ἔργα
2602 4401 2660 4437 σε
2676 4383 3068 4453 διεγείρουσαν.
3095 4381 3206 4437 Καὶ
3237 4383 3310 4434 οὐ
3340 4378 3685 4448 προσθήσει

409 4472 652 4529 fructum
688 4490 701 4539 ;
744 4472 860 4543 ipse
907 4473 1062 4529 labor
1119 4488 1231 4528 non
1272 4473 1571 4529 mediocris
1613 4472 1810 4528 fuisset
1852 4489 1981 4528 cru-

485 4653 531 4686 “
566 4653 702 4710 Gen.
744 4671 825 4716 tv,
867 4653 900 4708 9
941 4668 1060 4724 sqq.

486 4815 596 4886 (54)
631 4813 920 4884 Ἐλέγχει.
1143 4811 1355 4882 ἐλέγχει
1386 4809 1466 4876 δέ,
1508 4810 1603 4865 sed
1649 4810 1766 4865 haec
1804 4810 1999 4865 vocula

414 4884 653 4943 deest'in
682 4895 887 4953 septem
908 4884 1190 4938 codicibus
1229 4897 1363 4953 mss.

486 4957 600 5027 (55)
674 4950 1151 5024 Ἐπηνέχθησαν.
1227 4951 1378 5005 Harl.
1443 4958 1496 5007 et
1566 4950 1735 5008 Coisl.
1791 4955 2000 5024 primus

414 5027 753 5082 ἐπήγθησαν.

489 5044 861 5168 (ἔὲἶὶ-εὸαέέῳς.
892 5093 973 5148 lta
1024 5100 1139 5168 tres
1164 5091 1527 5168 vetustissimi
1559 5091 1796 5168 codices.
1850 5091 1999 5168 Editi

417 5161 592 5243 obrui.
621 5166 745 5243 Mox
777 5166 941 5243 iidem
978 5165 1196 5243 codices
1240 5162 1466 5243 ἁδελφός
1509 5161 1601 5243 σοῦ
1623 5164 1829 5243 ,ἐστιν;
1862 5164 2000 5243 οὐχ)ἔ

423 5239 634 5307 μαθεῖν.
660 5236 833 5290 Totus
863 5234 953 5289 hic
992 5236 1149 5289 locus
1189 5249 1296 5287 non
1333 5234 1466 5307 satis
1504 5232 1765 5287 astrictus
1794 5241 1878 5287 est
1899 5232 1999 5307 {.id

420 5303 564 5376 quod
590 5306 791 5360 Basilio
839 5320 1232 5376 nonnunquam
1286 5303 1483 5356 accidit
1501 5319 1522 5376 ;_
1546 5318 1671 5376 nam
1705 5310 1781 5376 ut_
1807 5304 2002 5357 verbo-

422 5372 544 5430 rum
603 5377 942 5431 constructio
985 5372 1368 5445 perspiciatur,
1406 5372 1737 5445 cogitatione
1769 5373 2007 5445 interpo-

424 5446 603 5516 nenda
634 5454 718 5500 est
738 5443 998 5516 quatdanr
1016 5443 1360 5516 parenthesis
1383 5443 1561 5516 abhis
1587 5444 1768 5516 verbis
1789 5443 1856 5513 ἢν
1884 5443 2006 5516 οῦχὶ

431 5515 647 5585 μαθεῖν,
678 5512 851 5585 usque
881 5516 948 5569 ad
979 5512 1070 5585 illa
1118 5515 1175 5566 '0
1206 5512 1272 5585 δέ
1298 5512 1360 5585 ob
1381 5512 1701 5585 ⁸μόνον,ίνοι
1727 5516 1890 5567 etiam
1916 5514 2008 5585 illa

442 5583 721 5656 Ἐντεῦθεν
750 5582 933 5639 λοιπὸν
958 5583 1199 5656 ἀριθμεῖ.
1240 5582 1348 5656 Sed
1381 5582 1499 5638 hac
1519 5583 1574 5637 in
1597 5584 2008 5654 interpretando

432 5653 836 5724 perspicuitatis
863 5653 1030 5711 causa
1059 5653 1418 5724 n‘egleximus.

2089 4474 2298 4528 δοῦναι
2326 4475 2439 4542 τὴν
2460 4473 2643 4543 ἰσχὺν
2666 4471 3075 4541 αὑτῆς.Καίτοι
3099 4472 3149 4524 εί
3183 4473 3277 4524 καὶ
3304 4470 3365 4523 τὸ
3391 4470 3494 4541 τῆς
3512 4473 3683 4542 ἐργα-

2130 4802 2280 4881 (57)
2335 4805 2525 4871 Αὐτῷ.
2579 4804 2761 4860 Multis
2812 4805 2871 4859 in
2937 4802 3222 4859 codicibus
3279 4804 3687 4862 recentioribus

2096 4882 2300 5020 deﬁgi")
2337 4947 2546 5020 Habent
2615 4946 2778 5000 iidem
2819 4943 3040 5000 codices
3096 4945 3159 4997 οὐ
3221 4944 3383 5015 μόνον
3447 4944 3686 5017 κρύπτει

2100 5032 2154 5078 et
2179 5018 2287 5075 sic
2304 5019 2435 5086 legit
2469 5018 2762 5139 interpres.

2169 5090 2282 5139 (38)
2335 5086 2598 5139 Ἀοιθιιεῖ.
2654 5094 2708 5139 ta
2735 5095 2847 5139 tres
2879 5084 3240 5139 vetustissimi
3271 5085 3514 5139 codices.
3535 5085 3684 5139 Editi

2169 5090 2282 5160 (58)
2335 5085 2598 5160 Ἄριθέιεῖ.
2629 5085 2847 5160 Ita_tres
2879 5085 3514 5160 vetustissim_i__codices.
3535 5085 3684 5160 Editi

2094 5154 2420 5231 ἀπαριθμῧ.
2458 5154 2612 5231 _Mox_
2658 5154 2823 5231 iidem
2867 5164 2922 5210 et
2972 5156 3127 5231 tnulti
3160 5156 3273 5231 _alii
3318 5158 3480 5231 ἐργᾷ.
3541 5156 3683 5210 Editi

2054 5244 2055 5251 ‘
2097 5226 2564 5303 epya’cnluEadem
2600 5228 2743 5281 infra
2774 5227 3019 5303 occurrit
3056 5226 3296 5282 varietas
3330 5227 3387 5280 in
3424 5228 3530 5280 bac
3553 5242 3685 5281 voce

2099 5294 2243 5355 inter
2273 5294 2449 5353 {Sditos
2480 5306 2534 5353 et
2564 5313 2694 5352 mss.
2727 5294 2967 5351 codices.

2172 5370 2283 5437 (59)
2316 5369 2507 5434 Αὐτὸς
2537 5365 2749 5430 ἐαυτῷ.
2779 5365 2944 5437 Deest
2967 5366 3144 5436 prima
3165 5366 3352 5437 voxin
3374 5366 3566 5422 multis
3594 5381 3683 5419 re-

2101 5435 2438 5496 centiOribus
2496 5437 2796 5507 codicibus.
2825 5435 2995 5491 Paulo
3053 5443 3178 5507 post
3222 5436 3386 5492 iidem
3439 5453 3555 5491 non
3590 5437 3673 5490 ba-

2102 5513 2230 5567 benl
2255 5508 2425 5578 αὐτὴν
2454 5515 2578 5577 post
2610 5506 2831 5578 μιάνας.

2178 5582 2291 5647 (40)
2345 5574 2622 5649 Ἐχθρόνζ
2649 5576 2758 5649 Pro
2802 5577 2917 5649 liae
2946 5591 3078 5632 voce
3111 5576 3310 5649 legitur
3338 5576 3398 5630 τὸ
3430 5576 3590 5648 μίσος
3627 5574 3682 5629 in

2103 5646 2281 5706 tribus
2309 5648 2700 5705 vetustissimis
2726 5646 3025 5703 codicibus.
