3856 6224
196 328 291 388 961

1138 323 1628 381 EPlSTOLARUM
1669 325 1954 383 CLASSlS
1992 328 2054 382 ll.
2096 329 2320 385 EPIST.
2359 327 2561 385 (λοισι.

3373 328 3479 383 962

201 449 325 513 σίας
367 449 644 504 ἄπαυστον
688 441 804 520 είχὲ
843 465 966 502 τινα
1004 448 1238 519 καρπὸν,
1274 447 1437 510 αὐτὸς
1465 449 1494 501 6
1533 447 1695 510 πόνος
1726 448 1787 500 οὐ

1914 449 2068 505 :iatus
2123 466 2342 521 semper
2388 451 2603 505 intento
2649 457 2703 502 et
2746 446 3042 501 laboranti.
3093 444 3201 501 Sed
3242 447 3373 517 quia
3424 453 3480 503 et

205 539 403 611 μετρία
455 539 687 611 βάσανος
730 536 801 611 ἦν
830 539 910 609 τῷ
946 540 1034 592 ἀεὶ
1080 537 1521 608 κατατεινομένῳ
1546 538 1660 610 (41)
1700 538 1797 592 καὶ

201 629 481 685 κοπιῶντι.
545 629 765 701 Ἐπειδὴ
824 628 881 682 δὲ
929 629 1024 681 καὶ
1059 628 1290 699 ἐργασία
1336 628 1649 691 ἄπαυστος,
1701 629 1797 681 καὶ

202 722 450 801 ἄκαρπος
473 723 507 791 ἡ
532 722 660 792 περὶ
693 722 795 793 γῆν
837 720 1180 792 ταλαιπωρία
1226 720 1310 787 (οὐ
1353 720 1460 791 γὰρ
1491 719 1660 772 ἐδίδου
1690 720 1791 790 τὴν

205 812 397 882 ἱσχύν)·
415 811 571 884 τρίτη
598 810 735 882 αὕτη
753 811 867 863 ἐστὶ
885 811 1168 881 τιμωρίαή
1194 810 1442 881 ἀκαρπία
1463 808 1570 861 τῶν
1595 810 1792 881 πόνων.

208 902 439 957 Στένων
461 901 561 955 καὶ
585 901 814 970 τρέμων
824 902 938 969 ἔσῃ
950 902 1045 954 ἐπὶ
1064 900 1172 969 τῆς
1186 899 1314 969 γῆς.
1332 900 1435 953 Δύο
1456 899 1796 972 προσέθηκεν

204 994 393 1058 ἄλλαις
436 996 557 1057 ταῖς
593 993 775 1065 τρισί·
832 992 1132 1063 στεναγμὸν
1166 992 1414 1062 διηνεκῆ,
1451 991 1547 1045 καὶ
1589 991 1797 1063 τρόμον

204 1080 299 1133 τοῦ
342 1080 615 1151 σώματος,
646 1080 737 1133 τὸν
763 1080 827 1133 ὲκ
846 1082 946 1150 τῆς
964 1078 1145 1150 ἰσχύος
1173 1080 1474 1151 στηριγμὸν
1492 1078 1602 1135 τίὲν
1620 1080 1798 1151 μελῶν

206 1173 304 1225 οὐκ
332 1172 582 1242 ἐχόντων.
623 1171 841 1243 Ἐπειδὴ
883 1171 994 1243 γὰρ
1025 1171 1211 1234 κακῶς
1249 1172 1521 1243 ἐχρήσατο
1548 1173 1619 1243 τῇ
1640 1170 1799 1225 δυνά-

209 1261 415 1332 μειτοῦ
449 1261 719 1332 σώματος,
748 1261 995 1334 ὑφῃρέθη
1030 1261 1195 1315 αὑτοῦ
1221 1263 1249 1314 6
1296 1262 1474 1326 τόνος,
1498 1258 1644 1316 iaC-tta
1668 1260 1796 1316 κλο-

206 1351 414 1405 νεῖσθαι
450 1353 611 1405 αύτὸν
673 1352 767 1405 καὶ
820 1351 1240 1416 κατασείεσθαι,
1294 1352 1418 1405 οὔτε
1472 1351 1635 1422 άρτσν
1686 1352 1796 1423 (4⁵3)

208 1444 409 1515 ῥαδίως
440 1444 771 1515 προσφέρειν
796 1444 1094 1515 δυνάμενον
1117 1444 1193 1515 τῷ
1221 1444 1466 1515 στόματι,
1484 1443 1608 1496 οὔτε
1636 1443 1800 1497 ποτὸν

206 1534 602 1605 προσκομίζειί
628 1552 641 1565 ·
693 1534 794 1605 τῆς
843 1536 1086 1606 πονηρᾶς
1140 1533 1320 1606 χειρὸς
1372 1534 1512 1605 μετὰ
1563 1534 1659 1605 τὴν
1696 1536 1790 1588 ἀν-

204 1623 361 1677 οσίαν
390 1623 499 1693 (45)
561 1624 761 1695 πρᾶξιν
795 1625 917 1677 οὐδὲ
952 1627 1074 1688 ταῖς
1120 1623 1287 1686 ἰδίαις
1331 1624 1425 1677 καὶ
1469 1623 1800 1691 ἀναγκαίαις

206 1713 422 1783 χρείαις
444 1711 539 1764 τοῦ
584 1712 836 1782 σώματος
879 1713 1063 1766 λοιπὸν
1092 1712 1486 1783 ὑπηρετεῖσθαι
1521 1712 1633 1783 (4-4)
1667 1728 1797 1781 συγ-

1897 554 2038 609 opus
2087 558 2198 596 non
2245 542 2648 605 intermissum,
2692 546 2747 593 et
2790 536 3150 592 infructuosae
3179 539 3327 593 circa
3369 545 3482 593 ter-

1898 647 2014 685 ram
2069 648 2330 687 aerumna:
2371 632 2504 702 (non
2540 632 2686 685 enim
2747 628 2914 683 dabat
2944 629 3202 683 virtutem
3260 629 3479 700 suam);

1898 723 2119 777 tertium
2174 731 2259 779 est
2314 723 2419 778 hoc
2472 721 2826 792 supplicium,
2876 720 3144 775 inutilitas
3204 720 3481 774 laborum.

1902 813 2123 870 Gemens
2181 825 2229 868 et
2275 826 2500 868 tremens
2552 815 2656 868 eris
2716 829 2872 881 super
2926 824 3145 867 terram.
3202 812 3320 866 Duo
3376 813 3481 866 alia

1901 907 2080 961 tribus
2123 906 2325 976 adjecit
2374 925 2387 960 :
2433 907 2694 976 gemitum
2735 905 3080 968 continuum,
3110 911 3163 959 et
3191 912 3481 958 tremorem

1900 999 2185 1070 corporis,
2262 999 2460 1053 virium
2524 997 2783 1052 ﬁrmitate
2853 997 3113 1052 membris
3185 995 3481 1050 destitutis.

1897 1090 2032 1144 Nam
2082 1093 2210 1161 quia
2250 1091 2393 1145 male
2424 1106 2558 1144 usus
2589 1089 2769 1142 fuerat
2793 1089 3007 1143 viribus
3037 1086 3310 1156 corporis,
3345 1088 3481 1140 sub-

1900 1190 2135 1236 tractum
2172 1182 2250 1235 illi
2299 1183 2487 1249 robur,
2534 1182 2607 1234 ita
2652 1188 2713 1235 ut
2763 1182 3026 1234 titubarct
3055 1186 3108 1233 et
3136 1185 3479 1248 quateretur,

1901 1289 2004 1328 nec
2034 1288 2229 1343 panem
2280 1271 2442 1328 facile
2477 1279 2666 1343 posset
2713 1272 2792 1325 ori
2830 1273 3142 1334 admovere,
3175 1279 3267 1325 aut
3294 1279 3480 1341 potum

1902 1380 2141 1429 sumere,
2178 1380 2302 1418 cum
2338 1365 2588 1435 improba
2644 1381 2841 1420 manus
2890 1373 3015 1436 post
3057 1367 3325 1420 nefarium
3365 1382 3485 1422 sce-

1900 1456 1987 1511 lus
2036 1472 2106 1511 ne
2157 1456 2396 1527 propriis
2442 1457 2663 1525 quidem
2724 1466 2778 1512 et
2839 1458 3171 1513 necessariis
3233 1458 3487 1527 corporis

1902 1549 2092 1603 usibus
2126 1549 2239 1617 jam
2288 1548 2601 1604 ministrare
2651 1549 2946 1605 sineretur.
2978 1549 3137 1603 Aliud
3163 1559 3243 1605 est
3280 1550 3485 1619 suppli—

1900 1639 2069 1700 cium,
2112 1638 2259 1709 quod
2312 1639 2430 1709 ipse
2465 1639 2724 1709 patefecit
2764 1640 2923 1703 Cain,
2974 1639 3199 1695 dicens:
3234 1639 3292 1694 St
3333 1642 3483 1709 ejicis

1900 1746 1982 1783 me
2023 1745 2163 1783 nunc
2211 1728 2274 1782 de
2308 1738 2471 1793 terra,
2504 1739 2555 1783 et
2601 1747 2633 1783 a
2680 1730 2818 1799 facie
2863 1739 2954 1783 tua
2987 1730 3297 1784 abscondar.
3342 1730 3486 1797 Quid

206 1804 583 1874 χωρουμένης.
611 1804 784 1874 Ἀλλη
832 1803 1102 1874 τιμωρία,
1151 1798 1217 1874 ἣν
1251 1802 1411 1866 αὐτὸς
1449 1803 1795 1873 ἀπεκάλυψεν

1914 1828 1982 1877 ast
2012 1820 2171 1887 illud,
2201 1820 2261 1875 Si
2281 1822 2428 1891 ejicis
2452 1838 2532 1875 me
2547 1821 2610 1875 de
2631 1798 2771 1875 terra
2791 1815 2894 1877 ?'ld
2923 1831 3026 1885 est,
3045 1823 3092 1876 si
3124 1837 3209 1876 me
3237 1821 3489 1877 excludis

160 1957 165 1961 _
205 1899 235 1949 6
270 1897 433 1959 Κάῖν,
456 1894 626 1948 εἰπών
647 1912 663 1927 ⁶
704 1899 773 1949 Εἰ
794 1896 1112 1961 ἐκϐάλλεις
1127 1913 1205 1963 με
1236 1895 1355 1948 νῦν
1381 1895 1502 1949 ἀπὸ
1534 1894 1645 1963 τῆς
1662 1895 1795 1965 γῆς,

206 1986 308 2039 καὶ
366 1986 481 2040 ἀπὸ
528 1985 635 2039 τοῦ
661 1984 988 2054 προσώπου
1007 2002 1122 2039 σου
1157 1985 1552 2054 κρυὸήσεμαι.
1596 1986 1660 2038 Τί
1683 1987 1798 2039 ἐστι

206 2077 293 2139 τὸ,
337 2080 407 2130 El
457 2077 774 2144 ἐκϐάλλεις
814 2094 886 2144 με
927 2076 1045 2132 ἀπὸ
1076 2077 1186 2144 τῆς
1220 2076 1369 2146 γῆςς
1411 2078 1722 2141 Τουτέστιν,
1751 2080 1800 2131 εἰ

205 2166 463 2237 χωρίζεις
489 2183 556 2237 με
587 2168 685 2230 τῆς
728 2168 824 2221 ἀπ’
872 2167 1041 2237 αὐτῆς
1087 2166 1374 2236 ὡφελείας.
1409 2167 1483 2219 Οὐ
1529 2167 1637 2238 γὰρ
1673 2185 1799 2237 μετ-

222 2260 434 2312 ετίθετο
473 2260 557 2327 ἐφ’
610 2258 795 2329 ἐτερον
825 2257 1007 2322 τόπον,
1044 2258 1159 2311 ἀλλ’
1190 2257 1538 2329 ἡλλοτριοῦτο
1569 2259 1675 2312 τῶν
1708 2258 1801 2311 ἀπ’

207 2352 521 2421 αὐτῆςίάὸ)
577 2351 781 2406 καλῶν.
825 2352 938 2407 Καὶ
982 2352 1102 2405 ἀπὸ
1127 2352 1234 2406 τοῦ
1291 2351 1619 2420 προσώπου
1685 2367 1802 2406 σου

207 2444 606 2513 κρυϐήσομαι.
649 2440 713 2496 Ἦ
750 2443 1030 2515 βαρυτάτη
1072 2443 1293 2506 κόλασις
1342 2446 1455 2506 τοῖς
1513 2443 1804 2514 εὐφρονού-

210 2552 298 2587 σιν
349 2534 462 2599 (46)
502 2538 531 2587 6
571 2535 678 2588 67:6
717 2533 852 2588 Θεοῦ
906 2536 1204 2606 χωρισμός.
1235 2534 1344 2588 Καὶ
1394 2534 1588 2600 ἔσται,
1645 2535 1801 2607 φησὶ,

208 2626 333 2691 πᾶς
378 2630 411 2679 ὁ
445 2627 740 2694 εὑρίσκων
757 2644 834 2695 με
864 2626 1187 2681 ἀποκτενεῖ
1222 2644 1319 2695 με.
1360 2624 1586 2690 Εἱκάζει
1620 2628 1685 2680 ἐκ
1709 2627 1804 2680 τοῦ

210 2716 513 2770 ἀκολούθου
566 2717 674 2771 τῶν
724 2720 1074 2787 προαγόντων
1129 2719 1265 2789 (47).
1317 2720 1381 2771 Εἰ
1424 2719 1534 2771 67:6
1580 2718 1681 2789 τῆς
1703 2720 1807 2791 γῆς

207 2807 573 2878 ἐκϐέϐλημαι,
607 2808 655 2860 εί
687 2807 797 2860 67:6
837 2807 930 2861 τοῦ
973 2807 1267 2880 προσώπου
1300 2823 1393 2860 σου
1429 2808 1804 2878 κρυϐήσομαι,

207 2897 461 2952 λείπεται
497 2899 607 2953 67:6
640 2898 840 2962 παντὸς
879 2899 1238 2970 ἀναιρεῖσθαι.
1285 2900 1349 2951 Τί
1385 2895 1477 2952 οὖν
1508 2902 1535 2952 6
1564 2899 1803 2969 Κύριος;

212 2992 344 3059 Οὐχ
375 2990 583 3056 οὕτως.
624 2990 762 3043 Ἀλλ’
796 2990 947 3043 ἔθετο
982 2994 1204 3061 σημεῖον
1233 2991 1319 3044 ἐπ’
1351 2991 1535 3044 αὐτόν.
1573 2990 1806 3062 Ἑϐδόμη

207 3080 354 3151 αὕτη
405 3081 678 3153 τιμωρία,
725 3082 786 3135 τὸ
839 3083 974 3153 μηδὲ
1013 3082 1355 3155 κρύπτεσθαι
1375 3083 1472 3154 τὴν
1510 3084 1807 3154 τιμωρίαν,

206 3181 352 3235 ἀλλᾶ
416 3183 626 3252 σημείῳ
680 3183 932 3253 προδήλῳ
977 3183 1113 3235 πᾶσι
1179 3181 1668 3253 προκεκηρύχθαι,
1727 3182 1809 3234 ὃτι

207 3265 369 3335 οὗτός
422 3273 569 3324 ἐστιν
613 3275 641 3325 6
682 3272 791 3324 τῶν
839 3270 1070 3324 ἀνοσίων
1102 3270 1279 3341 ἔργων
1311 3271 1662 3341 δημιουργός.
1697 3270 1806 3324 Καὶ

207 3362 325 3434 γὰρ
377 3362 455 3435 τῷ
494 3362 670 3434 ὀρθῶς
726 3362 1065 3433 λογιζομένῳ
1115 3362 1388 3432 βαρυτάτη
1445 3361 1725 3415 κολάσεων
1775 3364 1808 3432 ἡ

209 3454 481 3526 αἰσχύνη·
526 3457 592 3525 ἢν
651 3456 746 3509 καὶ
790 3455 920 3525 περὶ
980 3455 1080 3525 τῆς
1121 3455 1356 3525 κρίσεως
1410 3455 1832 3525 μεμαθήκαμεν,

208 3549 293 3611 είς
329 3544 589 3616 αἰσχύνην
619 3547 713 3599 καὶ
748 3546 1051 3614 ὀνειδισμὸν
1082 3543 1193 3616 (48)
1218 3543 1456 3599 αἰώνιον.

286 3640 343 3695 5.
406 3639 712 3692 Ἀκολουθεῖ
747 3638 923 3709 τούτῳ
972 3637 1193 3708 ζήτημα
1230 3637 1510 3706 συγγενὲς,
1552 3636 1612 3689 τὸ
1663 3636 1812 3708 παρὰ

208 3732 310 3786 τοῦ
364 3732 558 3801 Λάμεχ
609 3734 727 3793 ταῖς
769 3731 1014 3798 γυναιξὶν
1062 3729 1392 3801 εἰρημένον,
1451 3730 1532 3782 ὅτι
1600 3729 1812 3797 Ἄνδρα

210 3824 535 3879 ἀπέκτεινα
555 3821 664 3892 (49)
687 3825 772 3888 εὶς
796 3822 1026 3892 τραῦμα
1058 3821 1209 3891 ἐμοὶ,
1244 3821 1341 3874 καὶ
1373 3821 1704 3874 νεανίσκον
1721 3821 1810 3884 εἰς

204 3913 481 3985 μώλωπὰ
502 3931 605 3982 μοι,
627 3931 639 3941 ’
665 3913 752 3966 ὅτι
785 3915 837 3966 εί
872 3911 1117 3977 ἑπτάκις
1143 3910 1518 3978 ἐκδεδίκηται
1542 3910 1610 3962 ἐκ
1641 3907 1807 3972 Κάϊν,

209 4009 283 4061 ἐκ
308 4007 379 4059 δὲ
407 4005 607 4075 Λάμεχ
637 4004 1144 4074 ἑϐδομηκοντάκις
1177 4002 1345 4056 ἑπτά.
1388 4003 1497 4055 Καὶ
1527 4000 1807 4072 νομίζουσί

210 4116 362 4162 τινες
391 4098 497 4151 ὑπὸ
524 4098 618 4151 τοῦ
655 4098 847 4168 Λάμεχ
878 4097 1186 4167 ἀνῃρῆσθαι
1213 4095 1305 4148 τὸν
1334 4095 1474 4149 Κάῖν
1498 4111 1512 4125 ·
1532 4095 1607 4158 ὡς
1641 4094 1806 4165 μέχρι

210 4194 313 4262 τῆς
344 4192 538 4259 γενεᾶς
567 4189 780 4261 ἐκείνης
826 4189 1212 4258 διαρκέσαντος
1244 4187 1432 4249 αὐτοῦ,
1459 4188 1550 4240 ἐπὶ
1598 4185 1674 4256 τῷ
1709 4204 1813 4254 μα-

210 4280 487 4352 κροτέραν
519 4279 703 4333 δοῦναι
727 4279 824 4351 τὴν
862 4278 1157 4351 τιμωρίαν.
1194 4280 1348 4332 Ἐστι
1381 4278 1438 4331 δὲ
1467 4277 1566 4330 οὐκ
1588 4275 1807 4347 ἀληθές.

210 4373 321 4424 Δύο
352 4372 460 4442 γὰρ
500 4370 748 4441 φαίνεται
792 4372 985 4440 φόνους
1037 4368 1376 4440 πεποιηκὼς,
1427 4367 1487 4433 ἐξ
1531 4361 1605 4421 ὧν
1650 4367 1813 4429 αὐτὸς

1901 1912 1970 1966 ab
1994 1912 2234 1966 utilitate
2274 1929 2398 1982 qua:
2428 1928 2490 1965 ex
2523 1927 2587 1967 ea
2621 1914 2945 1983 percipitur.
2978 1912 3099 1967 Non
3131 1918 3276 1967 enim
3313 1923 3489 1969 trans-

1902 2002 2182 2057 ferebatur
2225 2003 2283 2056 in
2347 2003 2515 2055 alium
2580 2004 2783 2069 locum,
2838 2004 2933 2058 sed
2980 2006 3372 2060 exeludebatur
3408 2008 3478 2060 ab

1902 2093 2052 2147 illius
2080 2092 2261 2147 bonis.
2305 2091 2375 2146 Et
2402 2110 2432 2146 (ι
2457 2093 2593 2161 {acie
2624 2101 2715 2146 tua
2741 2093 3056 2148 abscondar.
3091 2092 3485 2149 Gravissimum

1902 2184 2009 2239 hoc
2043 2184 2378 2254 supplicium
2415 2185 2658 2240 cordatis
2700 2186 2856 2248 viris,
2902 2187 3148 2255 separari
3177 2201 3206 2239 a
3244 2185 3374 2241 Deo.
3416 2185 3489 2240 Et

1903 2276 2024 2337 erit,
2077 2275 2275 2344 inquit,
2325 2276 2498 2330 omnis
2544 2277 2635 2345 qui
2686 2277 2937 2330 invenerit
2988 2292 3088 2338 me,
3139 2276 3340 2331 occidet
3384 2294 3485 2332 me.

1903 2366 2290 2436 Conjecturam
2359 2366 2491 2421 facit
2553 2382 2620 2421 ex
2692 2368 3129 2437 praecedentibus
3194 2378 3490 2423 consenta-

1906 2474 2087 2513 neam.
2126 2457 2182 2512 Si
2217 2460 2282 2513 de
2332 2467 2480 2515 terra
2521 2459 2739 2529 ejicior,
2771 2460 2817 2514 si
2853 2474 2884 2513 a
2918 2459 3059 2514 facie
3107 2468 3199 2513 tua
3243 2461 3483 2514 abscon-

1915 2550 2037 2617 dar,
2080 2551 2410 2621 relinquitur
2452 2559 2569 2606 uta
2604 2551 2850 2621 quolibet
2876 2550 3117 2606 occidar.
3155 2552 3294 2618 Quid
3325 2553 3492 2624 igitur

1908 2642 2209 2699 Dominus?
2250 2643 2376 2698 Non
2410 2646 2504 2698 sic.
2553 2643 2659 2700 Sed
2705 2645 2885 2714 posuit
2920 2646 3136 2714 signum
3179 2661 3343 2715 super
3411 2646 3491 2715 ip-

1909 2750 2053 2789 sum.
2092 2734 2397 2806 Septimum
2418 2738 2523 2791 hoc
2554 2738 2908 2807 supplicium,
2942 2744 3000 2791 ut
3029 2752 3098 2791 ne
3122 2737 3491 2791 abscondatur

1910 2825 2131 2895 quidem
2173 2843 2355 2896 poena,
2388 2828 2485 2883 sed
2528 2828 2819 2883 manifesto
2865 2829 3022 2899 signo
3065 2831 3322 2885 omnibus
3350 2846 3491 2898 prae-

1910 2918 2126 2971 dicetur
2154 2919 2306 2973 hunc
2351 2936 2474 2975 esse
2516 2919 2882 2975 nefandorum
2933 2921 3201 2976 scelerum
3241 2923 3492 2977 invento-

1910 3025 2049 3064 rem.
2081 3010 2176 3065 Est
2212 3012 2381 3075 enim,
2429 3013 2474 3067 si
2517 3013 2640 3082 quis
2670 3020 2818 3089 recte
2862 3013 3242 3077 ratiocinetur,
3281 3016 3494 3085 gravis-

1914 3097 2053 3151 sima
2094 3113 2380 3167 poenarum
2434 3100 2791 3170 opprobrium
2845 3102 3036 3170 :quod
3071 3103 3286 3170 quidem
3337 3113 3389 3157 et
3438 3105 3490 3157 in

1912 3187 2123 3256 judicio
2169 3189 2412 3245 futurum
2461 3191 2777 3257 didicimus,
2804 3193 2933 3262 quia
2986 3193 3077 3246 alii
3111 3204 3397 3264 resurgent
3438 3197 3493 3249 in

1916 3278 2082 3331 vitam
2118 3293 2405 3343 arternam,
2439 3289 2492 3336 et
2531 3282 2623 3336 alii
2662 3283 2719 3337 in
2768 3283 3123 3352 opprobrium
3159 3292 3213 3339 et
3257 3285 3495 3341 dedecus

1923 3371 2316 3439 sempiternum
2351 3372 2415 3425 ¹⁸.

1883 3457 1965 3513 ὅτι
2008 3455 2152 3515 οὗτοι
2201 3464 2598 3535 ἀναστήσονται
2645 3465 2725 3527 είς
2765 3463 2910 3537 ζωὴν
2938 3464 3176 3532 αἰώνιον,
3221 3468 3314 3520 κα)⁵
3348 3460 3495 3536 οὗτοι

1989 3637 2043 3690 5.
2081 3634 2344 3705 Sequitur
2381 3636 2524 3689 hanc
2558 3635 2916 3706 quaestionem
2944 3638 3050 3690 alia
3079 3638 3297 3701 similis,
3329 3639 3496 3710 399

1917 3728 2063 3798 quod
2092 3743 2118 3780 a
2154 3726 2390 3781 Lamech
2433 3728 2699 3782 uxoribus
2722 3726 2929 3781 dictum
2960 3735 3043 3782 est
3070 3746 3084 3783 :
3123 3728 3306 3782 Occidi
3327 3732 3495 3783 virum

1917 3821 1971 3873 in
2000 3820 2187 3873 vulnus
2211 3819 2360 3878 mihi,
2390 3828 2438 3873 et
2475 3818 2933 3874 adolescentulum
2975 3821 3030 3873 in
3070 3820 3279 3875 livorem
3312 3822 3440 3875 milii
3473 3838 3492 3876 :

1916 3910 2165 3979 quoniam
2198 3912 2388 3978 septies
2416 3911 2741 3964 vindicatum
2776 3920 2851 3965 est
2883 3911 2947 3964 de
2973 3910 3108 3965 Cain
3134 3930 3153 3967 :
3181 3910 3245 3966 de
3267 3912 3496 3967 Lameclz

1918 4009 2093 4053 autem
2133 4002 2429 4070 septuagies
2478 4002 2666 4070 septies
2704 4002 2768 4055 “.
2812 4000 3143 4057 Existimant
3183 4005 3431 4059 nonnulli
3463 4021 3494 4058 a

1921 4091 2152 4145 Lamecb
2205 4094 2452 4147 occisum
2508 4109 2631 4148 esse
2685 4093 2848 4157 Cain,
2900 4094 3059 4163 quasi
3110 4094 3158 4150 is
3211 4112 3387 4166 usque
3426 4098 3495 4151 ad

1922 4186 2062 4237 hanc
2119 4190 2334 4238 aetatem
2405 4185 2643 4250 vixerit,
2692 4192 2752 4239 ut
2824 4185 3101 4256 longiores
3160 4189 3497 4254 persolveret

1921 4291 2132 4346 pmnas.
2195 4274 2302 4330 Sed
2344 4276 2399 4330 id
2431 4292 2618 4331 verum
2665 4293 2771 4331 non
2817 4287 2919 4332 est.
2959 4276 3105 4333 Duas
3144 4279 3289 4332 enim
3338 4280 3491 4333 illum

1920 4367 2095 4421 etcdes
2126 4377 2371 4436 patrasse
2395 4367 2720 4437 perspicitur
2758 4384 2822 4423 ex
2856 4367 2945 4421 his
2973 4384 3094 4437 qua;
3124 4369 3244 4438 ipse
3268 4380 3493 4424 narrat:

210 4465 486 4535 διηγεῖται
507 4480 521 4495 ο
557 4466 771 4533 Ἄνδρα
795 4464 1121 4519 ἀπέκτεινα
1184 4462 1281 4516 καὶ
1320 4462 1681 4515 νεανίσκον·
1716 4460 1802 4513 τὸν

1927 4457 2107 4511 Virum
2146 4457 2332 4521 occidi,
2375 4467 2422 4512 et
2453 4457 2941 4525 adolescentulum;
2966 4461 3144 4514 virum
3175 4461 3230 4515 in
3271 4462 3495 4525 vulnus,

211 4557 387 4628 ἄνδρα
417 4558 498 4620 είς
518 4556 759 4629 τραῦμα,
792 4557 887 4610 καὶ
915 4555 1198 4610 νεανίσκον
1236 4556 1318 4617 είς
1346 4552 1612 4625 μώλωπα.
1646 4550 1810 4604 Ἀλλο

212 4643 311 4700 οὖν
356 4646 599 4718 τραῦμα,
637 4648 731 4699 καὶ¹
783 4647 911 4702 ἄλλο
950 4644 1156 4717 μώλωψ
1181 4661 1195 4674 ·
1248 4645 1342 4697 καὶ
1369 4643 1497 4696 ἄλλο
1530 4640 1688 4711 ἀνὴρ,
1716 4639 1809 4692 καὶ

292 4804 339 4835 ’⁵
382 4803 515 4856 Dan.
557 4817 673 4867 xu,
711 4801 765 4854 2.
842 4799 887 4832 ¹⁶
925 4799 1063 4854 Gen.
1105 4814 1196 4861 IV,
1238 4797 1342 4861 9.5,
1381 4794 1473 4848 24.

291 4956 406 5033 (μ)
446 4954 950 5033 Καιάτιεινοιμιέςιναῳε
980 4951 1073 5033 Sic
1096 4967 1231 5033 mss.
1257 4965 1472 5033 summo
1503 4962 1807 5013 consensu,

217 5023 360 5086 satis
388 5023 575 5081 tamen
606 5023 895 5082 commode
936 5024 1138 5096 legitur
1190 5024 1248 5078 in
1297 5023 1460 5078 editis
1492 5035 1813 5092 κατατειρο-

223 5098 412 5239 ﬂag.)
445 5164 593 5219 Οὔτε
640 5163 842 5233 ἄρτον.
874 5161 1444 5239 _Editi__praemittunt
1489 5159 1606 5225 καί,
1661 5158 1809 5231 quod

214 5232 380 5296 deest
401 5237 457 5290 in
488 5232 687 5290 novem
721 5232 999 5290 veteribus
1039 5232 1216 5288 libris.

288 5305 756 5431 (ig-uramur.
791 5303 883 5359 Sic
914 5305 1220 5375 reperimus
1254 5302 1309 5357 in
1339 5308 1464 5357 octo
1495 5314 1628 5357 mss.
1659 5298 1806 5356 Editi

213 5380 921 5522 ἀνῗῖἒῗνξγπηρετεῒσραι.
950 5442 1103 5522 nari.
1133 5440 1603 5522 ὑπηρετήσασθαι.

293 5447 410 5586 (44)
452 5447 921 5513 Ὑπηρετεῒσθαι.
950 5447 1103 5523 nari.
1133 5447 1603 5522 ὑπηρετήσασθαι.

291 5518 389 5589 (45
447 5515 562 5589 Ἀπ’
583 5513 792 5589 αὐτῆς.
816 5512 1131 5589 Prapositto
1144 5516 1328 5568 addita
1354 5527 1420 5589 ex
1441 5525 1801 5589 _no_vem_rnss.

294 5581 411 5659 (46)
451 5581 891 5659 Εὐφρονσῦσιν.
923 5581 1001 5659 Ita
1034 5592 1148 5638 tres
1175 5582 1533 5659 vetustissimi
1564 5581 1804 5659 codices.

216 5650 785 5725 Ed‘zu'awepowom.
832 5653 1002 5709 Paulo
1041 5661 1165 5724 post
1208 5654 1339 5709 editi
1380 5653 1473 5706 καὶ
1503 5652 1638 5703 ἐστι.
1670 5650 1801 5707 Mss.

218 5735 284 5782 ut
312 5728 371 5782 in
401 5735 573 5782 textu.

1917 4557 1972 4602 et
2004 4548 2481 4603 adolescentulum
2513 4550 2567 4603 in
2595 4550 2843 4605 livorem.
2876 4551 3039 4605 Aliud
3077 4553 3243 4622 igitur
3269 4552 3495 4618 vulnus,

1915 4647 1969 4694 et
2002 4640 2151 4695 aliud
2187 4642 2326 4696 livor
2360 4661 2372 4694 :
2404 4656 2468 4696 ac
2498 4642 2647 4697 aliud
2689 4643 2792 4706 vir,
2841 4652 2895 4696 et
2923 4643 3071 4698 aliud
3116 4645 3498 4700 adolescentu-

1991 4948 2127 5021 (47)
2152 4948 2281 5021 Τῶν*
2296 4951 2699 5021 προαγόντων.
2744 4948 2929 5021 Coisl.
2966 4949 3243 5006 secundus
3271 4957 3326 5005 et
3357 4949 3495 5021 Reg.

1920 5019 2202 5090 secundus
2215 5018 2324 5090 τῶν
2342 5018 2707 5090 πραγμάτων,
2731 5029 2785 5073 et
2812 5020 2972 5089 paulo
3004 5021 3246 5090 ροειύπὸ
3273 5018 3495 5085 παντός.

1991 5089 2102 5160 (48)
2140 5089 2248 5143 Καὶ
2286 5088 2650 5160 ὀνειδισμόῃ
2673 5088 2762 5160 ita
2801 5088 3319 5160 tresivetustissimi
3347 5090 3501 5147 codi-

1915 5156 2159 5231 ces'itjum
2180 5166 2416 5231 quatuor
2433 5156 2577 5231 aliis.
2609 5156 2975 5231 Editi_xat‘tst;
2996 5159 3322 5231 ρνειδισμόν.
3374 5172 3399 5231 _'

1986 5229 2097 5300 (49)
2140 5227 2354 5300 Ἄνδρα
2383 5228 2723 5300 ἀπέκτεινα.
2758 5227 2819 5283 1η
2861 5227 3031 5286 Coisl.
3065 5227 3323 5300 utroque,
3354 5229 3497 5286 duo-

1913 5296 2016 5371 bus
2044 5299 2249 5369 Regiis,
2277 5296 2545 5371 Vaticano
2567 5306 2622 5353 et
2650 5296 2829 5371 Bigot.
2862 5300 3037 5371 altero
3062 5300 3143 5354 sic
3167 5296 3367 5371 legitur
3392 5301 3497 5356 hoc

1915 5368 2212 5440 scriptura
2245 5369 2618 5440 testimonium
2658 5369 2888 5440 ε’ᾼνδρα
2917 5368 3341 5440 ἀπέκτειναίκαὶ
3372 5387 3497 5424 νεα-

1913 5439 2114 5509 νίσκον.
2153 5440 2257 5492 Τὸν
2294 5438 2464 5509 ἄνδρα
2516 5440 2599 5501 είς
2627 5438 2882 5509 τραῦμα,
2916 5440 3033 5509 καὶ
3080 5439 3364 5493 νεανίσκον
3416 5443 3497 5504 εἰς

1916 5507 2162 5577 μώλωπά
2196 5525 2307 5580 μοι·
2329 5507 2507 5580 Virum
2534 5508 2703 5580 occidi
2721 5507 3283 5580 “adolescentulum,
3313 5508 3497 5564 Virum

1910 5582 1967 5631 in
1996 5580 2179 5633 vulnus
2198 5577 2259 5633 iet
2281 5579 2730 5633 adot'escentulum
2759 5580 2816 5632 in
2841 5580 3051 5633 livorem
3078 5580 3226 5632 mihi.
3244 5577 3496 5636 Consen-

1913 5651 2057 5702 tittnt
2089 5665 2213 5704 cum
2243 5649 2407 5705 editis
2438 5649 2746 5715 Medicinas,
2780 5648 3100 5706 Harlaaanus
3130 5657 3183 5705 et
3216 5649 3487 5708 Colberti-

1913 5734 2033 5774 nus.
