3856 6224
360 290 468 345 963

1712 287 1769 342 S.
1812 285 2056 342 BASlLll
2098 286 2313 341 MAGNI

3533 286 3638 345 95$

361 404 469 457 lus.
504 401 578 456 De
604 400 739 458 Cain
766 400 1088 457 vindicatum
1138 411 1215 457 est
1234 403 1443 470 septies,
1473 403 1539 457 de
1562 403 1787 458 Lameclt
1823 421 1943 458 rero

2070 402 2174 456 ἱλλο
2201 404 2504 467 νεανίσκος.
2545 403 2667 455 Ὅτι
2706 402 2773 455 ἐκ
2799 402 2947 457 Κάῖν
2972 401 3344 468 ἐκδεδίκηται
3365 400 3637 467 ἑπτάκις,

364 494 664 563 septuagies
690 494 901 563 septies.
944 492 1184 563 Equum
1219 500 1303 547 est
1346 499 1407 547 ut
1446 493 1846 564 quadringenta
1890 502 1946 548 et

367 587 668 657 nonaginta
712 587 937 640 subeam
978 585 1296 654 supplicia;
1334 586 1381 640 si
1420 586 1634 654 justum
1668 585 1762 642 Dei
1799 587 1948 656 judi-

365 679 510 731 cium
552 678 620 732 de
663 675 819 741 Cain,
853 684 913 730 ut
950 684 1156 745 septem
1207 676 1299 731 ille
1334 677 1684 746 persolveret
1729 692 1944 748 ptenas.

366 770 464 823 Ille
501 770 671 834 enim,
702 769 1162 839 quemadmodum
1191 768 1261 822 ab
1296 769 1405 822 alio
1434 784 1544 823 non
1572 767 1764 823 didicit
1801 769 1950 822 occi-

366 863 516 927 dere,
561 863 637 917 ita
684 878 792 916 non
824 861 961 916 vidit
994 876 1188 932 pmnas
1234 862 1562 916 subeuntem
1594 860 1947 915 homicidam.

369 956 485 1027 Ego
518 966 699 1011 autem
732 964 861 1010 ante
907 956 1101 1010 oculos
1141 954 1353 1009 habens
1386 970 1512 1009 eum
1547 954 1641 1024 qui
1678 952 1949 1023 gemebat,

370 1056 425 1102 et
453 1047 749 1107 tremebat.
776 1053 831 1102 et
852 1045 1287 1117 magnitudinem
1320 1046 1414 1100 ira:
1444 1043 1561 1109 Dei,
1594 1045 1813 1113 sapiens
1841 1058 1950 1097 non

371 1140 556 1195 factus
584 1156 703 1195 sum
736 1140 1009 1210 exemplo.
1035 1139 1194 1196 Unde
1230 1154 1448 1209 mquum
1475 1146 1560 1193 est
1603 1148 1663 1191 ut
1687 1138 1953 1205 quadrin-

371 1242 531 1301 genta
563 1240 617 1285 et
654 1231 950 1300 nonaginta
984 1230 1130 1283 luam
1179 1230 1467 1299 supplicia.
1501 1227 1738 1295 Quidam
1773 1238 1954 1283 autem

371 1324 429 1377 in
470 1323 740 1391 ejusmodi
781 1322 1108 1378 sententiam
1145 1322 1311 1375 delati
1359 1331 1509 1383 sunt,
1553 1337 1675 1392 qure
1710 1337 1819 1375 non
1855 1322 1955 1375 ah-

372 1416 560 1470 horret
592 1416 661 1470 ab
703 1414 1085 1470 ecclesiastico
1126 1414 1380 1485 dogmate
1432 1433 1445 1468 :
1497 1414 1712 1468 scilicet
1746 1428 1775 1466 a
1819 1412 1956 1467 Cain

372 1524 550 1577 usque
588 1508 654 1562 ad
689 1509 957 1562 diluvium
990 1516 1197 1576 septem
1228 1506 1613 1575 praeterierunt
1643 1506 1956 1576 generatio-

374 1616 496 1665 nes,
529 1608 583 1655 et
613 1600 886 1654 indictum
932 1608 1019 1655 est
1066 1599 1340 1653 universae
1388 1607 1551 1654 terrae
1599 1600 1953 1671 supplicium,

375 1706 441 1746 eo
474 1692 620 1761 quod
664 1692 772 1745 late
803 1689 1001 1745 diﬂusa
1031 1696 1180 1743 esset
1210 1688 1492 1758 iniquitas.
1522 1688 1811 1743 Peccatum
1858 1705 1959 1742 au-

2053 498 2121 550 ἐκ
2147 496 2215 549 δὲ
2249 496 2450 566 Λάμεχ
2503 494 3009 565 ἑϐδομηκοντάκις
3053 493 3222 548 ἑπτά.
3264 491 3640 563 Τετρακοσίας

2055 588 2149 640 καὶ
2173 587 2527 657 ἐννενήκοντα
2568 584 2841 656 τιμωρίας
2897 585 3155 655 ὑποσχεῖν
3217 585 3333 654 εἰμι
3389 582 3636 643 δίκαιος·

2055 676 2212 747 εἴπερ
2250 675 2435 729 δικαία
2462 677 2496 745 ἡ
2530 674 2625 728 τοῦ
2662 673 2797 727 Θεοῦ
2847 673 3030 743 κρίσις
3062 674 3155 726 ἐπὶ
3184 672 3263 742 τῷ
3302 672 3462 734 Κάῖν,
3490 672 3639 757 ῷστε

2054 765 2194 820 ἑπτὰ
2237 766 2398 819 αὑτὸν
2444 766 2747 835 παρασχεῖν
2793 763 2892 826 τὰς
2934 762 3206 825 κολάσεις.
3264 762 3323 814 ’0
3364 760 3462 831 μὲν
3503 759 3639 831 γὰρ,

2055 855 2245 929 ὥσπερ
2272 858 2374 910 οὐκ
2423 855 2590 926 ἔμαθε
2633 858 2764 928 παρ’
2799 854 2961 909 ἄλλον
3010 853 3278 922 φονεύειν,
3318 853 3491 915 οὕτως
3515 851 3643 904 οὑδὲ

2054 944 2165 1002 οἶδε
2194 947 2462 1020 τιμωρίαν
2496 948 2769 1017 ὑπέχοντα
2796 946 3057 1017 φονευτήν
3076 962 3090 976 ·
3128 945 3240 1014 ἐγὼ
3263 945 3340 1009 δέ,
3361 945 3417 996 ἐν
3439 943 3648 1012 ὀφθαλ-

2060 1045 2181 1113 μοῖς
2212 1041 2351 1112 ἔχων
2383 1041 2476 1094 τὸν
2505 1041 2780 1104 στένοντα,
2808 1039 2903 1093 καὶ
2932 1038 3226 1110 τρέμοντα,
3261 1038 3355 1089 καὶ
3389 1036 3448 1089 τὸ
3481 1036 3651 1106 μέγε-

2058 1132 2149 1196 θος
2172 1133 2275 1203 τῆς
2305 1132 2473 1204 ὀργῆς
2507 1131 2600 1185 τοῦ
2638 1129 2797 1194 Θεοῦ,
2829 1131 2930 1183 οὑκ
2959 1128 3367 1199 ἐσωφρονίσθην
3400 1125 3480 1197 τῷ
3507 1128 3651 1179 ὑπο-

2056 1225 2328 1296 δείγματι.
2356 1225 2519 1279 Ὅθεν
2546 1222 2696 1288 ἄξιός
2724 1225 2839 1295 εἰμι
2873 1222 3236 1293 τετρακοσίας
3286 1222 3381 1275 καὶ
3422 1220 3649 1290 ἐννενήο

2058 1334 2224 1371 κοντα
2276 1316 2456 1371 δοῦναι
2495 1316 2764 1379 κολάσεις.
2829 1315 3002 1367 Ἔνιοι
3060 1314 3118 1367 δέ
3164 1331 3308 1377 τινες
3349 1313 3459 1384 (50)
3507 1312 3653 1386 πρὸς

2056 1409 2296 1463 τοιοῦτον
2317 1410 2584 1481 ὥρμησαν
2612 1409 2791 1478 λόγον,
2814 1409 2915 1462 οὑκ
2942 1407 3217 1478 ἀπᾴδοντα
3240 1404 3334 1458 τοῦ
3355 1403 3655 1475 ἐκκλησια-

2061 1502 2247 1556 στικοῦ
2277 1503 2544 1574 δόγματος
2570 1519 2585 1533 ·
2624 1504 2705 1555 ὅτι
2759 1501 2868 1555 ἀπὸ
2912 1500 3007 1553 τοῦ
3040 1500 3180 1554 Κάῖν
3215 1498 3319 1560 ἓως
3348 1496 3443 1549 τοῦ
3477 1514 3653 1550 κατα-

2062 1596 2311 1666 κλυσμοῦ
2337 1596 2478 1649 ἑπτὰ
2501 1596 2910 1668 παρεληλύθασι
2934 1594 3138 1663 γενεαὶ,
3162 1592 3256 1645 καὶ
3294 1589 3505 1661 ἐπήχθη
3530 1590 3651 1659 (5|)

2062 1691 2209 1762 πάσῃ
2242 1694 2309 1761 τῇ
2334 1694 2402 1762 γῇ
2420 1694 2453 1762 ἡ
2481 1692 2739 1763 τιμωρία,
2774 1690 2862 1743 διὰ
2884 1689 2946 1742 τὸ
2975 1688 3177 1758 πολλὴν
3210 1685 3464 1754 γενέσθαι
3490 1684 3654 1754 χύσιν

375 1792 482 1837 tem
523 1781 780 1837 Lameehi
839 1797 952 1836 non
988 1781 1194 1852 indiget
1238 1782 1445 1837 diluvio
1499 1781 1566 1834 ad
1626 1782 1954 1847 curandum,

2070 1783 2159 1855 τῆς
2193 1785 2490 1854 ἁμαρτίας.
2524 1784 2599 1836 Τὸ
2631 1784 2687 1837 δὲ
2731 1783 3036 1855 ἁμάρτημα
3063 1780 3158 1834 τοῦ
3183 1780 3377 1851 Λάμεχ
3396 1778 3457 1831 ού
3479 1795 3656 1831 κατα-

377 1870 474 1926 sed
501 1871 621 1941 ipso
652 1872 747 1926 illo
781 1872 875 1942 qui
905 1872 1046 1927 tollit
1073 1879 1359 1942 peccatum
1388 1871 1577 1926 mundi
1611 1873 1677 1928 ".
1718 1870 1958 1926 Enume-

375 1977 438 2017 ra
487 1961 656 2033 igitur
691 1962 781 2027 _ab
841 1962 1012 2015 Adam
1063 1976 1241 2031 usque
1293 1961 1359 2015 ad
1408 1961 1703 2015 adventum
1750 1960 1957 2016 Christi

374 2054 757 2125 generationes
782 2071 798 2121 ;
822 2064 876 2108 et
904 2054 1149 2109 invenies
1182 2052 1487 2109 secundum
1516 2053 1678 2109 Lueze
1705 2056 1959 2125 genealo-

376 2145 521 2215 giam
583 2144 638 2199 in
710 2145 1115 2216 septuagesima
1186 2153 1241 2199 et
1313 2146 1544 2215 septima
1606 2147 1960 2215 generatione

376 2245 569 2290 natum
627 2252 751 2291 esse
806 2234 1120 2289 Dominum.
1173 2236 1352 2305 Atque
1406 2236 1523 2291 hinc
1582 2236 1802 2307 quidem
1859 2252 1959 2307 pro

377 2328 590 2383 viribus
637 2328 963 2397 investigata
1012 2335 1177 2393 sunt,
1217 2328 1428 2393 multis,
1468 2344 1590 2399 qua:
1640 2328 1959 2397 investigari

376 2431 653 2493 poterant,
691 2422 1101 2492 prmtermissis,
1134 2439 1203 2477 ne
1251 2423 1398 2476 ultra
1447 2423 1694 2492 epistolae
1735 2422 1960 2476 modum

378 2531 692 2571 sermonem
730 2515 1144 2585 producamus;
1189 2515 1471 2570 sulliciunt
1502 2524 1682 2570 autem
1718 2516 1959 2584 pruden-

378 2611 468 2664 tia:
502 2618 611 2662 tua:
651 2608 736 2663 vel
780 2608 975 2678 exigua
1014 2608 1248 2662 semina.
1303 2607 1389 2661 Da
1433 2609 1594 2671 enim,
1639 2608 1836 2677 inquit,
1872 2625 1963 2661 sa-

375 2702 539 2769 pienti
574 2700 922 2764 occasionem,
947 2708 997 2753 et
1013 2702 1305 2768 sapientior
1326 2701 1422 2753 erit
1441 2702 1502 2766 ¹⁸;
1534 2708 1586 2754 et
1613 2718 1625 2751 :
1658 2699 1964 2754 Sermonem

378 2791 647 2859 accipiens
693 2789 926 2858 sapiens,
969 2788 1216 2842 laudabit
1263 2782 1439 2853 illum,
1470 2798 1519 2842 et
1551 2788 1765 2858 adjiciet
1806 2804 1964 2856 super

376 2881 532 2936 illum
571 2883 636 2935 ²⁹.

450 3061 505 3116 6.
549 3058 826 3114 Simeonis
870 3065 1055 3113 autem
1108 3057 1175 3112 ad
1217 3057 1442 3112 Mariam
1493 3058 1660 3113 verba
1694 3058 1830 3113 nihil
1858 3059 1962 3113 ha-

2059 1875 2303 1947 κλυσμοῦ
2362 1877 2533 1930 δεῖται
2569 1876 2704 1946 πρὸς
2744 1874 3062 1946 θεραπείαν,
3097 1873 3212 1926 ἀλλ’
3244 1870 3408 1925 αὑτοῦ
3447 1868 3539 1922 τοῦ
3564 1869 3655 1922 αἴ·-

2062 1984 2245 2041 ροντος
2264 1967 2362 2038 τὴν
2394 1966 2667 2038 ἁμαρτίαν
2695 1966 2789 2019 τοῦ
2821 1966 3050 2036 κόσμου.
3098 1961 3432 2033 Ἀρίθμησον
3468 1960 3657 2013 τοίνυν

2059 2059 2168 2112 ἀπὸ
2208 2059 2381 2130 Ἀδὰμ
2434 2059 2596 2131 μέχρι
2636 2059 2737 2131 τῆς
2800 2056 3104 2130 παρουσίας
3151 2055 3247 2109 τοῦ
3280 2052 3519 2125 Χριστοῦ
3550 2052 3657 2114 τὰς

2059 2152 2275 2220 γενεὰς,
2299 2154 2394 2203 καὶ
2426 2152 2699 2223 εὑρήσεις,
2743 2150 2887 2204 κατὰ
2924 2150 3023 2221 τὴν
3056 2146 3151 2202 τοῦ
3183 2148 3369 2201 Λούκᾶ
3399 2144 3658 2214 γενεαλο-

2060 2242 2206 2310 γίαν,
2240 2244 2307 2312 τῇ
2362 2240 2737 2312 ἑϐδομηκοστῇ
2769 2241 2866 2295 καὶ
2895 2240 3098 2311 ἐϐδόμῃ
3128 2238 3345 2309 διαδοχῇ
3390 2254 3657 2307 γεγεννη-

2065 2332 2225 2403 μένον
2273 2331 2386 2402 (52)
2434 2332 2524 2384 τὸν
2554 2330 2783 2402 Κύριον.
2815 2331 3003 2385 Ταῦτα
3035 2332 3132 2403 μὲν
3169 2325 3260 2383 οῦν
3307 2330 3389 2393 είς
3421 2329 3661 2398 δύναμιν

2062 2420 2354 2494 ἐξητάσθη,
2401 2422 2612 2475 πολλῶν
2666 2422 2777 2476 τῶν
2826 2423 3054 2476 ἐνόντων
3089 2421 3443 2492 ἐξετασθῆναι
3508 2438 3660 2492 παρ-

2063 2513 2315 2577 εθέντων,
2363 2512 2449 2564 ἵνα
2477 2513 2552 2583 μὴ
2598 2512 2703 2579 ἔξω
2748 2512 2843 2565 τοῦ
2877 2512 3079 2584 μέτρου
3108 2513 3207 2583 τῆς
3243 2511 3536 2581 ἐπιστολῆς
3562 2512 3661 2563 τὸν

2062 2604 2218 2671 λόγον
2252 2607 2659 2676 προαγάγωμεν
2681 2623 2693 2635 ·
2732 2607 2895 2677 ἀρκεῖ
2918 2606 2975 2659 δὲ
3002 2609 3066 2677 τῇ
3096 2605 3309 2657 συνέσει
3345 2622 3437 2658 σου
3470 2606 3565 2657 καὶ
3593 2606 3661 2657 τὰ

2068 2696 2271 2767 βραχέα
2305 2698 2620 2769 σπέρματα.
2650 2699 2825 2752 Δίδου
2844 2699 2971 2769 γὰρ,
3000 2699 3152 2769 φησὶ,
3170 2696 3250 2763 τῷ
3272 2696 3442 2767 σοφῷ
3471 2698 3659 2765 ἀφορ-

2059 2790 2206 2859 μὴν,
2249 2791 2348 2843 καὶ
2381 2790 2721 2860 σοφώτερος
2763 2792 2971 2845 ἔσται·
3021 2791 3136 2851 καὶ,
3170 2793 3369 2861 Λόγον
3402 2789 3665 2858 δεξάμε-

2064 2898 2169 2945 νος
2204 2880 2417 2950 σοφὸς,
2463 2881 2693 2935 αἰνέσει
2729 2880 2939 2943 αὐτὸν,
2985 2880 3084 2934 καὶ
3116 2880 3211 2934 ἐπ’
3244 2880 3433 2933 (ιε-τὼ·
3471 2896 3667 2947 πρεσ-

2066 2971 2259 3038 θήσει.

2137 3063 2190 3117 6.
2220 3063 2301 3117 Τὰ
2337 3064 2395 3118 δὲ
2442 3064 2535 3117 τοῦ
2590 3064 2815 3135 Συμεὼν
2878 3067 3103 3137 ῥήματα
3140 3066 3277 3135 πρὸς
3310 3066 3408 3136 τὴν
3436 3066 3665 3136 Μαρίαν

376 3153 511 3208 bent
539 3152 685 3222 quod
728 3157 821 3204 aut
853 3151 1069 3203 varium
1118 3150 1215 3215 sit,
1269 3158 1363 3205 aut
1407 3151 1760 3220 profundum.
1793 3150 1962 3205 Bene-

2070 3156 2217 3209 οὑδέν
2242 3156 2352 3225 ἕχει
2371 3156 2767 3221 ποικίλον,ούδὲ
2783 3158 2918 3227 βαθύ
2964 3160 3281 3228 Εὺλίτγησε
3302 3158 3411 3230 γὰρ
3437 3159 3665 3225 αὐτοὺς

378 3238 515 3292 dixit
546 3238 690 3293 enim
715 3238 825 3291 illis
867 3236 1104 3301 Simeon,
1136 3248 1184 3292 et
1213 3238 1350 3292 dixit
1374 3239 1442 3292 ad
1474 3238 1709 3292 Mariam
1740 3251 1965 3295 matrem

377 3333 493 3403 ejus
523 3348 541 3386 :
575 3330 713 3385 Ecce
738 3332 824 3384 hic
857 3331 1063 3398 positus
1098 3340 1176 3384 est
1208 3332 1263 3383 in
1298 3332 1509 3383 ruinam
1536 3341 1584 3384 et
1617 3335 1966 3386 resurrectio-

379 3438 496 3476 nem
527 3422 820 3475 multorum
859 3422 913 3474 in
947 3419 1146 3484 Israel,
1177 3428 1227 3473 et
1270 3421 1325 3474 in
1363 3422 1590 3491 signant,
1630 3423 1715 3474 cui
1750 3432 1966 3476 contra-

378 3514 601 3568 dicetur.
654 3512 825 3566 Tuam
877 3522 1052 3566 autem
1095 3512 1262 3581 ipsius
1324 3513 1558 3565 animam
1616 3513 1963 3581 perlransibit

377 3604 608 3675 gladius,
660 3614 719 3657 ut
767 3604 1063 3657 revelentur
1101 3619 1167 3656 ea:
1216 3603 1401 3657 multis
1454 3602 1704 3657 cordibus
1761 3605 1966 3675 cogita-

381 3699 547 3752 tiones
580 3699 647 3750 ’°.
692 3697 750 3752 ln
785 3697 990 3768 quibus
1014 3696 1160 3767 illud
1204 3698 1442 3751 miratus
1472 3713 1618 3761 sum,
1662 3697 1961 3767 quomodo,

378 3790 747 3862 praecedentia
792 3800 851 3845 ut
884 3792 1035 3845 clara
1085 3795 1534 3862 prietermittens,
1594 3790 1662 3846 de
1705 3792 1810 3846 hoc
1854 3807 1965 3845 uno

379 3885 667 3954 quaesieris
710 3901 723 3936 :
772 3884 942 3939 Tuam
985 3893 1161 3937 autem
1205 3884 1373 3951 ipsius
1407 3884 1643 3936 animam
1697 3891 1968 3952 pertrans-

378 3976 476 4029 ibit
518 3974 749 4045 gladius.
801 3975 879 4029 Ac
928 3976 1061 4029 mihi
1114 3975 1334 4044 quidem
1373 3990 1482 4027 non
1525 3974 1706 4027 minus
1749 3974 1968 4029 videtur

378 4068 616 4131 dillicile,
647 4067 927 4136 quomodo
959 4066 1102 4121 idem
1130 4067 1184 4119 in
1218 4066 1435 4120 ruinam
1472 4066 1685 4134 positus
1717 4066 1788 4120 sit
1822 4073 1876 4121 et
1908 4066 1966 4120 in

380 4160 869 4221 resurrectionem,
907 4166 960 4213 et
989 4158 1120 4228 quid
1142 4158 1215 4213 sit
1244 4155 1460 4229 signum
1492 4157 1582 4210 cui
1616 4158 1967 4213 contradice-

379 4259 491 4317 tur,
521 4267 684 4321 quam
727 4252 861 4305 illud
902 4251 1149 4317 tertium,
1186 4250 1461 4321 quomodo
1493 4250 1679 4305 Maria:
1725 4251 1965 4305 animam

380 4344 741 4415 pertransibit
773 4344 1009 4414 gladius.

451 4437 506 4495 7.
540 4437 806 4493 Existimo
840 4438 1006 4509 igitur
1047 4438 1100 4492 in
1146 4437 1364 4491 ruinam
1404 4443 1457 4492 et
1497 4437 1960 4493 resurrectionem
1996 4474 2040 4529 D

378 4547 505 4587 esse
534 4530 850 4594 Dominum,
884 4546 993 4584 non
1030 4530 1176 4600 quod
1210 4531 1303 4583 alii
1336 4529 1555 4594 cadant,
1588 4528 1753 4601 5.00
1782 4539 1838 4586 et
1868 4531 1963 4585 alii

380 4629 697 4694 resurgant,
737 4622 833 4678 sed
864 4622 1007 4691 quod
1039 4622 1229 4675 vitium
1264 4622 1318 4674 in
1356 4622 1517 4676 nobis
1560 4623 1741 4688 cadat,
1766 4631 1819 4677 et
1851 4624 1965 4677 vir-

380 4723 471 4770 tus
511 4722 784 4786 resurgat.
821 4714 1058 4769 Eversor
1097 4720 1183 4769 est
1217 4715 1365 4767 enim
1404 4730 1797 4784 corporearum
1844 4717 1963 4770 libi-

378 4808 570 4862 dinum
613 4806 829 4861 Domini
858 4806 1151 4868 adventus,
1199 4814 1253 4860 et
1288 4807 1558 4860 excitator
1599 4809 1795 4863 animae
1834 4825 1964 4879 pro-

378 4899 692 4971 prietatum.
722 4898 881 4953 Velut
918 4913 1041 4952 cum
1083 4899 1159 4952 ait
1196 4896 1399 4951 Paulus
1429 4915 1444 4952 :
1477 4898 1609 4952 Cum
1638 4901 1773 4954 enim
1807 4902 1964 4971 inﬁr-

381 5008 518 5056 mor,
553 5001 676 5045 tunc
706 5000 887 5061 potens
915 5008 1033 5045 sum
1059 4991 1100 5021 ³⁸
1125 5007 1139 5057 ;
1171 4990 1315 5045 idem
1347 4989 1657 5046 inﬁrmatur
1690 5001 1744 5047 et
1772 5002 1966 5063 potens

452 5149 495 5182 ιτ
534 5148 695 5204 Joan.
737 5165 775 5213 ι,
800 5148 890 5205 ‘29.
970 5151 1012 5181 ¹⁸
1050 5149 1214 5205 Prov.
1259 5165 1337 5210 ιχ,
1379 5148 1433 5204 9.
1511 5149 1553 5181 ⁸³
1596 5147 1763 5203 Eccli.
1804 5165 1918 5214 χιιι,
1962 5149 2051 5205 18.

452 5264 563 5332 (50)
613 5266 796 5317 Ἔνιοι
849 5265 916 5318 δέ
970 5282 1147 5330 τινες.
1193 5263 1474 5318 Postrema
1526 5277 1630 5315 vox
1679 5260 1862 5316 addita
1894 5278 1962 5317 ex

379 5336 555 5391 tribus
584 5336 974 5389 vetustissimis
1007 5335 1315 5390 codicibus.

455 5405 567 5477 (51)
604 5405 715 5458 Kal
748 5405 1003 5477 ἐπήχθη.
1048 5405 1139 5477 Sic
1180 5406 1339 5477 iidem
1381 5411 1494 5456 tres
1522 5417 1658 5457 mss.
1690 5402 1831 5456 Editi
1866 5402 1963 5457 καὶ

380 5474 584 5547 εὐθέως
617 5476 825 5547 ἐπήχθη
850 5494 862 5506 ·
898 5486 947 5547 et
977 5476 1159 5529 statim
1187 5475 1450 5547 inﬂictum
1478 5482 1577 5534 est,
1603 5481 1711 5526 etc.

454 5546 563 5615 (5‘).)
603 5542 1071 5615 Γεγέὲννημένον.
1116 5548 1192 5600 lta
1227 5542 1475 5615 plerique
1524 5558 1660 5598 mss.
1714 5542 1955 5599 codices.

381 5614 525 5671 Editi
575 5616 953 5686 γεγενημένον.

454 5686 563 5756 (55)
609 5689 717 5738 ’Ἑν
747 5683 941 5737 τοῦτο.
978 5683 1070 5739 Sic
1103 5701 1203 5755 ope
1246 5703 1379 5744 mss.
1427 5684 1678 5740 codicum
1704 5683 1934 5738 emenda

2068 3246 2333 3316 Συμεὼν,
2357 3248 2453 3301 καὶ
2471 3244 2602 3302 εἷπε
2629 3249 2781 3317 πρὸς
2806 3251 3040 3317 Μαρίαν
3060 3250 3176 3318 τὴν
3195 3251 3426 3319 μητέρα
3444 3252 3664 3305 αὑτοῦ·

2080 3339 2225 3393 Ἰδοὺ
2274 3335 2453 3405 οὗτος
2494 3340 2682 3394 κεῖται
2737 3344 2825 3405 εἰς
2867 3339 3101 3395 πτῶσιν
3154 3342 3253 3395 καὶ
3314 3341 3666 3397 ἀνάστασιν

2067 3432 2317 3487 πολλῶν
2354 3433 2424 3486 ἐν
2462 3432 2544 3499 τῷ
2584 3433 2852 3500 Ἰσραὴλ,
2892 3434 2991 3488 καὶ
3033 3437 3118 3501 εἰς
3157 3436 3414 3504 σημεῖον
3438 3437 3665 3491 ἀντιλε-

2067 3527 2344 3594 γόμενον.
2411 3527 2521 3581 Καὶ
2570 3526 2688 3581 σοῦ
2736 3526 2805 3580 δὲ
2834 3526 3025 3596 αὐτῆς
3046 3527 3162 3597 τὴν
3196 3530 3413 3598 ψυχὴν
3434 3529 3663 3585 διελεύ-

2065 3632 2233 3670 σεται
2252 3619 2539 3687 ῥομεραία·
2574 3619 2735 3685 ὅπως
2765 3618 2844 3672 ἂν
2862 3620 3379 3690 ἀποκαλυφθῶσιν
3413 3622 3483 3675 ἐκ
3520 3627 3663 3675 πολο

2064 3707 2193 3761 λῶν
2209 3707 2466 3776 καρδιῶν
2489 3709 2890 3779 διαλογισμοί.
2928 3709 3018 3763 Ἐν
3039 3706 3121 3774 οἷς
3148 3713 3322 3765 ἐκεῖνο
3347 3710 3662 3782 ἐθαύμασα,

2068 3798 2291 3863 πῶς,τὰ
2317 3800 2628 3872 προάγοντα
2648 3803 2724 3865 ὡς
2759 3804 2906 3873 σαφῆ
2939 3802 3249 3874 παρελθὼν,
3280 3804 3338 3858 ἓν
3364 3803 3525 3857 τοῦτο
3547 3805 3663 3878 (55)

2068 3891 2431 3963 ἐπεζήτησας,
2463 3892 2545 3956 τὸ,
2568 3894 2677 3947 Καὶ
2707 3892 2824 3947 σοῦ
2843 3894 2913 3946 δὲ
2943 3894 3135 3963 αὐτῆς
3170 3895 3286 3963 τὴν
3336 3895 3555 3965 ψυχὴν
3577 3896 3665 3950 δι-

2066 3985 2383 4037 ελεύσεται
2407 3985 2700 4053 ῥομφαία.
2737 3984 2923 4038 Καίτοι
2951 3987 3075 4057 ἐμοὶ
3093 3988 3193 4056 οὑχ
3217 3981 3379 4057 ἧττον
3408 3987 3665 4056 φαίνεται

2067 4072 2293 4144 ἄπορον,
2322 4072 2441 4136 πῶς
2468 4074 2497 4125 ὁ
2530 4074 2693 4137 αὑτὸς
2743 4076 2824 4137 είς
2849 4075 3056 4128 πτῶσιν
3081 4079 3259 4129 κεῖται
3294 4075 3390 4128 καὶ
3425 4075 3667 4130 ἀνάστα-

2070 4182 2185 4218 σιν·
2234 4167 2328 4219 καὶ
2361 4166 2413 4219 τί
2445 4165 2506 4219 τὸ
2532 4169 2756 4236 σημεῖον
2808 4166 2871 4219 τὸ
2900 4167 3347 4239 ἀντιλεγόμενον·
3399 4170 3498 4221 καὶ
3542 4170 3670 4239 τρί-

2066 4275 2157 4311 τον
2211 4258 2346 4328 (54),
2398 4256 2515 4322 πῶς
2563 4259 2662 4330 τῆς
2704 4260 2923 4331 Μαρίας
2958 4260 3057 4332 τὴν
3103 4260 3283 4331 ψυχὴν
3320 4261 3670 4318 διελεύσεται

2071 4351 2336 4420 ῥομφαία.

2142 4441 2192 4495 7.
2231 4440 2500 4509 Ἡγοῦμαι
2524 4438 2703 4494 τοίνυν
2726 4458 2806 4505 ε.ς
2834 4458 3046 4495 πτωσιν
3073 4459 3169 4495 και
3194 4459 3494 4497 αναστασιν
3521 4462 3669 4499 ειναι

2067 4533 2159 4585 τὸν
2191 4532 2418 4603 Κύριον,
2466 4533 2567 4585 οὑκ
2605 4532 2781 4585 ἄλλων
2827 4534 3160 4599 πιπτόντων,
3193 4536 3288 4587 καὶ¹
3339 4534 3522 4588 ἄλλων
3567 4539 3671 4589 ἀν-

2073 4627 2395 4697 ισταμένων,
2420 4625 2559 4679 ἀλλὰ
2586 4626 2680 4680 τοῦ
2703 4629 2762 4680 ἐν
2779 4629 2909 4697 ἡμῖν
2929 4627 3172 4698 χείρονος
3199 4628 3666 4693 καταπίπτοντος,

2069 4718 2284 4772 καὶτοῦ
2336 4717 2610 4789 βελτίονος
2653 4719 3087 4790 διανισταμένου.
3136 4720 3513 4792 Καθαιρετικὴ
3563 4722 3669 4792 μὲν

2070 4811 2180 4882 γὰρ
2201 4811 2310 4863 τῶν
2334 4809 2662 4881 σωματικῶν
2696 4810 2884 4865 παθῶν
2909 4813 3057 4864 ἐστιν
3093 4812 3127 4882 ἡ
3165 4812 3261 4865 τοῦ
3291 4814 3501 4884 Κυρίου
3536 4815 3669 4868 ἐπι-

2072 4903 2289 4973 φάνεια,
2340 4904 2652 4975 διεγερτικὴ
2715 4905 2772 4958 δὲ
2799 4906 2907 4958 τῶν
2958 4905 3062 4974 τῆς
3097 4905 3276 4976 ψυχῆς
3327 4905 3666 4976 ἰδιωμάτων.

2086 4995 2176 5059 Ὠς
2240 4996 2367 5052 ὅταν
2414 4996 2547 5070 λέγῃ
2591 4997 2803 5063 Παῦλος
2844 4997 2955 5070 (55)
2981 5013 2995 5027 '
3024 4998 3213 5052 ’Ὅταν
3237 4997 3499 5063 ἀσθενῶ,
3529 5002 3670 5054 τότε

2139 5151 2186 5183 ¹⁰
2223 5150 2358 5207 Luc.
2400 5168 2477 5220 ιι,
2527 5153 2627 5221 54,
2669 5154 2759 5210 ‘55.
2837 5154 2881 5186 ’ί
2922 5153 2965 5208 ll
3002 5153 3130 5210 Cor.
3186 5144 3440 5222 ιιι,’10.

2070 5265 2249 5341 vimqu
2278 5266 2425 5341 quod
2450 5282 2616 5341 prave
2641 5265 3284 5341 in_editis_legebaturgév
3314 5269 3514 5341 τούτῳ.

2143 5332 2253 5411 (Si!)
2292 5332 2411 5411 Καί
2449 5332 2669 5411 τρίτον.
2706 5332 3015 5411 Legendum
3060 5339 3330 5411 ila-piro»),
3379 5332 3477 5395 aut
3507 5343 3667 5400 nulla

2068 5407 2267 5475 poterit
2296 5406 2415 5461 erui
2445 5423 2511 5461 ex
2550 5407 2636 5460 his
2681 5406 2865 5463 verbis
2898 5406 3187 5463 sententia.

2142 5475 2446 5550 (55)__Aé_m
2481 5478 3078 5550 ﬂaﬁloctltaiCoisl.
3124 5488 3376 5550 uterque,
3428 5480 3575 5538 Med.
3606 5493 3665 5539 et

2069 5553 2181 5599 tres
2209 5548 2323 5600 alii.
2360 5547 2497 5601 Editi
2529 5548 2675 5615 λέγει
2699 5550 2728 5599 ὀ
2755 5548 2984 5609 Παῦλος.
3013 5549 3128 5603 Non
3155 5547 3334 5604 tamen
3375 5552 3531 5608 deest
3565 5570 3663 5607 ar-

2070 5617 2274 5672 ticulus
2299 5619 2353 5672 in
2379 5618 2633 5673 Medicam
2668 5618 2877 5684 codice,
2923 5619 3017 5673 sed
3053 5620 3205 5675 deest
3236 5621 3293 5674 in
3338 5620 3657 5679 Harlzeano.
