3856 6224
205 287 312 344 965

1039 280 1539 340 EPISTOLARUM
1579 281 1873 361 CLASSIS
1909 285 1975 340 ll.
2017 283 2239 340 EPIST.
2280 283 2481 340 CCLX.

3362 280 3468 337 966

205 395 460 462 δυνατός
481 395 596 466 είμι
614 411 628 425 ·
663 394 693 448 ὁ
723 391 886 455 αὐτὸς
917 392 1012 447 καὶ
1037 393 1257 447 ἀσθενεῖ
1278 395 1373 448 καὶ
1395 393 1640 462 δύναται,
1674 394 1773 450 ἀλλ

1895 406 2000 463 est,
2037 398 2133 454 sed
2174 398 2483 452 inﬁrmatur
2520 396 2742 467 quidem
2794 410 2980 458 carne.
3020 402 3215 467 potens
3247 401 3335 452 est
3372 412 3472 449 au-

205 489 421 542 ἀσθενεῖ
448 488 547 559 μὲν
582 490 651 559 τῇ
683 474 869 557 σαρκὶ,
895 485 1118 551 δυνατὸς
1150 487 1208 539 δέ
1237 489 1354 540 ἐστι
1381 487 1460 558 τῷ
1487 487 1782 559 πνεύματι.

204 578 360 634 Οὕτω
417 580 514 633 καὶ
560 580 588 632 ὁ
626 576 827 648 Κύριος
875 577 998 648 οὐχὶ
1033 580 1149 640 τοῖς
1186 578 1284 649 μὲν
1309 575 1403 630 τοῦ
1439 579 1659 633 πίπτειν
1687 578 1788 643 τὰς

202 673 459 743 ἀφορμὰς
509 652 762 741 παρέχει,
814 671 926 733 τοῖς
971 668 1028 721 δὲ
1066 668 1160 723 τοῦ
1205 668 1544 723 ἀνίστασθαι.
1581 671 1644 724 Οί
1677 670 1787 742 γὰρ

203 765 496 826 πίπτοντες
540 761 647 814 ἀπὸ
678 760 780 830 τῆς
812 759 1076 823 στάσεως,
1104 762 1163 813 ὲν
1266 778 1400 814 ποτε
1434 756 1595 833 ἦσαν,
1618 779 1788 815 κατα-

201 853 482 907 πίπτουσι.
510 851 679 923 Δῆλον
723 850 780 904 δὲ
813 850 896 904 ὃτι
942 850 1200 904 οὐδέποτε
1234 852 1425 922 στήκει
1451 851 1564 924 (56)
1603 848 1785 906 δ’ἄπι-

202 962 350 1008 στος,
381 944 470 999 ἀεὶ
498 943 674 1014 χαμαὶ
706 941 1023 1013 συρόμενος,
1057 941 1194 1013 μετά
1215 941 1311 996 τοῦ
1363 941 1560 1012 ὄφεως,
1595 936 1640 1011 ᾧ
1664 961 1788 996 συν-

200 1035 415 1091 έπεται.
450 1036 564 1089 Οὐκ
608 1033 721 1104 ἔχει
761 1028 855 1086 οῦν
894 1032 1017 1086 ὅθεν
1039 1033 1203 1105 πέσῃ,
1230 1034 1321 1087 διὰ
1347 1034 1408 1087 τὸ
1442 1036 1785 1107 προκαταϐε·

200 1127 434 1197 ϐλῆσθαι
477 1129 544 1197 τῇ
595 1125 845 1196 ἀπιστίᾳ.
895 1125 1059 1178 Ὥστε
1120 1124 1310 1199 πριὶιτη
1369 1127 1658 1198 εὐεργεσία
1696 1128 1787 1183 τὸν

201 1220 470 1290 στήκοντα
522 1220 586 1287 τῇ
635 1215 879 1288 ἁμαρτία
925 1219 1115 1269 πεσεῖν
1173 1217 1270 1270 καὶ
1314 1216 1627 1282 ἀποθανεῖν,
1670 1214 1787 1273 εἶτα

199 1308 367 1378 ζῆσαι
401 1309 513 1380 (57)
547 1310 611 1379 τῇ
651 1306 966 1378 δικαιοσύνῃ
1023 1307 1118 1361 καὶ
1168 1309 1489 1380 ἀναστῆναι,
1551 1311 1652 1381 τῆς
1706 1312 1787 1375 εἰς

195 1401 436 1472 Χριστὸν
483 1401 720 1464 πίστεως
776 1398 887 1471 (58)
930 1400 1190 1471 ἑκάτερον
1240 1403 1370 1473 ἡμῖν
1400 1402 1783 1475 χαριζομένης.

195 1493 454 1546 Πιπτέτω
493 1491 562 1546 τὰ
619 1491 859 1563 χείρονα,
889 1490 977 1544 ἵνα
1030 1491 1169 1565 λάϐῃ
1204 1493 1394 1562 καιρὸν
1441 1494 1510 1548 τὰ
1544 1494 1785 1564 βελτίονα

197 1585 339 1657 πρὸς
397 1585 494 1656 τὴν
550 1584 868 1638 ἀνάστασιν.
924 1582 1050 1637 Ἐἀν
1111 1583 1184 1655 μὴ
1214 1584 1418 1656 πέσῃή
1464 1587 1779 1657 πορνεία,ή

198 1677 524 1749 σωφροσύνη
564 1678 665 1730 οὐκ
713 1677 1020 1729 ἀνίσταται.
1068 1675 1194 1729 Ἐἀν
1245 1677 1387 1748 μὴή
1421 1676 1612 1745 ἀλογία
1661 1695 1781 1731 συν-

192 1771 383 1843 τριϐῇ,
442 1770 504 1823 τὸ
558 1768 865 1839 λογιστικὸν
927 1771 986 1822 ὲν
1040 1770 1172 1840 ἡμῖν
1221 1768 1333 1837 (59)
1389 1770 1488 1821 οὐκ
1538 1769 1782 1838 ἀνθήσει.

192 1861 386 1925 Οὕτως
431 1857 524 1915 οῦν
553 1863 632 1925 είς
676 1861 883 1915 πτῶσιν
914 1860 1009 1914 καὶ
1063 1860 1356 1914 ἀνάστασιν
1398 1858 1610 1913 πολλῶν
1641 1858 1775 1929 (60).

268 1954 324 2007 8.
356 1956 461 2020 Εὶς
489 1953 545 2007 δὲ
575 1953 828 2022 σημεῖον
878 1951 1362 2022 ἀντιλεγόμενον.
1397 1951 1619 2021 Κυρίως
1675 1964 1780 2019 ση-

188 2045 366 2116 μεῖον
416 2044 664 2115 ἔγνωμεν
724 2043 878 2115 παρά
920 2045 988 2115 τῇ
1026 2042 1217 2113 Γραφῇ
1248 2041 1339 2094 τὸν
1370 2040 1603 2112 σταυρὸν
1628 2042 1778 2111 εἰρη-

196 2137 381 2208 μένον.
434 2137 656 2203 Ἔθηκε
715 2136 846 2208 γὰρ,
880 2134 1033 2205 φησι,
1092 2132 1314 2200 Μωσῆς
1347 2133 1455 2187 τὸν
1510 2133 1648 2201 ὅφιν
1676 2133 1775 2185 ἐπὶ

189 2229 451 2297 σημείου
475 2244 489 2257 ⁸
543 2226 839 2291 τουτέστιν,
875 2226 967 2279 ἐπὶ
1016 2223 1273 2295 σταυροῦ.
1311 2225 1382 2277 ’Ἡ
1413 2224 1634 2295 σημεῖόν
1659 2227 1776 2278 ἐστι

186 2319 254 2373 τὸ
279 2317 587 2390 παραδόξου
609 2316 755 2380 τινὸς
782 2316 877 2370 καὶ
908 2314 1148 2386 ἀφανοῦς
1174 2316 1496 2387 πράγματος
1523 2317 1779 2371 ἐνδεικτι-

188 2412 289 2465 κόν
315 2429 330 2443 ο
389 2410 663 2483 ὁρώμενον
718 2408 871 2482 παρά
896 2408 1004 2463 τῶν
1042 2408 1451 2481 ἁπλουστέρων,
1488 2407 1776 2480 νοούμενον

186 2504 248 2558 δὲ
277 2503 429 2575 παρά
458 2503 565 2556 τῶν
611 2501 883 2574 ἐντρεχῶν
924 2500 1036 2571 (61)
1065 2502 1163 2571 τὴν
1193 2499 1457 2554 διάνοιαν.
1503 2501 1657 2554 Ἐπεὶ
1681 2497 1775 2555 οὖν

185 2596 254 2648 οὗ
310 2594 573 2648 παύονται
631 2590 1070 2664 ζυγομαχοῦντες
1121 2592 1249 2663 περὶ
1278 2591 1379 2663 τῆς
1419 2591 1774 2664 ὲνανθρωπή-

188 2704 334 2751 σεως
392 2684 486 2739 τοῦ
545 2684 753 2756 Κυρίου
779 2702 793 2714 ·
828 2685 878 2738 οἱ
908 2684 1006 2755 μὲν
1047 2683 1395 2754 ἀνειληφέναι
1431 2684 1611 2755 σῶμα,
1636 2687 1684 2738 oi
1715 2685 1772 2738 δὲ

184 2778 482 2849 ἀσώματον
536 2777 699 2830 αὐτοῦ
737 2776 835 2848 τὴν
868 2775 1160 2847 ἐπιδημίαν
1200 2775 1530 2847 γεγενῆσθαι
1551 2777 1775 2849 διοριζό-

188 2885 348 2942 μενοι
368 2887 381 2900 ·
413 2870 509 2924 καὶ
549 2871 599 2922 οἱ
632 2868 731 2940 μὲν
786 2869 1030 2941 παθητὸν
1073 2870 1365 2941 ἐσχηκέναι
1396 2868 1458 2921 τὸ
1490 2869 1669 2940 σῶμα,
1722 2870 1773 2923 οί

184 2964 247 3017 δὲ
278 2962 551 3034 φαντασίᾳ
600 2962 708 3015 τινὶ
746 2962 844 3032 τὴν
875 2961 962 3016 διὰ
1008 2959 1258 3031 σώματος
1289 2959 1603 3030 οἰκονομίαν
1632 2959 1774 3031 πλη-

185 3054 323 3125 ροῦν
345 3071 360 3085 ·
418 3055 511 3107 καὶ
556 3052 706 3107 ἄλλοι
752 3053 932 3124 χοῖκὺν
964 3052 1096 3124 (62),
1144 3052 1293 3106 ἄλλοι
1342 3052 1401 3105 δὲ
1452 3052 1774 3124 ἐπουράνιον

1893 495 2001 541 tem
2071 487 2289 557 spiritu.
2353 486 2431 543 lla
2494 496 2549 541 ct
2603 485 2870 542 Dominus
2930 500 3281 555 nequaquam
3348 485 3472 540 aliis

1890 579 2109 650 quidem
2150 577 2380 632 cadendi
2422 592 2622 632 causas
2669 576 2892 647 praebet,
2931 576 3052 631 aliis
3101 590 3235 629 vero
3286 590 3474 629 resur-

1890 669 2073 741 gendi.
2107 669 2242 722 Nam
2271 669 2363 738 qui
2392 667 2619 729 cadunt,
2644 683 2711 721 ex
2748 675 2918 731 statu,
2951 667 3006 720 in
3032 681 3142 735 quo
3175 665 3472 735 aliquando

1889 769 2067 826 erant,
2111 761 2339 816 cadunt.
2373 758 2571 829 Liquet
2602 766 2787 829 autem
2832 772 3112 826 nunquam
3159 766 3307 813 stare
3348 756 3474 810 inli-

1890 851 2089 916 delem,
2133 859 2193 906 ut
2226 851 2318 921 qui
2359 866 2580 922 semper
2626 850 2781 905 humi
2832 857 2989 920 repat
3043 864 3168 903 cum
3216 855 3473 917 serpente

1890 959 2055 1015 quem
2110 951 2441 999 assectatur.
2498 941 2617 998 Non
2670 942 2833 997 habet
2888 941 3058 1011 igitur
3096 937 3243 993 unde
3287 936 3470 997 cadat,

1885 1036 2000 1106 jam
2085 1035 2475 1106 praecipitatus‘
2547 1033 2891 1089 inﬁdelitate.
2969 1031 3152 1098 Quare
3230 1028 3471 1099 primum

1886 1129 2213 1185 beneficium
2274 1135 2380 1192 est,
2446 1136 2505 1182 ut
2563 1127 2657 1198 qui
2710 1133 2820 1181 stat
2888 1126 2943 1179 in
2996 1129 3240 1193 peccato,
3306 1119 3469 1175 cadat

1887 1229 1944 1276 et
2002 1219 2294 1283 moriatur,
2352 1218 2551 1274 deinde
2604 1217 2753 1272 vivat
2798 1215 3032 1285 justitize
3086 1219 3140 1267 et
3192 1219 3468 1281 resurgat,

1887 1321 2183 1382 utrumque
2233 1310 2337 1366 ﬁde
2379 1312 2434 1364 in
2489 1310 2767 1366 Christum
2817 1308 2977 1363 nobis
3020 1305 3308 1375 largiente.
3366 1302 3472 1357 Ca-

1886 1404 2020 1459 dant
2073 1404 2280 1474 pejora,
2350 1411 2411 1455 ut
2466 1403 2647 1456 locum
2715 1399 2952 1453 habeant
3002 1397 3229 1451 meliora
3284 1410 3470 1450 resur-

1887 1497 2070 1568 gendi.
2131 1496 2249 1551 Nisi
2324 1494 2486 1550 cadat
2546 1493 2878 1555 fornicatio,
2934 1489 3297 1559 temperantia
3356 1503 3469 1542 non

1884 1596 2156 1659 resurget.
2217 1586 2333 1643 Nisi
2386 1588 2439 1641 id
2493 1585 2642 1657 quod
2697 1601 2728 1639 a
2788 1585 3004 1639 ratione
3048 1583 3287 1637 alienum
3343 1588 3463 1645 est,

1886 1689 2224 1744 conteratur,
2279 1679 2334 1734 id
2398 1680 2545 1750 quod
2594 1678 2863 1733 rationale
2913 1686 2996 1732 est
3041 1677 3096 1730 in
3148 1674 3307 1729 nobis
3354 1688 3465 1728 non

1816 1774 1859 1828 B
1890 1772 2120 1826 ﬂorehit.
2171 1771 2263 1826 Sic
2313 1771 2482 1842 igitur
2527 1770 2582 1824 in
2624 1770 2843 1823 ruinam
2891 1775 2947 1822 et
3002 1763 3463 1820 resurrectionem

1884 1865 2207 1918 multorum.

1953 1957 2009 2011 8.
2066 1955 2133 2010 In
2171 1956 2611 2027 signumfautem
2658 1953 2743 2007 cui
2788 1949 3199 2006 contradicetur.
3236 1944 3466 2017 Pr0prie

1883 2050 2097 2120 signum
2145 2048 2402 2104 novimus
2454 2049 2510 2101 in
2569 2046 2858 2116 Scriptura
2909 2057 3132 2098 crucem
3175 2037 3463 2111 appellari.

1885 2139 2073 2195 Posuit
2116 2140 2285 2205 enim,
2338 2139 2536 2210 inquit,
2593 2137 2769 2191 Moses
2828 2144 3118 2204 serpentem
3167 2147 3324 2202 super
3385 2129 3463 2183 si-

1881 2250 2043 2304 gnum
2069 2234 2135 2298 ",
2165 2232 2219 2287 id
2253 2240 2358 2296 est,
2399 2247 2564 2303 super
2597 2245 2838 2285 erucem.
2879 2227 2977 2283 Vel
3008 2228 3222 2296 signum
3254 2232 3339 2280 est
3380 2222 3466 2276 in-

1883 2326 2118 2395 0pinatae
2150 2324 2438 2395 cujusdam
2470 2331 2525 2378 et
2572 2324 2821 2378 obscurae
2875 2322 2955 2376 rei
3016 2319 3278 2374 indicium
3332 2336 3345 2371 :
3401 2332 3467 2370 ac

1880 2417 2099 2472 videtur
2127 2417 2347 2486 quidem
2378 2431 2408 2469 a
2439 2415 2894 2486 simplicioribus,
2928 2412 3252 2483 intelligitur
3282 2417 3466 2463 autem

1882 2509 1951 2563 ab
1976 2509 2063 2563 his
2092 2509 2185 2579 qui
2220 2515 2401 2563 mente
2432 2515 2560 2563 sunt
2584 2506 2948 2577 perspicaces.
2997 2504 3265 2571 Quoniam
3299 2504 3466 2574 igitur

1883 2618 1992 2657 non
2035 2610 2254 2657 cessant
2300 2600 2591 2670 digladiari
2639 2599 2707 2654 de
2753 2599 3136 2653 lncarnatione
3185 2597 3397 2651 Domini
3447 2615 3461 2650 :

1882 2687 1973 2742 alii
2011 2688 2233 2758 quidem
2266 2704 2391 2741 eum
2434 2703 2640 2757 corpus
2676 2687 3068 2757 assumpsisse,
3096 2686 3185 2740 alii
3216 2701 3347 2739 vero
3379 2685 3465 2738 in-

1881 2795 2207 2849 corporeum
2232 2780 2382 2834 illius
2416 2778 2712 2833 adventrum
2744 2776 2916 2833 fuisse
2946 2779 3306 2832 decernentes
3331 2792 3343 2827 :
3373 2775 3464 2831 alii

1881 2874 2149 2944 passibile
2187 2876 2415 2942 {corpus
2470 2872 2751 2937 habuisse,
2825 2870 2917 2924 alii
2973 2871 3154 2939 specie
3226 2872 3465 2940 quadam

1881 2981 2206 3038 corpoream
2242 2965 2712 3035 dispensationem
2749 2964 3133 3033 adimplevisse
3177 2983 3190 3018 :
3224 2965 3315 3018 alii
3352 2973 3466 3019 ter-

1883 3066 2080 3122 restre,
2131 3057 2223 3110 alii
2270 3057 2496 3111 cmleste
2540 3071 2743 3126 corpus
2795 3072 2809 3110 :
2855 3056 2946 3110 alii
2991 3071 3115 3110 eum
3157 3056 3224 3109 ah
3259 3063 3467 3111 aeterno

185 3144 386 3214 σῶμα·
421 3145 515 3197 καὶ
572 3146 619 3197 οἱ
681 3144 780 3213 μὲν
819 3141 1146 3212 προαιώνιον
1201 3146 1301 3213 τὴν
1353 3141 1610 3213 ὓπαρξιν,
1644 3144 1694 3195 οἱ
1719 3145 1776 3197 δὲ

1890 3148 2291 3220 praeexstitisse,
2324 3148 2415 3201 alii
2436 3163 2503 3202 ex
2527 3146 2697 3201 Maria
2724 3148 2942 3201 initium
2982 3150 3300 3217 accepisse:
3334 3165 3463 3219 pro-

183 3235 299 3288 ἀπὸ
332 3236 549 3303 Μαρίας
582 3236 682 3305 τὴν
738 3235 913 3304 ἀργὴν
969 3235 1284 3305 ἐσχηκέναι⁹
1344 3233 1432 3286 διά
1468 3232 1625 3286 τοῦτο
1673 3232 1801 3313 Εἰς¹

185 3327 452 3396 σημεῖον
481 3327 974 3396 ἀντιλεγόμενον.

257 3419 315 3473 9.
360 3418 657 3488 Ῥομφαίαν
685 3417 742 3470 δὲ
775 3415 925 3485 λέγει
958 3414 1048 3468 τὸν
1086 3413 1245 3484 λόγον
1274 3414 1367 3468 τὸν
1398 3414 1774 3487 πειραστικὸν,

184 3509 280 3563 τὸν
310 3509 551 3580 κριτικὸν
581 3507 688 3560 τῶν
726 3507 1098 3579 ἐνθυμήσεων,
1121 3507 1212 3559 τὸν
1239 3506 1610 3578 διικνούμενον
1648 3507 1777 3577 ἄχρι

185 3598 465 3673 μερισμοῦ
508 3599 688 3671 ψυχῆς
732 3616 792 3652 τε
839 3600 932 3653 καὶ
985 3598 1298 3670 πνεύματος
1329 3598 1461 3670 (65),
1493 3598 1688 3671 ἁρμῶν
1717 3616 1777 3651 τε

182 3694 286 3748 καὶ
316 3693 546 3764 μυελῶν,
574 3694 667 3746 καὶ
713 3692 960 3763 κριτικὸν
995 3692 1347 3762 ἐνθυμήσεων
1382 3692 1515 3763 (64).
1557 3691 1775 3760 Ἐπειδὴ

183 3785 371 3839 τοίνυν
406 3786 553 3839 πᾶσα
567 3785 713 3856 ψυχὴ
735 3784 888 3855 παρά
913 3784 1006 3837 τὸν
1036 3784 1226 3852 καιρὸν
1248 3781 1343 3837 τοῦ
1376 3784 1581 3847 πάθους
1611 3783 1776 3838 οἱονεὶ

184 3878 459 3949 διακρίσει
484 3877 588 3930 τινὶ
613 3876 963 3941 ὑπεϐάλλετο,
995 3875 1136 3928 κατὰ
1176 3875 1272 3944 τὴν
1301 3876 1392 3928 τοῦ
1421 3875 1625 3947 Κυρίου
1662 3892 1777 3944 (ρω-

183 3970 309 4040 νὴν,
375 3970 637 4033 εἰπόντος,
669 3969 749 4021 ὅτι
796 3967 1025 4033 Πάντες
1058 3967 1680 4036 σκανδαλισθήσεσθε
1706 3966 1777 4019 ἐν

183 4055 350 4124 ἐμοί·
383 4053 717 4125 προφητεύει
745 4056 773 4106 ὁ
799 4054 1022 4126 Συμεὼν
1058 4056 1153 4108 καὶ
1180 4056 1308 4126 περὶ
1330 4055 1501 4125 αὐτῆς
1524 4055 1624 4124 τῆς
1652 4056 1775 4109 Μα-

185 4147 335 4216 ρίας,
363 4146 445 4199 ὅτι
499 4146 832 4216 παρεστῶσα
886 4145 964 4217 τῷ
995 4147 1233 4218 σταυρῷ,
1274 4149 1367 4200 καὶ
1399 4147 1673 4218 βλέπουσα
1704 4147 1774 4202 τὰ

187 4238 471 4308 γινόμενα,
523 4238 617 4291 καὶ
664 4237 934 4291 ἀκούουσα
966 4237 1073 4291 τῶν
1109 4238 1323 4308 φωνῶν,
1376 4240 1514 4310 μετὰ
1538 4240 1637 4312 τὴν
1678 4236 1773 4292 τοῦ

183 4330 432 4402 Γαϐριὴλ
462 4332 787 4402 μαρτυρίαν,
821 4332 961 4403 μετά
980 4330 1077 4403 τὴν
1105 4332 1418 4403 ἀπόρρητον
1441 4332 1642 4400 γνῶσιν
1674 4334 1776 4403 τῆς

182 4423 340 4487 θείας
396 4422 729 4494 συλλήψεως,
773 4423 912 4495 μετά
936 4424 1036 4496 τὴν
1078 4423 1321 4494 μεγάλην
1345 4423 1453 4478 τῶν
1479 4424 1773 4495 θαυμάτων

1878 3250 2067 3313 pterea
2099 3240 2161 3294 In
2200 3242 2410 3311 signum
2441 3240 2527 3294 cui
2550 3240 2966 3295 contradicetur.

1946 3418 2002 3473 9.
2039 3415 2295 3471 Gladium
2342 3423 2527 3471 autem
2564 3425 2699 3471 dicit
2732 3433 3039 3473 sermonem
3075 3419 3321 3474 tentandi
3350 3419 3462 3475 vim

1878 3509 2171 3565 habentem
2202 3518 2256 3564 et
2310 3509 2660 3565 discernendi
2708 3510 3090 3580 cogitationes,
3151 3513 3462 3581 pertingen-

1880 3609 1988 3655 tem
2032 3615 2209 3670 usque
2255 3598 2325 3653 ad
2381 3599 2710 3655 divisionem
2754 3600 2951 3655 animae
2985 3608 3039 3654 et
3081 3601 3343 3670 spiritus,
3374 3617 3462 3655 ar—

1878 3701 2035 3747 tuum
2080 3707 2298 3763 quoque
2345 3700 2400 3747 et
2452 3692 2931 3749 medullarum”.
2982 3691 3249 3759 Quoniam
3294 3693 3464 3763 igitur

1878 3783 2058 3839 omnis
2126 3785 2308 3837 anima
2365 3784 2640 3853 passionis
2697 3792 2942 3853 tempore
3004 3784 3221 3837 cuidam
3289 3784 3459 3838 veluti

1877 3874 2207 3929 dubitationi
2235 3874 2480 3943 subjecta
2513 3875 2633 3938 fuit,
2662 3875 2962 3928 secundum
2993 3873 3210 3928 Domini
3238 3891 3458 3941 vocem,

1877 3965 2111 4021 dicentis
2138 3983 2151 4019 :
2189 3964 2381 4020 Omnes
2408 3965 2911 4019 scandalizabimini
2942 3968 2998 4019 in
3038 3984 3118 4019 me
3148 3966 3194 3998 "’
3223 3982 3237 4032 ;
3275 3968 3440 4021 vatici

1878 4064 2040 4110 natur
2089 4055 2314 4111 Simeon
2356 4063 2408 4111 et
2442 4055 2508 4110 de
2539 4055 2659 4126 ipsa
2702 4054 2892 4120 Maria,
2928 4064 3145 4112 astante
3184 4056 3358 4119 cruci,
3407 4067 3458 4111 et

1876 4146 2099 4201 vidente
2148 4163 2269 4217 quae
2324 4147 2675 4218 gerebantur,
2706 4155 2763 4202 et
2796 4163 2959 4203 voces
2998 4148 3256 4203 audiente
3288 4166 3302 4216 ;
3336 4157 3458 4219 post

1878 4236 2152 4293 Gabrielis
2201 4239 2600 4306 testimonium,
2632 4245 2757 4310 post
2797 4254 3055 4294 arcanam
3097 4241 3296 4295 divinae
3323 4256 3459 4296 con-

1879 4331 2150 4401 ceptionis
2222 4331 2615 4401 cognitionem,
2694 4338 2819 4400 post
2895 4331 3134 4401 plurima
3213 4333 3459 4388 exhibita

1880 4425 2169 4490 miracula,
2229 4424 2356 4491 erit,
2406 4424 2602 4495 inquit,
2654 4423 2903 4494 quaedam
2940 4431 2994 4479 et
3045 4424 3192 4479 circa
3223 4425 3459 4479 animam

256 4578 304 4609 ²²
342 4573 506 4630 Num.
538 4592 652 4647 xxi,
681 4579 735 4634 8.
812 4577 859 4609 ³³
898 4576 1064 4632 Hebr.
1108 4594 1197 4644 IV,
1239 4576 1328 4631 12.
1405 4577 1451 4609 ⁸³
1489 4576 1678 4631 Matth.
1708 4579 1978 4643 xxv1,3l.

258 4722 372 4794 (56)
406 4723 638 4794 Στήκει.
672 4722 809 4794 Tres
839 4722 1069 4794 codices
1110 4736 1219 4775 non
1270 4721 1632 4777 vetustissimi
1659 4722 1774 4794 pha-

1890 4723 2044 4777 verba
2077 4730 2200 4794 post
2232 4723 2543 4794 εἰρημένον.
2591 4722 2762 4778 Paulo
2795 4729 2917 4792 post
2962 4723 3161 4785 legitur
3187 4722 3242 4777 in
3287 4722 3460 4794 pluri-

186 4794 319 4849 bent
354 4792 640 4864 εἱστήκει.
700 4793 758 4848 1η
808 4793 1001 4848 iisdem
1039 4792 1238 4847 desunt
1273 4794 1436 4863 paulo
1484 4800 1608 4862 post
1655 4793 1772 4847 haec

186 4864 354 4918 verba
383 4856 427 4929 ᾧ
450 4856 754 4919 συνέπεται.

257 4933 373 5002 (57)
412 4930 558 4986 Εἶτα
590 4932 786 5001 ζῆσαι.
819 4933 1186 5003 Consentium
1240 4933 1298 4987 in
1337 4933 1441 4987 hac
1493 4931 1769 5003 scriptura

188 5012 403 5074 veteres
432 5004 577 5058 libri.
608 5003 775 5074 EditiA
792 5001 907 5057 εἷτα
927 5006 988 5058 τὸ
1012 5005 1196 5074 ζῆσαι.

258 5073 372 5143 (58)
410 5074 695 5139 Πίστεως.
750 5072 856 5129 Pro
917 5076 1018 5129 hac
1065 5072 1197 5129 voce
1245 5073 1414 5127 miror
1446 5072 1563 5143 legi
1620 5072 1763 5141 γνὼο

186 5142 331 5206 σεως
362 5144 417 5197 in
461 5144 639 5198 tribus
666 5146 1053 5201 vetustissimis
1100 5144 1403 5199 codicibus.
1440 5142 1610 5197 Paulo
1645 5152 1767 5213 post

188 5213 347 5268 multi
392 5213 613 5270 codices
654 5217 991 5272 recentiores
1031 5215 1100 5269 τὰ
1140 5213 1331 5283 βελτίω
1364 5215 1445 5276 είς
1479 5213 1578 5285 τὴν
1637 5215 1769 5268 ἀνά-

186 5301 402 5339 στασιν.

260 5353 374 5423 (59)
420 5351 489 5424 Τὸ
517 5354 868 5424 λογιστικὸν
908 5356 978 5409 ἐν
1016 5354 1179 5424 ἡμῖν.
1212 5353 1289 5408 Ita
1326 5353 1476 5406 Harl.
1516 5364 1569 5408 et
1597 5354 1766 5409 Coisl.

185 5426 422 5493 primus.
456 5423 597 5478 Editi
630 5424 691 5479 τὸ
722 5423 1119 5494 λογιστικὸντὸ
1150 5428 1208 5478 ὲν
1239 5427 1394 5495 ἡμῖν.
1424 5424 1649 5493 Legitur
1680 5424 1768 5477 λο-

185 5495 345 5564 γικόν
372 5495 429 5549 in
462 5496 704 5564 quinque
732 5496 1011 5550 codicibus
1047 5512 1158 5550 non
1188 5493 1606 5563 antiquissimis.

261 5566 376 5636 (60)
438 5564 709 5636 Πολβῶν.
764 5567 871 5631 Εἰς
939 5566 1007 5618 δὲ
1075 5565 1328 5634 σημεῖον
1387 5565 1764 5636 ἀντιλεγόμε-

185 5633 321 5698 νον,
357 5633 484 5691 εις.
548 5633 1034 5691 Consentientibus
1087 5633 1363 5692 veteribus
1422 5636 1577 5689 libris
1619 5635 1765 5688 hunc

189 5705 373 5759 locum
414 5708 752 5760 sanavimus.
790 5704 1144 5775 Legebantur
1170 5705 1316 5761 enim
1360 5706 1414 5758 in
1454 5705 1614 5759 editis
1653 5706 1766 5759 haec

1878 4792 1982 4847 bus
2034 4792 2434 4849 recentioribus
2467 4794 2748 4849 codicibus
2779 4793 2807 4847 ὃ
2844 4794 3067 4864 σημεῖόν
3118 4795 3256 4856 ἐστι,
3288 4792 3458 4863 super

1877 4879 2251 4941 παρείπῃ-(μία
2279 4865 2484 4941 signant
2513 4874 2609 4918 est.

1949 4934 2061 5004 (lii)
2098 4935 2263 5001 Παρὰ
2289 4932 2407 4987 τῶν
2432 4933 2750 5002 ἐντρεχῶν.
2786 4932 2890 4987 Ριό
2943 4934 3029 4990 his
3060 4934 3288 4989 vocibus
3323 4932 3458 5003 legi-

1874 5010 1964 5089 tur
1987 5006 2068 5086 “in
2122 5013 2364 5073 quatuor
2418 5006 2704 5059 codicibus
2737 5020 2849 5058 non
2900 5005 3288 5061 vetustissimis
3324 5005 3457 5074 παρ’

1872 5091 2072 5129 αυτων.

1946 5145 2056 5213 (62)
2092 5144 2203 5201 Καὶ
2236 5145 2414 5199 ἄλλοι
2447 5146 2678 5213 χοϊκόν.
2717 5143 2879 5201 Deest
2914 5144 3230 5216 conjunctio
3261 5144 3318 5198 in
3345 5143 3459 5199 Mc-

1879 5215 2050 5269 dicaeo
2083 5225 2135 5270 et
2166 5218 2336 5271 Coisl.
2372 5217 2570 5285 primo.

1952 5287 2061 5354 (65)
2097 5285 2210 5339 Καὶ
2243 5282 2599 5355 πνεύματος.
2626 5282 2682 5337 1η
2727 5283 3004 5347 Μεόίριεο,
3058 5284 3234 5343 llarl..
3284 5284 3455 5339 Coisl.

1880 5356 2057 5424 primo
2083 5364 2138 5410 et
2172 5355 2303 5425 Reg.
2336 5360 2512 5425 primo
2545 5355 2738 5422 legitur
2764 5356 2859 5408 καὶ
2895 5355 3165 5426 σώματος,
3196 5371 3356 5426 usque
3388 5355 3457 5407 ad

1875 5425 2182 5479 divisionem
2216 5429 2407 5480 anima:
2435 5436 2483 5479 et
2517 5425 2769 5492 corporis.

1947 5498 2058 5566 (64)
2088 5496 2198 5550 Καὶ
2242 5497 2508 5563 κριτικὸν
2549 5495 2958 5563 ἐνθυμήσεων.
2993 5495 3119 5553 Haec
3153 5496 3351 5551 desunt
3401 5494 3457 5551 in

1874 5569 2156 5692 Songullis
2195 5567 2479 5622 codicibus
2510 5567 2930 5634 recentioribus,
2975 5578 3029 5623 et
3071 5568 3325 5623 videntur
3371 5582 3456 5621 re-

1914 5654 1984 5692 un
2026 5652 2140 5692 are.

1873 5640 2140 5693 dundare.
