3856 6224
434 280 541 338 967

1663 284 1720 339 S.
1762 283 2007 338 BASILII
2049 280 2265 337 MAGNI

3608 282 3719 342 969

433 411 584 457 tuam
640 400 943 456 ﬂuctuatio.
993 399 1293 471 Oportebat
1333 403 1480 457 enim
1523 402 1815 458 Dominum
1861 401 2009 474 40]

2124 400 2403 467 ἐπίδειξιν,
2456 400 2771 470 γενήσεται,
2818 401 2970 473 φησὶ,
3029 402 3112 466 τὶς
3164 402 3259 455 καὶ
3295 401 3422 473 περὶ
3457 399 3556 470 τὴν
3613 402 3716 472 σὴν

433 509 533 564 pro
586 494 843 549 omnibus
883 502 1106 564 gustare
1155 501 1389 550 mortem
1417 534 1433 558 ,
1480 509 1543 547 ac
1573 493 2017 565 prepitiationem

434 587 625 641 mundi
658 586 864 640 factum
891 627 906 651 ,
945 601 1135 642 omnes
1161 585 1471 657 justiﬁcare
1507 587 1562 640 in
1597 602 1697 641 suo
1726 584 2013 655 sanguine.

435 677 499 729 Et
533 684 586 731 te
638 677 804 748 igitur
845 679 1043 747 ipsam,
1084 693 1207 747 qua:
1241 678 1461 732 caelitus
1501 676 1915 748 didicistiqua:
1948 675 2016 729 ad

432 766 723 823 Dominum
754 778 1027 840 spectant,
1061 778 1251 840 tanget
1279 770 1529 840 quaedam
1566 770 1861 826 dubitatio.
1898 767 2015 823 Iloc

429 860 681 929 designat
726 861 963 931 gladius.
1024 860 1091 914 Ut
1121 863 1413 915 revelantur
1454 877 1520 915 ea:
1554 862 1734 915 multis
1769 860 2014 914 cordibus

430 951 772 1019 cogitationes
813 970 826 1005 :
869 953 1161 1023 signiﬁcat,
1206 960 1328 1022 post
1361 954 1707 1015 scandalum,
1760 952 1904 1021 quod
1959 951 2015 1006 in

430 1039 639 1093 Christi
690 1055 858 1095 cruce
914 1042 1184 1113 contigit,
1232 1042 1521 1113 discipulis
1565 1057 1629 1095 ac
1678 1041 1783 1111 ipsi
1832 1040 2014 1095 Mariae

432 1132 666 1185 celerem
737 1133 1033 1201 quamdam
1084 1133 1414 1187 medicinam
1475 1132 1766 1186 aﬁ‘uturam
1812 1148 1842 1185 a
1902 1131 2012 1185 Do-

432 1226 602 1290 mino,
651 1240 771 1294 quae
824 1225 1069 1295 ipsorum
1122 1226 1290 1279 corda
1353 1224 1705 1280 conﬁrmaret
1755 1225 1811 1278 in
1865 1224 2013 1278 illius

433 1315 556 1372 ﬁde.
621 1317 713 1372 sic
768 1318 914 1372 enim
979 1318 1231 1373 videmus
1288 1325 1342 1373 et
1399 1316 1651 1379 Petrum,
1722 1324 2011 1387 postquam

430 1408 750 1465 scandalum
798 1425 999 1479 passus
1044 1417 1151 1474 est,
1197 1410 1409 1465 ﬁrmius
1440 1410 1601 1464 ﬁdem
1644 1412 1700 1464 in
1730 1410 2011 1465 Christum

432 1502 745 1557 retinuisse.
792 1504 950 1569 Quod
998 1503 1168 1573 igitur
1220 1503 1522 1557 humanum
1570 1510 1712 1568 erat,
1761 1502 2012 1557 imbecil-

430 1595 542 1649 lum
560 1611 682 1651 esse
710 1596 1006 1665 probatum
1036 1602 1143 1663 est,
1175 1603 1235 1649 ut
1266 1596 1510 1666 potentia
1545 1595 1762 1650 Domini
1787 1594 2012 1650 demon-

430 1692 721 1742 straretur.

888 1920 1226 1979 EPISTOLA
1260 1904 1463 1979 CCLin
1489 1925 1529 1978 ο.

2121 492 2299 563 ψυχὴν
2354 491 2514 555 σάλος
2566 492 2700 563 (63).
2736 493 2881 546 Ἐδει
2909 492 3017 564 γὰρ
3051 493 3143 546 τὸν
3172 494 3378 566 Κύριον
3409 493 3551 562 ὑπὲρ
3577 510 3717 545 παν-

2118 582 2209 644 τὸς
2234 580 2343 652 (66)
2378 580 2678 650 γεύσασθαι
2719 580 2973 642 Θανάτου,
3018 580 3113 634 καὶ
3146 580 3455 651 ἱλαστήριον
3482 579 3716 648 γενόμε-

2118 690 2207 726 νον
2244 671 2338 725 τοῦ
2383 674 2611 743 κόσμου,
2659 673 2869 736 πάντας
2912 671 3204 725 δικαιῶσαι
3238 674 3295 724 ὲν
3327 671 3405 740 τῷ
3438 669 3607 723 αὑτοῦ
3630 671 3714 722 αἶ-

2120 782 2271 837 ματι³
2296 766 2404 817 Καὶ
2440 765 2532 818 σοῦ
2586 760 2678 818 οὖν
2717 764 2908 833 αὐτῆς,
2951 764 3050 833 τῆς
3080 763 3285 818 ἄνωθεν
3317 762 3712 831 δεδιδαγμένης

2115 854 2184 908 τὰ
2219 857 2347 927 περὶ
2402 857 2495 909 τοῦ
2552 857 2781 927 Κυρίου,
2824 856 3021 926 ἆψεταί
3082 874 3166 920 τις
3198 856 3493 927 διάκρισις.
3544 856 3711 908 Ton-:-

2117 946 2264 1000 ἐστιν
2325 949 2357 1018 ἠ
2404 948 2666 1020 ῥομφαία.
2703 950 2895 1015 Ὅπως
2932 949 3009 1003 ἂν
3043 948 3562 1017 ἀποκαλυφθῶσιν
3589 949 3710 1001 ἀπὸ

2116 1037 2365 1093 πολλῶν
2386 1038 2642 1107 καρδιῶν
2657 1039 3038 1110 διαλογισμοί
3055 1058 3067 1071 ’
3102 1040 3423 1101 αἰνίττεται,
3448 1041 3531 1093 ὅτι
3566 1042 3710 1109 μετὰ

2115 1132 2205 1186 τὸν
2264 1134 2680 1205 σκανδαλισμδν,
2734 1135 2826 1187 τὸν
2862 1135 2955 1189 ἐπὶ
2994 1133 3071 1203 τῷ
3097 1132 3314 1203 σταυρῷ
3343 1132 3436 1185 τοῦ
3463 1132 3706 1203 Χριστοῦ

2114 1224 2426 1295 γενόμενον,
2463 1228 2573 1290 τοῖς
2606 1243 2665 1278 τε
2700 1226 2970 1296 μαθηταῖς
3013 1224 3107 1277 κα)¹
3130 1224 3266 1295 αὐτῇ
3295 1225 3361 1293 τῇ
3384 1222 3577 1293 Μαρίᾳ
3614 1240 3710 1275 τα-

2115 1316 2237 1385 χεῖὰ
2289 1333 2371 1379 τις
2429 1317 2573 1380 ἴασις
2627 1316 3056 1387 ἐπακολουθήσει
3105 1314 3258 1385 παρὰ
3314 1314 3409 1367 τοῦ
3457 1314 3706 1386 Κυρίου,

2117 1404 2406 1475 βεϐαιοῦσα
2469 1404 2650 1459 αὐτῶν
2693 1405 2791 1476 τὴν
2850 1405 3079 1477 καρδίαν
3123 1406 3204 1468 είς
3268 1404 3368 1475 τὴν
3417 1406 3504 1456 ἐπ’
3556 1404 3707 1474 αὐτῷ

2116 1497 2318 1550 πίστιν.
2356 1496 2511 1550 Οὕτω
2543 1495 2652 1568 γὰρ
2690 1497 2900 1567 εἴδομεν
2923 1496 3017 1550 καὶ
3056 1495 3263 1566 Πέτρον
3294 1494 3434 1565 μετὰ
3454 1494 3516 1546 τὸ
3542 1511 3707 1547 σκαν-

2111 1588 2429 1658 δαλισθῆναι
2479 1588 2824 1660 βεϐαιότερον
2877 1588 2979 1658 τῆς
3041 1590 3121 1651 είς
3182 1585 3418 1658 Χριστὸν
3466 1587 3705 1649 πίστεως

2113 1682 2518 1751 ἀντισχόμενον.
2547 1682 2621 1734 Τὸ
2656 1680 2996 1753 ἀνθρώπινον
3018 1676 3113 1734 οὖν
3148 1679 3348 1750 σαθρὸν
3381 1678 3700 1750 διηλέγχθη,

2041 1773 2085 1827 Β
2114 1774 2199 1826 ἵνα
2226 1773 2286 1825 τὸ
2315 1773 2530 1843 ἰσχυρὸν
2562 1773 2655 1826 τοῦ
2684 1772 2891 1844 Κυρίου
2914 1771 3210 1844 διαδειχθῇ.

2630 1924 2977 1977 ΕΠΙΣΤΟΛΗ
3016 1920 3158 1976 ΣΞΛ⁹

431 2039 549 2089 Cum
572 2032 876 2102 scripsissent
900 2034 1085 2102 Basilio
1108 2032 1440 2102 Sozopolitani
1463 2033 1715 2102 nonnullos
1734 2044 1928 2102 carnem
1945 2034 2179 2085 caelestem
2199 2034 2646 2102 _C_I_:risto_aﬂingere
2667 2040 2712 2085 et
2746 2034 2943 2102 affectus
2964 2033 3197 2102 humanos
3230 2034 3279 2102 in
3318 2033 3474 2089 ipsam
3512 2032 3696 2102 divini—

483 2105 624 2149 tatem
645 2095 894 2161 comma;
918 2097 1120 2161 breviter
1146 2095 1274 2161 [tunc
1294 2110 1512 2161 errorem
1526 2096 1711 2161 refellit
1725 2110 1741 2156 ;
1765 2109 1821 2145 ac
1847 2097 2141 2161 demonstrat
2160 2095 2278 2146 nihil
2302 2097 2437 2161 nobis
2449 2095 2686 2161 'prodesse
2708 2095 2957 2161 passiones
2983 2096 3181 2161 Cirristi,
3205 2095 3250 2146 si
3270 2110 3363 2161 non
3393 2098 3623 2146 eamdem
3645 2112 3699 2146 ac

486 2175 573 2210 nos
595 2156 787 2209 carnem
811 2158 991 2209 habuit.
1024 2159 1159 2217 Quod
1187 2166 1364 2220 spectat
1391 2158 1456 2206 ad
1476 2157 1671 2223 affectus
1693 2158 1947 2216 Immunes,
1968 2158 2136 2218 probat
2159 2158 2403 2210 naturales
2435 2156 2467 2208 a'
2509 2156 2990 2221 Christo'assuntptos
3031 2157 3197 2221 fuisse,
3234 2156 3431 2209 vitiosos
3464 2171 3581 2208 vero
3619 2173 3700 2209 ne-

487 2234 735 2287 quaquant

1004 2319 1426 2393 Sozopolitanis.

496 2444 548 2499 1.
604 2442 734 2512 Legi
785 2442 1000 2497 litteras
1042 2450 1278 2505 vestras,
1316 2442 1517 2497 fratres
1552 2458 1814 2513 perquam
1851 2458 2009 2498 reve-

427 2537 623 2602 rendi,
676 2551 816 2605 quas
870 2534 937 2589 de
984 2534 1149 2589 rebus
1193 2534 1394 2588 vestris
1452 2534 1776 2604 scripsistis.
1835 2534 2013 2605 Atque

422 2629 677 2700 equidem
726 2627 874 2697 quod
923 2642 1023 2682 nos
1071 2626 1507 2682 sollicitudinum
1547 2628 1730 2682 socios
1757 2627 2011 2681 adhibui-

426 2722 528 2776 stis
555 2720 622 2773 ad
650 2735 836 2774 rerum
870 2720 1024 2774 vobis
1047 2720 1489 2774 necessariarum
1514 2734 1576 2773 ac
1604 2720 1786 2775 studio
1818 2720 2011 2790 digna-

426 2828 550 2868 rum
606 2827 819 2877 curam,
870 2809 1103 2864 Domino
1172 2811 1383 2880 egimus
1424 2811 1658 2880 gratias.
1720 2808 1823 2864 Sed
1867 2811 2011 2880 iuge-

428 2904 692 2967 muimus,
727 2902 814 2955 ubi
840 2902 1151 2956 audivimus
1182 2909 1381 2970 praater
1407 2901 1621 2962 turbas,
1655 2917 1794 2970 quas
1816 2901 2007 2955 Ariani

428 2996 484 3049 in
535 2994 800 3048 Ecclesiis
833 2994 1169 3057 excitarunt,
1211 3006 1275 3046 ac
1311 2992 1712 3057 confusionem,
1757 3011 1920 3064 quam
1951 2997 2008 3049 in

2604 2329 2733 2409 Τοῖς
2765 2344 2834 2382 εν
2862 2325 3209 2389 Σωζοπόλει.

2189 2438 2239 2492 1.
2294 2441 2575 2513 Ἐνέτυχον
2615 2444 2731 2505 τοῖς
2780 2439 3099 2513 γράμμασιν
3142 2442 3318 2515 ὑμῶν,
3365 2442 3587 2511 ἀδελφοὶ
3621 2460 3705 2495 τι-

2119 2532 2401 2602 μιώτατοι,
2452 2532 2489 2587 ὃ.
2529 2533 2659 2604 περὶ
2696 2533 2805 2588 τῶν
2848 2533 2971 2587 καθ’
3015 2532 3160 2605 ὑμᾶς
3216 2536 3559 2608 πραγμάτων
3597 2536 3701 2588 ἐπ-

2114 2622 2411 2678 εστείλατε.
2441 2624 2556 2676 Καὶ
2605 2625 2688 2677 ὅτι
2724 2624 2822 2696 μὲν
2868 2626 3016 2696 ἡμᾶς
3056 2628 3347 2688 κοινωνοὺς
3403 2625 3704 2696 φροντίδων

2115 2714 2453 2785 παρελάϐετε
2493 2714 2604 2786 (67)
2646 2718 2725 2780 εἰς
2773 2715 2872 2787 τὴν
2918 2716 3027 2770 τῶν
3070 2718 3383 2785 ἀναγκαίων
3432 2719 3560 2788 ὑμῖν
3607 2718 3704 2771 καὶ

2118 2805 2353 2874 σπουδῆς
2386 2804 2550 2869 ἀξίων
2582 2806 2898 2876 ἐπιμέλειαν
2918 2847 2933 2871 ,
2964 2809 3447 2880 ηὐχαριστήσαμεν
3482 2808 3561 2878 τῷ
3592 2810 3705 2860 Κυο

2118 2896 2237 2967 ρίῳ.
2277 2897 2670 2967 Ἑστενάξαμεν
2693 2898 2769 2962 δὲ,
2801 2898 3153 2962 ἀκούσαντες,
3181 2901 3263 2952 ὅτι
3287 2899 3424 2968 πρὸς
3446 2902 3513 2970 τῇ
3550 2900 3705 2971 παρὰ

2113 2987 2223 3041 τῶν
2259 2988 2548 3060 Ἀρειανῶν
2582 2990 2897 3063 ἐπαγομένη
2934 2992 3145 3061 ταραχῇ
3183 2995 3302 3054 ταῖς
3327 2991 3701 3060 Ἐκκλησίαις,

428 3088 551 3142 ﬁdei
583 3087 892 3141 doctrinam
923 3085 1277 3148 induxerunt,
1312 3084 1493 3139 adhuc
1521 3096 1575 3140 et
1610 3086 1771 3140 aliam
1809 3102 2006 3156 quam-

2116 3079 2211 3132 xal.
2246 3083 2311 3152 τῇ
2354 3080 2633 3151 συγχύσει,
2679 3087 2744 3152 ἥν
2780 3084 2977 3135 ἐκεῖνοι
3029 3085 3156 3153 περ).
3193 3084 3283 3136 τὸν
3320 3085 3418 3153 τῆς
3464 3084 3704 3146 πίστεως

426 3182 553 3237 dam
602 3180 923 3244 novitatem,
972 3196 1095 3249 qua:
1134 3182 1190 3235 in
1243 3180 1543 3251 plurimum
1597 3196 1909 3245 mmrorem,
1948 3192 2008 3236 ut

427 3274 561 3328 mihi
589 3273 912 3342 scripsistis,
942 3274 1169 3343 conjicit
1202 3272 1626 3335 fraternitatem,
1654 3273 1811 3328 vobis
1843 3274 2008 3327 obor-

426 3371 536 3418 tam
569 3379 711 3426 esse,
751 3363 821 3417 ab
866 3363 1181 3417 hominibus
1214 3378 1355 3416 nova
1390 3374 1444 3418 et
1488 3363 1713 3419 auribus
1767 3364 2007 3419 ﬁdelium

426 3454 671 3509 inaudita
701 3454 869 3509 veluti
926 3470 993 3508 ex
1022 3451 1325 3523 Scriptura:
1358 3453 1617 3508 doctrina
1649 3454 2005 3509 introducen-

425 3547 595 3601 tibus.
647 3544 967 3615 Scripsistis
1000 3545 1146 3598 enim
1187 3545 1484 3601 nonnullos
1532 3546 1675 3614 apud
1714 3560 1815 3601 vos
1858 3561 2004 3611 esse,

421 3637 519 3708 qui
561 3636 868 3692 dissolvant
921 3637 1219 3692 salutarem
1269 3636 1740 3707 dispensationem
1791 3636 2007 3692 Domini

425 3729 604 3784 nostri
635 3726 765 3783 Jesu
796 3727 1026 3793 Christi,
1070 3738 1335 3799 quantum
1368 3730 1422 3782 in
1455 3730 1589 3799 ipsis
1616 3739 1723 3795 est,
1754 3745 1819 3784 ac
1844 3745 2005 3785 ever-

424 3829 545 3875 tant
573 3822 757 3892 magni
786 3822 1031 3894 mysterii
1060 3821 1310 3893 gratiam,
1336 3823 1487 3875 taciti
1520 3823 1737 3892 quidem
1770 3838 1803 3876 a
1833 3838 2009 3878 saecu—

427 3915 579 3978 lis",
610 3913 706 3969 sed
729 3915 989 3969 declarati
1020 3915 1135 3969 suis
1168 3916 1523 3983 temporibus,
1550 3930 1673 3968 cum
1711 3914 2004 3981 Dominus,

425 4006 520 4075 qui
548 4005 660 4074 jam
686 4005 867 4059 omnia
896 4007 962 4058 ad
994 4004 1212 4076 generis
1243 4005 1470 4058 humani
1491 4006 1753 4059 medelam
1778 4004 2009 4058 attinen-

424 4098 503 4153 tia
531 4104 900 4168 percurrcrat,
926 4104 1051 4167 post
1082 4098 1265 4150 omnia
1300 4112 1457 4151 suum
1485 4098 1643 4151 nobis
1668 4096 1896 4168 largitus
1920 4104 2006 4151 est

499 4233 545 4265 "
583 4231 605 4285 Ι
642 4232 784 4287 Tim.
827 4248 922 4299 ιιι,
965 4230 1063 4285 16.

501 4372 518 4390 ‘
559 4368 705 4421 Alias
729 4365 884 4421 LXV.
921 4365 1138 4436 Scripta
1169 4368 1315 4420 circa
1346 4381 1548 4420 annum
1580 4366 1706 4420 577.

497 4438 611 4508 (65)
652 4436 865 4508 Σάλος.
910 4434 1208 4508 Fatendum
1242 4451 1374 4491 sane
1406 4446 1487 4491 est
1526 4438 1626 4490 hoc
1660 4438 1778 4508 loco
1808 4436 1866 4490 S.
1898 4434 2001 4489 Ba-
2033 4434 2079 4488 D

427 4506 613 4564 silium
628 4507 795 4578 (quod
823 4506 1075 4574 equidem
1102 4521 1187 4578 me
1218 4515 1370 4561 certo
1403 4509 1518 4560 scio
1550 4522 1657 4559 non
1688 4507 2000 4578 sineipsius

429 4595 561 4650 pace
590 4576 884 4645 dicturum)
911 4578 1069 4650 longe
1094 4576 1350 4650 aberrare
1376 4585 1441 4650 et_
1469 4578 1537 4629 ab
1572 4577 1888 4650 evangelica
1919 4577 2003 4629 hi-

429 4646 599 4703 storia
632 4656 685 4699 et
738 4662 767 4698 a
816 4653 965 4699 recta
1016 4646 1620 4716 Sitneonisrverborlun
1672 4648 2002 4716 interpreta»

426 4721 596 4773 tione.
629 4717 772 4771 Nihil
802 4717 947 4769 enim
974 4715 1244 4784 ejusmodi
1281 4715 1348 4768 de
1387 4717 1739 4770 sanctissima
1771 4715 2000 4785 lieipara

427 4787 703 4857 suspicari
738 4787 948 4847 sinunt,
1012 4801 1138 4839 cum
1186 4786 1361 4857 ipsius
1428 4786 1741 4839 constantia
1799 4785 1854 4857 in
1905 4786 2003 4839 ﬁlii

428 4855 606 4913 morte
643 4857 820 4911 oculis
864 4857 980 4909 suis
1024 4855 1343 4923 spectanda,
1384 4863 1498 4910 tum
1535 4865 1736 4910 tenera:
1779 4856 1846 4909 ad
1882 4871 2001 4910 eam

428 4929 526 4982 ﬁlii
596 4927 880 4981 moricads
936 4922 1117 4979 voces.
1181 4922 1285 4979 Sed
1359 4926 1608 4995 quamvis
1665 4926 1812 4979 illius
1871 4925 2004 4980 ﬁdes

429 4998 657 5053 minime
697 4995 1050 5058 vacillaverit,
1104 5008 1210 5048 non
1255 4995 1460 5049 ideirco
1521 5004 1702 5049 tamen
1758 5003 2004 5049 materna

428 5070 641 5124 viscera
692 5067 880 5121 dolore
925 5065 1019 5119 illo
1046 5075 1380 5128 caruerunt,
1420 5081 1587 5135 quem
1615 5066 1663 5120 ei
1703 5066 1807 5119 sub
1835 5065 2005 5134 gladii

429 5138 652 5192 nomine
691 5136 915 5191 Simeon
965 5135 1230 5205 praedicit.
1292 5134 1519 5191 Videtur
1574 5134 1806 5190 Basilius
1860 5136 2005 5190 hanc

426 5209 739 5278 opinionem
769 5203 1022 5278 hausisse
1063 5220 1131 5278 ex
1162 5203 1414 5277 Origenis
1450 5205 1733 5278 ΐοιιιίῑιιιεἈ
1754 5206 2005 5278 quamvis

431 5273 485 5330 in
543 5278 648 5348 hoc
701 5276 929 5348 legendo
969 5275 1239 5348 scriptore
1266 5273 1410 5332 satis
1465 5283 1661 5348 cautus
1709 5273 1901 5348 fuerit:
1946 5273 2005 5330 ld

427 5349 575 5403 enim
618 5345 779 5402 docet
824 5345 1101 5403 Origenes
1141 5347 1330 5402 homil.
1373 5348 1444 5402 27
1481 5349 1535 5401 in
1584 5345 1809 5401 Lucam.
1856 5345 2007 5402 Non-

429 5419 564 5471 nulli
616 5417 707 5471 alii
755 5425 879 5487 post
921 5416 1182 5472 Basilium
1225 5418 1522 5489 scriptores
1552 5417 1694 5489 idem
1726 5432 2007 5489 commen-

429 5489 761 5557 tum‘secuti
796 5495 943 5550 sunt,
970 5501 1110 5557 quos
1162 5488 1409 5544 recenset
1464 5488 1721 5544 Petavius
1764 5488 1859 5543 lib.
1912 5503 2006 5542 xtv

432 5557 511 5610 De
551 5554 865 5620 Incarn.,c.
900 5559 952 5611 1.

502 5625 613 5698 (66)
641 5626 820 5695 Ὑπὲρ
842 5628 1086 5698 arande.
1108 5627 1471 5685 Conscntiunt
1498 5630 1551 5683 in
1583 5629 1687 5683 hac
1733 5630 2005 5698 scriptura

431 5694 651 5751 codices
690 5694 841 5767 mss.»
869 5695 1008 5751 Editi
1041 5699 1179 5769 ὑπὲρ
1206 5700 1444 5755 πάντων.
1499 5699 1666 5754 Paulo
1708 5694 2003 5754 ante—editi

2110 3169 2266 3238 λόγον
2294 3172 2643 3241 πεποίηνται,
2668 3171 2747 3224 ἔτι
2774 3172 2870 3224 καὶ
2890 3172 3022 3242 ἄλλη
3046 3191 3131 3236 τις
3159 3174 3285 3243 ὑμῖν
3314 3173 3557 3243 ἀνεφάνη
3587 3176 3700 3245 (68)

2111 3263 2460 3330 καινοφωνία,
2510 3265 2592 3326 εἰς
2632 3264 2828 3335 πολλὴν
2874 3265 3168 3336 ἀδημονίαν
3211 3266 3553 3335 ἐμϐάλλουσα
3602 3268 3701 3337 τὴν

2111 3353 2467 3425 ἁδελςεότητα,
2509 3352 2585 3416 ὡς
2628 3354 2976 3407 ὲπεστείλατε
3018 3356 3172 3424 ἡμῖν,
3203 3354 3507 3425 ἀνθρώπιον
3536 3357 3699 3408 καινὰ

2111 3445 2204 3496 καὶ
2235 3443 2477 3514 ἀσυνήθη
2502 3446 2624 3506 ταῖς
2655 3445 2844 3507 ἀκοαῖς
2870 3444 2977 3497 τῶν
3020 3445 3226 3498 πιστῶν
3248 3445 3324 3509 ὡς
3357 3448 3424 3498 ὲκ
3454 3446 3553 3516 τῆς
3592 3447 3701 3500 τῶν

2109 3533 2341 3604 Γραφῶν
2358 3534 2709 3599 διδασκαλίας
2723 3536 2882 3607 δῆθεν
2901 3537 3368 3608 παρεισαγὸντων.
3392 3537 3703 3608 Ἐγρὰφετε

2109 3623 2217 3694 γὰρ
2248 3619 2387 3676 εἷναί
2411 3642 2564 3689 τινας
2600 3626 2730 3698 παρ’
2753 3628 2881 3698 ὑμῖν
2908 3628 3034 3691 τοὺς
3060 3627 3285 3691 λύοντας
3306 3627 3405 3699 τὴν
3430 3630 3702 3701 σωτήριον

2108 3717 2415 3788 οἰκονομίαν
2439 3717 2532 3771 τοῦ
2562 3719 2767 3792 Κυρίου
2798 3719 2955 3791 ἡμῶν
2985 3720 3157 3790 Ἰησοῦ
3190 3719 3450 3790 Χριστοῦ,
3482 3722 3609 3774 ὅσον
3645 3723 3702 3776 1.")

2108 3809 2195 3860 ἐπ’
2228 3810 2433 3876 αὐτοῖς,
2467 3811 2561 3863 καὶ
2607 3811 2934 3876 ἁθετοῦντας
2974 3812 3067 3865 τοῦ
3115 3814 3349 3883 μεγάλου
3392 3817 3699 3886 μυστηρίου

2106 3903 2206 3972 τὴν
2250 3905 2432 3974 χάριν,
2483 3904 2578 3958 τοῦ
2629 3906 2987 3976 σεσιγημένου
3035 3906 3131 3975 μὲν
3176 3907 3282 3959 ἀπὸ
3312 3907 3422 3960 τῶν
3462 3907 3699 3973 αἰώνων,

2109 3998 2516 4067 φανερωθέντος
2540 3999 2596 4051 δὲ
2635 4002 2845 4069 καιροῖς
2874 4000 3043 4063 ἰδίοις,
3076 4000 3167 4052 ὅτε
3192 4003 3221 4054 ὁ
3260 4000 3486 4071 Κύριος,
3518 4003 3698 4056 πάντα

2107 4088 2391 4152 διεξελθὼν
2425 4089 2537 4161 (69)
2572 4089 2642 4143 τὰ
2685 4091 2764 4153 εἰς
2800 4090 3117 4161 ἐπιμέλειαν
3148 4092 3350 4159 ἥκοντα
3377 4093 3472 4144 τοῦ
3507 4093 3700 4159 γένους

2107 4364 2417 4439 τὴνξιιυχὴν
2441 4369 2683 4439 τὴνλσήν.
2723 4368 2852 4423 Mss.
2896 4372 3030 4425 utin
3066 4380 3237 4426 textu.

2105 4436 2708 4559 )‘agﬁggvggpsldé’sts.
2754 4439 2924 4495 Cois].
2971 4443 3183 4511 primus
3228 4448 3283 4497 et
3322 4441 3465 4497 Med.
3515 4463 3697 4517 παρα-

2140 4524 2432 4576 αμοανετε.

2166 4577 2290 4658 ,(68)
2337 4576 2646 4658 gregarii.
2686 4577 2764 4658 ita
2805 4579 2974 4658 Cois].
3023 4583 3231 4658 primus
3272 4592 3326 4637 et
3375 4582 3518 4638 Med.
3566 4602 3689 4639 cum

2107 4648 2291 4722 tr_i_b_us
2319 4648 2647 4722 aliis._Edi_ti
2682 4650 2941 4722 ἐνεφάνη,
2974 4648 3217 4722 eiceptis
3243 4662 3422 4707 tamen
3458 4657 3689 4708 vetustis

2107 4717 2459 4793 editiopibus.
2486 4717 2655 4771 Paulo
2678 4730 2799 4793 post
2821 4717 2982 4775 iidem
3007 4717 3358 4793 duo-colliccs
3389 4725 3688 4793 Ἐγράφετε

2107 4787 2216 4873 γέιρ
2248 4784 2386 4840 εἶναι
2418 4803 2517 4858 pro
2545 4802 2611 4842 eo
2650 4784 2798 4858 quod
2838 4800 2956 4845 erat
2995 4793 3051 4846 in
3082 4792 3247 4848 editis
3296 4784 3599 4865 Ἑγρᾱίςρετε
3631 4794 3687 4847 δὲ

2108 4873 2265 4909 ειναι.

2179 4926 2290 4998 (69)
2334 4926 2678 5003 Διεξεᾼθῴν.
2731 4929 3042 4986 Notandum
3078 4931 3370 5003 diligenter
3413 4934 3521 4988 hoc
3569 4951 3686 4986 ver-

2112 4996 2279 5059 bum,
2301 4999 2447 5067 quod
2479 4998 2688 5053 ideirco
2722 5003 3001 5056 simillima
3040 4996 3409 5058 voce'Latina
3448 5004 3685 5060 raldidi-

2108 5083 2252 5142 nius,
2296 5083 2485 5142 nempe
2518 5081 2871 5137 percurrerat,
2908 5074 3035 5142 quia
3068 5074 3275 5128 indicat
3314 5075 3554 5130 Basilius
3599 5071 3683 5127 Fi-

2108 5136 2240 5212 lium
2294 5136 2745 5212 Dei.:anteqt|aiii
2792 5136 3114 5198 nasceretur
3155 5159 3221 5198 ex
3255 5143 3504 5212 Virgine,
3539 5146 3681 5198 anti-

2108 5208 2233 5281 quis
2271 5207 2523 5281 patribus
2566 5207 2910 5281 apparuisse.
2957 5212 3097 5267 Hinc
3131 5207 3417 5269 contendit
3453 5216 3510 5269 in
3547 5215 3681 5269 libro

2109 5292 2148 5330 ιι
2175 5277 2757 5355 ἱιι-Ειιηιοηὶιιηιξριιιη
2781 5284 2876 5351 qui
2917 5282 3059 5355 Deus
3090 5295 3145 5340 et
3173 5286 3401 5355 angelus
3432 5293 3679 5355 vocatur.

2108 5361 2172 5429 ac
2214 5346 2384 5429 bioysi
2418 5351 2694 5429 apparuit,
2745 5346 2851 5429 non
2888 5354 3053 5429 alium
3078 5370 3218 5429 ﬁsse
3247 5346 3425 5425 'quam
3460 5354 3677 5429 Filium.

2110 5416 2507 5494 Simili'sensii
2527 5420 2702 5494 Filius
2749 5421 2839 5494 Dei
2878 5424 3025 5494 apud
3069 5416 3402 5483 Clementem
3442 5427 3678 5482 Alexauo

2105 5486 2327 5560 drinum
2353 5491 2407 5543 in
2436 5491 2575 5546 libro
2600 5492 2730 5560 Quis
2755 5486 3239 5560 dires'salvandus,
3266 5514 3322 5551 n.
3353 5498 3410 5560 8,
3443 5496 3675 5552 dicitur:

2107 5559 2149 5611 A
2183 5560 2447 5614 creatione
2476 5559 2658 5636 mundi
2688 5579 2854 5636 usque
2895 5564 2968 5636 ad
2996 5566 3201 5636 signum
3228 5559 3410 5622 crucis
3438 5565 3679 5636 Ιικηιαξιίο

2108 5637 2267 5710 tatem
2294 5634 2616 5710 percurrisse
2635 5633 3114 5710 :"Artoysvéoaai;
3141 5636 3423 5709 μέχριτοῦ
3456 5634 3677 5710 σημείου

2105 5699 2202 5769 τὴν
2231 5698 2623 5773 ἁνθρωπότητα
2655 5698 2972 5774 διατρέχων.
