3856 6224
168 256 268 313 969

1040 252 1532 312 EPISTOLARUM
1563 249 1853 310 CLASSIS
1884 250 1949 308 ll.
1991 251 2209 310 EPIST.
2248 252 2473 308 CCLXI.

3312 262 3419 319 970

171 370 278 425 τῶν
305 368 606 442 ἀνθρώπων
636 368 781 442 (70),
820 369 912 424 ἐπὶ
937 378 1070 425 πᾶσι
1097 372 1194 444 τὴν
1222 372 1428 426 οἰκείαν
1454 371 1742 443 ἐχαρίσατο

1847 366 2165 424 adventum.
2192 367 2343 424 Juvit
2364 369 2513 424 enim
2541 383 2696 423 suam
2732 369 2907 440 ipsius
2937 379 3272 440 creaturam,
3302 378 3416 446 pri-

169 465 300 536 ὴμῖν
341 461 653 535 ἐπιδημίαν.
702 462 965 536 Ὠφέλησε
1015 464 1123 537 γὰρ
1168 466 1228 520 τὸ
1255 464 1450 519 ἑαυτοῦ
1494 464 1742 533 πλάσμα,

172 555 384 627 πρῶτον
421 555 518 626 μὲν
541 552 629 609 διὰ
652 557 1026 629 πατριαρχῶν,
1053 550 1128 611 ὧν
1155 559 1204 611 oi
1236 558 1341 629 βίοι
1373 555 1745 627 ὑποδείγματα

171 648 263 700 καὶ
283 647 505 710 κανόνες
531 646 900 718 προετέθησαν
928 650 1038 713 τοίς
1064 648 1406 721 βουλομένοις
1435 647 1745 703 ἀκολουθεῖν

169 741 281 801 τοῖς
308 737 475 809 ἴχνεσι
506 737 614 791 τῶν
651 739 843 808 ἁγίων,
883 740 976 794 καὶ
1011 740 1151 794 κατὰ
1181 741 1274 795 τὸν
1305 742 1487 812 ὅμοιον
1520 740 1748 804 ἐκείνοις

170 831 331 904 ζῆλον
360 830 561 899 φθάσαι
590 830 726 902 πρὸς
751 832 851 904 τὴν
874 831 980 885 τῶν
1001 832 1221 901 ἀγαθῶν
1248 832 1423 904 ἔργων
1444 832 1742 886 τελείωσιν⁶

170 917 291 976 εἶτα
332 921 496 993 νόμον
540 920 739 976 ἔδωκεν
774 924 855 987 είς
890 922 1160 995 βοήθειαν,
1197 925 1262 978 δι’
1297 924 1544 994 ἀγγέλων
1584 924 1745 978 αὑτὸν

166 1013 557 1084 διαταξάμενος
603 1015 661 1068 ὲν
709 1013 854 1085 χειρὶ
905 1015 1202 1080 Μωῦσέως’
1260 1011 1378 1070 εἶτα
1432 1017 1742 1088 προφήτας,

170 1103 748 1177 προκαταγγέλλοντας
767 1103 863 1177 τὴν
889 1105 1189 1175 μέλλουσαν
1210 1105 1428 1161 ἔσεσθαι
1451 1107 1743 1178 σωτηρίαν,

169 1195 384 1268 κριτὰς,
436 1194 697 1265 βασιλεῖς,
748 1194 1008 1260 δικαίους,
1055 1190 1343 1261 ποιοῦντας
1385 1197 1641 1269 δυνάμεις
1688 1199 1745 1251 ὲν

167 1288 314 1362 χειρὶ
348 1286 588 1360 κρυφαία
608 1286 741 1360 (71).
774 1288 927 1341 Μετὰ
957 1289 1165 1352 πάντας
1189 1289 1428 1355 τούτους,
1461 1291 1547 1343 ἐπ’
1580 1290 1744 1360 ἐσχά-

166 1396 277 1432 των
303 1378 412 1433 τῶν
450 1377 671 1449 ἡμερῶν
708 1377 869 1441 αὐτὸς
898 1378 1215 1452 ἐφανερώθη
1258 1381 1317 1433 ὲν
1353 1380 1743 1453 σαρκὶ,Γενό-

159 1488 351 1541 μενος
369 1469 437 1523 ἐκ
458 1468 741 1537 γυναικὸς
769 1467 903 1539 (72),
930 1470 1251 1540 γενόμενος
1276 1471 1391 1525 ὑπὸ
1418 1473 1623 1541 νόμον,
1645 1472 1745 1525 ἵνα

166 1559 312 1626 τοὺς
355 1559 475 1613 ὑπὸ
515 1559 704 1627 νόμον
737 1558 1096 1628 ἐξαγοράσῃ,
1138 1560 1237 1614 ἵνα
1281 1560 1395 1630 τὴν
1438 1563 1744 1616 υἱοθεσίαν

163 1650 585 1721 ἀπολάϐωμεν.

1846 474 1995 514 mum
2047 461 2267 531 quidem
2315 474 2414 531 per
2466 460 2831 531 patriarchas,
2885 477 3118 531 quorum
3172 468 3316 532 vitm,
3358 477 3418 524 ut

1845 552 2093 621 exempla
2144 567 2210 607 ac
2260 551 2483 622 regulae,
2530 552 2838 607 volentibus
2889 563 3204 611 sanctorum
3258 561 3417 631 sequi

1845 642 2073 712 vestigia
2121 642 2399 713 similique
2434 655 2500 696 ac
2554 642 2633 696 illi
2666 643 2853 697 studio
2886 643 2953 697 ad
2991 645 3258 702 bonorum
3290 664 3418 719 per-

1847 733 2138 789 fectionem
2199 734 2507 804 pervenire,
2566 735 2864 805 propositae
2910 736 3169 804 fuerunt;
3220 741 3419 798 deinde

1849 826 2020 897 legem
2049 827 2104 881 in
2137 826 2404 881 auxilium
2432 827 2602 889 dedit,
2627 842 2725 897 per
2752 829 2977 900 angelos
2997 845 3118 886 eam
3149 832 3418 891 ordinans

1846 922 1902 974 in
1937 934 2099 974 manu
2155 918 2322 975 Mosis
2372 919 2416 950 "
2461 939 2474 973 :
2513 929 2627 974 tum
2667 920 2987 991 prophetas,
3038 925 3131 994 qui
3187 926 3419 982 salutem

1848 1010 2088 1066 futuram
2120 1013 2577 1081 praenuntiarent,
2607 1011 2847 1081 iudices,
2876 1028 3059 1085 reges,
3085 1014 3290 1085 justas,
3322 1019 3420 1088 qui

1847 1103 1903 1157 in
1948 1118 2110 1157 manu
2148 1101 2310 1174 402
2355 1102 2571 1157 occulta
2606 1103 2832 1160 ederent
2860 1088 3116 1161 virtutes.
3157 1105 3291 1163 Post
3318 1108 3420 1164 hos

1845 1208 2037 1249 omnes
2069 1194 2124 1249 in
2157 1195 2419 1250 extremis
2450 1196 2644 1251 diebus
2677 1195 2792 1265 ipse
2836 1197 3219 1255 manifestatus
3246 1208 3330 1255 est
3364 1201 3420 1255 in
3457 1218 3464 1226 ·

1846 1301 2034 1352 carne,
2069 1270 2271 1341 Factus
2324 1297 2492 1342 estea:
2543 1289 2781 1352 muliere,
2826 1289 3002 1358 factus
3046 1291 3143 1345 sub
3193 1290 3321 1361 lege,
3360 1302 3420 1345 ut

1845 1395 1954 1443 eos,
1997 1380 2086 1449 qui
2138 1379 2233 1432 sub
2273 1380 2381 1449 lege
2430 1392 2604 1443 erant,
2636 1381 2934 1447 redimeret,
2984 1390 3043 1434 ut
3074 1382 3419 1452 adoptionem

1846 1473 2081 1542 ﬁliorum
2106 1474 2450 1541 reciperemus
2483 1475 2549 1528 ’7.

239 1743 296 1798 2.
327 1743 390 1796 Εί
410 1718 587 1797 τοίνυν
620 1742 693 1814 μὴ
723 1742 911 1811 γέγονε
937 1742 1031 1796 τοῦ
1063 1744 1267 1816 Κυρίου
1294 1747 1326 1816 ἡ
1350 1747 1408 1799 ὲν
1437 1747 1600 1819 σαρκὶ
1627 1748 1742 1800 em-

1919 1740 1974 1795 2.
2004 1739 2192 1810 Itaque
2226 1741 2272 1796 si
2304 1740 2518 1796 Domini
2549 1742 2606 1796 in
2637 1756 2805 1799 carne
2845 1744 3116 1804 adventus
3146 1762 3257 1804 non
3284 1748 3417 1816 fuit,

162 1836 363 1908 δημία,
409 1836 510 1890 οὐκ
557 1836 723 1890 ἔδωκε
780 1837 878 1909 μὲν
924 1838 953 1889 ὁ
979 1838 1274 1910 Λυτρωτὴς
1308 1838 1366 1891 τὸ
1407 1838 1546 1910 ὑπὲρ
1590 1837 1748 1909 ἡμῶν

164 1926 389 2000 τίμημα
424 1926 503 1999 τῷ
541 1927 776 1999 θανάτῳ,
820 1929 883 1982 οὐ
917 1928 1131 2000 διέκοψε
1177 1930 1234 1984 δὲ
1253 1926 1345 1984 τοῦ
1389 1929 1618 1985 θανάτου
1651 1932 1750 2001 τὴν

166 2019 450 2090 βασιλείαν
470 2017 538 2072 δι’
564 2018 782 2073 ἑαυτοῦ.
811 2019 873 2072 Ei
896 2018 1006 2089 γὰρ
1029 2019 1156 2074 ἄλλο
1183 2020 1280 2092 μὲν
1302 2017 1371 2092 ἦν
1391 2021 1450 2075 τὸ
1475 2020 1751 2091 βασιλευό-

170 2130 335 2183 μενον
361 2113 466 2167 ὑπὸ
495 2112 590 2167 τοῦ
626 2112 888 2178 θανάτου,
922 2114 1050 2169 ἄλλο
1080 2115 1136 2168 δὲ
1158 2116 1218 2168 τὸ
1251 2115 1402 2187 παρὰ
1425 2115 1519 2168 τοῦ
1546 2117 1748 2187 Κυρίου

165 2204 540 2279 προσληφθὲν,
589 2205 690 2259 οὐκ
729 2205 795 2259 ἂν
844 2205 944 2277 μὲν
991 2207 1267 2260 ἐπαύσατο
1303 2211 1370 2261 τὰ
1407 2206 1599 2262 ἑαυτοῦ
1639 2207 1750 2277 (75)

166 2296 413 2370 ἐνεργῶν
442 2298 471 2350 ὁ
501 2296 749 2362 θάνατος·
788 2300 887 2352 οὐκ
919 2298 985 2353 ἂν
1016 2298 1073 2353 δὲ
1112 2300 1374 2372 ἡμέτερον
1404 2300 1595 2372 κέρδος
1632 2299 1751 2368 ἐγέ-

164 2405 295 2442 νετο
311 2386 413 2458 τῆς
434 2387 635 2458 σαρκὸς
659 2387 756 2457 τῆς
776 2386 1034 2461 θεοφόρου
1056 2387 1126 2441 τὰ
1148 2387 1317 2459 πάθηο
1340 2387 1440 2440 οὐκ
1463 2387 1750 2440 ἀπέκτεινε

160 2480 226 2535 δὲ
258 2480 360 2550 τὴν
388 2480 662 2551 ἁμαρτίαν
692 2481 752 2532 ὲν
778 2482 843 2550 τῇ
883 2480 1066 2551 σαρκί·
1103 2480 1202 2533 οὐκ
1232 2478 1672 2549 έζωοποιήθημεν
1694 2481 1750 2531 ἐν

160 2572 248 2643 τῷ
291 2571 512 2644 Χριστῷ
552 2573 603 2625 οἱ
644 2572 702 2624 ὲν
746 2572 824 2644 τῷ
860 2572 1032 2642 Ἀδὰμ
1088 2572 1471 2636 ἀποθανόντες
1514 2574 1613 2626 οὐκ
1658 2573 1752 2626 ἁν-

160 2660 417 2731 επλάσθη
455 2659 517 2713 τὸ
538 2661 934 2725 διαπεπτωκός·
973 2662 1073 2716 οὐκ
1113 2661 1407 2734 ἀνωρθώθη
1446 2663 1507 2716 τὸ
1550 2665 1750 2733 κατερ-

161 2754 464 2827 ραγμένονο
499 2754 561 2806 οὐ
598 2752 992 2825 προσῳκειώθη
1024 2753 1101 2825 τῷ
1132 2754 1252 2826 Θεῷ
1281 2755 1340 2808 τὸ
1370 2755 1459 2809 διὰ
1481 2755 1579 2825 τῆς
1604 2755 1748 2808 ἁπά-

157 2863 268 2917 της
300 2843 394 2899 τοῦ
426 2844 603 2914 ὄφεως
630 2843 1007 2915 ἁλλοτριωθέν.
1043 2845 1227 2899 Ταῦτα
1254 2844 1362 2917 γὰρ
1389 2847 1567 2901 πάντα
1598 2848 1750 2900 ἀναι-

161 2939 349 3009 ρεῖται
393 2932 546 3006 παρὰ
590 2933 700 2987 τῶν
742 2934 992 3007 οὐράνιον
1042 2934 1200 3005 σῶμα
1241 2934 1507 3005 λεγόντων
1559 2936 1750 3007 ἔχοντα

157 3029 259 3082 τὶν
304 3026 509 3098 Κύριον
534 3027 1032 3098 παραγεγενῆσθαι.
1059 3028 1157 3089 Τίς
1193 3028 1249 3081 δὲ
1275 3030 1431 3099 χρεία
1460 3030 1559 3099 τῆς
1591 3030 1750 3099 ἁγίας
1775 3070 1818 3126 c

156 3117 471 3190 Παρθένου,
505 3119 552 3172 εί
585 3117 659 3190 μὴ
687 3120 750 3172 ὲκ
780 3118 871 3172 τοῦ
910 3120 1228 3191 φυράματος
1257 3121 1349 3174 τοῦ
1382 3122 1555 3193 Ἀδάμ
1583 3122 1743 3193 ἔμελ-

156 3212 259 3266 λεν
318 3213 353 3284 ἡ
391 3210 648 3282 θεοφόρος
684 3209 822 3282 σὰρξ
853 3211 963 3282 (τι)
1008 3213 1547 3284 προσλαμϐάνεσθαι;
1585 3215 1745 3269 Ἀλλὰ

152 3307 250 3370 τίς
278 3303 422 3358 οὕτω
446 3303 734 3377 τολμηρὸς,
764 3303 904 3357 ὥστε
933 3303 993 3358 τὸ
1018 3305 1182 3359 πάλαι
1208 3305 1483 3378 σιωπηθὲν
1512 3306 1746 3360 Οὐαλεν-

153 3397 316 3451 τίνου
344 3396 519 3466 δόγμα
546 3397 641 3450 νῦν
678 3395 843 3450 πάλιν
881 3396 967 3450 διὰ
998 3397 1324 3466 σοφιστικῶν
1359 3400 1619 3471 ῥημάτων
1651 3399 1746 3453 καὶ

155 3489 266 3561 τῆς
304 3487 371 3542 ὲκ
404 3487 513 3542 τῶν
551 3487 784 3561 Γραφῶν
811 3488 970 3562 δῆθεν
1011 3490 1316 3564 μαρτυρίας
1354 3490 1742 3557 ἀνανεοῦσθαι;

157 3585 241 3637 Οὐ
279 3581 392 3654 γὰρ
427 3581 691 3653 νεώτερον
729 3583 887 3638 τοῦτο
921 3584 1021 3653 τῆς
1057 3583 1333 3653 δοκήσεως
1372 3581 1483 3654 (75)
1518 3582 1579 3635 τὸ
1616 3583 1742 3636 ἀσέ-

157 3677 344 3745 ϐημα,
378 3673 512 3728 ἀλλὰ
535 3674 701 3728 πάλαι
732 3675 840 3728 ἀπὸ
870 3675 964 3728 τοῦ
1005 3675 1402 3746 ματαιὸφρονος
1440 3672 1744 3747 ἀρξάμενον

157 3764 543 3829 Οὐαλεντίνου,
556 3764 635 3829 ὃς,
658 3765 845 3835 ὀλίγας
858 3765 949 3819 τοῦ
965 3766 1285 3819 Ἀποστὸλου
1306 3765 1479 3830 λέξεις
1500 3766 1745 3818 ἀποσπα-

158 3858 362 3930 ράξας,
406 3857 468 3911 τὸ
522 3857 780 3921 δυσσεϐὲς
830 3856 1006 3928 ἑαυτῷ
1061 3857 1429 3912 κατεσκεύασε
1479 3856 1742 3926 πλάσμα,

157 3949 384 4023 μορφὴν
434 3949 609 4019 λέγων
653 3949 861 4015 δούλου,
909 3950 1004 4004 καὶ
1049 3950 1171 4021 οὐχὶ
1215 3951 1377 4004 αὐτὸν
1416 3950 1507 4003 τὸν
1559 3948 1744 4004 δοῦλον

152 4041 532 4112 ἀνειληφέναι,
565 4044 660 4096 καὶ
693 4046 751 4096 ὲν
795 4044 1031 4115 σχήματι
1072 4042 1246 4111 λέγων
1279 4043 1370 4096 τὸν
1420 4040 1623 4113 Κύριον
1654 4058 1744 4108 γε·

151 4130 451 4203 γενῆσθαι,
489 4132 603 4185 ἀλλ’
638 4133 759 4204 οὐχὶ
789 4132 951 4187 αὐτὸν
979 4132 1068 4186 τὸν
1091 4132 1375 4206 ἄνθρωπον
1410 4135 1540 4205 παρ’
1576 4131 1741 4186 αὐτοῦ

233 4286 285 4321 ⁸⁸
325 4283 505 4342 Gallt.
544 4303 639 4354 ιιι,
682 4288 767 4343 i9.
844 4289 889 4321 "
912 4287 1089 4343 Galat.
1129 4304 1204 4351 iv,
1242 4289 1296 4343 4.

1849 1847 1960 1886 non
2007 1831 2159 1886 dedit
2211 1831 2548 1903 Redemptor
2599 1850 2698 1903 pro
2749 1836 2911 1893 nobis
2945 1839 3180 1909 pretium
3229 1843 3418 1905 morti,

1848 1939 1952 1978 nec
1979 1939 2076 1994 per
2119 1923 2362 2003 seipsum
2395 1927 2592 1983 mortis
2626 1943 2858 1999 regnum
2888 1932 3152 1987 resecuit.
3182 1933 3241 1988 Si
3272 1935 3419 1989 enim

1850 2014 1997 2069 aliud
2029 2025 2180 2070 esset
2212 2015 2359 2085 quod
2391 2017 2587 2072 mortis
2641 2018 2874 2088 imperio
2923 2021 3232 2093 subjectum
3278 2031 3421 2091 erat,

1850 2105 1999 2160 aliud
2050 2108 2196 2178 quod
2246 2117 2586 2179 assumptum
2616 2107 2963 2181 a'Domino;
3006 2128 3116 2170 non
3166 2115 3423 2173 desiisset

1849 2215 2000 2255 mors
2037 2215 2102 2255 ea
2144 2216 2267 2271 quae
2298 2216 2396 2256 sua
2445 2211 2596 2267 sunt,
2635 2204 2876 2274 operari,
2918 2220 3021 2260 nec
3058 2205 3270 2262 lucrum
3321 2223 3424 2263 na-

1849 2299 2024 2345 strum
2066 2290 2224 2346 factae
2267 2290 2502 2347 fuissent
2550 2293 2772 2349 deiferae
2817 2295 3008 2351 carnis
3065 2297 3354 2366 passiones
3404 2318 3419 2356 :

1850 2399 1959 2437 non
1989 2384 2358 2441 interemisset
2387 2397 2670 2455 peccatum
2707 2388 2763 2442 in
2796 2402 3002 2457 carne;
3038 2405 3149 2445 non
3177 2391 3232 2446 in
3260 2392 3421 2448 Chri-

1852 2483 1940 2529 sto
1994 2473 2254 2529 vivilicati
2317 2474 2633 2544 fuissemus,
2696 2478 2789 2546 qui
2829 2493 3052 2535 eramus
3100 2481 3158 2536 in
3212 2482 3423 2539 Adamo

1850 2565 2094 2632 mortui;
2146 2580 2255 2619 non
2313 2576 2586 2621 resartum
2641 2565 2857 2633 fuisset,
2910 2570 3059 2640 quod
3120 2572 3420 2644 collapsum

1848 2663 2005 2723 erat;
2055 2671 2165 2711 non
2209 2657 2602 2723 instauratum,
2659 2659 2807 2730 quod
2858 2660 3258 2730 confractum;
3312 2682 3423 2722 non

1850 2751 2207 2821 coniunctum
2272 2750 2414 2819 Deo,
2462 2753 2611 2822 quod
2671 2755 2942 2824 serpentis
3004 2754 3196 2814 fraude
3247 2758 3427 2816 fuerat

1851 2842 2239 2897 abalienatum.
2294 2841 2423 2898 Haec
2464 2845 2613 2899 enim
2674 2845 2860 2900 omnia
2908 2847 3178 2903 tolluntur
3214 2850 3284 2908 ab
3332 2850 3423 2917 iis,

1851 2934 1948 3005 qui
1999 2934 2287 2990 dominum
2343 2935 2536 2990 dicunt
2591 2936 2817 2993 caeleste
2875 2952 3079 3009 corpus
3132 2940 3424 2998 habentem

1852 3025 2160 3082 advenisse.
2183 3024 2326 3092 Quid
2356 3034 2539 3081 autem
2567 3042 2705 3097 opus
2740 3038 2928 3084 sancta
2964 3029 3210 3102 Virgine,
3234 3035 3278 3089 si
3314 3049 3426 3090 non

1850 3131 1916 3170 ex
1941 3116 2136 3171 Adami
2170 3133 2353 3173 massa
2394 3119 2727 3173 assumenda
2766 3129 2886 3176 erat
2925 3136 3056 3178 caro
3084 3122 3289 3179 deifcra
3309 3126 3333 3180 ?
3356 3127 3427 3180 At

1850 3207 1976 3277 quis
2010 3211 2082 3262 ita
2123 3207 2322 3271 audax,
2358 3215 2417 3262 ut
2460 3208 2670 3278 jamdiu
2712 3210 2931 3266 silentio
2959 3212 3196 3284 sopitum
3229 3213 3427 3272 Valen-

1850 3301 1951 3353 tini
1987 3299 2187 3371 dogma
2223 3316 2371 3355 nunc
2397 3317 2592 3357 rursus
2624 3302 2805 3358 verbis
2834 3303 3153 3374 SOphisticis
3182 3306 3428 3379 Scriptu-

1851 3405 2147 3460 rarumque
2194 3389 2406 3446 scilicet
2447 3392 2763 3446 testimonio
2811 3396 3071 3450 renovet?
3110 3395 3231 3453 Non
3278 3401 3425 3455 enim

1850 3496 2046 3536 recens
2073 3487 2159 3537 est
2197 3482 2426 3552 impium
2458 3481 2591 3536 illud
2621 3481 2690 3537 de
2728 3486 3046 3554 apparentia
3076 3485 3297 3559 dogma,
3329 3493 3425 3546 sed

1845 3576 1960 3647 jam
1996 3575 2126 3630 olim
2167 3575 2237 3630 ab
2280 3574 2491 3628 insulso
2528 3573 2742 3628 initium
2774 3574 2966 3632 habuit
2988 3575 3303 3646 Valentino,
3331 3583 3426 3652 qui

1849 3684 2056 3741 paucas
2105 3668 2355 3737 Apostoli
2395 3665 2670 3722 dictiones
2711 3667 2998 3738 divellens,
3046 3670 3276 3743 impium
3321 3674 3427 3730 sibi

1849 3764 1967 3833 ipse
1998 3766 2368 3817 commentum
2412 3761 2635 3825 struxit,
2687 3759 2920 3816 formam
2949 3761 3143 3819 dicens
3168 3766 3334 3831 servi,
3370 3778 3426 3825 et

1848 3868 1961 3909 non
1991 3853 2170 3924 ipsum
2203 3867 2425 3907 servum
2454 3860 2800 3922 assumptum
2832 3852 3028 3920 fuisse,
3054 3863 3111 3911 et
3141 3856 3197 3912 in
3226 3858 3424 3915 simili-

1849 3943 2040 3999 tudine
2070 3941 2364 3998 Dominum
2393 3941 2597 3996 factum
2619 3957 2743 3998 esse
2767 3947 3156 4014 pronuntians,
3189 3949 3423 4008 sed.non

1848 4036 2028 4107 ipsum
2088 4034 2362 4090 hominem
2420 4037 2490 4091 ab
2523 4049 2590 4091 eo
2654 4033 2831 4091 fuisse
2888 4045 3255 4110 assumptum.
3318 4040 3423 4099 His

1850 4135 2082 4199 cognata
2146 4127 2405 4182 videntur
2473 4127 2566 4184 isti
2640 4126 2880 4196 effutire,
2948 4130 3151 4201 quibus
3199 4133 3422 4203 quidem

234 4420 363 4494 (701
386 4418 509 4494 Τῶν
547 4421 893 4494 ᾀ-κθρώπων.
930 4423 1007 4479 ita
1037 4424 1204 4479 Coisl.
1238 4433 1489 4494 uterque,
1534 4424 1655 4480 Vat.
1686 4437 1738 4481 ct
1774 4425 1814 4479 D
1844 4425 2372 4494 cetarumprinceps
2400 4422 2582 4478 dictus
2610 4431 2716 4478 est.
2751 4421 2953 4477 Verum
2991 4422 3178 4494 abjiis
3211 4424 3424 4481 discre-

148 4488 504 4567 d_m:)_lleg_ii.
555 4488 966 4567 Editijtdt‘ntov
1012 4494 1336 4567 ἀνθρώπων.
1381 4488 1563 4567 Ῥοιιίς)
1620 4507 1743 4567 pust

147 4562 338 4636 Coisl.
375 4562 587 4636 primus
621 4571 675 4636 et
711 4562 848 4636 Med.
880 4562 1143 4636 ἐνσαρκος
1179 4563 1463 4636 ἐπιδημία.
1499 4562 1745 4622 Νοιίεκ-

148 4639 278 4688 stat
310 4631 427 4685 haec
455 4633 689 4702 epistola
723 4635 777 4702 in
808 4634 996 4689 codice
1016 4631 1336 4692 'llarlaaano.

235 4701 676 4771 (7|)_va9:ala.
733 4701 810 4756 Ita
855 4712 1087 4759 vetustae
1130 4704 1402 4760 editiones
1449 4713 1503 4761 et
1550 4723 1744 4764 omnes

146 4768 534 4847 msernEditio
555 4768 890 4847 Parisiensis
916 4776 1175 4846 κραταιᾷ,
1200 4776 1254 4847 in
1289 4793 1450 4830 manu
1484 4777 1637 4847 forti.

234 4839 351 4915 (32)
379 4842 713 4915 Γενόμεκος
742 4843 811 4897 ὲκ
853 4839 1159 4915 γζηλαικόςῖ,
1212 4844 1414 4915 Regius
1467 4839 1743 4903 secundus

144 4921 219 4987 et
240 4910 723 4987 CdisL-seeundus
749 4910 1452 4987 γεννῴμενοςζΡαιιιᾶροει
1480 4918 1612 4973 editi
1638 4918 1742 4972 ὑπὸ

143 4980 356 5056 νόμους
383 4980 635 5056 ﬁerique
664 4980 1139 5056 uiss._bnb:v6pov.

233 5048 353 5128 (25)
388 5048 469 5128 Ti}
502 5048 775 5128 eamea;
799 5053 968 5128 cois].
1015 5048 1293 5128 secundus
1337 5065 1392 5128 et
1416 5063 1547 5128 tres
1582 5055 1740 5128 Regii

142 5119 479 5198 compesce
496 5120 712 5198 ἑαυτού.
737 5121 909 5198 Paulo
927 5133 1053 5195 post
1076 5125 1217 5182 Med.
1249 5134 1304 5182 et
1332 5125 1501 5183 Coisl.
1530 5119 1741 5198 primus

138 5192 222 5245 ὲν
246 5189 343 5264 τῷ-
365 5190 539 5264 Ἀδὰμ
555 5189 1011 5264 ἀποθνήσκοντες.

235 5259 354 5333 (Τί)
384 5259 459 5333 ᾘ
487 5259 771 5332 θεοφόροξ
799 5259 979 5333 σάρξ,
1021 5264 1159 5322 Male
1187 5264 1242 5319 in
1277 5265 1541 5322 Vaticano
1562 5276 1617 5324 et
1638 5269 1737 5323 tri-

138 5328 280 5411 bus
304 5328 494 5411 Regiis
533 5328 971 5411 η’χριστοφορος
1016 5333 1171 5407 σάρξ.
1212 5335 1336 5392 Mox
1372 5335 1508 5392 illud
1552 5338 1737 5410 δῆθεν,

137 5400 387 5461 scilicet,
422 5400 669 5455 ironiani'
699 5400 923 5459 indicat.

234 5470 347 5540 (75)
390 5468 507 5544 Τῆς
533 5470 859 5544 δοκήσεως.
907 5472 1045 5529 Illud
1091 5478 1412 5544 apparentia;
1456 5494 1737 5535 commen-

132 5550 277 5598 tum
309 5541 533 5610 proprie
561 5542 674 5597 illis
709 5544 993 5609 tribuitur,
1027 5541 1133 5616 qui
1157 5541 1380 5604 carnem
1428 5551 1735 5620 phantasti-

131 5624 283 5667 cam
316 5609 947 5687 Christo‘attribuehaut
981 5634 994 5669 :
1026 5617 1213 5687 quales
1261 5620 1415 5675 fuere
1464 5626 1590 5687 post
1643 5618 1733 5674 Si-

131 5635 283 5667 οδω
316 5635 542 5664 uurlstu
578 5635 947 5668 attrluueuant
981 5635 994 5669 :
1026 5635 1213 5687 quales
1261 5635 1415 5675 luere
1464 5635 1590 5690 ροει
1643 5635 1733 5674 δι-

129 5694 415 5738 meouem
454 5681 743 5747 Basilides,
789 5683 1026 5739 Marcion
1053 5695 1108 5741 et
1133 5687 1459 5757 Cassianus,
1501 5691 1595 5761 qui
1625 5689 1733 5746 Do—

488 5778 761 5842 ΡΑΤιιοι..
809 5780 924 5842 Gn.
977 5783 1238 5844 XXXII.

1851 4499 2013 4566 pahat
2064 4490 2409 4566 Valentinus.
2454 4501 2987 4566 eumquetestatur
3046 4490 3422 4566 Tertullianus

1848 4563 2070 4620 carnem
2106 4575 2162 4619 et
2195 4565 2538 4618 nativitatem
2587 4563 2810 4618 Christo
2839 4563 3179 4626 attribuisse,
3214 4565 3306 4619 lib.
3343 4565 3422 4621 De

1846 4653 2004 4691 carne
2051 4634 2251 4690 Christi
2283 4650 2406 4703 cap.
2445 4636 2496 4696 i,
2547 4633 2800 4703 quamvis
2839 4633 2994 4704 hanc
3032 4648 3271 4704 carnem
3323 4650 3422 4704 per

1844 4705 2071 4761 Mariam
2103 4706 2273 4759 veluti
2308 4702 2404 4775 per
2445 4702 2637 4759 tubum
2678 4702 3422 4775 transiisse_ﬁngeret.ﬂCur

1844 4791 1975 4845 ergo
2006 4776 2117 4845 τῆς
2151 4772 2426 4845 δοκήσεως
2457 4783 2735 4845 auctorem
2774 4773 2928 4845 illum
2973 4772 3106 4826 facit
3142 4773 3423 4830 Basilius?

1844 4843 2072 4903 Videtur
2102 4844 2160 4899 S.
2197 4843 2360 4900 Pater
2404 4847 2472 4901 de
2519 4843 2811 4898 Valentino
2853 4843 2935 4898 sic
2973 4846 3252 4904 statuisse.
3290 4846 3420 4913 quia

1844 4921 1992 4976 illius
2031 4919 2099 4972 de
2136 4916 2348 4970 cmlesti
2385 4930 2555 4969 carne
2580 4913 2788 4968 Christi
2821 4924 3193 4968 commentum
3225 4917 3417 4969 eodem

1841 4990 2058 5048 redibat
2109 5001 2174 5039 ac
2225 4984 2521 5041 Marcionis
2575 4985 2908 5055 apparentia.
2973 4982 3217 5055 Utraque
3268 4986 3415 5039 enim

1842 5060 2031 5145 Opinio
2068 5054 2872 5145 Incal‘uatipuemlevertebat:
2915 5060 3151 5145 utraque
3194 5068 3417 5145 carnem

1839 5124 2111 5203 eiusmodi
2148 5125 2435 5194 aliingebat
2466 5125 2707 5189 Christo,
2743 5138 2866 5203 quae
2890 5138 3015 5179 cum
3045 5124 3235 5203 eadem
3266 5125 3421 5203 vide'

1841 5194 1994 5259 retur
2024 5215 2089 5254 ac
2126 5204 2337 5259 nostra,
2387 5210 2491 5250 nec
2529 5204 2710 5249 tamen
2751 5194 2941 5249 eadem
2979 5202 3146 5257 esset,
3175 5210 3283 5248 non
3316 5194 3419 5248 im-

1841 5274 2035 5328 merito
2065 5267 2407 5340 phanla‘stica
2436 5264 2544 5340 di_ci
2577 5264 2774 5340 potuit.
2818 5263 2897 5318 Eo
2926 5263 3191 5340 libentius
3217 5264 3271 5340 i_n
3295 5279 3416 5319 eam

1840 5333 2314 5414 partem-accipio
2363 5334 2423 5390 S.
2469 5333 2657 5391 Basilii
2704 5334 3056 5414 sententiam,
3083 5335 3247 5414 _quod
3290 5348 3418 5414 eum

1838 5402 2064 5468 minime
2109 5402 2368 5462 latuerint
2402 5413 2721 5475 commenta
2741 5402 3056 5475 Valentini._
3083 5402 3215 5458 Nam
3254 5406 3420 5475 paulo

1838 5491 1968 5539 ante
2005 5494 2131 5534 cum
2170 5493 2266 5534 eos
2300 5484 2539 5539 notaret,
2574 5477 2668 5545 qui
2702 5474 3001 5545 Dominum
3027 5473 3288 5531 dicebant
3313 5491 3423 5529 caa-

1838 5555 1965 5609 leste
1998 5564 2187 5616 corpus
2226 5548 2500 5601 habentem
2523 5542 2816 5607 adbenisse,
2857 5542 3067 5616 tamdiu,
3090 5545 3303 5600 silentio
3332 5561 3421 5600 so-

1835 5626 2007 5696 pitum
2046 5615 2314 5678 Valentini
2346 5618 2539 5688 dogma
2571 5618 2639 5672 ab
2660 5618 2742 5671 eis
2762 5615 3013 5672 renovari
3041 5615 3305 5671 declarat.

3024 5780 3090 5841 31
