3856 6224
269 372 379 432 977

1159 378 1662 438 EPISTOLARUM
1692 379 1983 439 CLASSIS
2020 382 2081 438 Il.
2121 380 2339 439 EPIST.
2370 379 2641 438 CCLXIII.

3438 376 3541 431 978

269 487 547 561 προϐάτου
582 486 1059 561 περιϐεϐλημένοι,
1099 491 1195 544 καὶ
1234 491 1334 562 τὴν
1365 493 1689 563 ἐπιφάνειαν
1715 494 1857 566 ἣμε-

1968 510 2026 549 ac
2078 496 2316 567 speciem
2371 493 2631 551 blandam
2680 507 2794 565 pra:
2846 505 2906 548 se
2961 489 3147 547 ferunt
3203 506 3269 546 ac
3321 492 3540 561 lenem,

270 598 367 655 ρον
400 579 829 653 προϐαλλόμενοι
861 581 956 634 καὶ
983 585 1236 653 πραεῖαν,
1276 582 1488 638 ἔνδοθεν
1512 584 1571 639 δὲ
1604 590 1856 657 σπαράσ-

272 691 459 739 σοντες
501 673 734 743 ἀφειδῶς
766 674 836 728 τά
867 674 960 728 τοῦ
993 676 1228 747 Χριστοῦ
1266 680 1513 750 ποίμνια,
1549 681 1645 735 καὶ
1675 681 1764 737 διὰ
1795 682 1857 736 τὸ

270 767 332 832 ἐξ
380 766 535 839 ἡμῶν
575 766 891 839 ὡρμῆσθαι,
941 769 1180 834 εὐκόλως
1235 772 1599 842 ἐμϐάλλοντες
1652 773 1857 848 βλάϐην

268 861 384 923 τοῖς
411 859 800 932 ἁπλουστέροις
820 876 835 891 ο
883 852 1029 914 οὗτοί
1058 862 1198 915 εἰσιν
1237 865 1286 917 oi
1335 866 1565 935 χαλεποὶ
1595 868 1689 921 καὶ
1725 868 1856 923 δυσ-

270 951 556 1023 φύλακτοι.
595 950 705 1015 Οὓς
754 951 1013 1025 ἀξιοῦμεν
1046 955 1199 1024 παρὰ
1242 959 1345 1028 τῆς
1389 958 1662 1031 ὑμετέρας
1699 961 1857 1033 ἀκρι-

271 1043 426 1108 ϐείας
461 1045 600 1115 πρὸς
654 1044 835 1110 πάσας
875 1046 974 1112 τὰς
1008 1048 1152 1103 κατά
1184 1037 1283 1121 τὴν
1303 1049 1595 1122 Ἀνατολὴν
1628 1053 1857 1125 Ἐκκλη-

272 1134 397 1197 σίας
455 1134 917 1208 δημοσιευθῆναιο
976 1138 1085 1205 ἵνα,
1110 1139 1145 1211 ἢ
1188 1140 1676 1213 ὀρθοποδήσαντες,
1719 1160 1855 1216 γνηο

272 1227 405 1290 σίως
439 1220 541 1280 ὦσι
576 1229 674 1281 σὺν
708 1229 863 1300 ἡμῖν,
905 1229 938 1301 ἢ
975 1231 1226 1302 μένοντες
1252 1232 1345 1285 ἐπὶ
1372 1233 1471 1305 τῆς
1500 1234 1852 1307 διαστροφῆς,

270 1320 331 1372 ὲν
360 1320 573 1384 ἑαυτοῖς
616 1319 799 1390 μόνοις
839 1322 939 1395 τὴν
974 1321 1181 1395 βλάϐην
1230 1323 1414 1396 ἔχωσι,
1451 1325 1526 1398 μὴ
1568 1326 1857 1399 δυνάμενοι

269 1409 337 1462 ἐκ
367 1412 467 1483 τῆς
495 1410 808 1479 ἀφυλάκτου
838 1414 1125 1478 κοινωνίας
1149 1416 1419 1487 τῆςηίδίας
1451 1417 1607 1472 νόσου
1640 1421 1858 1491 μεταδι-

268 1499 422 1554 δόναι
467 1502 578 1569 (97)
625 1505 740 1567 τοῖς
789 1504 1203 1575 πλησιάζουσιν.
1264 1507 1502 1582 Ἀνάγκη
1547 1509 1603 1564 δὲ
1650 1511 1856 1568 τούτων

267 1591 533 1663 ὀνομαστὶ
565 1594 892 1667 μνησθῆναι,
941 1597 1029 1650 ἵνα
1070 1597 1166 1650 καὶ
1203 1598 1357 1652 αὐτοὶ
1397 1600 1703 1673 γνωρίσητε
1728 1602 1857 1669 τοὺς

267 1685 514 1756 ταραχὰς
544 1688 672 1758 παρ’
704 1689 839 1761 ἡμῖν
871 1688 984 1761 (98)
1016 1689 1544 1763 ὲργαζομένους,καὶ
1569 1692 1689 1759 ταῖς
1730 1693 1856 1749 Ἐκ-

268 1779 519 1851 κλησίαις
551 1780 707 1853 ἡμῶν
752 1782 985 1852 φανερὸν
1033 1786 1414 1856 καταστήσατε
1449 1786 1584 1857 (99).
1655 1790 1715 1841 '0
1755 1788 1882 1858 μὲνΔ

1960 589 2108 643 intus
2163 603 2297 643 vero
2342 587 2617 642 dilaniant
2651 585 2953 642 crudeliter
3014 584 3224 641 Christi
3285 600 3537 656 gregem,

1957 685 2011 734 et
2043 690 2328 749 propterea
2370 676 2517 749 quod
2556 693 2624 733 ex
2675 676 2838 732 nobis
2895 675 3075 730 exorti
3130 681 3301 743 sunt,
3380 674 3544 730 facile

1956 769 2256 840 perniciem
2304 767 2550 823 inferunt
2585 766 3071 838 simplicioribus;
3136 765 3192 820 bi
3245 772 3411 831 sunt,
3446 765 3542 836 qui

1959 861 2264 915 molestiam
2332 859 2641 923 exhibent,
2697 873 2762 913 ac
2840 872 2984 929 aegre
3056 857 3218 913 vitari
3287 864 3539 928 possunt.

1958 953 2070 1011 Hos
2130 969 2390 1025 rogamus
2440 963 2499 1008 ut
2529 963 2710 1009 vestra
2765 951 3049 1023 diligentia
3099 951 3359 1006 omnibus
3418 948 3545 1005 Ori-

1957 1047 2101 1102 entis
2150 1044 2414 1102 Ecclesiis
2463 1044 2774 1109 denuntiet,
2843 1052 2923 1109 ut,
2986 1052 3084 1097 aut
3156 1049 3363 1097 rectam
3400 1041 3543 1096 viam

1958 1136 2195 1207 ingressi
2266 1136 2481 1192 sincere
2548 1142 2844 1190 versentur
2915 1133 3230 1199 nobiscum,
3310 1139 3426 1197 aut,
3496 1130 3545 1187 si

1959 1226 2016 1280 in
2064 1242 2164 1281 sua
2205 1230 2581 1295 permaneant
2651 1224 3042 1297 perversitate,
3129 1223 3393 1278 damnum
3458 1223 3547 1279 in-

1959 1326 2044 1373 tra
2100 1334 2160 1375 se
2194 1321 2343 1375 solos
2401 1322 2744 1384 contineant,
2807 1335 2909 1374 nec
2943 1318 3159 1390 possint
3203 1333 3270 1373 ex
3324 1318 3546 1373 incauta

1958 1410 2347 1466 communione
2396 1410 2647 1465 morbum
2682 1425 2844 1466 suum
2893 1425 3020 1465 cum
3073 1410 3344 1480 proximis
3395 1425 3547 1464 com—

1958 1501 2267 1558 municare.
2322 1501 2562 1557 Necesse
2613 1513 2699 1557 est
2732 1511 2916 1557 autem
2963 1501 3162 1556 horum
3220 1501 3545 1556 nominatim

1959 1594 2276 1650 meminisse
2306 1634 2320 1659 ,
2378 1600 2439 1648 ut
2473 1601 2528 1649 et
2569 1593 2676 1665 ipsi
2730 1594 3082 1666 cognoscatis
3138 1609 3235 1650 eos
3287 1594 3381 1664 qui
3429 1603 3548 1648 tur-

1960 1682 2059 1738 bas
2117 1684 2262 1754 apud
2295 1698 2397 1739 nos
2444 1690 2710 1749 movent,
2761 1699 2968 1757 eosque
3020 1684 3234 1740 nostris
3280 1682 3546 1739 Ecclesiis

1962 1775 2286 1831 manifestos
2337 1775 2520 1831 facite.
2570 1774 2707 1830 Nam
2770 1792 2954 1832 sermo
3006 1784 3199 1832 noster
3255 1784 3546 1848 suspectus

268 1843 383 1946 γὰρ
416 1874 545 1945 παρ’
573 1843 733 1945 ζημῶν
764 1843 923 1944 λόγος
959 1874 1198 1941 ὕποπτός
1223 1843 1341 1930 ἐστι
1373 1843 1486 1942 τοῖς
1512 1843 1856 1945 τέολλοῖςίὼς

1968 1875 2043 1922 est
2098 1867 2389 1938 pluribus,
2437 1869 2598 1938 quasi
2658 1869 2802 1924 forte
2856 1869 2928 1924 ob
2975 1869 3222 1939 privatas
3276 1843 3543 1940 quasdam

266 1965 413 2035 τάχα
441 1964 531 2020 διά
560 1983 711 2030 τινας
760 1967 1036 2031 ἰδιωτικάς
1085 1968 1418 2037 φιλονεικίας
1459 1969 1559 2042 τὴν
1590 1971 1856 2043 μικροψυ-

269 2056 395 2127 χίαν
426 2056 565 2128 πρὸς
592 2058 790 2122 αὐτοὺς
828 2057 1100 2128 ἑλομένων
1119 2076 1133 2089 ο
1183 2060 1340 2129 ὑμεῖς
1382 2059 1458 2127 δὲ,
1487 2059 1608 2113 ὅσον
1641 2060 1855 2131 μακρὰν

268 2147 450 2202 αὐτῶν
493 2148 565 2219 (1)
610 2149 987 2220 ἀπῳκισμένοι
1038 2152 1359 2221 τυγχάνετε,
1407 2150 1645 2222 τοσούτῳ
1696 2151 1857 2205 πλέον

267 2238 424 2312 παρά
452 2243 564 2304 τοῖς
602 2241 751 2305 λαοῖς
801 2242 863 2295 τὸ
908 2243 1223 2310 ἀξιόπιστον
1255 2243 1430 2315 ἔχετε,
1478 2243 1614 2318 πρὸς
1642 2243 1721 2316 τῷ
1760 2244 1856 2299 καὶ⁹

264 2331 366 2403 τὴν
398 2332 549 2403 παρὰ
595 2332 687 2386 τοῦ
721 2333 856 2387 Θεοῦ
891 2334 967 2406 (2)
1004 2335 1165 2407 χάριν
1209 2334 1560 2405 συναίρεσθαι
1601 2337 1730 2407 ὑμῖν
1774 2339 1855 2400 είς

266 2425 366 2496 τὴν
399 2425 541 2497 ὑπὲρ
572 2426 681 2479 τῶν
712 2427 1204 2499 καταπονουμένων
1248 2428 1588 2498 ἐπιμέλειαν.
1641 2429 1766 2481 Ἐὰν
1797 2428 1855 2481 δὲ

268 2517 365 2569 καὶ
407 2515 714 2587 συμφώνως
743 2516 988 2581 πλείονες
1017 2517 1154 2589 ὁμοῦ
1188 2517 1256 2571 τὰ
1295 2518 1434 2572 αὐτὰ
1466 2518 1852 2590 δογματίσητε,

266 2605 447 2678 δῆλον,
483 2608 564 2660 ὃτι
608 2608 669 2661 τὸ
715 2607 918 2673 πλῆθος
960 2608 1069 2662 τῶν
1111 2608 1558 2680 δογματισάντων
1605 2610 1857 2682 ἀναντίρ-

270 2700 436 2770 ρητον
482 2700 619 2752 πᾶσι
676 2699 776 2772 τὴν
823 2701 1136 2774 παραδοχὴν
1184 2702 1586 2756 κατασκευάσει
1634 2701 1728 2755 τοῦ
1769 2700 1857 2755 δό-

265 2804 499 2860 γματος.

338 2880 395 2934 3.
441 2881 597 2934 Ἔστι
627 2882 810 2938 τοίνυν
840 2878 922 2947 εἷς
958 2882 1068 2937 τῶν
1109 2885 1309 2956 πολλὴν
1345 2887 1477 2956 ἡμῖν
1511 2903 1853 2940 κατασκευα-

267 2968 472 3037 ζόντων
514 2974 590 3043 (5)
624 2973 802 3046 λύπην
847 2975 1147 3040 Εὐστάθιος
1194 2979 1223 3030 ὁ
1268 2979 1334 3030 ὲκ
1377 2977 1479 3048 τῆς
1527 2978 1856 3044 Σεϐαστείας

265 3059 368 3131 τῆς
401 3062 544 3116 κατὰ
575 3062 674 3133 τὴν
709 3063 912 3135 μικρὰν
953 3066 1277 3135 Ἀρμενίαν⁶
1328 3066 1407 3132 ὃς,
1459 3067 1627 3121 πάλαι
1677 3068 1854 3140 μαθη-

265 3152 479 3216 τευθεὶς
529 3154 607 3224 τῷ
668 3154 880 3225 Ἀρείῳ,
933 3156 1028 3208 καὶ
1074 3157 1164 3209 ὅτε
1215 3156 1291 3227 (4)
1342 3157 1589 3229 ἤκμαζεν
1632 3159 1724 3213 ἐπὶ
1757 3159 1927 3243 τῆςίι

282 3245 718 3318 Ἀλεξανδρείας,
769 3247 868 3310 τὰς
909 3249 1154 3319 πονηράς
1187 3249 1330 3306 κατὰ
1375 3248 1469 3303 τοῦ
1517 3249 1856 3319 Μονογενοῦς

271 3336 542 3400 συντιθεὶς
590 3338 958 3410 βλασφημίας,
993 3339 1303 3394 ἀκολουθῶν
1349 3340 1563 3411 ἐκείνῳ,
1603 3343 1697 3396 καὶ
1745 3345 1857 3405 τοῖς

266 3431 665 3501 γνησιωτάτοις
731 3432 899 3491 αὐτοῦ
950 3431 1060 3485 τῶν
1131 3433 1388 3504 μαθητῶν
1452 3434 1854 3505 ἐναριθμούμε-

266 3538 359 3585 νος
386 3523 486 3591 (5),
522 3523 711 3594 ἐπειδὴ
747 3522 1050 3595 ἐπανῆλθεν
1080 3524 1160 3587 είς
1191 3525 1288 3597 τὴν
1328 3527 1545 3587 ἑαυτοῦ,
1571 3525 1648 3596 τῷ
1681 3544 1857 3595 μακα-

268 3613 524 3684 ριωτάτῳ
565 3614 853 3685 ὲπισκόπῳ
900 3613 974 3686 (6)
1016 3616 1334 3686 Ἑρμογένει
1376 3616 1454 3687 τῷ
1497 3619 1852 3687 Καισαρείας,

267 3704 511 3775 κρίνοντι
556 3705 721 3758 αὐτὸν
764 3707 859 3758 ἐπὶ
891 3709 956 3777 τῇ
1002 3706 1314 3778 κακοδοξίᾳ,
1354 3707 1645 3778 ὁμολογίαν
1687 3707 1855 3761 ἔδωκε

270 3794 509 3858 πίστεως
545 3794 751 3863 ὑγιοῦς.
800 3796 910 3850 Καὶ
943 3796 1086 3849 οὕτω
1113 3798 1211 3869 τὴν
1261 3796 1595 3868 χειροτονίαν
1642 3799 1732 3850 ὑπ’
1760 3797 1858 3851 αὑ-

267 3887 365 3942 τοῦ
406 3887 696 3959 δεξάμενος
731 3888 826 3958 (7),
884 3890 1022 3960 μετὰ
1049 3890 1147 3961 τὴν
1176 3890 1384 3943 ἐκείνου
1421 3890 1676 3961 κοίμησιν
1716 3888 1852 3962 πρὸς

267 3980 360 4034 τὸν
389 3982 483 4034 ἐπὶ
506 3980 607 4052 τῆς
638 3982 1260 4046 Κωνσταντινουπόλεως
1295 3983 1554 4036 Εὐσέϐιον
1597 3982 1851 4055 ἔδραμεν,

268 4072 482 4137 οὐδενὸς
535 4073 755 4127 ἔλαττον
794 4075 888 4126 καὶ
919 4073 1080 4125 αὑτὸν
1126 4073 1187 4126 τὸ
1230 4073 1490 4136 δυσσεϐὲς
1532 4074 1708 4144 δόγμα
1758 4072 1854 4127 τοῦ

284 4164 493 4234 ’Δρείου
548 4163 936 4228 πρεσϐεύοντα.
987 4160 1120 4217 Εἶτα
1183 4163 1392 4217 ἐκεῖθεν
1448 4164 1536 4219 διὰ
1595 4166 1713 4228 οἵας
1763 4165 1857 4236 δή·

271 4273 406 4308 ποτε
442 4255 519 4325 (8)
563 4255 742 4319 αἰτίας
784 4255 1095 4318 ἀπελαθεὶς,
1139 4254 1307 4309 ἐλθὼν
1334 4259 1448 4319 τοῖς
1492 4256 1583 4309 ἐπὶ
1619 4257 1719 4325 τῆς
1752 4273 1856 4310 πα-

270 4344 451 4416 τρίδος
498 4345 876 4416 ἀπελογήσατο
926 4345 1120 4399 πάλιν·
1159 4345 1221 4397 τὸ
1276 4346 1372 4417 μὲν
1418 4345 1677 4408 δυσσεϐὲς
1736 4350 1855 4399 ἐπι-

271 4432 647 4504 κρυπτόμενος
696 4435 971 4505 φρόνημα,
1027 4433 1288 4508 ῥημάτων
1331 4434 1387 4491 δέ
1419 4452 1541 4487 τινα
1584 4434 1849 4506 ὀρθότητα

1959 1962 2261 2016 simultates
2293 1960 2421 2015 exili
2478 1968 2533 2016 et
2580 1961 2770 2032 jejuno
2829 1961 2888 2016 in
2955 1962 3082 2018 illos
3121 1963 3306 2017 animo
3345 1963 3541 2018 simus.

1958 2049 2069 2106 Vos
2118 2065 2249 2105 vero
2300 2059 2509 2121 quanto
2560 2051 2632 2106 ob
2693 2051 2807 2106 illis
2864 2052 3083 2123 longius
3122 2051 3343 2122 degitis,
3390 2058 3547 2107 tanto

1957 2142 2220 2212 majorem
2252 2142 2397 2212 apud
2429 2143 2661 2213 populos
2690 2143 2904 2198 habetis
2944 2144 3331 2199 auctoritatem
3362 2185 3377 2212 ,
3407 2161 3547 2216 prae-

1959 2242 2207 2303 terquam
2258 2233 2405 2302 quod
2460 2232 2551 2288 Dei
2597 2233 2760 2288 etiam
2814 2234 2986 2303 gratia
3035 2248 3132 2289 vos
3191 2233 3414 2303 adjuvat
3475 2235 3545 2291 ad

1957 2324 2388 2380 succurrendum
2448 2325 2518 2380 iis
2574 2326 2667 2395 qui
2730 2336 3020 2382 vexantur.
3063 2325 3220 2393 Quod
3278 2329 3324 2383 si
3375 2328 3543 2383 etiam

1957 2418 2217 2473 concordi
2253 2419 2440 2473 animo
2476 2420 2664 2490 plures
2720 2419 2884 2473 simul
2931 2421 3121 2475 eadem
3186 2419 3498 2477 decernetis
3525 2460 3541 2487 ,

1956 2512 2303 2580 perspicuum
2319 2510 2814 2566 estmultitudinem
2844 2511 3253 2567 decernentium
3286 2513 3545 2569 omnibus

1957 2619 2361 2674 persuasuram,
2398 2610 2458 2658 ut
2487 2602 2769 2659 decretum
2795 2602 2934 2657 citra
2960 2605 3394 2661 controversiam
3419 2622 3545 2662 sus—

1957 2696 2004 2749 ci
2013 2697 2181 2765 piant.

2024 2879 2075 2935 5.
2133 2878 2226 2935 Est
2265 2881 2446 2950 itaque
2501 2896 2647 2936 unus
2683 2880 2903 2946 ex-iis,
2956 2881 3049 2951 qui
3091 2881 3252 2937 nobis
3310 2882 3541 2937 multum

1956 2972 2210 3028 exhibent
2297 2972 2607 3035 molestiae,
2665 2970 2989 3029 Eustathius
3055 2987 3122 3027 ex
3188 2970 3437 3028 Sebastia
3487 2973 3543 3028 in

1956 3066 2168 3119 minore
2200 3064 2452 3119 Armenia
2489 3102 2504 3126 ,
2539 3064 2634 3135 qui
2682 3064 2813 3119 olim
2865 3064 3096 3120 edoctus
3140 3066 3210 3119 ab
3270 3064 3401 3119 Ario
3429 3106 3444 3129 ,
3490 3073 3544 3121 et

1957 3170 2080 3210 cum
2133 3157 2179 3212 is
2211 3156 2427 3210 ﬂoreret
2454 3153 2800 3209 Alexandriae
2858 3168 3057 3225 pravas
3102 3156 3155 3209 in
3190 3152 3545 3225 llnigenituin

1959 3258 2285 3303 construens
2338 3245 2743 3315 blasphemias,
2805 3261 2929 3300 eum
2959 3254 3220 3307 secutus,
3251 3244 3416 3317 406
3461 3251 3545 3298 at-

1957 3353 2065 3407 que
2112 3338 2254 3391 inter
2299 3335 2757 3405 germanissimos
2809 3333 2960 3390 illius
2998 3332 3303 3404 discipulos
3334 3348 3545 3388 nume-

1958 3435 2114 3484 ratus
2139 3467 2155 3491 ,
2223 3436 2581 3497 posteaquam
2626 3425 2790 3480 rediit
2820 3425 2879 3479 in
2909 3424 3148 3494 patriam
3171 3465 3186 3490 ,
3221 3424 3544 3480 beatissimo

1955 3519 2218 3575 Cursarem
2248 3519 2510 3590 episcopo
2549 3516 2901 3588 Ilerniogeni,
2959 3517 3140 3586 ipsum
3197 3516 3271 3571 ob
3320 3532 3543 3586 pravam

1956 3613 2263 3669 doctrinam
2326 3611 2760 3676 condemnanti,
2827 3608 3232 3665 confessionem
3273 3624 3424 3664 sanae
3476 3609 3542 3664 ﬁ-

1956 3705 2044 3759 dei
2097 3705 2315 3758 ohtulit.
2359 3703 2540 3773 Atque
2590 3703 2666 3757 ita
2713 3701 2784 3756 ab
2841 3702 2964 3773 ipso
3029 3701 3313 3757 ordinatus
3347 3741 3363 3766 ,
3418 3710 3542 3773 post

1956 3798 2104 3852 illius
2132 3795 2517 3851 dormitionem
2572 3794 2762 3851 statim
2798 3794 2868 3848 ad
2920 3793 3223 3850 Eusebium
3251 3794 3543 3859 .Constan-

1957 3886 2375 3963 tinopolitanum
2424 3886 2714 3953 accurrit,
2753 3886 2847 3955 qui
2880 3892 2935 3941 et
2984 3884 3105 3956 ipse
3154 3885 3361 3941 nemini
3407 3901 3543 3941 con-

1956 3981 2185 4035 cedebat
2242 3980 2297 4034 in
2348 3980 2516 4049 impio
2569 3979 2693 4034 Arii
2745 3978 2999 4049 dogmate
3052 3978 3279 4033 tuendo.
3335 3976 3542 4034 Deinde

1957 4076 2086 4130 hinc
2133 4075 2203 4129 ob
2254 4074 2467 4144 aliquas
2527 4087 2771 4139 causas,
2820 4087 3165 4143 quaecunque
3220 4071 3328 4128 illa
3392 4074 3538 4137 sint,

1956 4169 2240 4239 expulsus,
2280 4181 2405 4221 cum
2467 4166 2536 4220 ad
2600 4180 2735 4221 suos
2791 4166 3090 4236 populares
3119 4164 3363 4220 venisset
3392 4204 3406 4225 ,
3440 4166 3541 4219 ite-

1957 4274 2080 4314 rum
2128 4274 2252 4315 sese
2308 4257 2600 4330 purgavit,
2661 4259 2888 4329 impiam
2966 4256 3189 4326 quidem
3252 4258 3542 4313 occultans

1957 4351 2315 4416 sententiam;
2345 4351 2402 4405 in
2440 4350 2624 4406 verbis
2659 4360 2840 4405 autem
2876 4351 3013 4406 recti
3064 4349 3273 4420 aliquid
3301 4357 3356 4404 et
3384 4364 3541 4405 accu-

1956 4444 2061 4500 rati
2090 4458 2205 4514 prae
2247 4458 2307 4499 se
2360 4442 2564 4499 ferens.
2624 4442 3014 4513 Episcopatum
3072 4440 3213 4497 forte
3267 4441 3537 4513 adeptus,

272 4524 715 4598 προϐαλλόμενος
743 4526 838 4598 (9).
877 4525 988 4583 Kal.
1032 4526 1211 4599 τυχὼν
1255 4527 1353 4598 τῆς
1402 4527 1729 4598 ἐπισκοπῆς,
1779 4529 1854 4593 ὡς

1968 4534 2107 4589 illico
2160 4533 2499 4603 eomperitur
2572 4532 3092 4591 anathematismum
3167 4532 3539 4586 consubstan-

271 4677 459 4800 ὼὲἓέ)
494 4677 902 4735 Μεταδιδόιναι.
949 4679 1117 4737 Coisl.
1161 4681 1368 4754 primus
1410 4691 1465 4736 et
1499 4682 1637 4738 Med.
1688 4700 1854 4753 μετα-

333 4764 432 4800 υνα
439 4765 476 4800 ι.

346 4818 460 4889 (98)
501 4819 644 4885 Uap'
677 4819 841 4889 ἡμῖν.
872 4819 1016 4877 Editi
1068 4822 1277 4876 addunt
1319 4825 1409 4876 καὶ
1458 4823 1526 4880 τὰ
1559 4826 1851 4883 σκάνδαλα.

275 4886 433 4954 Quod
464 4886 891 4945 additamentum
922 4892 1075 4945 deest
1103 4893 1155 4945 in
1184 4900 1309 4945 octo
1344 4910 1477 4948 mss.

346 4958 460 5028 (99)
483 4959 750 5035 Φανερῷν
774 4960 1211 5035 καταστήσητε,
1231 4961 1457 5035 Videtur
1482 4966 1654 5034 prima
1676 4966 1857 5035 specie

273 5031 587 5106 accuratior
624 5029 907 5106 editorum
958 5032 1133 5106 lectio.
1151 5034 1414 5106 φανεροὺς
1454 5029 1852 5106 καταστήσητε.

276 5097 383 5153 Sed
400 5106 581 5153 tamen
604 5099 884 5155 discedere
900 5117 1008 5159 non
1029 5097 1248 5156 libet'ab
1269 5097 1591 5159 auctoritate
1618 5097 1742 5159 octo
1757 5097 1857 5162 ’νε-

273 5176 455 5224 terum
482 5170 784 5246 _Iibrorum,
818 5185 942 5246 cum
976 5174 1279 5241 praesertim
1324 5189 1512 5246 eorum
1561 5178 1853 5246 scriptura,

273 5237 536 5317 quam_in
558 5247 723 5317 _textu
750 5237 1082 5317 postumum
1109 5243 1396 5317 commodo
1427 5260 1591 5317 sensu
1637 5237 1741 5300 non
1771 5237 1859 5317 ca;

273 5306 411 5385 licet.
437 5306 665 5385 begitur
692 5306 858 5385 etiam
876 5306 1116 5384 .E'patvepév
1156 5314 1208 5385 in
1241 5315 1480 5385 editione
1509 5313 1715 5385 Hagan.
1750 5316 1855 5371 lbi-

272 5378 397 5455 detn
436 5377 734 5455 Dymaeus
759 5377 931 5455 codex
943 5377 1073 5455 cum
1092 5384 1268 5438 tribus
1296 5381 1481 5453 Regiis
1510 5377 1857 5455 Ἐίκλησίαις

274 5446 768 5532 ﬁpévﬁednmagis
792 5451 966 5532 placet
989 5454 1203 5532 vulgata
1216 5446 1859 5532 script'ura._Supra'enini

276 5517 542 5598 rogantur
570 5517 968 5598 Qecidetitales,
996 5531 1057 5579 ut
1085 5517 1352 5598 Ejusmodi
1386 5517 1631 5580 homines
1663 5526 1855 5583 Orien-

274 5589 361 5647 tis
379 5589 640 5645 Ecclesiis
679 5591 1020 5650 denuntient.

376 5661 426 5729 l)
460 5658 719 5745 saepe:
741 5661 1176 5745 adamat-30ml.
1193 5665 1522 5745 primus-et
1556 5664 1691 5745 Med.
1748 5682 1853 5745 μαέ

278 5731 416 5800 ἀράν
444 5732 649 5806 αυτοῖς.
680 5731 882 5788 Ibidem
904 5735 1036 5806 editi
1062 5731 1332 5788 τοσοῦτον.
1361 5735 1527 5789 Coisl.
1570 5731 1778 5806 primus
1802 5744 1855 5806 et

277 5808 389 5858 tres
418 5802 511 5857 alii
548 5813 607 5857 ut
627 5803 684 5861 in
712 5810 881 5861 textu.
921 5804 1041 5863 Mox
1068 5807 1285 5864 codices
1320 5802 1740 5879 nonnulli—72gb;
1772 5805 1851 5863 τό.

2028 4685 2106 4753 (2)
2137 4684 2301 4752 Παρὰ
2323 4683 2429 4737 τοῦ
2461 4684 2628 4755 Θεοῦ.
2663 4682 2825 4749 Deest
2849 4684 3163 4755 praepositio
3187 4682 3437 4755 inACoisl.
3481 4684 3533 4739 I.

2029 4756 2103 4824 (5)
2127 4752 2720 4815 Κιιτασκευαζόντων.
2751 4755 2824 4807 Ita
2850 4752 2983 4811 mss.
3014 4762 3161 4809 octo.
3187 4752 3330 4808 Editi
3360 4770 3536 4825 παρα-

1958 4825 2350 4888 σκευαζὼτων.

2028 4894 2103 4965 (4)
2132 4894 2242 4948 Καὶ
2267 4893 2385 4948 ὅτε.
2420 4892 2748 4965 Conjunctip
2776 4893 2960 4948 addita
2988 4909 3055 4949 ex
3085 4909 3181 4965 sex
3208 4908 3343 4950 mss.

2139 4961 2688 5036 Ἐναριθμούμὲνος.
2708 4961 2786 5018 Ita
2810 4972 3095 5036 octodmss.
3118 4963 3330 5036 Edjtiév
3352 4965 3529 5036 τοῖς...

1956 5032 2381 5106 ἀριθμούμενος,
2410 5032 2634 5115 excepta
2678 5041 2861 5090 tamen
2889 5034 3132 5090 editione
3169 5032 3377 5106 Hagan.
3398 5032 3534 5104 qua:

1957 5121 2081 5161 cum
2120 5120 2254 5159 IIISS.
2286 5113 2578 5160 consentit.

2029 5176 2104 5245 (6)
2157 5173 2705 5245 ‘Eztaxo'am._peest
2734 5189 2798 5230 ea
2821 5189 2929 5230 vox
2953 5175 3011 5228 in
3038 5173 3226 5230 codice
3250 5171 3527 5245 Medicam.

2027 5243 2105 5315 (7)
2138 5243 2485 5313 Δεξάμενος.
2523 5243 2621 5300 Hic
2650 5245 2779 5301 editi
2802 5245 3007 5315 addunt
3036 5245 3352 5315 Εὑστάθιος,
3385 5244 3532 5314 quod

1957 5314 2152 5386 melius
2205 5316 2364 5386 abest
2386 5315 2750 5386 aucodicibus
2805 5314 2954 5370 Harl.
3001 5323 3057 5370 et
3111 5314 3281 5373 Coisl.
3328 5317 3529 5386 primo.

1956 5384 2127 5440 Paulo
2163 5392 2287 5454 post
2319 5383 2606 5454 Medicaaus
2646 5384 2817 5439 codex
2846 5387 2904 5439 ὲν
2941 5383 3525 5441 Κωνσταντινοῦπὸλει.

2270 5455 2401 5539 ait}?
2439 5453 2680 5539 δήποτε.
2701 5454 2798 5539 Ἰιο
2828 5454 2968 5539 med.
3004 5457 3259 5539 etI‘Coisl.
3295 5457 3525 5539 primus.

1957 5524 2099 5580 Editi
2128 5526 2195 5579 δι’
2222 5525 2288 5589 ἃς
2334 5524 2553 5596 δήποτε.
2586 5524 2754 5581 Paulo
2786 5532 2919 5596 post
2953 5527 3005 5579 in
3047 5525 3218 5581 Coisl.
3265 5524 3442 5596 primo
3475 5535 3532 5583 et

1958 5599 2093 5668 aliis)
2123 5594 2401 5668 nonnullis
2438 5595 2648 5668 legitur
2677 5594 3074 5668 άπελογήσατο,
3096 5594 3283 5668 ⁸πάλιν
3315 5598 3394 5661 τό,
3423 5610 3526 5653 etc.

2030 5667 2105 5738 (9)
2138 5664 2659 5739 Προϐιιᾷλόμένος.Δ
2678 5664 2756 5718 lta
2786 5664 2920 5739 mss.
2950 5682 3064 5722 sex.
3094 5666 3232 5722 Editi
3258 5667 3533 5739 προσϐαλο

1958 5735 2199 5818 mea“.
2226 5735 2395 5818 Paulo
2418 5747 2540 5811 post
2577 5735 2705 5793 editi
2732 5735 2978 5811 φαίνεται
3003 5739 3229 5811 γράψαι.
3259 5735 3531 5802 ὃὸχληιδς.

1958 5816 2018 5864 ιιι
2045 5816 2101 5865 in
2133 5816 2298 5865 textu.
3268 5836 3270 5841 '
