3856 6224
360 303 467 361 979

1773 307 1833 363 S.
1868 306 2113 362 BASILII
2155 306 2369 364 MAG-Nl

3540 303 3653 360 9843

363 417 516 472 tialis
565 416 855 488 scripsisse
873 417 930 473 in
966 416 1256 491 Ancyrana
1303 419 1535 492 synodo,
1577 435 1699 490 qua)
1738 421 1806 475 ab
1872 421 1954 491 ip-

2075 421 2266 490 Ξτυχεν,
2299 420 2461 483 εὐθὺς
2501 419 2750 488 φαίνεται
2795 417 3012 490 γράψας
3056 415 3498 486 ἀναθεματισμω
3541 417 3644 469 τοῦ

365 509 446 564 sis
493 509 816 564 habebatur.
878 508 1017 565 Hinc
1084 521 1266 566 autem
1317 527 1442 566 cum
1495 510 1801 566 Seleuciam
1859 527 1954 568 ve-

365 603 578 670 nisset,
618 617 681 657 ea
715 602 888 674 gessit
927 615 1055 658 cum
1103 618 1218 658 suae
1267 605 1557 658 sententiae
1601 604 1953 659 consortibus

2053 511 2360 580 όμοουσίου,
2395 511 2452 562 ἐν
2499 508 2580 579 τῷ
2621 509 2764 563 κατὰ
2805 508 3077 579 Ἀγκύραν
3126 507 3402 578 γενομένῳ
3449 507 3643 571 αὐτοῖς

2056 599 2320 669 συλλόγῳ.
2364 597 2633 652 Κάκεῖθεν
2680 597 2773 650 ἐπὶ
2813 597 2912 668 τὴν
2964 596 3282 649 Σελεύκειαν
3316 595 3508 660 ἐλθὼν,
3556 597 3644 650 δέ·

366 709 490 764 quae
517 707 711 748 omnes
745 701 972 749 norunt.
1003 693 1485 764 ConstantinOpoli
1537 702 1717 749 autem
1755 694 1954 750 iterum

2075 696 2216 763 ἱρακε
2248 689 2360 760 (10)
2398 689 2537 760 μετά
2565 688 2673 743 τῶν
2698 688 2893 742 ἑαυτοῦ
2927 687 3197 759 ὁμοδόξων
3227 687 3264 744 ἃ.
3288 687 3488 752 πάντες
3518 689 3630 742 ἶσα-

368 800 636 841 assensus
671 792 758 840 est
796 785 867 840 iis
898 800 1019 858 quae
1054 786 1122 840 ab
1186 785 1458 842 haereticis
1514 786 1793 856 proposita
1839 786 1956 843 fue-

366 886 518 931 runt.
585 877 765 946 Atque
803 876 880 931 ita
928 893 995 931 ex
1029 877 1350 950 episcopatu
1404 877 1637 947 ejectus,
1701 885 1956 947 propter-

368 984 433 1023 ea
470 968 618 1038 quod
649 977 810 1023 antea
850 968 1104 1024 Melitina:
1131 970 1416 1039 depOsitus
1447 977 1614 1036 esset,
1670 969 1812 1024 hanc
1852 969 1955 1023 sibi

368 1062 738 1118 restitutionis
785 1061 930 1116 viam
995 1062 1244 1126 invenit,
1279 1071 1338 1116 ut
1399 1061 1466 1115 ad
1499 1078 1597 1118 vos
1643 1078 1702 1118 se
1737 1059 1959 1116 confer-

367 1161 472 1208 ret.
510 1152 772 1219 Quaenam
803 1161 988 1208 autem
1016 1153 1065 1209 ei
1099 1155 1379 1224 proposita
1429 1153 1630 1208 fuerint
1673 1169 1703 1208 a
1749 1154 1954 1209 beatis-

369 1245 512 1299 simo
573 1245 833 1317 episcopo
893 1245 1152 1310 Liberio,
1189 1253 1243 1300 et
1304 1246 1635 1317 quibusnam
1693 1261 1955 1303 assensus

369 1337 463 1401 sit,
525 1337 866 1408 ignoramus,
925 1339 1031 1394 nisi
1067 1339 1213 1410 quod
1249 1339 1536 1410 epistolam
1589 1338 1791 1403 attulit,
1833 1355 1956 1410 qua:

368 1447 494 1485 eum
545 1432 897 1498 restituebat,
939 1447 1110 1504 eaque
1151 1441 1374 1488 ostensa
1408 1432 1646 1486 concilio
1679 1431 1953 1502 Tyanensi

371 1524 428 1578 in
475 1540 634 1580 suum
675 1525 856 1580 locum
907 1525 1195 1581 restitutus
1238 1533 1341 1580 est.
1378 1523 1479 1580 Hic
1529 1540 1675 1580 nunc
1711 1525 1956 1596 depopu-

370 1617 516 1671 latur
573 1617 733 1672 ﬁdem
761 1619 933 1684 illam,
959 1619 1030 1674 ob
1064 1633 1230 1690 quam
1279 1626 1570 1688 susceptus
1612 1624 1693 1674 est
1725 1657 1741 1682 ,
1791 1625 1957 1688 atque

373 1723 488 1762 una
535 1723 660 1762 cum
694 1709 763 1764 iis
791 1717 898 1774 est,
937 1709 1033 1780 qui
1073 1707 1549 1765 consubstantiale
1590 1708 1957 1764 anathemati-
1990 1707 2011 1780 ς

2057 801 2160 838 σιν.
2223 785 2312 837 Ἑν
2349 784 2406 838 δὲ
2447 787 2514 855 τῇ
2560 782 3128 836 Κωνσταντινουπόλει
3178 781 3428 835 συνέθετο
3472 782 3648 836 πάλιν

2054 879 2166 940 τοῖς
2194 877 2303 931 ἀπὸ
2329 876 2437 930 τῶν
2465 876 2758 947 αἱρετικῶν
2801 875 3136 948 προταθεῖσι.
3173 875 3285 928 Καὶ
3315 875 3490 938 οὕτως
3530 876 3650 930 ἀπ-

2057 965 2270 1028 ελαθεὶς
2301 965 2403 1036 τῆς
2434 965 2762 1035 ἐπισκοπῆς,
2790 965 2878 1022 διὰ
2921 965 2982 1018 τὸ
3027 965 3086 1023 ἐν
3117 966 3184 1038 τῇ
3215 963 3472 1035 Μελιτινῇ
3523 963 3647 1034 (ll)

2057 1055 2551 1127 προκαθῃρῆσθαι,
2596 1056 2713 1111 ὁδὸν
2759 1054 2938 1126 ἐαυτῷ
2994 1054 3096 1126 τῆς
3141 1053 3646 1119 ἀποκαταστάσεως

2057 1149 2320 1222 ἐπενόησε
2354 1150 2452 1221 τὴν
2479 1150 2554 1214 ὡς
2589 1151 2732 1221 ὑμᾶς
2765 1148 2968 1218 ἄφιξιν.
3003 1148 3114 1202 Καὶ
3143 1147 3266 1201 τίνα
3294 1149 3391 1219 μέν
3419 1149 3575 1201 ἐστιν
3606 1147 3647 1202 ἃ

2059 1243 2336 1315 προετάθη
2381 1241 2531 1314 αὐτῷ
2575 1241 2724 1313 παρὰ
2759 1241 2853 1294 τοῦ
2884 1240 3304 1312 μακαριωτάτου
3339 1240 3650 1292 ἐπισκόπου

2060 1335 2333 1406 Λιϐερίου,
2363 1336 2484 1388 τίνα
2515 1335 2572 1388 δὲ
2603 1335 2639 1388 ἃ
2666 1334 2828 1396 αὐτὸς
2852 1332 3124 1399 συνέθετο,
3147 1329 3476 1402 ἀγνοοῦμεν,
3500 1330 3655 1400 πλὴν

2058 1429 2140 1482 ὅτι
2191 1427 2479 1499 ἐπιστολὴν
2531 1427 2788 1498 ἐκόμισεν
2838 1426 3293 1484 ἀποκαθιστῶσαν
3341 1424 3531 1489 αὐτὸν,
3581 1425 3654 1494 ἦν

2061 1519 2332 1587 ἐπιδείξας
2379 1522 2444 1591 τῇ
2499 1519 2640 1574 κατά
2675 1519 2859 1574 Τύανα
2915 1518 3140 1590 συνόδῳ,
3173 1517 3524 1587 ἀποκατέστη
3569 1515 3652 1587 τῷ

2060 1621 2231 1692 τόπῳ.
2278 1614 2447 1684 υῦτος
2473 1619 2570 1674 νῦν
2612 1619 2804 1692 πορθεῖ
2840 1619 2938 1691 τὴν
2969 1618 3152 1672 πίστιν
3194 1617 3434 1689 ἐκείνην,
3478 1618 3567 1686 ἐφ’

2033 1691 2279 1783 ⁹ἐδέχθη,
2313 1711 2408 1765 καὶ
2451 1714 2563 1774 τοῖς
2607 1691 3063 1781 ἀναθεματίζουσι
3089 1711 3151 1764 τὸ
3182 1709 3468 1781 ὁμοούσιον
3518 1709 3652 1765 σύν-

372 1808 501 1854 zant
531 1840 546 1864 ,
606 1815 775 1871 seque
808 1777 1001 1854 ducem
1048 1801 1252 1871 praebet
1279 1800 1506 1854 haeresis
1535 1799 1956 1855 Pneumatoma-

2075 1821 2204 1866 εστι,
2263 1803 2357 1856 καὶ
2402 1802 2792 1876 πρωτοστάτης
2837 1802 2956 1855 ἐστὶ
2988 1801 3088 1871 τῆς
3118 1800 3227 1854 τῶν
3255 1800 3654 1871 πνευματομά-

373 1892 627 1948 chorum.
683 1893 953 1959 Quoniam
995 1893 1165 1964 igitur
1210 1893 1375 1948 istinc
1440 1894 1621 1948 evenit
1662 1895 1742 1948 illi
1778 1893 1952 1948 facul-

373 1997 462 2043 tas
522 1987 750 2042 lzedendi
815 1985 1118 2054 Ecclesias,
1173 2003 1235 2043 ac
1289 1988 1414 2043 data
1465 2003 1495 2042 a
1538 1989 1697 2044 vobis
1752 1986 1955 2044 iiducia

374 2079 552 2132 utitur
619 2079 688 2134 ad
729 2081 1142 2138 subversionem
1196 2080 1530 2144 multorum,
1583 2069 1956 2136 necessemest

375 2170 546 2226 istinc
573 2186 792 2244 quoque
826 2173 1014 2229 venire
1043 2181 1097 2228 et
1131 2173 1590 2238 emendationem,
1628 2188 1692 2227 ac
1730 2189 1827 2243 per
1867 2173 1959 2227 lit-

374 2269 526 2318 teras
551 2262 820 2320 Ecclesiis
848 2265 1514 2337 significari,quihusnam
1547 2265 1959 2322 conditionibus

377 2364 672 2426 susceptus
705 2356 798 2424 sit,
824 2365 878 2410 et
911 2358 1190 2428 quomodo
1222 2374 1371 2414 nunc
1396 2360 1716 2414 immutatus
1741 2358 1958 2412 irritum

377 2445 546 2502 faciat
600 2449 926 2504 beneficium
980 2450 1084 2506 sibi
1119 2465 1446 2506 concessum
1500 2468 1531 2508 a
1562 2449 1819 2509 Patribus
1864 2452 1962 2521 qui

377 2547 512 2595 tunc
539 2547 719 2596 erant.

450 2652 503 2706 4.
562 2649 850 2708 Secundus
885 2659 1008 2722 post
1044 2653 1221 2723 ipsum
1262 2662 1347 2709 est
1395 2654 1753 2724 Apolinarius
1785 2697 1802 2722 ,
1849 2671 1961 2710 non

379 2758 574 2814 parum
607 2753 662 2799 et
720 2747 837 2814 ipse
888 2745 1166 2801 Ecclesias
1205 2747 1566 2803 contristaris.
1608 2745 1747 2802 Cum
1813 2748 1960 2803 enim

377 2836 662 2892 scribendi
717 2836 978 2892 facilitate
1036 2837 1224 2910 lingua
1269 2840 1321 2893 ei
1352 2839 1420 2894 ad
1471 2855 1636 2895 omne
1663 2855 1962 2910 argumen-

379 2937 499 2981 tum
530 2937 782 2997 prompta
817 2927 912 2994 sit,
944 2931 1171 3000 replevit
1211 2930 1434 3000 scriptis
1476 2931 1595 2986 suis
1623 2931 1810 2984 orbem
1852 2938 1965 2984 ter-

380 3036 570 3077 rarum
603 3061 618 3084 ,
655 3029 972 3093 contempta
1007 3024 1388 3094 objurgatione
1422 3025 1608 3088 illius,
1660 3023 1754 3094 qui
1784 3023 1918 3078 dicit
1948 3041 1961 3076 :

2063 1911 2176 1965 χων
2221 1895 2505 1966 αἱρέσεως.
2554 1893 2707 1945 Ἐπεὶ
2754 1887 2846 1946 οὖν
2893 1892 3118 1945 αὐτόθεν
3154 1891 3378 1961 γέγονεν
3417 1891 3570 1962 αὐτῷ
3616 1893 3654 1962 ἡ

2063 1988 2288 2058 δύναμις
2319 1986 2412 2040 τοῦ
2461 1985 2664 2039 ἀδικεῖν
2713 1985 2814 2048 τὰς
2878 1983 3231 2056 Ἐκκλησίας,
3271 1983 3366 2035 καὶ
3401 1984 3468 2054 τῇ
3521 1986 3654 2054 παρ’

2066 2076 2220 2147 ὑμῶν
2258 2075 2516 2148 δεδομένῃ
2556 2074 2706 2146 αὐτῷ
2738 2076 3022 2146 παρρησίᾳ
3059 2074 3323 2146 κέχρηται
3366 2074 3446 2137 εἰς
3483 2089 3658 2127 κατα-

2069 2167 2305 2239 στροφὴν
2351 2166 2461 2219 τῶν
2506 2167 2738 2231 πολλῶν,
2793 2167 3008 2238 ἀνάγκη
3061 2165 3290 2220 αὐτόθεν
3337 2165 3512 2219 ἐλθεῖν
3559 2164 3662 2224 καὶ

2065 2267 2163 2340 τὴν
2212 2266 2518 2339 διόρθωσιν,
2570 2266 2664 2320 καὶ
2712 2264 3066 2337 ἐπιπαλῆναι
3117 2265 3234 2328 ταῖς
3277 2262 3657 2334 Ἐκκλησίαις,

2066 2360 2188 2413 τίνα
2221 2358 2320 2429 μέν
2352 2361 2500 2411 ἐστιν
2533 2357 2616 2426 ἐφ’
2644 2352 2725 2421 οἷς
2768 2356 2983 2428 ἐδέχθη,
3020 2353 3138 2418 πῶς
3173 2354 3231 2407 δὲ
3260 2352 3356 2408 νῦν
3386 2353 3663 2425 μεταϐλη-

2069 2452 2182 2515 θεὶς
2223 2452 2418 2522 ἀκυροῖ
2463 2450 2563 2521 τὴν
2610 2449 2770 2520 χάριν
2812 2448 2911 2519 τὴν
2943 2446 3187 2501 δοθεῖσαν
3222 2445 3373 2516 αὐτῷ
3418 2445 3506 2498 διὰ
3541 2445 3661 2500 τῶν

2067 2542 2190 2600 τότε
2221 2543 2502 2613 Πατέριυν.

2076 2669 2082 2673 ’
2143 2669 2198 2721 4.
2239 2667 2504 2740 Δεύτερος
2552 2669 2669 2738 μετ’
2719 2666 2885 2720 αὐτόν
2935 2665 3084 2719 ἐστιν
3142 2663 3538 2737 Ἀπολινάριος,
3591 2665 3660 2719 οὗ

2073 2758 2286 2831 μικρῶς
2332 2759 2426 2812 καὶ
2465 2757 2630 2822 αὐτὸς
2667 2756 2768 2822 τὰς
2810 2755 3137 2827 Ἐκκλησίας
3177 2755 3532 2828 παραλυπῶν.
3575 2757 3656 2827 Τῇ

2071 2852 2181 2923 γὰρ
2206 2849 2298 2904 τοῦ
2332 2850 2567 2922 γράφειν
2597 2850 2820 2920 εὐκολίᾳ
2851 2849 2989 2920 πρὸς
3017 2850 3196 2902 πᾶσαν
3229 2847 3486 2902 ὑπόθεσιν
3513 2847 3659 2919 ἔχων

2073 2942 2347 3015 ἀρκοῦσαν
2396 2942 2544 3012 αὐτῷ
2595 2943 2695 3013 τὴν
2745 2940 3018 3010 γλῶσσαν,
3069 2939 3338 3011 ἐνέπλησε
3389 2938 3492 3010 μέν
3547 2937 3658 2990 τῶν

2073 3035 2264 3089 ἐαυτοῦ
2314 3034 2707 3104 συνταγμάτων
2751 3032 2850 3102 τὴν
2892 3031 3252 3102 οἰκουμένην,
3296 3029 3658 3100 παρακούσας

387 3111 526 3168 Cave
559 3113 734 3181 facere
773 3115 937 3170 libros
968 3116 1166 3170 multo:
1197 3116 1242 3146 "
1277 3131 1294 3168 :
1344 3116 1420 3169 ita
1467 3131 1686 3185 quoque
1718 3113 1964 3182 profecto

2075 3126 2164 3179 τοῦ
2217 3126 2560 3196 ἐγκλήματος
2606 3123 2701 3176 τοῦ
2750 3123 2862 3194 (12)
2917 3122 3198 3191 λέγοντος,
3249 3122 3334 3174 ὅτι
3385 3122 3658 3184 causa;

385 3203 445 3256 in
495 3203 847 3258 multitudine
903 3214 1127 3276 peccata
1211 3205 1382 3259 multa
1448 3212 1596 3261 sunt.
1681 3203 1968 3270 Quomodo

2075 3219 2322 3288 ποιῆσαι
2350 3219 2560 3282 βιϐλία
2605 3215 2839 3270 πολλάο
2869 3218 2928 3269 ἐν
2953 3215 3010 3269 δέ
3052 3213 3130 3284 τῷ
3176 3213 3370 3284 πλήθει
3411 3211 3657 3282 δηλονότι

382 3293 534 3347 enim
597 3295 773 3365 possit
834 3295 890 3351 in
954 3297 1380 3368 multiloquio”
1427 3306 1711 3368 peccatum
1758 3295 1971 3349 vitari?

386 3385 544 3441 illius
576 3387 742 3457 igitur
775 3388 843 3445 de
903 3390 1182 3462 theologia
1240 3389 1644 3460 disputationes
1666 3431 1682 3454 ,
1732 3406 1842 3444 non
1873 3405 1971 3458 pe—

385 3477 506 3533 titis
544 3495 576 3534 e
614 3481 899 3551 Scriptura
936 3483 1375 3552 probationibus,
1431 3483 1529 3538 sed
1589 3483 1846 3538 humanis
1879 3499 1972 3536 ar-

385 3574 668 3642 gumentis
742 3575 1016 3630 nituntur.
1090 3574 1231 3630 Sunt
1289 3585 1468 3630 autem
1515 3578 1593 3631 illi
1649 3585 1702 3632 et
1767 3577 1833 3633 de
1889 3595 1976 3632 re-

389 3666 740 3721 surrectione
791 3667 1238 3723 elucubrationes
1291 3669 1541 3724 fabulose
1585 3670 1840 3740 scriptae,
1890 3672 1975 3724 vel

392 3761 578 3829 potius
602 3759 828 3815 Judaice
860 3778 875 3814 :
903 3760 957 3813 in
996 3760 1198 3830 quibus
1233 3762 1311 3815 ait
1346 3778 1448 3819 nos
1483 3778 1680 3817 rursus
1714 3762 1781 3817 ad
1825 3771 1976 3833 lega-

394 3850 501 3905 lem
560 3866 880 3907 reversuros
917 3852 1150 3917 cultum,
1224 3868 1527 3925 rursusque
1584 3855 1976 3910 circumcisum

392 3942 492 4006 iri,
533 3951 588 3996 et
643 3943 882 3998 Sahbata
935 3946 1360 4010 observaturos,
1405 3955 1568 4016 atque
1623 3948 1977 4001 abstcnturos

396 4053 426 4095 a
461 4037 602 4091 cibis
631 4077 645 4100 ,
684 4046 738 4091 et
782 4039 1032 4092 victimas
1087 4037 1370 4093 oblaturos
1409 4037 1538 4102 Deo,
1576 4049 1630 4094 et
1655 4039 1979 4096 adoraturos

393 4129 756 4200 Jerosolymis
786 4129 947 4200 407
979 4131 1032 4182 in
1069 4133 1292 4200 templo,
1326 4146 1390 4186 ac
1419 4133 1643 4186 omnino
1681 4131 1896 4186 Iudaeos
1913 4149 1981 4188 ex

396 4222 729 4276 Christianis
771 4221 1009 4275 futuros.
1046 4222 1258 4288 Quibus
1295 4223 1556 4293 quidnam
1611 4224 1786 4294 magis
1847 4223 1983 4278 ridi-

395 4315 584 4368 culum
612 4331 737 4372 esse
773 4315 971 4385 possit,
1003 4324 1098 4369 aut
1123 4315 1190 4370 ab
1219 4317 1532 4388 evangelco
1577 4318 1832 4387 dogmate
1871 4334 1983 4370 ma-

2071 3310 2241 3364 πολλὰ
2257 3311 2350 3364 καὶ
2370 3310 2703 3381 ἡμάρτηται.
2723 3307 2849 3372 Πῶς
2878 3306 2984 3378 γὰρ
3008 3306 3232 3360 δυνατὸν
3249 3307 3315 3359 ἐκ
3332 3303 3659 3372 πολυλογίας

2073 3404 2336 3472 ἐκφυγεῖν
2370 3403 2643 3473 ἁμαρτίαν
2665 3418 2679 3466 ;
2706 3402 2865 3454 Ἐστι
2910 3401 3010 3471 μὲν
3036 3396 3129 3453 οὖν
3153 3398 3319 3452 αὑτοῦ
3346 3401 3442 3453 καὶ
3464 3401 3532 3454 τὰ
3559 3400 3658 3471 τῆς

2074 3495 2353 3564 θεολογίας
2378 3495 2477 3547 οὐκ
2488 3497 2550 3547 ἐκ
2562 3492 2846 3564 γραφικῶν
2872 3490 3216 3555 ἀποδείξεων,
3234 3490 3350 3544 ἀλλ’
3363 3489 3423 3555 ἐξ
3442 3489 3659 3562 ἀνθρω-

2079 3587 2248 3639 πίνων
2281 3585 2542 3656 ἀφορμῶν
2560 3585 2672 3655 (l5)
2699 3583 2799 3654 τὴν
2831 3581 3174 3652 κατασκευὴν
3201 3581 3394 3651 ἔχοντα
3412 3598 3426 3611 ’
3461 3580 3577 3634 ἔστι
3604 3582 3662 3636 δέ

2079 3677 2227 3748 αὐτῷ
2258 3678 2353 3730 καὶ
2382 3678 2450 3730 τὰ
2488 3677 2616 3747 περὶ
2643 3675 2992 3738 ἀναστάσεως
3023 3673 3270 3745 μυθικῶς
3302 3673 3658 3745 συγκείμενα,

2084 3771 2284 3842 μᾶλλον
2313 3771 2368 3823 δὲ
2411 3769 2747 3833 Ἰουδαϊκῶς⁹
2781 3770 2838 3821 ἐν
2866 3762 2950 3831 οἷς
2979 3783 3110 3836 φησι
3150 3766 3313 3820 πάλιν
3342 3767 3495 3838 ἡμᾶς
3525 3766 3662 3837 πρὸς

2077 3863 2178 3934 τὴν
2223 3863 2454 3932 νομικὴν
2491 3862 2852 3932 ὑποστρέφειν
2897 3859 3008 3930 (14)
3047 3859 3327 3930 λατρείαν,
3374 3859 3470 3914 καὶ
3502 3859 3661 3913 πάλιν

2079 3957 2227 4026 ἡμᾶς
2259 3952 2788 4024 περιτμηθήσεσθαι,
2839 3953 2935 4005 καὶ
2983 3950 3352 4015 σαϐϐατίζειν,
3388 3952 3484 4004 καὶ
3524 3951 3664 4021 βρω-

2086 4048 2270 4116 μάτων
2302 4043 2622 4117 ἀπέχεσθαι,
2653 4043 2748 4097 καὶ
2794 4042 2984 4106 θυσίας
3033 4042 3344 4114 προσοίσειν
3386 4039 3525 4111 Θεῷ,
3570 4043 3663 4094 καὶ

2081 4136 2482 4207 προσκυνήσειν
2533 4136 2594 4186 ἐν
2657 4131 3051 4203 Ἱεροσολύμοις
3098 4133 3192 4184 ἐπὶ
3232 4130 3326 4184 τοῦ
3366 4131 3519 4194 ναοῦ,
3570 4133 3662 4184 καὶ

2082 4232 2220 4294 ὅλως
2259 4231 2368 4283 ἀπὸ
2395 4229 2734 4300 Χριστιανῶν
2781 4229 3068 4292 Ἰουδαίους
3096 4227 3445 4300 γενήσεσθαι.
3479 4224 3582 4282 Ὧν
3611 4230 3664 4281 τί

2085 4324 2152 4376 ἂν
2179 4322 2390 4391 γένοιτο
2419 4321 2973 4394 καταγελαστότερον,
3027 4320 3227 4392 μᾶλλον
3270 4320 3328 4372 δὲ
3373 4318 3660 4392 ἁλλοτριώο

401 4410 485 4476 gis
514 4407 797 4462 alienum?
826 4407 1031 4464 Deinde
1060 4423 1122 4462 ea
1153 4410 1318 4462 etiam
1345 4425 1468 4480 quae
1501 4411 1568 4466 de
1599 4412 1968 4465 lncarnationt

2083 4432 2242 4486 τερον
2274 4414 2368 4468 τοῦ
2413 4413 2767 4482 εὐαγγελικοῦ
2805 4414 3106 4484 δόγματος;
3143 4408 3276 4466 Εἶτα
3304 4411 3494 4464 καὶτὰ
3541 4415 3668 4483 περὶ

399 4499 669 4564 tradidit,
729 4507 938 4553 tantam
1003 4501 1308 4556 intulerunt
1362 4477 1631 4558 fratribus
1693 4505 1968 4572 perturba-

2088 4507 2418 4578 σαρκὼσεως
2459 4505 2725 4574 τοσαύτην
2750 4505 2972 4576 ἐποίησε
2998 4508 3066 4575 τῇ
3100 4503 3420 4574 ἀδελφότητι
3447 4504 3550 4576 τὴν
3573 4522 3667 4557 τα-

403 4592 609 4645 tionem
639 4631 654 4655 ,
707 4601 765 4644 ut
801 4591 914 4661 jam
949 4592 1108 4661 pauci
1159 4609 1226 4647 ex
1269 4594 1338 4649 iis
1372 4595 1467 4664 qui
1520 4594 1813 4664 legerunt,
1872 4595 1984 4665 pri-

401 4699 554 4743 scam
591 4684 813 4754 pietatis
853 4683 1086 4738 formam
1115 4695 1441 4741 conservent
1480 4703 1492 4737 :
1526 4697 1714 4742 contra
1746 4725 1763 4753 ,
1818 4688 1986 4758 pleri-

405 4792 512 4846 que
537 4777 870 4834 novitatibus
895 4779 1108 4843 intenti,
1141 4778 1208 4833 ad
1236 4782 1562 4850 quaestiones
1587 4789 1640 4835 et
1665 4783 1732 4836 ad
1749 4782 1987 4853 pertina-

402 4886 501 4926 ces
557 4871 828 4926 inutilium
877 4872 1070 4926 horum
1109 4873 1398 4933 verborum
1429 4873 1874 4952 investigationes
1901 4870 1987 4924 de-

403 4965 677 5022 ﬂexerint.

481 5151 527 5190 ³³
552 5149 732 5206 Eocle.
769 5165 870 5215 am,
908 5149 996 5204 12.
1070 5150 1117 5182 ³³
1142 5149 1304 5205 Prov.
1342 5168 1394 5214 κ,
1429 5151 1510 5216 19ρ

485 5327 599 5400 (10)
629 5327 900 5400 Δέδρακε.
945 5327 1050 5388 Sex
1092 5329 1310 5400 codices
1345 5345 1479 5385 mss.
1525 5328 1782 5400 ἔγραψεν.
1818 5329 1986 5386 Coisl.

410 5399 625 5471 primus
650 5408 702 5454 et
730 5399 867 5454 Med.
888 5414 1028 5471 cum
1059 5399 1220 5471 editis
1246 5399 1611 5455 consentiunt.

410 5467 603 5590 ξλτὲιέ
628 5467 934 5538 Mummi.
963 5470 1248 5526 Medicaeus
1286 5486 1411 5525 cum
1442 5471 1620 5526 tribus
1655 5468 1841 5542 Regiis
1877 5471 1992 5526 Με-

452 5555 467 5590 ι
540 5556 566 5587 ν
613 5579 623 5590 .

452 5553 623 5609 ιτηνῃ.

490 5609 620 5681 (la)
641 5609 749 5681 Τρῦ
771 5610 1143 5681 ἐγκᾷήματος
1167 5611 1296 5679 τοῦ,
1329 5620 1433 5667 etc.
1466 5609 1544 5666 lta
1577 5627 1712 5666 mss.
1762 5620 1988 5681 septem.

417 5678 768 5756 Aliushahet
806 5679 899 5740 τοῖ’)
953 5678 1303 5753 ἐντάλματος.
1341 5681 1488 5737 Editi
1540 5682 1630 5736 τοῦ
1674 5678 1994 5756 Ἐκκὶῐηςςισιι⁸

417 5747 547 5804 ποῦ
577 5747 842 5817 λέγοντος.
1116 5747 1128 5753 ⁷
1171 5769 1174 5772 ’

2092 4601 2284 4675 ραχὴν,
2320 4601 2460 4654 ὥστε
2509 4601 2679 4668 ὀλίγοι
2725 4600 2909 4653 λοιπόν
2955 4599 3062 4652 τῶν
3108 4599 3548 4669 ἐντετυχηκότων
3577 4598 3666 4651 τὸν

2087 4695 2310 4764 ἀρχαῖον
2345 4693 2441 4762 τῆς
2475 4690 2757 4754 εὐσεϐείας
2783 4689 3110 4754 διασώζουσι
3141 4689 3496 4761 χαρακτῆρα·
3525 4689 3575 4740 οἱ
3606 4688 3662 4741 δὲ

2089 4783 2292 4847 πολλοὶ,
2325 4785 2448 4842 ταῖς
2480 4781 2853 4850 καινοτομίαις
2883 4779 3262 4851 προσέχοντες,
3290 4777 3665 4849 ἐξετράπησαν

2088 4879 2168 4940 εἰς
2197 4877 2450 4946 ζητήσεις
2480 4875 2572 4927 καὶ
2608 4873 2944 4942 φιλονείκους
2970 4871 3290 4944 ἐφευρέσεις
3319 4871 3429 4924 τῶν
3461 4871 3640 4939 ἀνωφε

2084 4969 2194 5028 λῶν
2233 4968 2436 5023 τούτων
2471 4965 2755 5039 ῥημάτων.

2161 5327 2274 5409 (ᾧ)
2321 5322 2630 5409 Αφορμῶν.
2661 5321 2837 5377 Coisl.
2860 5316 3131 5375 secundus
3165 5321 3219 5370 ct
3247 5312 3449 5384 Regius
3482 5327 3663 5368 secun-

2090 5400 2195 5458 dus
2219 5397 2515 5466 λογισμῶν.

2163 5468 2276 5539 (14)
2316 5464 2766 5539 ’Υποστρέςιῖειπ
2792 5459 2871 5539 Ita
2896 5468 3106 5539 septeni
3129 5471 3288 5539 mss,
3320 5461 3661 5539 quqr‘um'ta-

2093 5522 2218 5598 men
2257 5522 2365 5593 duo
2393 5522 3019 5602 ιιεὶιεῖιίάποστρέφεζν,
3051 5527 3142 5582 Sic
3151 5522 3532 5602 etiam'editio
3556 5522 3660 5602 lla-

2094 5593 2404 5679 ia'noensis.
2427 5606 2560 5660 Alite
2587 5619 2717 5679 vero
2740 5593 3120 5679 ὑποστρέψειν.
3151 5595 3323 5679 lia-nlo
3355 5602 3488 5679 post.
3506 5593 3662 5679 editio

2095 5663 2425 5737 f’iairiisiiensis
2456 5663 3075 5748 npoacpepsw._Vetusta.
3099 5665 3413 5748 “editiones,
3445 5663 3590 5748 Harl.
3615 5674 3660 5716 et

2097 5733 2380 5811 iatacum
2399 5733 2572 5806 trib'us
2593 5733 2715 5805 aliis
2734 5753 2794 5799 ut
2818 5741 2877 5800 in
2896 5748 3068 5797 textu.
3099 5737 3214 5793 Duo
3239 5735 3329 5791 alii
3352 5733 3657 5808 προσάγειν.
