3856 6224
201 316 311 374 981

1092 308 1583 366 EPISTULARUM
1618 309 1906 366 CLASSIS
1942 310 2008 367 ll.
2047 310 2263 368 EPIST.
2305 309 2577 368 CCLXIV.

3364 311 3474 368 98%

282 427 339 484 5.
389 425 453 483 Ὅ
495 431 677 499 μεντοι
705 425 990 491 Παυλῖνος,
1030 427 1080 480 εί
1121 426 1223 497 μέν
1262 443 1317 480 τι
1362 425 1460 480 καὶ
1512 427 1643 499 περ)⁵
1689 427 1790 497 τὴν

1962 428 2018 484 5.
2069 428 2334 484 Paulinus
2369 435 2551 483 autem
2600 432 2786 481 utrum
2831 426 3038 497 aliquid
3077 424 3141 481 et'
3182 426 3328 482 circa
3372 443 3469 480 or.

204 519 548 593 χειροτονίαν
570 517 904 590 ἐπιλήψιμον
929 517 1062 588 ἔχει,
1086 517 1242 572 αὐτοὶ
1274 517 1341 572 ἂν
1370 518 1576 574 εῐποιτε
1596 536 1611 549 ·
1643 519 1792 591 ἡμᾶς

204 612 268 666 δὲ
297 612 479 675 λυπεῖ,
523 613 638 674 τοῖς
685 609 1006 681 Μαρκέλλου
1060 610 1493 681 προσπεπονθὼς
1546 610 1658 682 (15)
1702 610 1792 665 δό-

207 720 411 775 γμασι,
447 703 543 758 καὶ
572 702 700 767 τοὺς
719 701 1146 765 ἀκολουθοῦντας
1177 701 1329 773 αὐτῷ
1351 702 1681 774 ἀδιακρίτως
1710 703 1793 766 είς

204 793 313 865 τὴν
335 792 620 848 κοινωνίαν
647 790 841 846 ἑαυτοῦ
872 791 1249 864 προσιέμενος.
1299 793 1490 855 Οἴδατε
1534 792 1612 858 δὲ,
1640 792 1794 846 ἀδελ-

208 886 305 955 φοὶ
331 883 674 957 τιμιώτατοι,
700 885 784 938 ὅτι
812 882 994 949 πάσης
1031 882 1190 956 ήμῶν
1212 885 1314 955 τῆς
1341 884 1555 948 ἐλπίδος
1591 884 1793 956 ἀθέτη-

209 994 300 1032 σιν
327 976 441 1048 ἔχει
471 976 533 1031 τὸ
559 975 884 1049 Μαρκέλλου
908 976 1107 1048 δόγμα,
1128 974 1251 1030 οὔτε
1284 976 1411 1029 Υίὺν
1443 979 1504 1029 ὲν
1531 976 1635 1049 ἰδίᾳ
1662 976 1795 1031 ὐπο-

209 1068 407 1124 στάσει
452 1066 771 1139 ὁμολογοῦν,
832 1066 970 1123 ἀλλά
1016 1067 1435 1140 προενεχθέντα,
1485 1069 1580 1123 καὶ
1630 1068 1792 1122 πάλιν

206 1159 631 1231 ὑποστρέψαντα
665 1161 747 1224 είς
787 1159 881 1215 τὸν
910 1159 1035 1214 ὅθεν
1067 1160 1361 1231 προῆλθεν,
1396 1160 1519 1214 οὔτε
1547 1160 1638 1215 τὸν
1681 1162 1794 1214 Πα-

212 1251 484 1324 ράκλητον
528 1251 674 1315 ἰδίως
718 1251 1085 1323 ὑφεστηκέναι
1120 1252 1473 1324 συγχωροῦνθ
1504 1251 1645 1306 ὥστε
1692 1252 1792 1307 οὐκ

206 1346 280 1401 ἂν
315 1361 401 1408 τις
445 1343 684 1416 ἁμάρτοι
717 1343 1148 1416 Χριστιανισμοῢ
1180 1345 1278 1416 μὲν
1308 1344 1589 1409 παντελῶς
1634 1345 1793 1398 ἀλλο-

203 1434 370 1507 τρίαν
401 1434 719 1504 ἀποφαίνων
760 1434 860 1505 τὴν
887 1434 1121 1506 αἵρεσιν,
1169 1434 1505 1506 Ἰουδαῖσμὺν
1548 1435 1607 1489 δὲ
1647 1453 1792 1507 παρ-

206 1520 556 1599 εφθαρμένον
597 1526 768 1599 αὐτὴν
813 1526 1255 1600 προσαγορεύων.
1298 1526 1516 1581 Τούτων
1541 1528 1639 1599 τὴν
1681 1530 1795 1581 ἐπι-

212 1617 436 1689 μέλειαν
467 1616 722 1687 γενέσθαι
774 1617 904 1689 παρ’
949 1617 1104 1689 ὑμῶν
1137 1616 1527 1689 ἐπιζητοῦμεν.
1575 1618 1792 1674 Γένοιτο

206 1708 257 1761 δ’
290 1707 381 1771 ἂν,
409 1710 459 1762 εί
500 1708 802 1763 ἐπιστεῖλαι
832 1706 1205 1779 καταξιὼσητε
1254 1709 1460 1774 πάσαις,
1487 1714 1608 1775 ταῖς
1648 1712 1791 1766 κατὰ

206 1797 313 1869 τὴν
344 1797 637 1871 Ἀνατολὴν
679 1797 1046 1870 Ἑκκλησίαις,
1072 1777 1198 1863 τοὺς
1232 1798 1406 1855 ταῦτα
1437 1802 1790 1874 ωραχαράσ-
1822 1777 1865 1832 Β

209 1908 427 1957 σοντας,
470 1894 519 1945 εί
570 1892 669 1964 μὲν
700 1892 1018 1968 διορθοίντο,
1056 1891 1195 1948 εἶναι
1224 1895 1571 1960 κοινωνικούς
1594 1912 1606 1926 ·
1659 1898 1708 1950 εί
1734 1896 1790 1951 δὲ

209 1983 491 2055 ἐπιμένειν
539 1984 858 2054 φιλονείκως
908 1985 1182 2057 βούλοιντο
1224 1989 1347 2051 ταῖς
1395 1988 1786 2060 καινοτομίαις,

209 2075 540 2149 χωρίζεσθαι
569 2077 667 2136 ἀπ’
702 2077 905 2135 αὐτῶν.
933 2079 1046 2139 Καὶ
1081 2079 1166 2132 ὅτι
1213 2078 1311 2148 μὲν
1352 2078 1461 2132 ἔδει
1489 2081 1641 2152 ήμᾶς
1665 2097 1792 2134 συνι-

208 2167 530 2240 εδρεύοντας
561 2169 701 2241 μετά
724 2170 829 2242 τῆς
874 2170 1147 2249 ὑμετέρας
1181 2172 1499 2244 φρονήσεως
1538 2173 1598 2226 ἐν
1637 2176 1788 2245 κοινῇ

212 2260 494 2332 σκέψειτά
520 2263 649 2335 περὶ
668 2262 875 2319 τούτων
897 2263 1194 2328 διαλαϐεῖν,
1229 2265 1351 2319 ούδέ
1382 2265 1536 2319 αὐτοὶ
1565 2266 1790 2335 ἀγνοοῦ-

215 2371 351 2425 μεν·
407 2355 524 2409 ἀλλ’
572 2356 761 2427 ἐπειδὴ
805 2358 835 2410 ό
879 2355 1072 2428 καιρὸς
1118 2357 1220 2410 οὐκ
1268 2357 1544 2420 ἐνδίδωσι,
1594 2357 1690 2411 καὶ
1731 2358 1792 2412 τὸ

209 2444 610 2499 ἀναϐάλλεσθαι
657 2444 937 2517 βλαϐερὸν,
978 2446 1079 2517 τῆς
1107 2446 1202 2499 ἀπ’
1240 2446 1420 2500 αὐτῶν
1448 2446 1560 2518 (16)
1588 2445 1791 2519 βλάϐης

209 2533 615 2606 ἐρῤιζωμένης,
661 2534 978 2603 ἀναγκαίως
1026 2534 1426 2608 ἀπεστείλαμεν
1471 2538 1599 2600 τοὺς
1638 2536 1792 2591 ἀδελο

210 2625 386 2695 φούς·
421 2625 509 2681 τνα
546 2627 648 2680 ὅσα
684 2628 779 2681 καὶ
816 2628 915 2698 τὴν
944 2630 1009 2681 ἐκ
1036 2625 1131 2681 τοῦ
1166 2627 1494 2699 γράμματος
1536 2629 1793 2684 διδασκα-

210 2716 336 2770 λίαν
374 2716 672 2790 παρέλαθε,
699 2717 874 2773 ταῦτα
919 2720 1050 2790 παρ’
1101 2718 1310 2772 ἑαυτῶν
1357 2718 1789 2785 ἀναδιδάξαντες,

212 2811 510 2881 κινήσωσιν
547 2810 704 2881 ὑμῶν
739 2811 839 2883 τήν
869 2811 1160 2866 εὐλάϐειαν
1207 2813 1288 2876 είς
1318 2812 1381 2865 τὸ
1414 2814 1791 2885 παρασχέσθαι

211 2896 314 2969 τὴν
357 2902 790 2974 ἐπιζητουμένην
827 2901 1079 2974 βοήθειαν
1105 2907 1226 2968 ταῖς
1264 2903 1358 2958 τοῦ
1391 2904 1528 2958 Θεοῦ
1568 2906 1794 2977 Ἐκκλη-

213 2997 387 3058 σίαις.

740 3104 1088 3161 ΕΠΙΣΤΟΛΗ
1125 3105 1280 3160 ΣΞΔν.

1893 520 2235 575 dinationem
2264 519 2685 590 reprehensioni
2727 519 3024 574 obnoxium
3074 517 3276 574 habeat
3304 559 3320 584 ,
3363 518 3469 588 ipsi

1892 613 2168 668 dixeritis.
2211 610 2324 668 Nos
2353 626 2490 668 sane
2531 626 2770 667 mmrore
2812 611 2977 667 afficit
3002 650 3018 677 ,
3055 611 3199 683 quod
3229 611 3284 665 in
3329 610 3472 665 Mar-

1891 704 2017 760 celli
2055 704 2310 775 dogmata
2359 701 2696 774 propendet,
2731 717 2796 757 ac
2843 701 2991 757 illius
3020 708 3320 758 sectatores
3350 700 3470 756 sine

1892 795 2215 852 discrimine
2246 795 2313 851 ad
2350 810 2507 852 suam
2546 794 2986 850 communionem
3026 792 3288 849 admittit.
3349 789 3471 846 Sci-

1889 888 1969 944 tis
2015 887 2161 943 enim
2188 925 2203 950 ,
2229 885 2433 941 fratres
2472 885 2711 941 maxime
2744 884 2985 950 colendi,
3031 899 3184 954 spem
3216 890 3468 939 nostram

1892 994 2114 1035 omnem
2186 977 2361 1033 everti
2440 976 2682 1033 Marcelli
2728 977 2981 1049 dogmate
3010 1015 3026 1041 ,
3082 975 3230 1047 quod
3294 991 3472 1047 neque

1892 1069 2095 1125 Filium
2129 1070 2185 1123 in
2235 1068 2461 1141 propria
2503 1068 2787 1140 bypostasi
2832 1067 3124 1123 confitetur
3150 1106 3166 1135 ,
3214 1066 3309 1122 sed
3342 1080 3472 1136 pro-

1894 1165 2067 1219 latum
2126 1178 2251 1219 esse
2286 1203 2303 1229 ,
2377 1170 2431 1216 et
2488 1175 2685 1216 rursus
2733 1174 3018 1216 reversum
3047 1158 3117 1214 ad
3145 1174 3272 1214 eum
3306 1198 3322 1222 ,
3403 1172 3472 1212 ex

1894 1271 2006 1327 quo
2052 1260 2447 1325 processerat,
2502 1266 2679 1320 neque
2742 1248 3083 1305 Paracletum
3132 1246 3472 1319 bypostasim

1893 1346 2171 1419 propriam
2226 1343 2430 1398 habere
2479 1340 2733 1397 concedit
2780 1357 2796 1394 :
2849 1355 3021 1411 quare
3070 1354 3181 1393 non
3250 1338 3475 1392 aberra-

1892 1441 2053 1503 verit,
2096 1436 2191 1508 qui
2230 1450 2261 1490 a
2319 1432 2747 1491 Christianismo
2803 1432 3022 1503 penitus
3077 1431 3317 1485 alienam
3362 1429 3473 1483 hae-

1892 1530 2059 1587 resim
2106 1527 2472 1600 pronuntiet,
2537 1539 2601 1580 ac
2649 1523 2993 1579 Judammum
3024 1528 3344 1592 corruptum
3399 1520 3471 1573 ii-

1892 1622 1999 1677 lam
2055 1620 2309 1692 appellet.
2377 1617 2419 1671 A
2457 1617 2613 1673 vobis
2674 1625 2734 1670 ut
2796 1615 2992 1670 horum
3044 1629 3235 1669 curam
3292 1612 3475 1667 susci-

1890 1713 2054 1784 piatis
2079 1710 2463 1782 efﬂagitamus.
2512 1706 2840 1777 Suscipietis
2888 1713 3094 1768 autem,
3136 1704 3184 1759 si
3210 1702 3472 1759 omnibus

1895 1798 2137 1855 Orientis
2190 1797 2453 1853 Ecclesiis
2503 1795 2749 1853 scribere
2818 1809 2929 1849 non
2987 1793 3327 1865 gravemini,
3375 1805 3473 1846 eos

1895 1891 1991 1963 qui
2026 1891 2144 1946 haec
2177 1890 2480 1960 depravant
2512 1928 2529 1952 ,
2576 1888 2623 1943 si
2658 1887 3001 1957 corrigantur
3037 1882 3052 1946 ζ
3105 1881 3474 1939 admittendos

1896 1985 1965 2040 ad
1997 1982 2487 2047 communionem;
2552 1981 2639 2035 sin
2688 1991 2869 2035 autem
2906 1976 3264 2050 pertinaciter
3315 1975 3472 2030 novi-

1895 2076 2100 2132 tatibus
2134 2074 2509 2135 adbaaresca‘e
2556 2071 2872 2135 voluerint,
2939 2070 3008 2124 ab
3062 2067 3326 2124 Ecclesiis
3374 2066 3474 2121 ab-

1897 2163 2249 2223 scindendos.
2316 2163 2498 2233 Atque
2559 2161 2615 2216 id
2670 2161 2889 2232 quidem
2950 2159 3157 2214 factum
3220 2171 3251 2212 a
3313 2157 3475 2213 nobis

1895 2254 2207 2328 oportuisse
2232 2294 2250 2317 ,
2309 2262 2368 2309 ut
2399 2269 2508 2309 una
2537 2267 2664 2309 cum
2705 2260 2890 2309 vestra
2939 2252 3241 2324 prudentia
3282 2249 3477 2307 seden-

1896 2358 2003 2413 tes,
2027 2347 2304 2403 communi
2352 2345 2751 2402 deliberatione
2787 2345 2855 2400 de
2905 2344 2992 2400 his
3050 2359 3360 2416 ageremus,
3403 2360 3477 2414 ne

1896 2438 2003 2510 ipsi
2049 2436 2265 2511 quidem
2334 2436 2677 2508 ignoramus.
2740 2435 2851 2491 Sed
2921 2437 3181 2506 quoniam
3256 2443 3477 2508 tempus

1897 2544 2009 2585 non
2038 2528 2345 2600 permittit,
2394 2536 2451 2583 ct
2494 2528 2685 2585 dilatio
2723 2528 2954 2584 exitiosa
2979 2535 3087 2593 est,
3111 2528 3264 2583 illato
3290 2530 3359 2585 ab
3395 2529 3477 2601 ip-

1884 2622 1978 2678 ‘sis
2014 2622 2215 2677 damno
2266 2620 2448 2676 radice
2502 2629 2735 2692 agente,
2777 2621 3096 2676 necessario
3136 2621 3240 2677 hos
3274 2620 3476 2689 fratres

1898 2714 2151 2769 misimus
2181 2753 2197 2778 ,
2243 2719 2303 2767 ut
2340 2721 2396 2768 et
2428 2727 2777 2784 quaecunque
2809 2714 3120 2769 litterarum
3141 2712 3477 2769 documenta

1898 2803 2207 2874 effugerunt
2231 2842 2246 2866 ,
2299 2803 2415 2857 inec
2462 2820 2560 2874 per
2590 2820 2651 2860 se
2694 2804 2797 2875 ipsi
2833 2805 3130 2861 edocentes
3161 2846 3177 2871 ,
3218 2806 3476 2876 pietatem
3590 2842 3597 2845 -

1899 2905 2138 2950 vestram
2190 2895 2417 2950 incitent
2457 2895 2525 2949 ad
2589 2896 2887 2966 expetitum
2942 2894 3035 2951 Dei
3090 2895 3352 2953 Ecclesiis
3394 2895 3466 2961 fe,

1898 2986 2127 3042 rendum
2154 2987 2441 3041 auxilium.

2327 3104 2669 3167 EPISTOLA
2711 3106 3008 3162 CCLXIV‘.

215 3228 427 3280 Bursam
455 3223 685 3287 Basilius,
708 3221 863 3276 oblata
887 3222 1383 3295 occasionepontnini
1401 3231 1445 3276 et
1475 3224 1716 3295 sociprum
1744 3225 1866 3295 ejus,
1886 3223 2077 3294 salutat
2105 3223 2466 3295 ethorlulur‘ul
2491 3230 2595 3295 oret
2614 3238 2705 3287 pro
2735 3222 2966 3288 E‘clclesia,
2992 3222 3071 3275 cui
3101 3224 3296 3291 quidem
3318 3229 3480 3291 sperat

1127 3286 1340 3337 Basilius
1361 3299 1529 3350 pacem
1551 3287 1718 3337 datum
1740 3285 1822 3345 iri,
1847 3285 1939 3337 nisi
1962 3286 2314 3351 appropinquat
2332 3285 2554 3349 defectio.

290 3394 519 3464 Βάρσῃ,
543 3392 855 3458 ἐπισκόπφ
904 3392 1219 3461 Ἐδέσσης,
1251 3394 1321 3447 ἐν
1344 3392 1547 3461 ἐξορίᾳ
1576 3394 1721 3449 ὄντι.

289 3505 383 3577 Τῷ
429 3506 504 3570 ὡς
552 3505 768 3577 ἀληθῶς
814 3504 1212 3575 θεοφιλεστάτῳ
1255 3505 1348 3559 καὶ
1395 3504 1577 3576 πάσης
1619 3506 1797 3570 αἰδοῦς

217 3601 315 3657 καὶ
337 3599 501 3671 τιμῆς
530 3599 666 3672 ἀξίῳ
692 3598 974 3670 ἐπισκόπῳ
1000 3599 1186 3679 Βάρσῃ
1215 3598 1494 3661 Βασίλειος
1526 3599 1584 3651 ἐν
1611 3599 1799 3670 Κυρίῳ

217 3694 456 3773 χαίρειν.
495 3690 836 3765 Ἐρχομένων
864 3691 973 3745 τῶν
1002 3690 1386 3760 γνησιωτάτων
1415 3690 1659 3760 ἀδελφῶν
1690 3690 1799 3745 τῶν

217 3784 351 3856 περὶ
383 3786 639 3855 Δομνῖνον
667 3783 780 3855 (17)
826 3782 964 3857 πρὸς
1005 3781 1105 3853 τὴν
1153 3780 1438 3837 εὐλάϐειάν
1478 3799 1594 3846 σου,
1632 3782 1801 3854 ἡδέως

216 3877 320 3949 τὴν
349 3876 604 3947 ἀφορμὴν
636 3875 745 3931 τῶν
774 3874 1121 3948 γραμμάτων
1156 3871 1475 3945 ἐδεξάμεθα,
1504 3875 1598 3928 καὶ
1631 3890 1799 3947 προσ-

218 3967 560 4041 αγορεύομέν
604 3986 664 4021 σε
705 3968 771 4022 δι’
819 3968 1020 4033 αὐτῶν,
1067 3968 1353 4039 εὐχόμενοι
1392 3965 1469 4037 τῷ
1497 3965 1639 4037 ἁγίῳ
1680 3966 1801 4038 Θεῷ

221 4061 388 4132 μέχρι
427 4058 680 4113 τοσούτου
710 4059 1048 4131 φυλαχθῆναι
1080 4059 1192 4130 (l8)
1220 4061 1287 4130 τῇ
1317 4056 1429 4129 ζωῇ
1472 4059 1666 4132 ταύτῃ,
1700 4060 1798 4131 μέ-

218 4169 346 4223 χρις
374 4143 436 4205 οὗ
470 4150 897 4221 καταξιωθῶμεν
941 4150 1069 4203 ἰδεῖν
1108 4167 1191 4216 σε,
1222 4152 1317 4205 καὶ
1359 4149 1664 4204 ἀπολαῦσαι
1692 4150 1801 4205 τῶν

219 4222 281 4297 ἐν
326 4244 410 4296 σοὶ
438 4243 812 4314 χαρισμάτων.
859 4242 1033 4296 Μόνον
1068 4241 1246 4312 εὔχου,
1296 4240 1620 4314 παρακαλῶ,
1652 4242 1739 4295 ἵνα
1772 4244 1801 4295 ὀ

219 4333 429 4405 Κύριος
462 4334 537 4404 μὴ
572 4332 798 4404 παραδῷ
842 4333 990 4403 ἡμᾶς
1018 4333 1097 4396 εἰς
1126 4333 1282 4396 τέλος
1314 4336 1426 4396 τοῖς
1457 4332 1673 4405 ἐχθροῖς
1706 4333 1799 4385 τοῦ

221 4425 461 4498 σταυροῦ
492 4423 587 4480 τοῦ
619 4423 882 4497 Χριστοῦ,
910 4423 1046 4477 ἀλλὰ
1089 4423 1295 4496 φυλάξῃ
1328 4424 1436 4492 (19)
1468 4425 1567 4488 τὰς
1608 4425 1800 4479 ἑαυτοῦ

235 4515 563 4587 Ἐκκλησίας
598 4517 758 4589 μέχρι
790 4515 883 4570 τοῦ
915 4515 1110 4587 καιροῦ
1138 4516 1236 4586 τῆς
1271 4518 1513 4587 εἰρήνης,
1544 4516 1612 4587 ἢν
1641 4517 1802 4580 αὐτὸς

219 4603 363 4662 οἶδεν
388 4611 419 4662 ὁ
461 4608 669 4673 δίκαιος
715 4607 908 4680 κριτὴς
964 4609 1095 4662 πότε
1142 4608 1433 4663 ἀποδώσει.
1503 4607 1801 4666 Ἀποδώσει

2149 3393 2356 3455 Barsa',
2388 3391 2603 3447 Edessa:
2642 3394 2905 3461 episcopo,
2937 3393 3227 3450 exsulanti.

1973 3485 2114 3541 Vere
2159 3485 2577 3555 religiosissimo
2613 3485 2874 3556 omnique
2907 3486 3212 3540 reverentia
3262 3492 3317 3539 et
3377 3485 3478 3542 lio-

1897 3594 2033 3634 nore
2080 3578 2245 3649 digno
2307 3579 2564 3647 episcopo
2628 3578 2811 3634 Barsae
2860 3577 3095 3634 Basilius
3151 3578 3208 3632 in
3246 3578 3480 3633 Domino

1900 3671 2149 3725 salutem.
2188 3669 2325 3725 Cum
2368 3671 2810 3740 proficisceretur
2862 3671 3315 3743 germanissimus
3365 3669 3480 3726 fra-

1900 3770 1983 3817 ter
2019 3761 2320 3824 Domninns
2394 3748 2462 3816 ad
2503 3770 2653 3824 tuam
2702 3762 2959 3833 pietatem
2986 3803 2999 3827 ,
3049 3763 3276 3819 libenter
3311 3779 3476 3819 occa-

1901 3854 2108 3917 sionem
2148 3852 2425 3909 scribendi
2459 3853 2798 3925 excepimus,
2855 3861 3016 3926 teque
3049 3871 3145 3926 per
3188 3856 3342 3910 illum
3388 3871 3481 3912 sa-

1902 3945 2165 4008 lutamus,
2199 3943 2367 3999 Deum
2418 3955 2671 4000 sanctum
2701 3956 2989 4017 precantes
3010 3986 3026 4012 ,
3072 3956 3131 4001 ut
3167 3948 3356 4004 tandiu
3380 3964 3480 4004 ουν

1902 4035 2207 4091 stodiamur
2256 4035 2310 4089 in
2365 4035 2467 4091 hac
2513 4036 2622 4090 vita
2652 4076 2668 4098 ,
2720 4037 2894 4091 donec
2929 4037 3082 4109 digni
3132 4039 3475 4104 babeamur,

1900 4126 1995 4196 qui
2042 4136 2093 4181 te
2141 4124 2425 4181 videamus
2447 4167 2463 4193 ,
2513 4141 2577 4181 ac
2610 4126 2773 4182 donis
2799 4169 2813 4191 ,
2847 4144 2970 4199 qua:
2999 4128 3053 4182 in
3083 4137 3136 4189 te
3166 4139 3315 4194 sunt,
3353 4145 3479 4201 per-

1901 4217 2171 4273 fruamur.
2235 4216 2469 4272 Tantum
2526 4234 2782 4289 precare,
2843 4220 3095 4286 obsecro,
3128 4228 3187 4285 ut
3210 4220 3478 4278 Dominus

1902 4310 2068 4382 408
2094 4325 2202 4364 non
2225 4310 2407 4364 tradat
2433 4326 2536 4365 nos
2572 4311 2628 4365 in
2665 4319 2990 4382 perpetuum
3025 4312 3263 4367 inimicis
3294 4314 3479 4369 crucis

1901 4401 2106 4456 Christi
2139 4441 2154 4464 ,
2217 4402 2313 4457 sed
2369 4402 2643 4457 custodiat
2699 4401 2983 4458 Ecclesiae
3022 4419 3153 4460 suas
3200 4420 3377 4476 usque
3408 4404 3478 4459 ad

1903 4502 2118 4566 tempus
2143 4496 2314 4567 pacis,
2334 4511 2496 4567 quam
2522 4496 2675 4551 novit
2699 4495 2816 4565 ipse
2837 4496 3022 4565 justus
3042 4496 3232 4567 judex,
3257 4498 3479 4568 quando

1904 4587 1977 4642 sit
2038 4587 2374 4645 redditurus.
2428 4586 2641 4644 Reddet
2704 4589 2874 4655 enim,
2941 4604 3045 4645 nec
3077 4605 3180 4645 nos
3215 4596 3479 4661 perpetuo

294 4743 406 4814 (l5)
428 4744 923 4819 Προσπεᾳτονθώς.
952 4742 1032 4819 Ita
1054 4741 1350 4819 Harl._cum
1372 4743 1540 4819 Coisl.
1561 4745 1802 4819 secundo
1832 4741 1880 4798 D
1904 4747 2088 4819 plures
2110 4746 2477 4819 mitterentur,
2509 4759 2657 4819 unus
2671 4751 2881 4819 Atamen
2927 4744 3349 4819 nominaretur._
3374 4742 3480 4797 Do—

219 4822 279 4869 et
299 4812 539 4882 quatuor
562 4816 849 4885 codicibus
877 4814 1082 4884 Regiis.
1106 4812 1393 4885 Medicteys
1419 4823 1474 4870 et
1498 4816 1668 4870 Coisl.
1696 4818 1803 4885 pri-

221 4898 349 4940 mus
384 4884 796 4966 προπεπονθώς.
822 4882 977 4966 Εείίιῖ
1000 4882 1292 4966 πεποιθώς.
1323 4882 1494 4966 Paulo
1527 4893 1648 4966 post
1667 4882 1801 4966 editi

222 4950 510 5027 κοινωνίαν
547 4953 1069 5027 αὺτοῦ-προέμενος.
1104 4950 1241 5008 Octo
1271 4969 1404 5027 mss.
1437 4950 1578 5027 utin
1626 4961 1800 5027 textu.

225 5022 321 5105 Sic
349 5026 514 5107 etiam
540 5022 904 5081 emendatum
915 5031 1001 5081 est
1025 5024 1083 5079 in
1115 5022 1356 5080 secunda
1386 5025 1623 5081 editione
1651 5024 1801 5080 Pari-

224 5108 418 5149 8181181.

297 5164 409 5236 (16)
436 5163 552 5236 Τῆς
570 5163 671 5236 de?
692 5164 910 5221 αὐτῶν.
941 5161 1019 5236 ita
1041 5176 1253 5225 veteres
1274 5166 1398 5224 libri
1416 5180 1631 5221 summo
1660 5180 1798 5223 cou-

221 5234 414 5291 sensu‘.
444 5234 588 5290 Editi
617 5235 719 5306 τῆς
747 5236 838 5289 ὑπ’
870 5234 1070 5306 αὐτῶν.

296 5306 410 5378 (17)
437 5306 569 5378 Τῶν
603 5304 738 5376 περὶ
776 5305 1084 5378 Δρμιςῐνον.
1116 5306 1402 5363 Existimat
1434 5304 1799 5378 Cogmbeﬁsius

223 5374 407 5432 solum
436 5374 767 5432 Domninum
803 5374 885 5433 sic
916 5376 1141 5432 honoris
1169 5391 1336 5433 causa
1377 5376 1670 5442 nominari,
1697 5392 1798 5430 nec

226 5446 372 5502 ullos
411 5447 690 5518 designari
733 5447 980 5518 comites.
1012 5446 1189 5517 Atque
1227 5448 1280 5518 id
1307 5446 1533 5518 quidem
1568 5446 1798 5502 libenter

226 5518 502 5573 assentior
533 5514 854 5573 doctissimo
881 5514 1023 5581 viro,
1052 5514 1226 5573 solum
1257 5514 1348 5573 hic
1377 5516 1665 5571 Dominum
1696 5531 1798 5571 no-

225 5586 460 5653 minari;
512 5603 623 5644 non
662 5588 867 5644 idcirco
915 5591 1120 5652 tamen,
1165 5588 1309 5657 quod
1356 5585 1795 5657 sociiskcareret,

224 5658 323 5729 sed
356 5659 486 5728 quia
524 5657 599 5712 illi
650 5659 920 5729 praecipue
957 5657 1155 5729 honor,
1177 5654 1507 5729 habebatur.
1528 5654 1618 5710 Sic
1646 5656 1793 5711 enim

226 5727 345 5785 ﬁeri
375 5726 576 5788 solere
628 5726 1040 5791 observavimus
1096 5728 1160 5789 ad
1199 5728 1361 5799 epist.
1404 5726 1531 5796 τιὸ,
1569 5732 1626 5785 ut
1668 5741 1795 5789 cum

1903 4813 2093 4871 innino
2120 4824 2298 4885 autem
2331 4813 2834 4885 aliquemadfuisse
2858 4814 3110 4885 comitem
3123 4813 3479 4885 _conjicimﬁus

1903 4903 1968 4941 ex
1997 4886 2161 4955 epist.
2191 4884 2293 4948 267
2328 4886 2394 4939 ad
2424 4882 2688 4955 eumdem
2718 4883 2965 4948 Baream,
2998 4884 3092 4938 ubi
3123 4882 3357 4955 Basilius
3396 4884 3477 4938 la-

1903 4952 2051 5011 tores
2085 4956 2388 5009 litterarum
2410 4970 2632 5009 suarum
2664 4952 2866 5008 fratres
2893 4961 3309 5017 commemorat,
3336 4954 3479 5008 hanc

1905 5027 2079 5097 ipsam
2119 5023 2718 5097 epistolamgindicans.
2754 5024 2856 5097 _Ait
2878 5024 3024 5079 enim
3066 5039 3127 5097 se
3153 5022 3336 5097 Barsm
3367 5040 3481 5097 non

1906 5092 2051 5166 saepe
2074 5092 2293 5164 quidem
2325 5094 2636 5166 scripsisse,
2672 5092 2767 5149 sed
2795 5103 2981 5166 tamen
3006 5093 3333 5163 scripsisse:
3363 5095 3480 5163 qui-

1906 5163 2011 5220 bus
2041 5163 2225 5220 verbis
2252 5164 2412 5234 unica
2442 5163 2762 5234 designatur
2788 5164 3040 5234 epistola.

1977 5235 2089 5319 (lg)
2129 5231 2535 5319 ειδυάιιχρῆνιιιΣ
2565 5231 3079 5319 Ita_mss.:septem.
3114 5232 3256 5319 Editi
3288 5234 3481 5319 διαφυ-

1905 5303 2188 5377 λαχθῆναι.
2223 5304 2390 5358 Paulo
2419 5311 2542 5377 post
2582 5303 2713 5358 editi
2749 5303 2843 5356 καὶ
2870 5303 3314 5373 αὑτοπροσώπως
3350 5304 3478 5373 ἰδεῖν

1903 5375 2143 5443 σε,⁷οειο
2173 5388 2306 5430 mss.
2332 5381 2392 5428 ut
2421 5375 2475 5443 in
2498 5382 2669 5443 textu.

1973 5444 2391 5515 (iamautem.
2437 5442 2533 5515 Sic
2576 5442 2720 5515 νων
2755 5442 2925 5498 Coisl.
2971 5450 3298 5515 uterquest
3336 5442 3473 5515 βεδε,

1902 5513 2176 5585 secundus
2197 5529 2261 5571 ac
2282 5514 2459 5585 Bigot.
2489 5514 2647 5569 alter.
2671 5513 2919 5579 Quatuor
2943 5513 3034 5568 alii
3058 5513 3302 5585 φυλάξει.
3333 5513 3476 5568 Editi

1942 5585 2144 5640 υλάξοι.

1901 5584 2187 5715 maxime
2210 5652 2531 5715 CGCXXVI.
2564 5652 2778 5734 Scripta
2817 5658 2966 5721 circa
3006 5668 3207 5712 annum
3244 5654 3365 5717 377,
