3856 6224
157 301 264 360 985

1092 312 1580 375 EPISTOLARUM
1618 318 1903 379 CLASSIS
1938 323 2003 383 ll.
2043 324 2262 383 EPIST.
2300 326 2547 383 CCLXV.

3319 328 3424 387 986

156 416 504 514 τῆς-ἀγαθῆς
543 417 968 514 μερίδοςᾼύμῶν,
1005 424 1099 476 καὶ
1136 425 1369 495 συνάψαι
1402 429 1629 494 ἑαυτοὺς
1654 427 1743 483 διὰ

1845 435 2014 508 409
2044 453 2140 508 per
2167 437 2456 508 epistolam
2486 452 2611 492 cum
2660 444 2842 494 vestra
2892 438 3091 510 pietate
3124 440 3426 514 coniunge.

157 508 252 562 τοῦ
283 510 612 581 γράμματος
640 512 707 586 τῇ
757 511 1002 585 ὑμετέρᾳ
1045 514 1325 590 εὐλαϐείᾳ.
1358 513 1544 591 Dim-sp
1579 520 1741 574 ἓνεκα

155 601 564 674 ἀπεστείλαμεν
617 603 714 657 καὶ
760 602 852 657 τὸν
882 604 1266 662 ποθεινότατον
1310 609 1425 663 υἱὸν
1461 610 1618 681 ἡμῶν
1647 610 1742 665 καὶ

157 693 507 750 συνδιάκονον
547 695 835 762 Ἐλπίδιον,
867 697 1005 770 ὁμοῦ
1048 698 1147 770 μὲν
1175 700 1277 771 τὴν
1309 702 1597 771 ἐπιστολὴν
1626 703 1743 755 δια-

154 787 479 860 κομίζοντα,
506 787 643 860 ὁμοῦ
671 788 729 843 δὲ
749 789 845 843 καὶ
872 792 1004 863 παρ’
1030 791 1223 846 ἑαυτοῦ
1247 792 1542 865 δυνάμενον
1564 794 1743 863 ἀπαγ-

152 879 335 949 γεῖλαι
363 880 493 951 ὑμῖν
521 881 624 937 ὅσα
657 881 757 953 τὴν
797 884 863 936 ὲκ
890 882 986 936 τοῦ
1019 883 1352 956 γράμματος
1382 886 1597 959 ἐκφύγῃ
1628 886 1739 958 (26)

153 970 535 1027 διδασκαλίαν.

230 1063 287 1119 2.
341 1062 587 1121 Μάλιστα
623 1064 680 1120 δὲ
712 1066 860 1138 ἡμᾶς
898 1066 1183 1140 ὲπέρῤωσε
1230 1068 1369 1140 πρὸς
1408 1068 1506 1141 τὴν
1552 1069 1740 1123 ἐπιθυ-

154 1156 292 1229 μίαν
317 1158 419 1228 τῆς
443 1158 740 1228 συναφείας
768 1158 921 1230 ὑμῶν
951 1161 985 1232 ὴ
1018 1158 1156 1231 ἀκοὴ
1186 1161 1280 1214 τοῦ
1311 1162 1441 1233 περὶ
1462 1160 1560 1234 τὴν
1587 1160 1742 1233 ὀρθό-

148 1266 297 1321 τητα
342 1249 505 1322 ζήλου
549 1252 650 1322 τῆς
697 1251 979 1316 εὐσεϐείας
1019 1252 1204 1323 ὑμῶν’
1239 1255 1324 1308 ὅτι
1374 1253 1498 1309 οὗτε
1543 1253 1739 1327 πλήθει

152 1342 556 1414 συνταγμάτων
575 1382 591 1407 ,
652 1341 777 1397 οὔτε
863 1343 1107 1416 ποικιλίᾳ
1178 1346 1530 1417 σοφισμάτων
1594 1363 1739 1418 παρ-

148 1434 358 1507 ηνέχθη
380 1434 535 1507 ὑμῶν
568 1436 630 1489 τὸ
663 1436 891 1509 στερρὸν
918 1437 1019 1508 τῆς
1044 1437 1291 1510 καρδίας
1319 1438 1435 1492 ἀλλ’
1462 1439 1737 1509 ἐπέγνωτε

153 1529 261 1598 μὲν
295 1527 423 1596 τοὺς
477 1528 621 1584 κατὰ
650 1527 759 1583 τῶν
801 1529 1177 1583 ἀποπολικῶν
1223 1529 1511 1601 δογμάτων
1551 1547 1736 1585 καινο-

147 1618 458 1691 τομοῦντας
477 1661 493 1686 ,
526 1622 707 1692 σιωπῇ
747 1620 805 1675 δὲ
852 1623 1150 1692 κατασχεῖν
1187 1623 1289 1693 τὴν
1338 1620 1737 1692 ἐνεργουμένην

150 1715 286 1785 παρ’
318 1713 495 1767 αὐτῶν
548 1712 755 1785 βλάϐην
801 1714 864 1767 ού
923 1711 1308 1778 κατεδέξασθε.
1354 1715 1466 1768 Καὶ
1508 1713 1617 1786 γὰρ
1659 1712 1737 1782 τῷ

147 1805 269 1859 δντι
301 1804 503 1874 πολλὴν
543 1804 779 1877 εὕρομεν
816 1804 995 1876 λύπην
1024 1805 1177 1878 παρὰ
1216 1807 1350 1861 πᾶσι
1377 1808 1490 1870 τοῖς
1515 1807 1736 1878 ἀντεχο-
1763 1795 1807 1850 Β

150 1897 342 1968 μένοις
373 1896 474 1966 τῆς
527 1895 623 1952 τοῦ
665 1897 872 1970 Κυρίου
923 1898 1149 1969 εἰρήνης
1181 1898 1275 1951 ἐπὶ
1318 1900 1441 1961 ταῖς
1476 1915 1737 1969 νεωτερο-

148 1987 361 2051 ποιίαις
400 1989 518 2051 ταῖς
559 1987 934 2052 παντοδαπαῖς
982 1988 1362 2061 Ἀπολιναρίου
1408 1989 1503 2041 τοῦ
1545 1989 1736 2042 Λαοδι-

149 2079 327 2143 κέως·
360 2078 421 2143 ὃς
447 2078 688 2151 τοσούτῳ
719 2079 880 2133 πλέον
910 2080 1184 2153 ἐλύπησεν
1213 2083 1385 2153 ἡμᾶς,
1414 2082 1526 2152 ὅσῳ
1557 2082 1736 2148 ἔδοξεν

140 2172 293 2233 εἶναι
330 2167 390 2235 ἐξ
419 2168 578 2241 ἡμῶν
616 2170 730 2243 (27)
774 2170 835 2224 τὸ
875 2169 937 2236 ἐξ
974 2172 1171 2244 ἀρχῆς.
1203 2171 1277 2226 Τὸ
1309 2172 1407 2242 μὲν
1444 2172 1552 2243 γὰρ
1585 2172 1736 2244 παρὰ

146 2260 390 2335 φανεροῦ
434 2262 696 2334 πολεμίου
744 2262 940 2317 παθεῖν
985 2280 1077 2330 τι,
1137 2262 1240 2317 κᾶν
1292 2263 1607 2335 ὑπερϐάλλῃ
1656 2263 1735 2335 τῷ

146 2341 683 2429 ἁλγεινῷίφορητόν
695 2355 811 2419 πώς
840 2358 957 2410 ἐστι
985 2356 1063 2429 τῷ
1093 2358 1576 2429 καταπονουμένῳ,
1605 2357 1736 2412 καθ-

147 2448 230 2514 ὼς
273 2448 604 2521 γέγραπται,
657 2448 742 2502 ὅτι
799 2448 867 2503 Et
908 2451 942 2504 ό
1014 2450 1236 2519 ἐχθρὸς
1308 2448 1583 2504 ὠνείδισέ
1634 2466 1732 2519 με,

145 2540 467 2611 ὑπήνεγκα
517 2539 627 2595 ἄν·
674 2541 737 2594 τὸ
784 2541 843 2595 δὲ
892 2543 1024 2614 παρ’
1076 2540 1355 2612 ὀμοψύχου
1391 2541 1487 2595 καὶ
1533 2541 1734 2594 οἰκείου

148 2633 359 2705 βλάϐης
380 2632 527 2698 τινὸς
565 2632 916 2705 πειραθῆναι,
948 2633 1107 2687 τοῦτο
1137 2632 1405 2705 δύσφορον
1431 2631 1732 2697 παντελῶς,

145 2731 246 2787 καὶ
273 2729 527 2801 οὐδεμίαν
570 2728 693 2799 ἔχον
720 2729 1098 2800 παραμυθίαν.
1136 2731 1233 2783 ⁸ον
1263 2728 1373 2799 γὰρ
1407 2726 1735 2799 προσεδοκή-

146 2838 325 2893 σαμεν
367 2821 740 2893 συνασπιστὴν
782 2820 924 2887 ἕξειν
956 2820 1067 2892 (28)
1096 2821 1196 2891 τῆς
1235 2819 1516 2891 ἀληθείας,
1547 2818 1735 2872 τοῦτον

144 2913 384 2987 εὕρομεν
406 2913 502 2967 νῦν
526 2914 583 2966 ὲν
605 2912 820 2977 πολλοῖς
854 2912 1218 2983 ἐμποδίζοντα
1243 2914 1354 2975 τοῖς
1384 2909 1730 2980 σωζομένοις,

143 3007 213 3061 ὲκ
241 3006 337 3060 τοῦ
384 3006 695 3079 περιέλκειν
729 3005 911 3059 αὐτῶν
940 3006 1030 3061 τὸν
1060 3004 1187 3059 νοῦν
1223 3006 1318 3058 καὶ
1353 3005 1605 3074 ἀποσπᾷν
1634 3003 1734 3073 τῆς

142 3096 441 3166 εὐθύτητος
487 3095 597 3149 τῶν
645 3095 952 3167 δογμάτων.
994 3095 1060 3157 Τί
1107 3096 1216 3167 γὰρ
1268 3096 1326 3149 ὲν
1372 3094 1554 3166 ἔργοις
1601 3095 1731 3165 παρ’

143 3189 316 3243 αὐτοῦ
350 3189 620 3260 τολμηρὸν
660 3190 756 3244 καὶ
791 3189 994 3262 θερμὸν
1014 3190 1115 3243 οὐκ
1143 3188 1424 3261 ἐπράχθη;
1471 3188 1536 3241 Τί
1568 3188 1624 3241 δὲ
1672 3190 1730 3241 ὲν

141 3283 329 3351 λόγοις
365 3282 428 3334 οὐ
455 3279 840 3352 παρεπενοήθη
880 3278 1143 3352 νεώτερον
1177 3280 1273 3334 καὶ
1299 3279 1735 3333 ὲπικεκινδυνευ-

145 3376 344 3446 μένονς
379 3373 456 3426 Οὐ
487 3374 638 3426 πᾶσα
672 3374 771 3444 μὲν
799 3372 1096 3442 Ἐκκλησία
1121 3375 1188 3443 ἐφ
1220 3375 1418 3445 ἑαυτὴν
1444 3372 1730 3445 ἐμερίσθη,

146 3464 387 3537 μάλιστα
426 3462 484 3515 δὲ
516 3465 639 3526 ταῖς
678 3462 784 3515 ὑπὸ
817 3462 925 3516 τῶν
963 3462 1077 3535 (29)
1130 3462 1425 3534 ὀρθοδόξων
1460 3462 1733 3533 κυϐερνωο

148 3557 341 3627 μέναις
372 3553 834 3625 ἐπιπεμφθέντων
878 3557 1009 3627 παρ’
1042 3554 1209 3608 αὐτοῦ
1249 3554 1387 3628 πρὸς
1424 3554 1485 3608 τὸ
1526 3553 1729 3624 σχίσαι,

144 3647 243 3701 καὶ
298 3647 435 3700 ίδίαν
500 3644 625 3698 τινὰ
677 3645 1160 3717 παρασυναγωγὴν
1224 3645 1544 3717 ὲκδικῆσαι;
1594 3645 1731 3715 Οὐχὶ

143 3737 372 3805 γελᾶται
421 3736 482 3790 τὸ
519 3735 661 3808 μέγα
693 3737 791 3808 τῆς
822 3738 1109 3801 εὐσεϐείας
1149 3738 1469 3809 μυστήριον,
1498 3739 1573 3802 ὡς
1601 3739 1729 3792 ἄνευ

142 3828 279 3889 λαοῦ
311 3830 406 3882 καὶ
433 3828 633 3900 κλήρου
658 3829 974 3883 ἐπισκόπων
1001 3832 1462 3902 περιερχομένων,
1497 3834 1591 3886 καὶ
1616 3832 1734 3885 δνο-

144 3939 227 3992 μσ.
247 3920 403 3991 ψιλὸν
445 3920 874 3993 περιφερόντων,
924 3921 1078 3974 οὐδὲν
1119 3921 1176 3975 δὲ
1214 3922 1623 3995 κατορθούντων
1653 3925 1731 3986 είς

143 4013 432 4087 προκοπὴν
459 4012 555 4067 τοῦ
602 4013 941 4081 Εύαγγελίου
991 4013 1092 4083 τῆς
1137 4016 1361 4087 εἰρήνης
1412 4016 1505 4070 καὶ
1553 4033 1731 4087 σωτη-

145 4108 276 4180 ρίας
297 4106 442 4178 (50);
476 4106 610 4178 Οὐχὶ
639 4106 687 4160 οἱ
718 4106 849 4178 περὶ
878 4105 973 4160 τοῦ
998 4106 1134 4160 Θεοῦ
1162 4107 1311 4176 λόγοι
1344 4107 1572 4180 πλήρεις
1599 4110 1731 4181 παρ’

142 4199 300 4271 αύτῷ
332 4201 470 4252 εἰσιν
502 4198 717 4253 ἀσεϐῶν
748 4199 1056 4269 δογμάτων,
1082 4201 1182 4271 τῆς
1216 4200 1454 4265 παλαιᾶς
1478 4202 1732 4268 ἀσεϐείας

143 4291 243 4346 τοῦ
287 4290 685 4363 ματαιόφρονος
727 4291 1018 4345 Σαϐελλίου
1059 4292 1125 4346 δι’
1166 4292 1332 4346 αὐτοῦ
1366 4292 1460 4347 νῦν
1493 4294 1731 4348 ἀνανεω-

144 4383 343 4454 θείσης
369 4385 428 4439 ὲν
454 4386 568 4447 τοῖς
597 4385 1002 4454 συντάγμασινς
1032 4385 1096 4438 El
1129 4384 1239 4458 γὰρ
1268 4384 1304 4440 ἃ
1342 4386 1731 4459 περιφέρουσιν

1843 544 2052 584 remus.
2103 528 2453 601 Quapropter
2501 530 2755 586 misimus
2805 532 2970 587 etiam
3015 532 3424 591 desideratissi-

1842 613 1991 677 inum
2036 623 2207 678 ﬁlium
2243 632 2488 678 nostrum
2541 621 2809 693 Elpidlum
2856 624 3252 680 condiaconum
3276 666 3291 691 ,
3326 627 3423 697 qui

1842 721 1898 769 et
1926 714 2215 784 epistolam
2255 712 2545 784 perferret,
2581 722 2634 768 et
2679 729 2776 784 per
2807 729 2868 769 se
2898 714 3017 786 ipse.
3064 725 3243 785 potest
3272 734 3421 773 nun-

1842 804 1984 860 tiare
2013 806 2195 874 vobis,
2226 820 2569 876 ouaecunque
2594 805 2904 861 litterarum
2942 806 3230 878 ell‘ugerint
3259 808 3426 865 docu-

1840 902 2050 952 menta.

1912 1085 1968 1141 2.
2002 1084 2142 1140 Illud
2169 1095 2351 1141 autem
2385 1102 2472 1142 me
2493 1086 2732 1142 maxime
2763 1087 3003 1160 impuat,
3044 1096 3105 1143 ut
3135 1089 3424 1145 vobiscum

1840 1179 2104 1249 conjungi
2149 1195 2444 1250 cuperem,
2493 1180 2639 1250 quod
2672 1189 2912 1237 vestrum
2946 1189 3111 1236 rectae
3157 1181 3424 1237 doctrinae

1840 1271 2080 1327 studium
2122 1271 2191 1326 ad
2232 1288 2383 1328 meas
2409 1288 2571 1329 aures
2612 1273 2863 1344 pervenit
2894 1293 2910 1330 :
2941 1274 3142 1345 quippe
3167 1289 3291 1327 cum
3321 1289 3424 1329 nec

1838 1365 2106 1420 librorum
2156 1363 2539 1430 multitudine,
2585 1381 2687 1418 nec
2732 1364 3128 1434 sophismatum
3163 1363 3426 1418 varietate

1837 1465 2019 1512 emota
2049 1457 2122 1511 sit
2159 1456 2344 1511 cordis
2367 1455 2534 1511 vestri
2581 1456 2811 1511 ﬁrmitas
2838 1475 2851 1509 :
2884 1454 2980 1511 sed
3008 1471 3105 1510 eos
3138 1455 3425 1525 agnoveri-

1836 1546 1931 1614 tis,
1967 1547 2061 1618 qui
2090 1555 2282 1601 contra
2310 1547 2566 1616 dogmata
2601 1547 2899 1616 apostolica
2931 1546 3229 1599 novitatem
3261 1543 3422 1598 indu-

1838 1645 1993 1702 cunt,
2029 1652 2131 1692 nec
2160 1637 2380 1693 silentio
2406 1637 2690 1692 continere
2724 1636 2992 1691 damnum
3036 1635 3104 1690 ab
3152 1634 3262 1690 illis
3308 1634 3425 1689 illa-

1838 1736 1955 1782 tum
2007 1730 2319 1800 potueritis.
2367 1729 2504 1785 Nam
2561 1743 2749 1784 revera
2800 1742 3056 1799 magnum
3117 1726 3423 1798 reperimus

1837 1822 2081 1878 dolorem
2116 1824 2172 1877 in
2211 1823 2467 1878 omnibus
2500 1820 2714 1875 Domini
2743 1836 2933 1892 pacem
2975 1819 3131 1875 cordi
3164 1820 3422 1875 babenti-

1836 1914 1962 1979 bus,
2000 1930 2066 1970 ex
2121 1914 2430 1984 omnigenis
2461 1913 2767 1983 Apolinarii
2809 1911 3105 1968 Laodiceni
3156 1911 3423 1968 novitati-

1836 2006 1978 2060 bus:
2011 2005 2198 2074 quieo
2226 2006 2404 2076 magis
2448 2020 2549 2059 nos
2596 2003 2807 2068 alﬂixit,
2840 2003 2985 2074 quod
3027 2020 3091 2059 ex
3134 2004 3296 2060 nobis
3349 2003 3420 2059 ab

1836 2096 1998 2150 initio
2025 2111 2151 2152 esse
2175 2094 2485 2149 videbatur.
2520 2092 2739 2162 Aliquid
2774 2092 2920 2146 enim
2955 2091 3023 2146 ab
3051 2091 3210 2147 hoste
3242 2090 3420 2145 mani-

1837 2186 1977 2242 festo
2003 2188 2138 2257 pati,
2174 2186 2390 2242 etiamsi
2442 2185 2496 2239 id
2547 2186 2619 2240 sit
2669 2185 3145 2249 molestissimum,
3196 2199 3285 2239 res
3332 2190 3421 2239 cst

1837 2288 2021 2335 tamen
2053 2277 2461 2349 quodammodo
2488 2278 2790 2332 tolerabilis
2822 2277 3070 2348 patienti,
3096 2276 3242 2332 sicut
3274 2277 3418 2331 scri-

1837 2379 1990 2442 ptum
2028 2379 2115 2427 est
2144 2390 2157 2427 :
2194 2371 2254 2426 Si
2286 2371 2533 2423 inimicus
2567 2369 2775 2439 probris
2806 2385 2887 2422 me
2925 2369 3221 2438 a/I'ecisset,
3253 2367 3420 2421 susti-

1835 2465 2066 2519 nuissent
2120 2465 2298 2533 utique
2331 2463 2397 2516 ³⁸.
2435 2461 2543 2516 Sed
2596 2462 2666 2516 ab
2714 2461 2960 2515 unanimi
3002 2468 3056 2513 et
3104 2460 3419 2515 necessario

1836 2554 2044 2624 aliquid
2096 2557 2347 2625 accipere
2377 2554 2715 2617 detrimenti,
2760 2552 2814 2607 id
2847 2553 3073 2607 omnino
3117 2551 3185 2606 ad
3233 2550 3419 2607 feren-

1834 2646 1966 2700 dum
2025 2644 2273 2712 dillicile,
2322 2660 2424 2700 nec
2479 2646 2643 2699 ullam
2704 2645 2912 2699 habens
2961 2644 3417 2702 consolationem.

1835 2737 2007 2804 Quem
2064 2739 2208 2793 enim
2270 2748 2789 2808 exspectaveramus
2856 2738 3065 2792 socium
3135 2737 3297 2793 nobis
3359 2737 3420 2793 in

1834 2831 2155 2886 defensione
2186 2832 2434 2887 veritatis
2465 2832 2735 2893 futurum,
2769 2847 2893 2887 eum
2936 2846 3080 2885 nunc
3110 2831 3419 2886 invenimus

1835 2921 1890 2974 in
1924 2921 2110 2977 multis
2141 2921 2447 2975 obstantem
2477 2921 2563 2976 bis
2591 2921 2683 2991 qui
2718 2923 3022 2983 salvantur,
3042 2922 3170 2974 dum
3198 2921 3415 2975 illorum

1835 3012 2055 3066 abducit
2101 3018 2373 3075 mentem,
2422 3022 2476 3067 et
2521 3014 2706 3067 avellit
2748 3028 2779 3067 a
2818 3013 2986 3069 rectis
3042 3013 3414 3083 dogmatibus.

1835 3103 1977 3170 Quid
2009 3105 2155 3159 enim
2207 3105 2263 3158 in
2300 3105 2613 3160 actionibus
2641 3105 2709 3159 ab
2735 3120 2800 3160 eo
2835 3122 2945 3160 non
2978 3106 3175 3161 callide
3221 3113 3280 3160 et
3311 3122 3414 3159 au-

1835 3195 2025 3250 dacter
2046 3197 2458 3267 perpetratum?
2488 3196 2628 3263 Quid
2657 3198 2709 3251 in
2741 3198 3087 3254 sermonibus
3117 3214 3228 3253 non
3261 3198 3419 3268 juve-

1834 3288 2022 3342 nililcr
2054 3296 2109 3342 et
2150 3288 2461 3357 periculose
2489 3290 2897 3361 excogitatum?
2928 3288 3119 3345 Nonne
3167 3289 3417 3345 Ecclesia

1833 3379 2015 3434 omnis
2061 3381 2203 3434 inter
2245 3397 2304 3435 se
2352 3381 2530 3435 divisa
2583 3388 2703 3446 est,
2755 3386 3057 3450 praesertim
3087 3398 3155 3437 ex
3207 3398 3317 3452 quo
3356 3383 3415 3437 in

1832 3469 2166 3541 gubernatas
2220 3471 2290 3524 ab
2338 3471 2662 3525 orthodoxis
2711 3470 2988 3525 Eeclesias
3038 3471 3267 3526 immisit
3319 3470 3416 3540 qui

1832 3562 2109 3623 scindant.
2165 3569 2219 3617 et
2275 3562 2590 3630 illegitimos
2638 3571 2944 3618 conventus
2997 3564 3254 3634 proprios
3308 3563 3413 3618 sibi

1831 3651 2152 3705 vindicent?
2184 3649 2376 3705 Nonne
2428 3651 2637 3706 ridetur
2673 3668 2928 3723 magnum
2962 3653 3181 3723 pietatis
3211 3661 3416 3725 myste-

1833 3744 1999 3806 rium,
2034 3743 2312 3813 episcopis
2352 3743 2473 3798 sine
2523 3745 2724 3815 pepulo
2757 3759 2822 3799 ac
2858 3746 3006 3800 clero
3054 3745 3416 3800 obambulan-

1832 3834 2020 3893 tibus.
2077 3851 2140 3888 ac
2191 3850 2392 3889 nomen
2447 3834 2654 3888 nudum
2706 3836 3255 3901 circumferentibus,
3312 3850 3415 3891 nec

1832 3928 2134 3998 quidquam
2170 3929 2237 3980 ad
2276 3928 2707 3996 promovendum
2741 3929 2894 3998 pacis
2933 3936 2986 3983 et
3016 3928 3208 3983 salutis
3237 3927 3412 3982 Evan-

1835 4021 2038 4091 gelium
2083 4019 2450 4074 facientibus?
2482 4019 2670 4075 Nonne
2710 4022 2856 4078 illius
2884 4022 2951 4076 de
2990 4020 3101 4075 Deo
3130 4035 3415 4078 sermones

1834 4114 1978 4184 pleni
2007 4122 2136 4168 sunt
2166 4114 2347 4182 impiis
2372 4114 2743 4183 dogmatibus,
2769 4114 2989 4183 antiqua
3015 4113 3211 4168 insulsi
3234 4111 3422 4168 Sabel-

1834 4205 1891 4259 l.i
1929 4205 2208 4274 impietate
2235 4220 2382 4259 nunc
2413 4208 2485 4259 ab
2505 4221 2571 4259 eo
2601 4206 2654 4259 in
2689 4205 2914 4275 scriptis
2947 4206 3247 4259 renovata?
3277 4203 3414 4259 Nam

1835 4293 1881 4348 si
1923 4310 2044 4363 quae
2093 4294 2492 4348 circumferunt
2531 4293 2843 4358 Sebasteni,
2881 4295 3003 4348 ﬁcta
3041 4310 3149 4348 non
3185 4302 3314 4349 sunt
3345 4294 3418 4351 ab

1836 4384 2101 4450 inimicis,
2139 4385 2233 4440 sed
2282 4402 2408 4439 vere
2444 4386 2620 4455 ipsius
2650 4386 2855 4456 scripta
2885 4397 3037 4453 sunt,
3073 4388 3282 4441 nullum
3316 4387 3419 4440 im-

142 4479 194 4530 οἱ
226 4475 582 4545 Σεϐαστηνοὶ,
613 4475 688 4547 μὴ
723 4476 1148 4547 συμπέπλασται
1179 4479 1308 4550 παρ’
1338 4477 1568 4550 ἐχθρῶν,
1596 4479 1732 4534 ἀλλὰ

1841 4477 2059 4545 pictatis
2086 4477 2410 4546 superanda:
2447 4477 2628 4531 locum
2664 4479 2909 4548 reliquit,
2941 4478 3196 4534 eumdem
3226 4479 3417 4535 dicens

145 4568 270 4623 κατ’
306 4567 564 4639 ἀλήθειαν
614 4568 780 4622 αὐτοῦ
829 4570 938 4623 είσι
970 4571 1309 4643 συγγραφαὶ,
1357 4571 1610 4642 οὐδεμίαν
1652 4574 1733 4636 εἰς

146 4660 407 4715 ἀσέϐειαν
457 4660 763 4734 ὑπερϐολὴν
790 4662 1172 4728 καταλέλοιπε,
1196 4664 1285 4717 τὸν
1320 4663 1481 4716 αὐτὸν
1514 4664 1734 4734 Πατέρα

144 4750 324 4821 λέγων
361 4752 458 4806 καὶ
503 4751 633 4806 Υίὸν
677 4753 772 4807 καὶ
815 4753 1042 4825 Πνεῦμα
1092 4754 1238 4826 (51),
1287 4754 1382 4809 καὶ
1426 4754 1562 4809 ἄλλα
1612 4754 1734 4808 τινὰ

218 4907 268 4940 ³⁸
290 4904 440 4962 Psal.
476 4919 586 4971 LIV,
617 4904 706 4959 15.

216 5059 337 5133 (‘26)
379 5057 760 5133 Ἀξεατγεξνζᾳι.
788 5060 955 5133 ὑμῖν,
999 5061 1466 5133 ὅσα...νὲκφὺγῃ.
1505 5059 1596 5116 Sic
1620 5066 1733 5133 tres

146 5128 328 5187 iidem
346 5128 588 5202 codices.
616 5128 763 5185 Editi
804 5128 1125 5201 ἀναγγεῖλαι
1182 5128 1313 5202 ὑμῖν
1374 5128 1567 5202 ὅσου...
1614 5130 1732 5202 δια-

146 5199 667 5275 πέιρευγε-ιιιεεὶιιιτ
692 5202 795 5275 eaq
809 5202 865 5255 in
896 5199 1135 5275 secunda
1159 5199 1729 5275 ed'itioneParisiensi.

222 5266 548 5343 (ὩἹγΕἷγ-αῖ
571 5271 643 5335 ἐξ
671 5271 865 5343 ἡμῶν,
907 5270 1058 5327 Harl.
1082 5280 1161 5343 iet
1201 5272 1339 5327 Med.
1376 5268 1515 5325 εἶναι
1552 5270 1729 5343 ἡμῶν.

148 5342 360 5398 Ibidem
414 5350 531 5397 tres
584 5342 950 5398 vetustissimi
994 5342 1217 5399 codices
1265 5342 1519 5396 τοσοῦτον
1571 5342 1733 5395 πλέον

149 5414 457 5485 ἐλύπησεν,
478 5413 621 5467 ὅσον.
652 5411 761 5468 Sed
783 5428 875 5468 res
912 5414 1051 5468 tanti
1088 5430 1197 5469 non
1229 5414 1467 5478 videtur,
1510 5419 1571 5468 ut
1599 5428 1734 5469 con-

150 5492 364 5541 teuum
397 5489 696 5539 mutemus.

223 5553 342 5622 (28)
390 5552 641 5625 “Efear._
671 5551 840 5625 Cois].
895 5552 1324 5625 ιπίωιιεμέχειν.
1376 5551 1580 5609 Ibidem
1628 5551 1733 5625 νῦν

152 5624 471 5695 addidimus
503 5639 572 5680 ex
601 5622 773 5695 Cois}.
800 5622 1065 5695 utroque,
1107 5622 1257 5680 Harl.
1296 5634 1349 5680 et
1379 5626 1592 5695 duobus
1627 5622 1732 5695 Re-

191 5696 280 5777 iis.
316 5693 491 5777 Paulo
543 5701 670 5751 ante
712 5692 884 5753 Coisl.
939 5692 1151 5769 primus
1198 5696 1300 5752 κᾶν
1346 5694 1626 5769 ὑπερϐάλῃ
1674 5693 1733 5747 τὸ

222 5781 282 5835 γε
289 5781 418 5822 ινον.

1835 4565 2050 4621 Patrem
2098 4575 2154 4622 et
2199 4565 2397 4622 Filium
2442 4578 2497 4623 et
2538 4567 2833 4639 Spiritum,
2867 4579 2925 4626 et
2968 4571 3104 4626 alias
3148 4571 3415 4642 quasdam
3467 4601 3471 4606 ε

1835 4660 2210 4718 tenebricosas
2257 4663 2599 4734 impietates,
2631 4679 2770 4734 quas
2805 4680 2906 4720 nos
2930 4680 2999 4719 ne
3035 4665 3263 4720 auribus
3292 4665 3418 4735 qui-

1831 4754 1957 4809 dem
1991 4755 2345 4819 admislmus,
2377 4758 2580 4828 quippe
2622 4771 2748 4812 eum
2782 4773 3070 4828 precemur
3114 4766 3173 4812 ut
3207 4738 3414 4814 nullam

1914 5057 2029 5131 (29)
2104 5059 2255 5131 Tm)
2283 5059 2420 5131 τῶν.
2472 5057 2551 5114 Ita
2606 5068 2719 5131 tres
2763 5060 3123 5117 vetustissimi
3172 5060 3413 5131 codices.

1835 5130 1980 5202 Editi
2002 5130 2162 5202 napi
2191 5130 2319 5185 τῶν.
2354 5130 2759 5202 Ibidem_Coisl.
2795 5132 3127 5202 μνίιιιυεϋὲφῗ
3155 5130 3378 5202 ἑαυτῆς.

1905 5200 2022 5275 (ὅθ)
2052 5199 2159 5255 Καὶ
2191 5202 2511 5275 σωτηρίας.
2541 5199 2667 5275 Haec
2692 5199 2893 5275 desunt
2915 5203 2971 5257 in
3003 5199 3156 5275 Harl.
3186 5209 3243 5257 et
3270 5199 3411 5275 Med.

1831 5272 1893 5329 in
1916 5271 2059 5326 'aliis
2092 5273 2372 5343 nonnullis
2401 5272 2602 5343 desunt
2633 5272 2944 5343 haecverba
2968 5273 3193 5343 εἰρήνης
3219 5271 3335 5343 καί,

1932 5290 2059 5326 ams
2092 5290 2372 5327 nonnullis
2401 5290 2602 5327 uesunt
2633 5290 2748 5327 nare
2776 5290 2944 5327 verna
2968 5290 3016 5326 ει
3058 5290 3123 5343 ην
3165 5290 3193 5336 ς
3219 5290 3335 5327 και.

1912 5343 2025 5417 (31)
2063 5341 2174 5417 ιςιιὶ
2213 5340 2665 5417 Πνεῦμα-,Μία
2704 5341 2915 5417 addunt
2950 5290 3054 5396 καξ
3080 5290 3243 5417 πάλιν
3284 5342 3415 5395 Υίδν

1833 5411 1932 5471 καῖ
1958 5411 2200 5483 Πατέρα,
2236 5411 2592 5483 (ιυίοίιηειίυε
2620 5413 2796 5483 multo
2824 5413 3027 5483 absunt
3049 5429 3079 5466 a
3110 5413 3289 5468 tribus
3324 5428 3418 5468 ve—
3508 5416 3511 5421 '

1833 5481 2163 5554 tustissiniis
2209 5482 2497 5538 codicibus
2532 5481 2806 5554 et_Bigot.
2852 5482 3318 5554 lbidem_|egimus
3344 5499 3415 5538 ex

1833 5557 2025 5625 codice
2069 5549 2359 5607 Harlteano
2377 5552 2631 5606 σκοτεινά
2673 5549 3018 5625 ἆσεϐήματα.
3062 5549 3199 5609 11ιᾶιί
3230 5563 3416 5625 autem

1833 5627 1958 5681 τινα
1994 5624 2434 5693 deprompsimus
2470 5639 2538 5681 ex
2582 5629 2771 5693 eodem
2818 5622 3007 5679 codice
3044 5634 3097 5679 et
3133 5640 3198 5679 ex
3241 5623 3412 5679 Coisl.

1834 5699 2035 5768 primo.
2069 5694 2125 5747 in
2153 5692 2263 5762 quo
2291 5694 2489 5768 legitur
2521 5692 2781 5768 mpm}
2810 5694 2933 5768 τινὰ
2966 5694 3136 5765 ἀσεϐῆ
3173 5696 3412 5768 ῥήματα,

1835 5762 1885 5823 ἐι
1917 5766 2026 5824 alia
2057 5781 2294 5836 quanam
2329 5762 2490 5836 nupia
2524 5764 2700 5821 verba.
2732 5762 3017 5838 Scriptura
3046 5762 3256 5823 codicis
3277 5763 3417 5821 llar~
