3856 6224
420 276 523 330 987

1722 269 1781 328 S.
1819 269 2068 327 BASlLll
2108 268 2324 326 MAGNI

3586 262 3719 318 98:8

422 394 631 457 partem
695 388 821 440 eum
888 384 956 441 iis
1017 384 1113 456 qui
1170 385 1253 440 sic
1306 385 1610 457 loquuntur
1666 386 1990 441 habeamus.

2151 386 2352 440 ιοτεινὰ
2380 384 2727 456 ἀσεϐήματα,
2754 382 2789 437 ἀ
2821 382 2983 453 ήμεῖς
3008 378 3128 434 ούδέ
3153 380 3273 441 ταῖς
3302 376 3489 440 ἀκοαῖς
3524 377 3713 446 ἡμῶν

422 476 614 531 Nonne
648 473 952 531 doctrinam
998 475 1287 531 confundit
1333 476 1770 533 lncarnationis?
1816 494 1998 535 nonne

420 565 588 622 dubia
616 565 805 621 multis
829 566 972 620 facta
993 574 1078 622 est
1106 566 1390 623 salutifera
1427 566 1644 623 Domini
1675 568 1850 623 nostri
1883 568 2000 623 dis-

423 657 675 728 pensatio
736 673 807 712 ex
859 657 1145 714 lutulentis
1207 666 1263 714 et
1323 659 1686 716 tenebricosis
1736 660 1886 715 illius
1931 658 2001 714 de

422 748 809 805 lncarnatione
854 749 1292 819 quaestionibus?
1321 751 1454 817 Quae
1497 751 1682 805 omnia
1728 758 1790 804 ut
1842 751 2001 805 colli-

424 850 627 914 gantur
654 850 712 898 et
754 841 1023 913 arguendi
1052 841 1217 913 410
1241 856 1410 897 causa
1436 851 1806 913 exponantur,
1838 843 2004 914 longo

423 942 670 1005 tempore
690 944 743 989 et
764 948 1017 989 sermone
1039 949 1180 1003 opus
1214 941 1318 989 est.
1353 932 1786 990 Promissionum
1818 941 2002 990 autem

425 1024 732 1081 doctrinam
763 1027 887 1096 quis
913 1025 998 1080 sic
1037 1025 1349 1081 obliteravit
1382 1040 1448 1081 ac
1477 1026 1701 1091 delevit,
1745 1035 1805 1081 ut
1854 1027 2002 1084 illius

426 1116 691 1174 fabulosae
730 1118 925 1189 nugae?
954 1118 1057 1185 Qui
1096 1118 1316 1190 quidem
1346 1119 1559 1173 beatam
1599 1134 1751 1189 spem
1791 1119 2006 1190 reposi-

426 1218 540 1264 tam
579 1209 696 1275 bis,
748 1211 841 1282 qui
877 1211 1177 1268 secundum
1209 1210 1415 1267 Christi
1452 1211 1806 1283 Evangelium
1849 1213 2004 1267 vixe-

426 1299 570 1362 rint,
602 1299 676 1354 ita
704 1302 923 1358 exiliter
960 1311 1014 1358 et
1042 1302 1282 1359 demisse
1309 1318 1479 1359 ausus
1507 1311 1593 1359 est
1631 1303 2002 1373 interpretari,

430 1396 493 1445 ut
513 1389 583 1445 ad
608 1389 822 1449 fabulas
854 1393 1030 1449 aniles
1062 1401 1117 1449 et
1144 1392 1370 1449 Judaica
1402 1403 1711 1449 commenta
1732 1392 2004 1450 deﬂectat.

428 1480 622 1538 Denuo
669 1484 961 1555 pollicetur
1003 1485 1193 1557 templi
1239 1485 1694 1542 instaurationem
1726 1494 1781 1542 et
1822 1487 2008 1542 cultus

429 1572 620 1645 legalis
674 1575 1160 1639 observationem.
1217 1576 1531 1648 pontiﬁcem
1587 1577 1829 1649 typicum
1884 1584 2010 1648 post

433 1679 621 1721 verum
688 1666 1044 1737 pontiﬁcem,
1114 1668 1370 1723 victimas
1427 1683 1527 1739 pro
1586 1669 1827 1739 peccatis
1884 1677 2010 1739 post

2105 474 2513 545 κατεδεξάμεθα
2545 470 2957 546 παραδέξασθαι
3000 469 3133 541 (52),
3179 466 3463 538 εὐχόμενοι
3513 465 3711 537 μηδε-

2110 568 2238 639 μίαν
2276 565 2479 639 μερίδα
2530 564 2675 636 ἔχειν
2725 563 2861 635 πρὸς
2908 563 3033 626 τοὺς
3094 562 3276 615 ἐκεῖνα
3325 557 3394 611 τά
3453 558 3711 629 ῥήματα

2108 638 2534 730 φθεγξαμένους.
2584 657 2718 728 Οὐχὶ
2758 654 3090 725 συγκέχυται
3131 652 3261 724 παρ’
3306 649 3457 721 αὐτῷ
3504 651 3540 703 ὁ
3590 649 3712 722 τῆς

2106 750 2571 822 ἐνανθρωπήσεως
2618 747 2816 818 λόγος;
2859 747 2960 799 ούκ
2997 744 3293 817 ἀμφίϐολος
3328 742 3530 813 γέγονε
3577 743 3713 807 τοῖς

2108 842 2325 905 πολλοῖς
2370 843 2404 912 ή
2438 842 2705 912 σωτήριος
2747 837 2840 891 τοῦ
2881 837 3083 909 Κυρίου
3116 834 3271 907 ήμῶν
3302 833 3602 905 οἰκονομία
3631 834 3714 887 ἐκ

2107 936 2216 990 τῶν
2255 933 2493 1007 θολερῶν
2531 931 2697 988 αὑτοῦ
2729 932 2825 986 καὶ
2866 930 3156 985 σκοτεινῶν
3194 928 3323 1001 περὶ
3352 924 3713 1000 σαρκώσεως

2108 1026 2483 1100 ζητημάτων;
2518 1027 2587 1080 ’Δ
2622 1029 2801 1082 πάντα
2839 1025 3162 1093 συναγαγεῖν
3201 1022 3296 1076 καὶ
3341 1022 3422 1085 είς
3462 1018 3713 1090 ἔλεγχον

2109 1120 2456 1190 καταστῆσαι
2505 1117 2715 1193 μακροῦ
2759 1119 2854 1173 καὶ
2906 1116 3100 1189 χρόνου
3138 1114 3234 1169 καὶ
3256 1178 3259 1183 ι
3280 1112 3439 1182 λόγου
3486 1111 3707 1165 δεῖται.

2109 1214 2214 1267 Τὸν
2235 1214 2292 1266 δέ
2321 1213 2432 1268 τῶν
2453 1211 2800 1281 ἐπαγγελιῶν
2821 1211 2984 1265 τόπον
3008 1207 3093 1270 τίς
3113 1206 3286 1268 οὓτως
3313 1202 3553 1275 ἠφάνισε
3580 1201 3709 1272 (55)

2112 1303 2207 1358 καὶ
2242 1301 2594 1376 ἠμαύρωσεν,
2624 1302 2700 1366 ὡς
2727 1304 2761 1374 ή
2790 1300 2982 1355 τούτου
3013 1296 3334 1370 μυθοποιίας
3365 1296 3465 1358 ’ος
3492 1310 3565 1362 γε
3595 1292 3712 1363 τὴν

2115 1394 2390 1468 μακαρίαν
2432 1394 2642 1459 ἐλπίδα,
2674 1394 2774 1466 τὴν
2804 1390 3173 1462 ἀποκειμένην
3210 1389 3326 1450 τοῖς
3368 1386 3718 1439 πολιτευσα-

2117 1487 2300 1556 μένοις
2328 1484 2444 1558 (54)
2483 1484 2628 1538 κατὰ
2658 1484 2722 1538 τὸ
2763 1482 3096 1552 Εὐαγγέλιον
3122 1478 3220 1535 τοῦ
3257 1475 3517 1550 Χριστοῦ,
3548 1476 3715 1529 οὕτω

2111 1576 2384 1641 ταπεινῶς
2417 1577 2513 1630 καὶ
2553 1576 2909 1648 ἐρριμμένως
2957 1572 3255 1643 ἐτόλμησεν
3294 1566 3707 1639 ἐξηγήσασθαι,

2114 1668 2256 1723 ὥστε
2293 1671 2375 1732 εἰς
2407 1666 2676 1739 γραώδεις
2703 1666 2814 1739 (55)
2855 1665 3056 1738 μύθους
3102 1662 3196 1717 καὶ
3228 1660 3420 1729 λόγους
3465 1658 3708 1712 ’ἰουδαΐ-

434 1757 643 1830 Agnum
671 1757 766 1814 Dei
787 1762 878 1831 qui
905 1771 1190 1831 peccatum
1216 1761 1405 1816 mundi
1436 1762 1655 1827 tollit“,
1682 1762 2008 1833 baptismata

2151 1763 2237 1827 οὺς
2257 1761 2618 1833 ἐκτραπῆναι.
2640 1758 2880 1813 ¹Ἀινωθεν
2897 1756 3294 1827 ἐπαγγέλλεται
3311 1754 3423 1826 (56)
3442 1752 3538 1807 τοῦ
3562 1750 3711 1806 ναοῦ

435 1851 586 1906 varia
628 1861 755 1922 post
792 1855 1015 1908 unicum
1047 1855 1357 1925 baptisma,
1400 1864 1455 1911 et
1481 1854 1730 1924 juvenem
1772 1855 2011 1922 eineres,

434 1941 640 2012 quibus
672 1951 997 2013 aspergatur
1026 1943 1293 2007 Ecclesia.
1325 1962 1446 2016 qua:
1474 1945 1547 2001 ob
1578 1945 1737 2001 ﬁdem
1770 1947 1826 2001 in
1854 1945 2015 2001 Chri-

2109 1854 2208 1926 τὴν
2234 1853 2560 1920 ἀνανέωσιν,
2597 1853 2694 1906 καὶ
2720 1851 2822 1922 τῆς
2847 1850 3078 1922 νομικῆς
3104 1848 3360 1921 λατρείας
3390 1846 3489 1919 τὴν
3511 1862 3713 1917 παρα-

2111 1948 2377 2017 τήρησιν,
2426 1945 2523 1999 κα).
2588 1944 2752 1996 πάλιν
2806 1941 3071 2015 ἀρχιερέα
3120 1939 3350 1993 τυπικὸν
3411 1935 3555 2009 μετά
3604 1935 3715 1989 τὸν

437 2040 582 2090 stum
608 2048 717 2088 non
742 2033 908 2090 habet
935 2035 1204 2090 maculam
1232 2050 1332 2091 nec
1360 2051 1551 2108 rugam
1576 2051 1679 2093 nec
1713 2037 2016 2108 quidquam

2151 2036 2369 2107 ληθινδν
2412 2035 2697 2113 ἀρχιερέα,
2730 2035 2826 2089 καί⁸
2873 2033 3063 2087 θυσίαν
3088 2029 3201 2104 (57)
3239 2030 3380 2102 ὑπὲρ
3409 2026 3719 2099 ἁμαρτιῶν

437 2122 710 2194 ejusmodi
726 2124 770 2156 ³⁷
792 2143 805 2180 :
826 2125 989 2196 lepra:
1016 2127 1469 2198 expurgationem
1509 2134 1633 2198 post
1662 2129 2016 2183 resurrectio-

439 2217 529 2272 nis
553 2225 755 2272 statum
785 2218 1160 2287 perpessionis
1193 2228 1475 2290 expertem
1502 2237 1518 2287 ;
1551 2220 1833 2290 zelotypim
1866 2219 2017 2275 obla-

440 2309 668 2373 tionem,
688 2308 782 2364 ubi
809 2324 987 2380 neque
1008 2311 1425 2369 matrimonium
1456 2314 1822 2379 contrahunt,
1840 2330 2020 2384 neque

440 2398 721 2454 connubio
771 2398 1114 2471 junguntur;
1178 2417 1349 2472 panes
1408 2405 1842 2475 propositionis,
1898 2414 2022 2476 post

441 2504 635 2559 panem
674 2490 830 2545 illum
860 2490 957 2562 qui
1003 2491 1071 2547 de
1104 2493 1247 2549 ccelo
1279 2494 1566 2550 descendit
1597 2513 1612 2550 :
1648 2495 1902 2551 lucernas
1933 2512 2024 2550 ar-

442 2578 658 2643 dentes,
688 2586 810 2649 post
848 2596 1035 2636 verum
1070 2583 1277 2639 lumen.
1314 2583 1380 2636 Et
1411 2585 1466 2638 in
1495 2601 1710 2640 summa
1731 2624 1746 2649 ,
1790 2586 1835 2641 si
1866 2601 2022 2640 man-

445 2670 698 2725 datorum
734 2671 820 2725 lex
867 2671 925 2725 in
966 2673 1315 2742 dogmatibus
1354 2674 1558 2729 abolita
1588 2690 1691 2737 est.
1727 2676 1908 2746 palam
1939 2683 2025 2731 est

446 2768 580 2816 tunc
617 2762 826 2817 Christi
869 2762 1123 2834 dogmata
1171 2765 1225 2818 in
1256 2767 1543 2836 praeceptis
1586 2767 1854 2838 legalibus
1883 2768 2023 2821 anti-

445 2862 670 2924 quatum
716 2855 804 2910 iri.
854 2852 935 2910 Ob
967 2856 1084 2910 haec
1128 2857 1306 2927 pudor
1354 2865 1409 2912 et
1466 2858 1794 2914 verecundia
1840 2860 2025 2916 vultus

447 2953 670 3000 nostros
712 2946 966 3016 operuit,
1014 2954 1072 3001 et
1120 2947 1345 3003 tristitia
1392 2949 1687 3006 vehemens
1723 2950 1886 3006 corda
1921 2966 2025 3007 no-

2118 2129 2257 2200 μετά
2278 2130 2370 2183 τὸν
2399 2128 2573 2199 ἀμνὸν
2600 2127 2696 2181 τοῦ
2718 2126 2852 2180 Θεοῦ
2881 2127 2973 2180 τὸν
2999 2124 3224 2195 αἴροντα
3249 2122 3361 2192 (58)
3389 2122 3488 2190 τὴν
3512 2121 3724 2191 ἁμαρ-

2112 2221 2236 2274 τίαν
2258 2220 2353 2274 τοῦ
2386 2221 2595 2291 κόσμου
2618 2235 2640 2253 ὐ
2684 2218 2783 2273 καὶ
2821 2216 3179 2288 βαπτίσματα
3212 2213 3414 2286 μερικὰ
3455 2210 3602 2283 μετά
3642 2211 3724 2265 τὺ

2116 2314 2174 2368 ἓν
2200 2312 2505 2383 βάπτισμα,
2542 2312 2637 2365 καὶ
2672 2310 2867 2364 σποδὸν
2889 2308 3173 2379 δαμάλεως
3212 2304 3577 2377 ραντίζουσαν
3604 2302 3726 2374 τὴν

2129 2404 2458 2477 Ἐκκλησίαν
2503 2403 2602 2475 τὴν
2639 2403 2741 2456 οὐκ
2790 2401 3021 2473 ἔχουσαν
3062 2398 3152 2454 διὰ
3203 2398 3305 2468 τῆς
3344 2398 3425 2458 είς
3464 2396 3726 2466 Χριστὸν

2119 2496 2353 2559 πίστεως
2401 2495 2590 2548 σπῖλον
2626 2494 2658 2564 ἢ
2699 2493 2923 2562 ῥυτίδα,
2968 2492 3005 2563 ἧ
3050 2509 3102 2545 τι
3136 2490 3245 2544 τῶν
3284 2487 3578 2542 τοιούτωνο
3612 2486 3729 2539 καὶ

2120 2587 2465 2659 καθαρισμὸν
2513 2587 2723 2658 λέπρας
2766 2585 2907 2658 μετά
2954 2584 3053 2657 τὴν
3092 2581 3366 2638 ἀπάθειαν
3414 2580 3516 2650 τῆς
3575 2580 3731 2633 ἀνα-

2123 2680 2393 2741 στάσεωςο
2436 2678 2532 2732 καὶ
2565 2672 3266 2749 ζηλοτυπίας’προσφοράν,
3319 2674 3409 2727 ὅτε
3439 2671 3571 2725 οὔτε
3610 2689 3730 2741 γα.-

2126 2772 2348 2844 μοῦσιν,
2401 2771 2525 2825 οὔτε
2571 2772 2967 2841 γαμίσκονταιο
3018 2768 3173 2840 ἄρτοι
3223 2766 3336 2839 (59)
3391 2765 3729 2837 προθέσεως

2127 2864 2265 2936 μετά
2293 2865 2383 2918 τὸν
2416 2864 2579 2935 ἀρτον
2601 2864 2692 2916 τὸν
2718 2864 2781 2915 ἐκ
2801 2861 2895 2914 τοῦ
2920 2858 3149 2933 ούρανοῦ
3176 2876 3192 2890 ·
3214 2858 3405 2929 λύχνοι
3424 2857 3726 2927 καιόμενοι

2129 2957 2266 3027 μετὰ
2303 2956 2366 3009 τὸ
2411 2955 2527 3024 φῶς
2554 2955 2615 3006 τὸ
2644 2952 2926 3023 ἀληθινόνο
2965 2954 3064 3005 κα)⁸
3101 2950 3239 3014 ὅλως
3274 2952 3323 3003 εί
3356 2948 3453 3004 νῦν
3488 2950 3517 3001 ὁ
3546 2948 3726 3018 νόμος

447 3046 565 3093 stra
612 3037 873 3108 opplevit.
916 3037 1259 3108 Quapropter
1306 3040 1565 3095 adhortor
1618 3059 1717 3099 vos
1764 3050 2020 3113 tanquam

2151 3046 2231 3100 τῶν
2264 3046 2491 3100 ἐντολῶν
2520 3048 2576 3098 ἐν
2608 3044 2841 3114 δόγμασι
2872 3044 3237 3115 κατήργηται,
3265 3040 3448 3110 δῆλον,
3476 3040 3562 3091 ὅτι
3588 3038 3725 3091 τότε

449 3131 696 3186 medicos
729 3133 959 3200 peritos,
989 3142 1043 3186 et
1074 3132 1314 3187 scientes
1346 3132 1400 3186 in
1434 3133 1657 3188 lenitate
1685 3135 1903 3189 erudire
1929 3149 2022 3189 eos

2151 3139 2248 3211 ‘40)
2291 3139 2360 3192 τὰ
2381 3139 2627 3208 δόγματα
2662 3110 2756 3189 τοῦ
2799 3110 3040 3207 Χριστοῦ
3068 3110 3138 3189 ἐν
3166 3136 3280 3198 τοῖς
3331 3133 3584 3203 νομικοῖς
3624 3134 3729 3185 ἐν·

449 3222 547 3293 qui
570 3222 952 3289 adversantur,
977 3231 1034 3276 ut
1056 3223 1206 3277 illum
1226 3224 1497 3279 conemini
1522 3225 1588 3278 ad
1613 3235 1820 3279 rectum
1847 3225 2027 3279 Eccle~

450 3316 545 3371 size
586 3314 833 3370 ordinem
867 3314 1152 3380 reducere,
1187 3315 1347 3385 eique
1380 3316 1730 3387 persuadere,
1773 3327 1830 3371 ut
1875 3333 2026 3372 com-

450 3411 851 3464 mentationum
884 3424 1109 3464 suarum
1143 3409 1529 3480 loquacitatem
1568 3419 1885 3465 contemnat
1917 3410 2029 3481 (et-

449 3500 599 3557 enim
654 3501 1004 3556 conﬁrmavit
1063 3500 1230 3556 verba
1290 3502 1617 3571 proverbii:
1656 3500 1782 3555 Non
1835 3510 1913 3555 est
1974 3501 2028 3553 in

452 3591 622 3647 multo
656 3607 892 3646 sermone
930 3600 1203 3659 peccatum
1231 3592 1455 3662 e/Tugere
1478 3593 1580 3662 ³⁸);
1622 3593 1782 3662 eique
1816 3590 2032 3645 fortiter

453 3691 619 3737 recta:
648 3682 771 3737 fidei
802 3683 1059 3753 dogmata
1086 3685 1425 3753 pr0punatis,
1459 3691 1515 3736 ut
1542 3684 1690 3738 illius
1720 3682 2033 3738 emendatio

455 3773 750 3829 manifesta
781 3774 905 3838 ﬁat,
948 3790 1014 3829 ac
1044 3774 1310 3831 fratribus
1344 3775 1653 3831 innotescat
1679 3776 1827 3832 illius
1856 3776 2032 3846 poeni-

454 3868 649 3922 tentia.

2129 3233 2399 3302 τάλμασιν
2456 3228 2896 3302 ἀκυρωθήσεται.
2932 3228 3055 3281 Ἐπὶ
3095 3227 3306 3289 τούτοις
3348 3223 3585 3294 αἰσχύνη
3618 3223 3730 3294 μὲν

2132 3324 2227 3377 καὶ
2267 3321 2503 3392 ἐντροπὴ
2550 3320 2819 3390 ἐκάλυψεν
2847 3323 2880 3390 ή
2891 3320 3008 3390 μῶν
3047 3318 3116 3371 τὰ
3149 3318 3446 3389 πρόσωπα·
3477 3316 3626 3387 λύπη
3658 3313 3734 3369 δὲ

2137 3415 2328 3486 βαρεῖα
2371 3413 2732 3484 πεπλήρωκεν
2763 3412 2920 3484 ήμῶν
2965 3412 3066 3475 τὰς
3108 3410 3358 3482 καρδίας.
3405 3407 3496 3461 Διὸ
3532 3424 3735 3477 παρα-

2135 3504 2410 3575 καλοῦμεν
2450 3506 2618 3575 ὑμᾶς,
2652 3505 2726 3568 ὼς
2772 3504 3146 3573 ἐπιστήμονας
3200 3501 3418 3573 ίατροὺς
3446 3500 3543 3553 καὶ
3579 3499 3733 3552 δεδι-

2135 3596 2439 3668 δαγμένους
2472 3597 2532 3649 ἐν
2564 3597 2841 3667 πραΰτητι
2881 3594 2991 3666 (41)
3024 3592 3298 3647 παιδεύειν
3325 3592 3452 3655 τοὺς
3479 3590 3735 3645 ἀντιδια-

2138 3689 2490 3761 τιθεμένους,
2552 3686 2877 3761 πειραθῆναί
2931 3686 3097 3739 αὐτὸν
3149 3686 3520 3753 ἐπαναγαγεῖν
3580 3682 3734 3754 πρὸς

2138 3782 2236 3852 τὴν
2292 3779 2546 3844 εὐταξίαν
2597 3780 2695 3851 τῆς
2752 3777 3114 3849 Ἐκκλησίας,
3167 3776 3265 3829 καὶ
3312 3777 3499 3828 πεῖσαι
3554 3772 3737 3826 αὐτὸν

2141 3873 2553 3944 καταφρονῆσαι
2603 3872 2700 3942 τῆς
2756 3869 3102 3940 πολυφωνίας
3164 3867 3275 3921 τῶν
3324 3865 3740 3936 συνταγμάτων

459 3958 793 4025 (ἐϐεϐαίωσε
828 3958 936 4030 γὰρ
969 3959 1061 4012 τὸν
1096 3960 1198 4029 τῆς
1245 3960 1544 4031 παροιμίας
1576 3959 1753 4029 λόγον,
1806 3961 1888 4014 ὃτι
1927 3964 2050 4018 Οὐκ
2106 3964 2280 4019 ἔστιν
2316 3966 2386 4019 ἐκ
2438 3967 2812 4034 πολυλογίας
2858 3962 3147 4032 ἐκφυγεῖν
3183 3960 3295 4030 (42)
3354 3959 3691 4029 ἁμαρτίαν)
3715 3973 3735 3988 ·

459 4050 702 4122 στερρῶς
743 4050 799 4103 δὲ
860 4050 1009 4121 αὖτῷ
1058 4050 1381 4122 προϐάλλειν
1455 4051 1526 4104 τὰ
1568 4052 1668 4122 τῆς
1723 4052 2033 4124 ὁρθοδοξίας
2080 4055 2360 4127 δόγματα,
2412 4056 2499 4109 ἵνα
2559 4056 2813 4109 κάκείνου
2867 4057 2902 4126 ή
2944 4051 3320 4123 ἐπανόρθωσις
3374 4049 3588 4121 φανερά
3633 4048 3748 4118 γὲφ

457 4163 646 4218 νηται,
683 4148 776 4201 καὶ
826 4151 940 4212 τοίς
971 4147 1221 4217 ἀδελφοῖς
1262 4147 1426 4201 αὑτοῦ
1480 4147 1759 4219 γνωρισθῇ
1790 4150 1823 4220 ή
1861 4150 2213 4221 μεταμέλεια.

528 4242 583 4295 5;
624 4240 735 4296 Nec
767 4243 866 4297 abs
898 4257 957 4297 re
1002 4241 1168 4296 fuerit
1208 4241 1276 4296 de
1319 4240 1560 4296 Marcelli
1593 4241 1881 4311 discipulis
1923 4243 2040 4313 pie-

2211 4245 2266 4299 5.
2302 4243 2541 4312 Εύλογον
2567 4243 2623 4296 δέ
2656 4242 2750 4295 και)⁵
2771 4239 2902 4311 περὶ
2925 4238 3035 4292 τῶν
3067 4236 3211 4292 κατά
3240 4233 3562 4308 Μάρκελλον
3589 4234 3745 4287 ὑπο-

460 4341 628 4386 tatem
660 4341 895 4387 vestram
935 4346 1308 4396 commonere,
1341 4340 1400 4385 ut
1435 4332 1570 4386 nihil
1610 4332 2022 4389 inconsiderate.

2151 4334 2353 4406 μνῆσαι
2376 4335 2485 4406 (45)
2515 4334 2612 4404 τὴν
2643 4331 2935 4386 εὐλάϐειαν
2971 4328 3148 4402 ὑμῶν,
3191 4328 3281 4382 ἵνα
3317 4327 3484 4399 μηδὲν
3515 4328 3745 4397 ἀπερι-

456 4424 600 4481 nihil
647 4422 808 4478 facile
855 4424 924 4479 de
968 4425 1077 4480 illis
1123 4425 1401 4481 statuatis.
1437 4423 1545 4479 Sed
1594 4441 1720 4479 cum
1769 4426 1840 4482 ob
1874 4427 2040 4497 impia

533 4580 578 4611 ³⁸
601 4576 761 4634 Joan.
790 4594 830 4644 ι,
855 4578 947 4635 29.
1025 4578 1069 4612 ⁸⁷
1097 4578 1303 4650 Ephes.
1336 4597 1390 4644 ν,
1418 4580 1513 4637 27.
1588 4580 1634 4613 ³⁸
1659 4579 1823 4635 Prov.
1852 4597 1909 4642 ι,
1938 4581 2030 4637 19.

462 4699 620 4756 lazani
660 4714 727 4754 eo
774 4698 949 4770 magis
999 4699 1210 4763 arrisit,
1265 4700 1412 4769 quod
1455 4700 1506 4755 ei
1556 4697 1707 4753 favet
1749 4697 2041 4770 medicatus

462 4787 588 4826 cmn
628 4771 814 4840 tribus
840 4769 986 4832 aliis,
1025 4771 1079 4840 in
1119 4770 1560 4840 quibus'legitur
1590 4769 1844 4822 σκοτεινά
1871 4770 2043 4839 ἀσεϐῆ

465 4842 706 4913 ῥήματα.
741 4839 1004 4913 Ειίἱιί-κα).
1029 4839 1166 4895 ἄλλα
1192 4841 1446 4913 σκοτεινά
1476 4841 1572 4894 καὶ
1597 4841 1768 4910 ἀσεϐῆ
1801 4841 2040 4910 ῥήματα.

496 4910 647 4993 ((52)
673 4910 1156 4993 Ῑζαραδέξασᾷᾳι.
1197 4911 1349 4965 llane
1383 4927 1594 4993 vocem,
1637 4925 1757 4993 quae
1783 4925 2045 4993 necessa-

463 4980 553 5036 ria
593 4980 813 5051 quidem
863 4996 972 5034 non
1018 4981 1255 5042 videtur,
1305 4981 1397 5036 sed
1450 4990 1631 5035 tamen
1684 4980 1819 5033 nihil
1853 4987 2038 5043 nocet,

400 5056 408 5069 ‘
463 5050 782 5107 addidimus
806 5067 874 5107 ex
916 5051 1096 5106 tribus
1132 5052 1524 5107 vetustissimis
1552 5050 1837 5106 codicibus
1871 5062 1927 5105 et
1958 5058 2046 5103 to-

466 5120 634 5176 tidem
676 5123 801 5178 aliis
832 5136 937 5175 non
963 5121 1034 5176 ita
1063 5122 1330 5189 antiquis.

539 5190 651 5263 (55)
696 5190 997 5262 Ἠφάνισε,
1025 5200 1134 5246 etc.
1166 5188 1258 5263 Sic
1288 5203 1400 5246 tres
1423 5189 1779 5263 vetustissimi
1803 5188 2048 5261 codices.

467 5259 608 5317 Editi
634 5259 940 5333 ίήμαύρωσε
974 5262 1334 5333 καὶᾉήφάνισε
1367 5259 1682 5333 μυθολογία.

540 5329 1246 5404 (54)’Πολιτευσαμένοις.
1275 5329 1423 5388 (ὶοῐει
1471 5333 1681 5402 primus
1708 5329 2052 5400 πολιτευομέ-

468 5417 653 5592 ἷέξδ)
689 5471 1002 5541 Γραώδεις.
1039 5472 1118 5527 Ita
1149 5488 1284 5529 mss.
1316 5471 1536 5528 codices
1569 5487 1686 5528 sex.
1719 5469 1862 5526 Editi
1892 5486 2050 5541 γραι-

548 5558 644 5592 εις.

547 5559 660 5679 (Ξῖ)
694 5613 948 5685 Ἀνῳθεν
990 5613 1442 5685 ἐπαγγέλλεται.
1501 5613 1734 5669 Codices
1796 5609 1945 5664 Harl.
2000 5615 2054 5663 et

478 5680 617 5745 Med.
654 5685 746 5735 καὶ
776 5683 980 5738 ἀνωθεν
1011 5680 1459 5747 ἐπαγγέλλεσθαι.

2147 4429 2420 4490 σκέπτως,
2447 4426 2569 4497 μηδ’
2602 4424 2839 4487 εὐκόλως
2864 4422 2996 4495 περ)¹
3027 4420 3207 4475 αὐτῶν
3234 4417 3549 4489 τυπώσητε.
3586 4416 3744 4470 Ἀλλ’

2216 4695 2329 4768 (57)
2361 4694 2471 4749 Καὶ
2499 4691 2743 4748 θυσίαν.
2781 4687 2861 4743 Ita
2884 4703 2981 4745 sex
3016 4701 3151 4743 mss.
3178 4684 3423 4742 codices.
3457 4681 3604 4738 Editi
3638 4684 3745 4738 καὶ

2146 4767 2358 4821 θυσίας.

2219 4783 2486 4919 ῖῗζὲῗΐὸτ
2510 4833 2779 4902 αἴροντα.
2821 4828 2900 4884 Ita
2944 4835 3059 4883 tres
3094 4825 3455 4883 vetustissimi
3483 4823 3735 4879 codices.

2146 4905 2416 4977 Εόίιίξτδν
2447 4906 2676 4977 ἄραντας
2743 4974 2756 4977 _
2816 4972 2829 4977 _
3393 4970 3407 4977 _
3664 4962 3733 4973 ..

2220 4976 2332 5047 (59)
2371 4965 2585 5047 Ἀρτοι.
2619 4973 2711 5027 Sic
2742 4972 3174 5047 habentpmnes
3198 4965 3414 5047 editinet
3436 4978 3600 5047 mss.,
3626 4965 3737 5047 nisi

2149 5032 2387 5118 quod'in
2420 5032 2613 5118 codice
2638 5059 2741 5098 ms.
2775 5040 3009 5118 insignis
3039 5036 3296 5092 Ecclesia:
3323 5032 3505 5087 Paris.
3536 5034 3739 5105 legitur

2149 5110 2348 5190 ἄρτους
2375 5122 2429 5190 et
2467 5114 2632 5190 paulo
2663 5120 2786 5183 post
2817 5110 3104 5190 λύχνους.-
3261 5176 3274 5190 ,
3410 5171 3483 5190 ,__
3528 5170 3572 5190 η
3591 5170 3663 5190 __,

2223 5170 2345 5258 (40)
2374 5170 2768 5258 Κᾳὲιψγηξαι,
2817 5170 3038 5258 δῆλος,
3071 5177 3161 5258 ᾷτι
3206 5176 3359 5258 τάξεις.
3410 5170 3742 5258 Italic-gius

2151 5243 2405 5326 uterque,
2432 5243 2610 5326 (Joi'sl'1
2623 5243 2948 5326 secundus:
2972 5249 3149 5326 Paris.
3193 5255 3241 5303 et
3288 5244 3473 5316 Bigot.
3506 5243 3651 5297 Editi
3672 5244 3739 5301 οὐ

2153 5319 2528 5400 κατήλειγίγιται,⁸
2555 5322 2754 5400 δῆλον).
2773 5322 2855 5400 ὅτι
2892 5319 3035 5400 obte-
3046 5319 3191 5400 τότε.

2227 5383 2686 5466 (ἐῖ)’Πραῢτητί.
2713 5383 2866 5466 Harl.
2888 5398 2944 5466 et
2980 5388 3127 5466 Med.
3154 5389 3212 5440 ἐν
3241 5383 3543 5466 πραότητι.
3596 5442 3629 5466 ι]

2148 5516 2153 5525 .
2225 5450 2339 5537 (42)
2383 5450 2721 5533 ’ῙΞκςουῷεῗἈ
2761 5462 2931 5518 Coisl.
2972 5459 3189 5529 primus
3237 5450 3548 5525 διαφυγεῖν.
3596 5450 3735 5507 Med.

2159 5537 2470 5591 ἐκφεύγειν.

2227 5552 2795 5689 εξῖὲἶεῗὲίπομνῆοχξι.
2864 5600 3109 5670 Quatuor
3153 5597 3373 5655 codices
3434 5610 3545 5651 non
3596 5592 3736 5649 antiv

2162 5672 2412 5739 quiSsimi
2438 5672 2877 5736 ὑπομνησθῆναι.
