3856 6224
73 360 194 419 989

971 361 1462 421 EPISTOLARUM
1501 362 1790 421 CLASSIS
1828 360 1892 417 11.
1937 361 2159 419 EPIST.
2199 363 2443 420 CCLXV.

3249 363 3356 420 990

75 474 280 546 ἐπειδὴ
310 474 596 544 δογμάτων
623 475 812 529 ἕνεκεν
845 474 1060 530 ἀσεϐῶν
1088 476 1281 549 ἐξῆλθε
1306 479 1408 550 τῆς
1447 479 1676 551 Ἐκκλη-

1791 478 2036 541 logmata
2064 477 2260 532 exierit
2303 477 2395 534 ille
2425 492 2492 533 ex
2534 477 2805 544 Ecclesia,
2836 493 3065 534 necesse
3091 487 3177 533 est
3205 477 3356 534 illius

75 566 215 629 σίας
243 564 358 636 (44)
391 568 620 634 ἐκεῖνος,
659 568 788 631 τοὺς
821 568 1123 639 ἑπομένους
1163 570 1314 640 αὐτῷ
1354 571 1671 639 ἀναγκαῖον,

78 656 604 727 ἁναθεματίσαντας
665 660 885 731 ἐκείνην
953 661 1053 731 τὴν
1109 661 1324 731 αἵρεσιν
1394 661 1538 716 οὕτω
1587 662 1674 715 δε-

79 750 259 811 κτοὺς
290 749 403 819 (45)
437 751 690 819 γενέσθαι
729 755 794 823 τῇ
837 753 1128 826 κοινωνίᾳ,
1169 754 1235 808 ἵν’
1282 756 1332 808 οἰ
1373 757 1502 826 ἡμῖν
1550 772 1663 808 συνο

81 837 389 908 απτόμενοι
413 839 481 892 δι’
514 841 666 912 ὑμῶν
701 840 854 913 παρὰ
889 842 1071 914 πάσης
1112 841 1345 914 δεχθῶσι
1376 844 1474 914 τῆς
1521 843 1674 896 ἀδελ-

87 929 348 999 φότητος.
367 931 520 984 Ἐπεὶ
545 932 638 986 νῦν
676 950 740 1002 γε
780 934 840 987 οὐ
874 935 1069 1007 μετρία
1099 935 1333 1006 κατέσχε
1376 934 1518 1006 λύπη
1548 936 1674 1000 τοὺς

85 1022 350 1088 πολλοὺς,
377 1023 738 1092 ἀκούσαντας,
780 1026 861 1080 ὅτι
891 1027 1368 1098 παραγενομένους
1408 1026 1544 1100 πρὸς
1575 1026 1676 1098 τὴν

91 1113 376 1185 ὑμετέραν
407 1116 698 1188 τιμιότητα
731 1117 828 1170 καὶ
859 1117 1230 1190 προσήκασθε,
1265 1119 1359 1171 κα)⁸
1392 1117 1677 1178 κοινωνίας

87 1203 287 1266 αὐτοῖς
315 1203 774 1278 ὲκκλησιαστικῆς
806 1206 1162 1278 μετεδώκατε.
1187 1207 1448 1275 Καίτοιγε
1477 1208 1676 1262 εἰδέναι

87 1295 248 1364 ὑμᾶς
286 1296 474 1367 ἐχρῆν,
519 1297 690 1370 ὅτιτῇ
719 1298 815 1352 τοῦ
853 1297 990 1352 Θεοῦ
1022 1299 1206 1371 χάριτι
1246 1298 1371 1351 οὔτε
1404 1299 1548 1352 κατὰ
1575 1299 1676 1370 τὴν

111 1386 412 1460 Ἀνατολὴν
440 1387 589 1459 μόνοι
610 1390 766 1450 ἐστὲ,
806 1389 943 1446 άλλά
987 1392 1082 1445 καὶ
1122 1391 1351 1456 πολλοὺς
1374 1391 1526 1462 ἔχετε
1575 1391 1678 1461 τῆς

89 1479 312 1534 ἑαυτῶν
365 1481 605 1552 μερίδος,
659 1481 709 1535 οἳ
760 1482 858 1554 τὴν
907 1482 1015 1536 τῶν
1069 1485 1330 1555 Πατέρων
1369 1484 1678 1538 ὲκδικοῦσιν

90 1571 431 1642 ὀρθοδοξίαν,
453 1573 562 1626 τῶν
597 1574 739 1629 κατὰ
765 1570 1001 1628 Νίκαιαν
1035 1576 1096 1629 τὸ
1127 1576 1347 1640 εὐσεϐὲς
1377 1577 1552 1648 δόγμα
1578 1577 1679 1646 τῆς

93 1666 343 1729 πίστεως
369 1665 709 1738 ἐκθεμένων·
741 1668 836 1722 καὶ
863 1668 914 1720 οἱ
939 1668 1040 1738 τῆς
1067 1668 1280 1732 Δύσεως
1311 1669 1510 1732 πάντες
1543 1668 1680 1739 σύμ-

95 1770 271 1822 φωνοι
311 1755 439 1825 ὑμῖν
470 1771 527 1808 τε
565 1757 659 1810 καὶ
700 1759 834 1828 ἡμῖν
871 1757 1262 1835 τυγχάνουσιν·
1293 1751 1367 1812 ὧν
1397 1758 1678 1830 δεξάμενοι

1775 577 2100 633 sectatores,
2133 569 2596 624 anathematizata
2625 571 2718 624 illa
2748 571 2965 637 haeresi,
2997 569 3078 624 sic
3107 569 3173 624 ad
3202 584 3356 623 com-

1774 659 2093 714 munionem
2120 659 2356 724 admitti,
2379 666 2440 715 ut
2484 660 2581 730 qui
2609 660 2776 716 nobis
2815 660 3096 730 conjuncti
3130 675 3226 729 per
3255 673 3357 716 vos

1775 749 2015 814 fuerint,
2061 751 2130 805 ab
2178 753 2331 806 omni
2382 752 2731 822 recipiantur
2775 751 3143 808 fraternitate.
3197 750 3357 808 Nunc

1774 841 1920 898 enim
1963 843 2212 912 pluribus
2265 859 2376 899 non
2421 842 2719 899 mediocris
2752 843 2910 899 dolor
2953 842 3222 909 inflictus,
3263 843 3357 899 ubi

1775 934 2072 989 audierunt
2109 949 2204 990 eos
2234 935 2302 990 ad
2332 945 2576 990 vestram
2617 934 2987 1006 praestantiam
3019 933 3358 1006 ﬁllacce—

1775 1025 1993 1088 dentes,
2019 1033 2076 1080 et
2113 1024 2387 1081 admissos
2417 1041 2539 1081 esse
2574 1040 2605 1079 a
2633 1025 2824 1090 vobis,
2859 1032 2916 1080 et
2947 1024 3358 1079 communionis

1775 1115 2168 1172 ecclesiasticae
2193 1115 2372 1172 factos
2398 1132 2522 1172 esse
2544 1117 2862 1187 participes.
2891 1115 2970 1170 Ac
2999 1131 3099 1171 vos
3135 1114 3356 1186 quidem

1777 1224 1878 1279 par
1914 1215 2034 1264 erat
2058 1208 2384 1279 intelligere,
2418 1208 2510 1262 Dei
2539 1209 2714 1280 gratia
2747 1223 2849 1264 nec
2880 1207 2938 1262 in
2960 1207 3183 1263 Oriente
3209 1207 3358 1261 solos

1779 1315 1876 1357 vos
1919 1315 2074 1363 esse,
2124 1300 2221 1356 sed
2261 1307 2316 1356 et
2358 1300 2563 1355 multos
2600 1299 2807 1355 habere
2836 1299 3358 1362 communicatores,

1777 1390 2001 1446 Patrum
2028 1392 2269 1457 illorum,
2291 1393 2387 1463 qui
2411 1391 2604 1446 Nicaaa:
2635 1392 2785 1461 pium
2815 1389 2940 1446 ﬁdei
2967 1389 3162 1460 dogma
3191 1405 3360 1460 espo-

1782 1490 2037 1546 suerunt,
2097 1490 2250 1538 recte
2296 1481 2422 1538 ﬁdci
2469 1482 2830 1550 defensores;
2872 1489 2928 1538 et
2974 1482 3032 1537 in
3061 1481 3360 1538 Occidente

1779 1590 1973 1631 omnes
2005 1576 2288 1630 vobiscum
2321 1590 2386 1630 ac
2413 1576 2700 1630 nobiscum
2737 1575 3050 1631 consentire
3079 1593 3092 1630 :
3125 1590 3358 1645 quorum

1782 1668 1908 1723 fidei
1963 1677 2171 1722 tomum
2220 1675 2504 1736 acceptum
2550 1665 2698 1736 apud
2735 1682 2836 1722 nos
2879 1663 3256 1728 custodimus,
3306 1671 3360 1718 et

1781 1777 1971 1816 sanam
2015 1761 2261 1831 ipsorum
2303 1759 2608 1814 doctrinam
2654 1758 2956 1829 sequimur.
2991 1755 3225 1812 Decebat
3259 1755 3360 1826 igi-

89 1843 200 1914 τῆς
231 1845 466 1910 πίστεως
489 1847 582 1900 τὸν
606 1847 772 1918 τόμον
794 1833 988 1919 ἔχομεν
1016 1849 1146 1920 παρ’
1166 1849 1398 1911 ἑαυτοῖς,
1422 1849 1675 1918 ἑπόμενοι

1791 1862 1894 1918 Lur,
1937 1853 2220 1916 omnibus,
2265 1852 2358 1923 qui
2390 1855 2446 1906 in
2489 1851 2680 1908 eadem
2731 1866 2795 1906 ac
2835 1865 2936 1906 vos
2973 1847 3360 1905 communione

90 1937 283 1990 αὐτῶν
305 1941 372 2010 τῇ
405 1938 722 2012 ὑγιαινούσῃ
745 1940 856 2012 (46)
886 1940 1218 2014 διδασκαλίᾳ.
1239 1941 1386 1995 Ἔδει
1415 1937 1508 1996 οῦν
1540 1943 1679 1996 πάν-

89 2045 198 2093 τας
224 2029 686 2102 πληροφορεῖσθαι
707 2031 834 2096 τοὺς
857 2033 915 2084 ὲν
934 2035 1000 2105 τῇ
1024 2033 1161 2105 αὐτῇ
1191 2033 1452 2105 συναφείᾳ
1479 2033 1682 2104 τυγχά-

92 2137 294 2185 νοντας
343 2122 492 2194 ὑμῖν,
526 2122 616 2176 ἵνα
659 2124 756 2177 καὶ
806 2123 875 2178 τά
906 2125 1170 2196 γινόμενα
1204 2125 1403 2197 μᾶλλον
1448 2124 1680 2195 βεϐαιωο

95 2213 167 2287 Θῇ
194 2215 307 2286 (47)
337 2217 394 2268 ὲν
425 2218 492 2288 τῇ
535 2215 798 2271 πλειόνων
830 2217 1247 2288 συγκαταθέσει,
1291 2219 1385 2272 καὶ
1415 2220 1444 2290 ἡ
1487 2218 1678 2292 εἰρήνη

99 2307 180 2377 μὴ
222 2305 514 2373 διεσπᾶτο,
551 2307 611 2362 ὲν
655 2311 722 2379 τῇ
768 2324 931 2364 τινων
968 2310 1268 2383 προσλήψει
1327 2309 1528 2382 ἐτέρων
1574 2313 1680 2380 ἀφ-

96 2399 437 2469 ισταμένων.
464 2400 651 2465 Οὕτως
673 2396 766 2456 οὖν
786 2399 854 2474 ἦν
875 2402 1088 2474 πρέπον
1117 2403 1506 2473 βουλεύσασθαι
1537 2405 1682 2475 ὑμᾶς

101 2490 380 2562 πιῦαρῶς
413 2493 508 2544 καὶ
555 2493 906 2566 πράωςπερὶ
945 2494 1289 2566 πραγμάτων
1320 2495 1523 2558 πάσαις
1559 2498 1683 2558 ταῖς

100 2580 248 2634 κατὰ
292 2582 392 2653 τὴν
431 2583 759 2655 οἰκουμένην
791 2583 1144 2654 Ἐκκλησίαις
1184 2582 1566 2654 διαφερόντων.
1605 2584 1680 2635 Οὐ

102 2672 215 2744 γὰρ
249 2673 276 2725 ὁ
313 2672 450 2744 ταχύ
484 2691 535 2728 τι
561 2674 897 2745 δογματίσας
928 2675 1233 2740 ἐπαινετὸς,
1262 2675 1378 2728 ἀλλ’
1412 2677 1440 2728 ὁ
1469 2674 1683 2743 παγίως

100 2765 199 2819 καὶ
258 2764 573 2829 ἀσαλεύτως
629 2768 838 2821 ἕκαστα
889 2769 1214 2833 κανονίσας,
1267 2769 1408 2822 ὥστε
1455 2768 1550 2822 καὶ
1604 2770 1683 2831 εἰς

100 2859 195 2910 τὸν
241 2858 380 2928 μετὰ
426 2859 600 2914 ταῦτα
647 2860 837 2931 χρόνον
882 2859 1276 2930 ἐξεταζομένην
1321 2859 1420 2930 τὴν
1457 2855 1682 2930 γνώμην

99 2950 479 3021 δοκιμωτέραν
515 2951 830 3021 φαίνεσθαι,
862 2948 1016 3016 οὗτος
1050 2952 1346 3015 ἁπόδεκτος
1383 2953 1478 3005 καὶ
1533 2951 1684 3021 παρὰ

101 3043 225 3116 Θεῷ
255 3045 350 3098 καὶ
373 3043 702 3116 ἀνθρώποις,
726 3044 802 3108 ὡς
829 3043 1128 3115 οίκονομῶν
1151 3047 1280 3108 τοὺς
1301 3044 1493 3112 λόγους
1516 3045 1682 3097 αὐτοῦ

103 3138 165 3188 ὲν
196 3135 397 3208 κρίσει.
430 3134 636 3199 Ταῦτα,
665 3137 768 3189 ὅσα
807 3135 978 3188 ὲδίδου
1015 3137 1150 3206 ἡμῖν
1181 3136 1215 3207 η
1257 3135 1345 3188 διὰ
1377 3135 1470 3188 τοῦ
1500 3136 1684 3206 γράμ-

1780 1955 1940 2010 sunt,
1984 1944 2271 2010 satisﬁeri,
2305 1953 2366 1998 ut
2415 1959 2505 1998 res
2533 1951 2700 2014 gestaa
2731 1943 2908 2012 magis
2957 1941 3242 1999 ﬁrmentur
3289 1959 3359 1999 ex

1781 2039 2078 2093 multorum
2103 2051 2398 2101 consensu,
2429 2050 2536 2091 nec
2558 2049 2664 2105 pax
2693 2034 3000 2098 scindatur,
3025 2035 3150 2090 aliis
3171 2035 3360 2091 absce-

1781 2128 2036 2185 dentibus
2062 2127 2190 2182 dum
2227 2127 2318 2182 alii
2352 2125 2743 2181 admittuntur.
2797 2125 2892 2180 Sic
2945 2126 3113 2198 igitur
3133 2127 3361 2182 decebat

1781 2218 2075 2275 concilium
2104 2232 2135 2271 a
2164 2218 2320 2274 vobis
2347 2217 2584 2289 graviter
2611 2231 2676 2272 ac
2702 2217 2910 2272 leniter
2941 2216 3067 2271 iniri
3098 2217 3166 2272 de
3196 2220 3362 2273 rebus

1783 2313 1852 2368 ad
1899 2327 2089 2368 omnes
2138 2311 2288 2366 orbis
2331 2319 2600 2366 terrarum
2634 2309 2913 2366 Ecclesias
2964 2310 3360 2380 spectantibus.

1781 2402 1901 2458 Non
1923 2404 2068 2457 enim
2094 2403 2187 2472 qui
2218 2403 2328 2456 cito
2367 2401 2574 2471 aliquid
2601 2401 2868 2470 decernit.
2903 2399 3206 2456 laudandus
3237 2409 3362 2466 est;

1783 2495 1880 2550 sed
1907 2494 2002 2565 qui
2047 2493 2200 2548 ﬁrma
2231 2502 2286 2547 et
2316 2493 2581 2548 immobili
2610 2509 2803 2547 norma
2847 2493 3033 2548 omnia
3057 2477 3361 2555 constituit,

1785 2585 1923 2640 adeo
1964 2591 2025 2638 ut
2066 2583 2376 2638 examinata
2406 2584 2763 2654 subsequenti
2805 2592 3051 2655 tempore
3093 2587 3363 2640 sententia

1783 2678 2064 2748 probatior
2110 2685 2164 2731 et
2205 2677 2502 2747 spectatior
2534 2677 2645 2742 fiat,
2703 2677 2751 2733 is
2801 2675 2913 2732 Deo
2945 2685 2999 2732 et
3045 2677 3364 2734 hominibus

1785 2780 2042 2840 acceptus
2083 2776 2208 2832 est,
2251 2776 2311 2822 ut
2357 2769 2449 2839 qui
2495 2784 2779 2824 sermones
2825 2784 2956 2824 suos
3003 2768 3258 2839 disponat
3307 2769 3364 2823 in

1780 2861 1995 2932 judicio
2012 2861 2078 2916 ³³.
2107 2859 2202 2915 llis
2235 2860 2438 2924 verbis,
2473 2869 2736 2930 quantum
2768 2875 2864 2930 per
2894 2860 3104 2916 litteras
3125 2859 3364 2929 colloqui

1785 2950 1919 3006 mihi
1971 2951 2160 3012 licuit,
2213 2951 2470 3021 pietatem
2515 2958 2752 3004 vestram
2814 2949 3154 3019 compellavi.
3209 2946 3366 3002 Faxit

1787 3051 1969 3098 autem
2002 3043 2270 3099 Dominus
2291 3082 2305 3107 ,
2348 3050 2407 3095 ut
2438 3055 2539 3096 nos
2568 3051 2758 3096 mutuo
2788 3041 3080 3112 aliquando
3110 3041 3166 3096 in
3194 3057 3364 3096 unum

1788 3135 2182 3190 conveniamus
2211 3154 2223 3189 :
2254 3143 2312 3188 ut
2364 3133 2546 3188 omnia
2584 3133 2652 3186 ad
2691 3131 3059 3188 Erclesiarum
3099 3133 3192 3188 Dei
3233 3149 3366 3189 con-

105 3245 277 3301 ματος
328 3227 536 3299 ὁμιλία,
585 3227 1118 3299 προσεφθεγξάμεθα
1169 3227 1323 3297 ὑμῶν
1370 3228 1470 3298 τὴν
1527 3226 1684 3280 εὐλά-

1791 3227 2108 3282 cinnitatem
2144 3228 2430 3284 vobiscum
2459 3225 2885 3290 constituentes,
2921 3225 3201 3280 vobiscum
3233 3226 3367 3280 reci-

106 3321 280 3374 δειαν.
316 3320 602 3390 Παράσχοι
630 3319 688 3373 δὲ
721 3321 750 3372 ὁ
793 3319 996 3391 Κύριος
1043 3321 1138 3372 καὶ
1176 3320 1256 3382 είς
1298 3320 1492 3372 ταυτὸν
1541 3319 1688 3390 ἡμᾶς

105 3410 357 3481 ἀλλήλοις
399 3411 651 3478 γενέσθαι
689 3409 853 3464 ποτέ⁶
895 3409 1001 3472 ἵνα,
1035 3407 1214 3460 πάντα
1253 3405 1392 3477 πρὸς
1429 3423 1689 3477 καταρτι·

108 3503 248 3572 σμδν
290 3501 399 3554 τῶν
437 3499 773 3571 Ἐκκλησιῶν
803 3499 896 3552 τοῦ
943 3497 1078 3551 Θεοῦ
1117 3497 1235 3568 μεθ’
1281 3496 1436 3568 ὑμῶν
1487 3497 1689 3549 οἰκονοο

112 3591 406 3662 μήσαντες,
444 3588 562 3660 μεθ’
597 3588 750 3659 ὑμῶν
780 3586 1060 3659 δεξώμεθα
1091 3586 1182 3640 τὸν
1214 3585 1402 3656 μισθὸν
1425 3587 1514 3639 τὸν
1540 3589 1688 3657 ἡτοι-

113 3682 391 3754 μασμένον
421 3681 573 3753 παρὰ
609 3681 705 3734 τοῦ
729 3680 940 3734 δικαίου
974 3680 1161 3750 κριτοῦ
1195 3684 1309 3744 τοῖς
1347 3683 1561 3743 πιστοῖς
1595 3680 1688 3732 καὶ

110 3776 398 3847 φρονίμοις
427 3773 732 3845 οίκονόμοις
749 3815 761 3828 .
781 3771 931 3836 Τέως
958 3771 1015 3825 δὲ
1044 3771 1138 3826 νῦν
1159 3771 1533 3839 καταξιώσατε
1558 3775 1689 3843 ἡμῖν

107 3869 429 3922 ἀποστεῖλαι
470 3869 570 3932 τὰς
623 3867 945 3940 προτάσεις,
1006 3868 1090 3936 ἐφ’
1124 3863 1212 3931 αἷς
1264 3866 1514 3932 ἐδέξασθε
1564 3867 1690 3930 τοὺς

107 3961 454 4026 Μαοκέλλου,
483 3963 658 4015 ὲκεῖνο
680 3959 900 4025 είδοτες,
923 3960 1003 4013 ὅτι
1035 3959 1138 4014 κᾶν
1166 3962 1305 4014 πάνυ
1329 3959 1390 4012 τὸ
1419 3959 1542 4013 καθ’
1567 3962 1691 4012 ἐαυ-

181 4141 228 4172 ³⁹
250 4139 397 4196 Psal.
420 4155 531 4206 cxt,
563 4141 618 4196 5.

184 4298 300 4370 (44)
355 4298 610 4368 Ἐξῆλθε
636 4299 746 4367 τῆς
789 4299 1170 4370 Ἐκκλησίαςί.
1217 4296 1412 4370 Mirum
1444 4297 1507 4370 _i_d
1539 4296 1690 4370 vide—

108 4367 202 4424 tur
234 4367 306 4442 ac
348 4371 525 4440 prima
575 4373 759 4442 specie
787 4372 897 4442 vix
931 4367 1575 4442 credibile,_Marcellu_m
1622 4369 1692 4423 ob

113 4441 312 4510 impios
343 4436 562 4494 errores
589 4436 654 4494 ex
678 4439 916 4494 Ecclesia
945 4440 1166 4510 exiisse.
1194 4436 1329 4490 Nam
1366 4437 1423 4491 S.
1449 4437 1693 4491 Athana-

1788 3319 2000 3389 piamus
2012 3318 2314 3375 mercedem
2333 3325 2694 3388 praaparatam
2715 3317 3099 3388 ajustojudice
3116 3315 3368 3372 ﬁdelibus

1789 3409 2259 3480 prudentibusque
2283 3408 2791 3478 dispensatoribus!
2833 3406 2988 3462 Nunc
3021 3407 3239 3461 interim
3281 3406 3361 3460 die

1789 3500 2034 3568 gnemini
2055 3500 2119 3552 ad
2140 3515 2224 3554 me
2253 3499 2658 3569 propositiones
2687 3499 2921 3560 mittere,
2955 3498 3154 3568 quibus
3181 3512 3366 3552 asserto

1789 3593 1992 3646 tientes
2037 3590 2278 3645 Marcelli
2321 3591 2626 3660 discipulos
2675 3591 2994 3659 recepistis;
3037 3589 3182 3644 haud
3232 3589 3366 3643 illud

1792 3685 2129 3755 ignorantes,
2157 3685 2371 3739 etiamsi
2395 3685 2620 3738 omnino
2651 3685 2702 3737 id
2737 3683 2882 3753 quod
2923 3685 2979 3737 in
3009 3684 3165 3738 vobis
3202 3683 3367 3738 situm

1790 3787 1908 3843 est,
1949 3790 2160 3833 sartum
2197 3784 2512 3846 tectumque
2552 3776 2858 3845 praestetis,
2894 3791 3004 3830 non
3045 3785 3227 3830 tamen
3270 3787 3366 3828 vos

1791 3886 1906 3925 rem
1960 3871 2097 3924 tanti
2141 3869 2407 3924 momenti
2456 3869 2862 3944 vobismetipsis
2905 3867 3199 3923 attribuere
3236 3866 3366 3922 solis

1792 3962 2026 4028 debere;
2069 3961 2166 4015 sed
2201 3967 2478 4030 oportere,
2517 3967 2577 4012 ut
2603 3967 2654 4013 et
2690 3955 3090 4022 Occidentales,
3113 3967 3169 4012 et
3186 3957 3279 4030 qui
3311 3955 3368 4012 in

1794 4301 2146 4363 Athanasius,
2182 4313 2320 4368 Opus
2345 4298 2666 4353 habuissent
2692 4298 2840 4353 illius
2872 4296 3128 4368 discipuli
3153 4298 3359 4355 confes-

1796 4374 1951 4427 sione
1988 4370 2106 4424 ftdei
2140 4371 2207 4423 ad
2243 4369 2640 4440 impetrandam
2674 4371 3051 4440 conl'essoruni
3074 4368 3367 4440 {Egyptio-

1796 4459 1918 4495 rum
1945 4440 2382 4494 communionem
2417 4458 2430 4493 :
2462 4455 2564 4493 nec
2594 4438 2790 4494 Petrus
2824 4438 3108 4493 Athanasii
3148 4438 3369 4494 succes-

113 4508 229 4564 siu's
259 4516 573 4580 suspectum
606 4510 759 4563 illum
790 4511 1030 4580 quidem,
1063 4508 1158 4563 sed
1189 4516 1369 4561 tamen
1404 4515 1692 4580 purgatum
1729 4515 1770 4568 D
1801 4528 1892 4566 sor
1925 4526 2166 4564 canones
2207 4511 2459 4580 violatos,
2501 4525 2766 4564 concessa
2790 4509 2924 4580 illis
2965 4511 3370 4573 communione,

114 4580 328 4646 habuit,
364 4577 505 4634 teste
535 4577 862 4649 Epiphanio,
895 4581 1090 4634 hazres.
1125 4593 1296 4649 ωιτη,
1323 4593 1375 4646 p.
1397 4577 1524 4649 78577.
1555 4577 1694 4632 Hinc

116 4651 266 4704 illius
314 4648 1136 4716 discipuli’eommunicatorias
1184 4648 1488 4703 beatissimi
1543 4663 1696 4718 papa:

115 4720 401 4774 Athanasii
443 4720 654 4776 litteras
696 4721 1057 4776 ostenderunt
1083 4718 1494 4789 confessor_ibus
1522 4718 1692 4789 IEgy-

116 4791 267 4862 ptiis,
316 4789 450 4844 ibid.
491 4789 807 4862 pag.7845.
845 4790 1104 4862 Testatur
1160 4786 1692 4862 idemEpiphanius

116 4857 268 4914 varia
315 4875 439 4915 esse
479 4857 886 4915 Catholicorum
920 4860 988 4914 de
1021 4858 1276 4912 Marcello
1310 4857 1538 4926 judicia,
1570 4861 1693 4915 aliis

117 4947 242 4984 eum
277 4929 693 4993 accusantibus,
734 4931 858 4984 aliis
910 4929 1350 4991 defendentibus,
1395 4943 1518 4998 pag.
1565 4930 1688 4984 85L

117 4999 381 5055 Paulinus
427 5000 547 5069 ejus
597 5001 897 5070 discipulos
940 5001 1065 5070 sine
1100 4999 1416 5070 discrimine
1456 5000 1692 5070 recipie-

120 5071 234 5138 bat,
259 5079 317 5125 ut
352 5071 407 5124 in
439 5067 724 5140 superiore
740 5067 983 5140 epistola
1018 5067 1428 5140 vidimus.7lpse
1454 5067 1692 5126 Basilius

119 5142 172 5194 in
205 5137 471 5212 epist.769
497 5137 744 5212 queritur
770 5137 913 5212 quod
943 5156 1080 5212 eumg
1098 5138 1338 5212 Ecclesia
1362 5137 1605 5212 Romana
1636 5141 1691 5195 in

116 5208 560 5264 communionem
587 5211 657 5265 ab
681 5208 840 5280 initio
868 5209 1225 5280 suscepisset.
1252 5208 1535 5274 Quomodo
1561 5227 1692 5280 ergo

119 5282 318 5336 cxiisse
347 5281 549 5350 dicitur
581 5296 648 5336 ex
694 5279 938 5337 Ecclesia
972 5283 1064 5350 qui
1099 5287 1177 5332 tot
1218 5279 1406 5332 habuit
1447 5279 1692 5334 commu-

120 5353 436 5406 nicatores?
473 5349 580 5406 Sed
619 5358 799 5406 tamen
846 5351 905 5407 S.
949 5349 1134 5405 Basilii
1171 5350 1538 5404 testimonium
1565 5366 1688 5404 cum

120 5438 216 5491 sua
247 5431 444 5491 sponte
477 5423 656 5491 magni
686 5429 772 5477 est
802 5421 1062 5476 momenti
1095 5425 1227 5491 (non
1247 5420 1391 5491 enim
1429 5427 1488 5491 ut
1520 5421 1572 5473 in
1604 5421 1692 5476 di-

119 5489 432 5559 iudicandis
465 5489 703 5546 Marcelli
745 5493 987 5562 scriptis,
1035 5489 1111 5545 ita
1149 5489 1218 5562 in~
1244 5489 1512 5558 ejusmodi
1550 5491 1692 5546 facto

124 5563 363 5629 proclive
412 5562 514 5614 fuit
557 5563 785 5630 errare),
831 5560 947 5616 tum
995 5562 1160 5615 etiam
1208 5560 1319 5630 hoc
1367 5571 1692 5629 argumento

121 5634 481 5686 continuatur
525 5633 672 5700 quod
721 5632 1053 5688 Athanasius
1099 5629 1359 5685 extremis
1408 5635 1532 5683 vitm
1579 5648 1693 5687 sua:

127 5702 283 5757 annis
339 5701 654 5756 Marcellum
708 5717 738 5755 a
794 5701 1177 5757 communione
1231 5715 1328 5757 sua
1381 5703 1687 5759 removerit.

128 5770 310 5845 Neque
362 5773 529 5841 enim,
580 5773 627 5829 si
674 5787 888 5846 semper
941 5788 1066 5830 cum
1119 5786 1183 5828 eo
1231 5773 1687 5832 connuunicassct

1798 4591 2140 4650 quereretur,
2191 4587 2249 4633 ut
2299 4579 2548 4650 videmus
2605 4580 2660 4650 in
2715 4579 2946 4650 epistola
2998 4581 3268 4647 sequenti,
3323 4583 3369 4634 si

1795 4648 2090 4722 [Egyptnm
2132 4652 2272 4722 inter
2309 4664 2374 4703 ac
2426 4648 3265 4722 Marcellum’ejusqueclerum
3317 4658 3370 4704 et

1837 4716 2008 4782 lehém
2045 4735 2155 4774 non
2185 4720 2379 4774 fuisset
2415 4727 2576 4789 rupta
2607 4719 2942 4789 communio.
2980 4716 3206 4772 Videtur
3242 4734 3370 4789 ergo

1826 4791 2085 4846 larcellus
2126 4790 2229 4846 sub
2264 4791 2426 4842 linem
2477 4787 2601 4843 vitae
2644 4787 2850 4856 aliquid
2897 4803 3175 4858 peccasse,
3223 4787 3369 4858 qudd

1795 4861 2155 4915 Anathasium
2192 4860 2260 4912 ab
2290 4859 2411 4928 ejus
2462 4860 2846 4913 communione
2885 4858 3168 4928 discedere
3211 4874 3370 4928 coge-

1797 4941 1881 4986 ret
1915 4951 1927 4985 :
1965 4939 2020 4986 et
2047 4946 2172 4985 cum
2197 4926 2516 4998 jamdudum
2549 4944 2577 4980 a
2606 4935 2720 4981 toto
2751 4928 2864 4982 fere
2893 4926 3116 4982 Oriente
3144 4926 3370 4983 damna-

1795 5009 1886 5056 tus
1911 5009 2076 5065 esset,
2123 5000 2325 5053 amissa
2354 4998 2639 5052 Athanasii
2669 4998 3075 5059 communione.
3100 5015 3221 5067 quae
3244 4998 3371 5052 uni-

1795 5086 1920 5125 cum
1954 5072 2067 5126 fere
2098 5071 2245 5123 illius
2269 5067 2541 5137 refugium
2571 5074 2710 5130 erat,
2738 5067 2990 5122 desertus
3011 5069 3080 5122 ab
3108 5069 3369 5125 omnibus

1794 5141 1967 5195 videri
2001 5141 2210 5203 debuit,
2256 5153 2358 5192 nec
2387 5140 2437 5192 ei
2480 5151 2621 5209 nova
2636 5208 2642 5209 γ
2669 5138 2969 5209 ignom_inia
3011 5147 3198 5209 notato
3239 5153 3372 5208 pro-

1793 5211 1953 5267 desse
1999 5221 2211 5280 poterat
2259 5223 2527 5262 concessa
2573 5206 2712 5262 olim'
2753 5223 2785 5262 a
2831 5206 3078 5262 Romana
3123 5206 3370 5264 Ecclesia

1795 5296 2131 5336 communto.

1866 5351 1976 5421 (45)
2012 5351 2175 5404 Οὕτω
2198 5347 2467 5414 δεκτούς.
2499 5344 2610 5402 Has
2635 5360 2799 5401 voces
2821 5346 3132 5404 addidimus
3159 5364 3225 5403 ex
3248 5354 3372 5404 octo

1795 5438 1929 5477 mss.

1866 5492 1979 5563 (46)
2011 5489 2098 5563 ,Τῇ
2137 5489 2519 5563 ὑγιαινούσῃ.
2570 5487 2647 5541 lta
2682 5498 2793 5543 tres
2820 5487 3178 5544 vetustissimi
3219 5487 3370 5544 codi-

1793 5559 1906 5619 ces.
1942 5559 2091 5615 Editi
2116 5559 2195 5632 τῇ
2209 5559 2370 5632 ὑγιεῖἶ

1867 5634 1977 5704 (47)
2009 5625 2613 5704 Βεὸἲὶᾇῳθιῇ.ΑΙιειῌΗωἸΣ
2633 5635 2698 5704 ἐξ
2721 5625 2860 5681 Med.
2878 5626 3020 5704 ἐῖᾷίιί
3042 5629 3366 5704 ἐϐεϐαιωϐη.

1795 5697 1996 5768 Ibidem
2045 5703 2174 5756 editi
2207 5701 2263 5752 ὲν
2297 5701 2363 5770 τῇ
2379 5697 2498 5750 ’τῶν
2531 5697 2739 5750 πολλῶν
2777 5707 2829 5750 et
2872 5698 3180 5758 διέσπαστο,
3232 5697 3370 5760 ’ῖς-ές

1796 5774 2154 5834 vetustissimi
2190 5771 2403 5828 codices
2436 5777 2493 5825 ut
2522 5771 2572 5823 in
2606 5777 2772 5825 textu.
