3856 6224
31 278 156 336 993

939 272 1435 331 EPISTOLABUM
1472 266 1763 331 CLASSIS
1802 270 1866 330 ll.
1908 273 2130 335 EPIST.
2170 276 2423 334 CCLXVI

3217 285 3320 343 994

32 402 154 472 μὲν
185 398 407 468 ἀγάπης
440 395 515 468 μὴ
544 395 865 466 ἁλοστῆναι,
898 394 1000 466 τὴν
1028 394 1085 447 δὲ
1117 394 1406 466 διόρθωσιν
1435 392 1638 466 άναμέ-

1742 408 1857 460 eos,
1892 396 2019 467 quia
2066 396 2341 454 dissensio
2375 397 2559 469 aliqua
2613 398 2760 455 inter
2808 397 3030 468 fratres,
3064 402 3159 474 qui
3209 406 3321 463 illic

31 510 163 547 νειν
193 490 347 565 παρὰ
371 489 483 544 τῶν
508 488 829 561 δυναμένων
853 487 1328 559 ὲκκλησιαστικῶς
1364 485 1632 558 ἰατρεύειν

31 586 115 639 τὰ
157 584 500 656 πταίσματα.
530 583 710 654 Ὅπερ
759 580 950 652 ἐπειδὴ
981 579 1281 649 ἐποίησας,
1323 577 1508 642 καλῶς
1539 578 1635 632 καί⁵

31 676 442 747 προσηκόντως
467 672 731 744 κινηθεὶς,
768 671 1117 744 ἐπῃνέσαμεν
1149 689 1231 736 σε,
1262 672 1357 727 καὶ
1398 673 1633 743 ηὐχαρι-

30 770 332 841 στήσαμεν
378 766 493 838 (52)
535 766 615 837 τῷ
664 764 893 837 Κυρίῳ,
945 765 1028 818 ὅτι
1079 764 1197 818 ἐστὶ
1243 764 1492 835 λείψανον
1534 764 1634 835 τῆς

30 861 293 924 παλαιᾶς
326 858 580 926 εὐταξίας
610 856 724 930 (55)
770 854 1080 928 σωζόμενον
1122 856 1277 927 παρὰ
1325 857 1427 920 σοὶ,
1466 857 1561 910 καὶ
1598 859 1632 929 ἡ

45 950 361 1021 Ἐκκλησία
407 951 507 1022 τὴν
552 951 753 1021 ἑαυτῆς
799 951 953 1021 ἰσχὺν
995 951 1096 1003 οὐκ
1129 949 1411 1003 ἀπώλεσεν
1454 952 1512 1005 ὲν
1553 949 1634 1021 τῷ

30 1041 309 1113 ἡμετέρῳ
349 1040 595 1112 διωγμῷ.
645 1041 719 1093 ω
766 1041 876 1112 γὰρ
925 1040 1047 1111 μεθ’
1100 1041 1260 1113 ἡμῶν
1299 1041 1632 1112 ἐδιώχθησαν

32 1135 142 1186 καὶ
179 1135 234 1186 οἱ
279 1133 524 1196 κανόνες.
572 1132 845 1195 Πολλάκις
894 1130 988 1187 οῦν
1028 1133 1275 1205 όχληθεὶς
1328 1134 1475 1204 παρὰ
1523 1132 1633 1187 τῶν

36 1225 345 1290 Γαλατῶν,
381 1225 636 1278 οὐδέποτε
680 1224 951 1295 ἠδυνήθην
983 1225 1166 1289 αὐτοῖς
1200 1223 1629 1296 ἀποκρίνασθαι,

32 1317 341 1388 ἀναμένων
364 1318 465 1380 τὰς
500 1316 774 1387 ὑμετέρας
811 1317 1140 1388 ἐπικρίσεις.
1181 1316 1291 1369 Καὶ
1325 1316 1440 1379 νῦν,
1474 1315 1568 1369 ἐὰν
1603 1315 1633 1368 ό

34 1407 251 1480 Κύριος
276 1406 371 1478 δῷ,
399 1408 495 1461 καὶ
542 1405 844 1477 θελήσωσιν
886 1405 1218 1476 ἀνασχέσθαι
1255 1405 1434 1478 ήμῶν,
1483 1406 1634 1458 ἑλπί-

34 1502 219 1572 ζομεν
249 1500 340 1554 τὸν
364 1500 494 1554 λαὸν
540 1499 833 1571 προσάξειν
957 1498 1289 1571 Ἐκκλησίᾳ’
1328 1499 1403 1561 ὡς
1429 1498 1502 1570 μὴ
1535 1500 1636 1552 αὑο

34 1594 173 1657 τοὺς
205 1594 355 1663 ἡμᾶς
383 1591 739 1656 ὀνειδίζεσθαι
778 1590 1208 1662 Μαρκελλιανοῖς
1239 1607 1632 1662 προσκεχωρη-

34 1687 205 1757 κέναι
229 1686 281 1756 (5
294 1686 362 1752 i),
386 1685 502 1740 ἀλλ’
534 1686 774 1747 ὲκείνους
804 1683 940 1754 μέλη
971 1682 1223 1751 γενέσθαι
1247 1683 1341 1736 τοῦ
1380 1683 1633 1753 σώματος

1739 496 1888 554 sunt,
1941 489 2364 555 intercesserat,
2413 497 2475 545 ut
2524 498 2555 545 a
2608 491 2879 549 cbaritate
2932 494 3152 565 quidem
3209 515 3321 554 non

1738 578 2048 647 discedant,
2074 581 2143 636 ab
2172 581 2241 637 iis
2272 589 2455 637 autem
2490 584 2585 654 qui
2613 584 2995 642 ecclesiaStico
3017 586 3143 656 jure
3168 604 3321 644 erra-

1739 670 1811 725 tis
1870 670 2075 726 mederi
2140 681 2408 743 possunt,
2466 682 2790 747 eXSpectent
2855 676 3319 736 emendationem.

1738 759 1896 827 Quod
1920 777 2044 816 cum
2079 764 2405 833 praestiteris
2434 767 2701 836 praeclaro
2728 783 2795 824 ac
2820 770 3167 826 convenienti
3195 786 3302 826 con

1740 854 1886 917 silio,
1920 855 2134 910 laudavi
2177 864 2264 921 te,
2308 872 2371 912 ac
2406 856 2639 914 Domino
2664 860 2750 931 egi
2779 864 3004 931 gratias,
3036 862 3182 931 quod
3218 864 3322 916 ali-

1739 960 1863 1015 qua;
1897 948 2098 1002 veteris
2138 948 2445 1019 disciplinae
2477 950 2719 1020 reliquiae
2750 950 2896 1023 apud
2922 960 2977 1008 te
3010 961 3318 1020 serventur,

1739 1052 1842 1091 nec
1877 1038 2121 1094 Ecclesia
2154 1054 2314 1094 suum
2349 1038 2527 1110 ipsius
2554 1041 2726 1096 robur
2759 1041 2815 1096 in
2847 1051 3037 1098 nostra
3066 1056 3322 1115 persecu-

1740 1130 1887 1183 tione
1914 1131 2182 1185 amiserit.
2223 1128 2343 1185 Non
2374 1131 2523 1186 enim
2569 1131 2855 1188 nobiscum
2887 1133 3322 1203 persecutionem

1738 1221 1891 1289 passi
1921 1227 2051 1275 sunt
2079 1228 2133 1275 ct
2168 1236 2429 1277 canones.
2464 1220 2655 1293 itaque
2702 1237 2846 1293 saepe
2892 1239 2923 1278 a
2972 1224 3180 1282 Calatis
3210 1227 3316 1281 im-

1739 1320 1975 1383 portune
2021 1322 2277 1384 rogatus,
2328 1314 2568 1369 nondum
2614 1314 2723 1370 illis
2763 1316 2916 1385 pomi
2966 1318 3319 1387 reSpondere,

1740 1412 1985 1459 vestrum
2016 1417 2345 1474 exspectans
2369 1406 2660 1474 judicium.
2694 1405 2761 1460 Et
2791 1424 2938 1463 nunc
2965 1408 3014 1463 si
3047 1408 3191 1465 Deus
3221 1411 3321 1466 de-

1738 1496 1903 1559 derit,
1957 1498 2227 1567 nobisque
2269 1499 2565 1567 patientem
2618 1514 2804 1553 aurem
2845 1500 3153 1569 praebeant,
3196 1517 3322 1571 spe-

1739 1601 1928 1643 ramus
1959 1603 2061 1642 nos
2094 1591 2356 1658 populum
2405 1589 2471 1643 ad
2505 1589 2808 1645 Ecclesiam
2842 1591 3196 1656 adducturos,
3245 1596 3319 1648 ita

1741 1686 1802 1731 ut
1838 1693 1947 1732 non
1996 1679 2130 1747 ipsis
2171 1679 2333 1733 nobis
2363 1679 2861 1749 exprobretur'nos
2898 1679 2967 1734 ad
3016 1679 3320 1735 Marcellia~

33 1778 149 1849 τῆς
186 1777 517 1849 Ἐκκλησίας
549 1776 640 1830 τοῦ
674 1774 913 1848 Χριστοῦ
937 1792 949 1805 ·
979 1773 1120 1827 ὥστε
1148 1775 1240 1828 τὸν
1270 1775 1504 1845 πονηρὸν
1541 1774 1639 1844 ψό-

1742 1787 1844 1826 nos
1882 1772 2220 1834 accessisse,
2274 1772 2369 1826 sed
2421 1772 2501 1826 illi
2536 1772 2781 1826 membra
2832 1773 3083 1842 corporis
3129 1772 3322 1828 Eccle-

35 1887 165 1938 γον,
203 1869 297 1922 τὺν
331 1868 846 1923 κατασκεδασθέντα
885 1869 950 1922 ὲκ
982 1868 1082 1938 τῆς
1114 1865 1399 1937 αἱρέσεως,
1437 1867 1638 1934 ἐναφα-

37 1962 298 2033 νισθῆναι
336 1965 402 2034 τῇ
444 1960 690 2033 ἡμετέρᾳ
720 1959 1043 2032 προσλήψει,
1080 1959 1176 2012 καὶ
1222 1958 1299 2030 μὴ
1322 1960 1471 2029 ἡμᾶς
1501 1974 1636 2010 κατ-

36 2054 406 2127 αισχυνθῆναι
444 2054 520 2118 ὡς
568 2051 978 2125 προσθεμένους
1009 2050 1212 2114 αὐτοῖς.

114 2232 174 2289 ε.
230 2228 499 2302 Ἐλύπησε
533 2230 587 2283 δὲ
614 2230 761 2301 ἡμᾶς
801 2231 830 2282 ό
870 2227 1097 2296 ἀδελφὸς
1121 2224 1414 2297 Δωρόθεος,
1441 2224 1515 2288 ὡς
1542 2226 1641 2278 αὐ-

37 2326 140 2389 τὸς
195 2323 533 2386 ἐπέστειλας,
573 2320 648 2392 μὴ
703 2321 881 2374 πάντα
923 2318 1231 2388 προσηνῶς,
1272 2316 1404 2386 μηδὲ
1449 2316 1637 2387 πράως

39 2413 353 2485 διαλεχθεὶς
404 2414 470 2484 τῇ
542 2408 862 2481 κοσμιότητι
913 2425 1028 2462 σου.
1077 2408 1185 2461 Καὶ
1213 2407 1370 2460 τοῦτο
1421 2410 1487 2478 τῇ
1530 2407 1637 2461 τῶν

42 2506 260 2579 καιρῶν
291 2504 575 2574 λογίζομαι
606 2501 718 2573 (55)
761 2499 1042 2572 δυσκολίᾳ.
1089 2500 1378 2570 Ἐοίκαμεν
1403 2499 1514 2571 γάρ
1558 2500 1661 2563 εἰς·

46 2600 221 2672 μηδὲν
271 2595 588 2651 εὐοδοῦσθαι
642 2594 748 2647 ὑπὸ
782 2592 889 2646 τῶν
938 2592 1222 2662 ἁμαρτιῶν
1269 2590 1448 2661 ἡμῶν.
1480 2589 1636 2662 εἴπερ

43 2694 94 2745 οἱ
134 2689 543 2744 σπουδαιότατοι
565 2685 673 2741 τῶν
703 2683 947 2753 ἀδελφῶν
974 2685 1072 2753 οὐχ
1100 2683 1445 2754 εὑρίσκονται
1472 2698 1639 2751 προσ-
1672 2690 1675 2693 ’

44 2786 220 2857 ηνεῖς,
264 2780 385 2835 οὐδὲ
436 2777 644 2832 εὐθετοι
680 2779 805 2840 ταῖς
855 2775 1177 2839 διακονίαις,
1210 2774 1285 2844 τῷ
1348 2773 1422 2845 μὴ
1460 2773 1638 2826 πάντα

46 2876 193 2930 κατὰ
243 2872 468 2945 γνώμην
502 2870 779 2943 ἡμετέραν
809 2867 1077 2922 ἐπιτελεῖν
1109 2866 1241 2939 (56).
1282 2868 1378 2931 Ὃς
1410 2865 1638 2919 ἐπανελ-

49 2967 162 3021 θὼν
210 2966 510 3037 διηγήσατο
567 2965 698 3035 ἡμῖν
737 2960 838 3025 τάς
884 2961 978 3013 ἐπὶ
1020 2959 1115 3012 τοῦ
1162 2960 1493 3029 σεμνοτάτου
1526 2961 1641 3012 ἐπι-

1738 1863 1832 1919 εἱίιξ
1872 1864 2080 1918 Christi
2139 1861 2269 1917 ﬁant
2304 1880 2316 1917 :
2353 1870 2408 1917 et
2464 1864 2671 1919 malum
2727 1862 3001 1927 dedecus,
3060 1863 3208 1935 qnod
3250 1880 3317 1919 ex

1739 1954 1931 2009 lucresi
1985 1970 2267 2025 aspersum
2323 1964 2434 2018 est,
2477 1966 2666 2010 nostra
2715 1955 3058 2025 suscipiendi
3106 1957 3321 2013 ratione

1737 2040 2003 2105 deleatur,
2032 2057 2132 2097 nec
2154 2043 2315 2100 nobis
2344 2045 2700 2114 Opprobrium
2729 2046 3001 2113 inuratur,
3024 2054 3086 2101 ut
3105 2046 3173 2102 ad
3194 2048 3321 2103 illos

1738 2135 2046 2190 translatis.

1807 2223 1862 2277 2.
1903 2223 2016 2280 Nos
2041 2233 2222 2280 autem
2257 2224 2311 2279 in
2342 2224 2626 2280 tristitiam
2657 2227 2899 2296 conjecit
2932 2226 3105 2283 frater
3140 2227 3317 2283 Doro-

1740 2315 1923 2379 theus,
1955 2317 2124 2386 quod,
2158 2325 2217 2371 ut
2259 2317 2378 2387 ipse
2408 2318 2705 2387 scripsisti,
2745 2334 2857 2374 non
2894 2321 3078 2375 omnia
3121 2321 3322 2377 leniter

1737 2413 1791 2461 et
1833 2418 2119 2463 mansuete
2150 2408 2355 2464 dixerit
2385 2408 2643 2479 dignitati
2676 2421 2801 2466 tuae.
2850 2412 3029 2482 Atque
3071 2412 3128 2468 id
3171 2414 3323 2485 equia

1738 2497 1863 2552 dem
1915 2508 2223 2568 temporum
2268 2501 2510 2557 attribuo
2556 2501 2885 2558 dtmcultati.
2930 2504 3133 2562 Videor
3171 2508 3320 2562 enim

1739 2592 1872 2646 mihi
1906 2593 2058 2646 nulla
2084 2593 2138 2649 in
2180 2608 2239 2649 re
2274 2593 2346 2649 ob
2375 2609 2497 2649 mea
2529 2606 2754 2665 peccata
2790 2612 3092 2668 prosperos
3116 2599 3321 2655 habere

1742 2698 2041 2740 successus
2085 2703 2098 2739 :
2132 2685 2402 2755 siquidem
2439 2685 2670 2740 fratrum
2717 2689 2907 2758 optimi
2946 2705 3057 2744 non
3102 2705 3324 2762 compe-

1738 2773 1956 2827 riuntur
1987 2775 2160 2840 lenes,
2196 2791 2376 2846 neque
2421 2776 2490 2830 ad
2542 2778 2797 2832 obeunda
2843 2793 3073 2836 munera
3112 2781 3320 2847 idonei,

1738 2880 1804 2921 eo
1834 2866 1980 2935 quod
2009 2882 2075 2922 ex
2115 2882 2232 2923 mea
2261 2868 2534 2923 sententia
2582 2883 2691 2923 non
2735 2872 2921 2924 omnia
2952 2880 3241 2941 peragunt.
3272 2872 3323 2930 la

1740 2974 1994 3013 reversus
2041 2959 2173 3013 mihi
2218 2961 2471 3015 narravit
2520 2977 2659 3031 quos
2707 2977 2890 3018 coram
2924 2962 3162 3020 Damaso
3202 2967 3323 3037 epi-

50 3057 256 3111 σκόπου
293 3052 545 3124 Δαμάσου
594 3052 726 3123 πρὸς
770 3050 870 3120 τὴν
901 3048 1000 3120 σὴν
1028 3048 1317 3119 τιμιότητα
1340 3048 1638 3118 γενομένας

1742 3064 1908 3118 scopo
1931 3049 2393 3106 revereudissimo
2415 3067 2542 3106 cum
2570 3061 2662 3107 tua
2689 3056 3009 3124 przrstautia
3038 3072 3324 3115 sermones

48 3148 200 3221 αὐτῷ
231 3112 515 3210 διαλέξεις,
548 3112 652 3198 καὶ¹
672 3112 860 3195 ἐλύπει
892 3112 1040 3212 ἡμᾶς
1074 3112 1248 3208 λέγων
1284 3112 1397 3203 τοίς
1434 3112 1638 3211 ’Ᾰρειο-

1742 3112 1901 3213 513
1934 3142 2264 3198 habuisset:
2309 3159 2375 3197 ac
2416 3144 2665 3201 dolorem
2689 3112 2848 3200 ⁵ιιιίΙιὶ
2888 3112 3152 3204 alferebat

52 3245 310 3316 μανίταις
339 3236 891 3310 συγκατηριθμῆσθαι
912 3234 1167 3305 (57Ὶτοὺς
1194 3232 1639 3302 θεοφιλεστάτους

50 3335 316 3404 ἀδελφοὺς
364 3330 519 3404 ἡμῶν
572 3329 700 3393 τοὺς
748 3326 1197 3397 συλλειτουργούς
1230 3325 1495 3378 Μελέτιον
1544 3325 1640 3378 καὶ

52 3426 333 3481 Εὐσέϐιον.
390 3419 490 3477 Ὧν
523 3422 572 3475 εί
622 3420 716 3474 καὶ
740 3418 907 3491 μηδὲν
938 3418 1066 3473 ἄλλο
1095 3416 1318 3487 συνίστη
1355 3415 1453 3487 τὴν
1481 3415 1639 3487 ὀρθο-

51 3520 251 3585 δοξίαν,
275 3518 304 3571 ὁ
332 3514 461 3586 γοῦν
489 3512 641 3586 παρὰ
668 3511 776 3565 τῶν
822 3507 1115 3582 Ἀρειανῶν
1155 3507 1394 3578 πόλεμος
1423 3506 1641 3560 ἀπόδει-

56 3612 141 3676 ξιν
163 3609 276 3681 ἔχει
314 3606 605 3679 ὀρθότητος
635 3604 736 3656 οὐκ
758 3600 946 3670 ὀλίγην
968 3602 1079 3663 τοῖς
1109 3599 1470 3669 εὐγνωμόνως
1490 3597 1639 3667 λογι-

54 3700 317 3771 ζομένοις.
348 3698 460 3767 Τὴν
490 3696 548 3749 δὲ
582 3693 681 3765 σὴν
716 3692 996 3746 εὐλάϐειαν
1039 3689 1331 3742 συνάπτειν
1352 3689 1533 3752 αὐτοῖς
1560 3690 1640 3753 είς

54 3792 278 3860 ἀγάπην
333 3786 537 3857 ὀφείλει
588 3784 683 3837 καὶ
720 3783 755 3854 ἡ
786 3780 1040 3835 κοινωνία
1076 3780 1184 3833 τῶν
1217 3780 1356 3849 ὑπὲρ
1398 3778 1636 3850 Χριστοῦ

55 3880 419 3952 παθημάτων.
469 3878 677 3931 Ἐκεῖνο
729 3875 787 3928 δὲ
828 3872 1080 3934 πέπεισο,
1103 3870 1179 3935 ὠς
1208 3870 1424 3941 άληθῶς
1445 3867 1638 3940 τιμιώ-

56 3990 205 4039 τατε,
238 3973 322 4025 δτι
352 3972 453 4025 οὐκ
511 3969 625 4022 ἔστι
676 3984 728 4020 τι
769 3966 917 4037 ῥῆμα
954 3960 1283 4035 ὁρθοδοξίας,
1324 3960 1352 4014 ὃ
1389 3961 1465 4032 μὴ
1499 3960 1638 4031 μετὰ

57 4067 241 4137 πάσης
302 4061 614 4135 παρρησίας
667 4058 819 4129 παρὰ
879 4055 989 4109 τῶν
1037 4054 1150 4123 (58)
1185 4052 1396 4125 ἀνδρῶν
1431 4053 1636 4106 τούτων

58 4155 337 4231 ἐκηρύχθη
388 4154 493 4208 ὑπὸ
553 4152 673 4221 Θεῷ
738 4149 975 4221 μάρτυρι
1014 4146 1111 4200 καὶ
1150 4146 1445 4217 ἀκροαταῖς
1480 4148 1633 4216 ἡμῖν.

59 4252 119 4305 Οἳ
172 4249 284 4303 οὐδ’
333 4246 398 4301 ἂν
446 4245 586 4315 πρὸς
630 4243 779 4312 ὥραν
820 4239 999 4296 αὐτῶν
1039 4237 1336 4309 ἐδεξάμεθα
1368 4239 1466 4309 τὴν
1509 4254 1636 4290 συν-

127 4378 833 4455 (52χΗὺχαριστήσαμεν.
891 4374 1160 4455 Sicllarl.
1204 4384 1259 4455 e_t_
1289 4373 1467 4455 Cois]:
1518 4374 1635 4455 pri-

62 4469 201 4511 mus.
238 4469 378 4509 Mlll
407 4469 904 4522 ευχαριστησαμεν.
938 4469 1140 4501 wruem
1175 4469 1303 4500 eum
1327 4469 1409 4498 οτι
1439 4469 1454 4497 ι

63 4526 331 4579 λείψανον.
356 4522 516 4577 Deest
546 4522 738 4573 vocula
774 4520 828 4571 in
854 4516 1044 4571 iisdem
1070 4514 1287 4570 duobus
1323 4530 1454 4568 mss.

129 4582 594 4670 (sacomam.
629 4582 771 4670 Ed‘iti
803 4586 1012 4641 addunt
1046 4586 1283 4656 ἐκείνης,
1314 4585 1459 4656 quod
1486 4584 1639 4640 nullo

65 4665 344 4720 incodice
374 4677 480 4717 ms.
516 4665 807 4736 reperitur.
909 4726 941 4736 Α
1002 4727 1012 4736 .
1138 4724 1185 4736 __
1242 4726 1275 4736 η

133 4724 869 4805 (5ι)⁹Προσκεχὼρηκέγ-αι.
902 4726 1086 4782 Codex
1138 4724 1428 4781 Medica‘ns
1464 4741 1643 4798 παρα-

66 4805 602 4947 κεῗέἒῆηιῖἒῇἓομαι.
624 4867 793 4947 Coisl.
821 4862 1635 4947 ρι’ξῐηιιξ-ει,Μαι-λογιζόμεθα.

135 4932 247 5018 (56)
645 4932 961 4993 ἐπιτελεῖν.
1005 4934 1156 4989 Harl.
1189 4945 1240 4991 et
1271 4932 1410 4991 Med.
1445 4932 1640 5007 ὑμετέ-

70 5013 552 5088 ρανὲπιστέλλειν.
631 5085 643 5088 Α
705 5080 731 5088 _
796 5084 812 5088 Α
910 5075 957 5088 η
1173 5078 1239 5088 ,Δ
1451 5076 1486 5088 _,
1568 5076 1580 5088 ,

136 5089 252 5157 (57)
280 5075 1039 5157 Συμιξτηριθμῆσθαιᾚξες
1077 5078 1349 5157 scriptura
1374 5076 1642 5157 antiquis-

70 5146 188 5215 simi
215 5146 426 5227 codicis
440 5146 620 5227 Coi—sl.
630 5146 875 5227 _videtur_
888 5146 1223 5227 praferenda
1242 5146 1494 5227 .vulgata:
1518 5163 1642 5215 συγ-

71 5220 1071 5299 καταριθμεῖσθαι.“νίι.ονρρἰἰιθιρει
1092 5223 1210 5298 μη]
1242 5220 1486 5299 iniquum
1509 5231 1641 5298 .ser-

73 5286 384 5353 moném'ex
417 5309 514 5349 ore
553 5291 703 5347 Petri
749 5288 1104 5346 Alexandrini
1150 5286 1409 5341 emissum
1450 5286 1638 5341 fuisse.

76 5367 173 5425 Sed
206 5377 392 5421 tamen
426 5363 611 5418 Basilii
639 5363 1012 5432 querelae‘non
1038 5357 1202 5411 alium
1236 5366 1417 5427 petere
1446 5357 1642 5432 viden-

74 5446 178 5502 tur,
202 5436 456 5509 quamvis
494 5427 708 5509 leniter
730 5448 842 5509 rem
883 5429 1198 5509 insinuetet
1237 5442 1363 5509 cum
1394 5427 1643 5481 urbanis-

75 5498 490 5577 sinra'quadam
540 5504 886 5557 circuitione.
921 5501 1012 5552 Ait
1055 5499 1201 5551 enim
1246 5498 1349 5550 sibt
1383 5511 1641 5552 narrasse

75 5576 401 5634 Durotiteum
440 5589 581 5644 quos
626 5588 749 5627 cmn
782 5570 942 5644 Petro
975 5582 1256 5644 sermones
1296 5582 1478 5644 coram
1507 5566 1641 5644 _Da-

78 5663 224 5703 maso
257 5637 760 5716 habuisstt,_seque
803 5639 953 5716 addit
983 5639 1333 5716 vehementer
1373 5637 1637 5716 doluisse,

77 5732 193 5774 cum
224 5720 271 5774 is
299 5715 508 5772 diceret
541 5708 810 5769 Melctium
834 5719 890 5766 et
913 5708 1206 5765 Eusebium
1234 5715 1550 5762 numeratos
1584 5708 1636 5760 in

1740 3238 1952 3290 diceret
1998 3243 2320 3292 numeratos
2358 3237 2415 3290 in
2463 3236 2688 3293 Arianis
2741 3237 2916 3293 fuisse
2968 3240 3325 3312 religiosissie

1740 3343 1863 3383 mos
1895 3326 2100 3382 fratres
2126 3328 2540 3384 comministros
2572 3335 2797 3385 nostros
2827 3329 3102 3385 Meletium
3133 3338 3189 3386 et
3213 3331 3324 3386 Eu-

1740 3418 1976 3474 sebium.
2026 3417 2270 3484 Quorum
2336 3428 2540 3474 rectam
2582 3420 2887 3475 doctrinam
2929 3421 3147 3478 etiamsi
3185 3423 3323 3478 nihil

1740 3510 1888 3564 aliud
1924 3508 2358 3574 commendaret,
2393 3510 2587 3565 saltem
2615 3510 2828 3565 illatum
2854 3511 2924 3567 ab
2954 3512 3180 3570 Ariani:
3203 3514 3323 3570 bel-

1739 3599 1852 3654 lum
1880 3615 1991 3654 non
2020 3600 2164 3655 exile
2187 3609 2354 3655 recta:
2385 3600 2508 3656 fidei
2541 3601 2807 3656 indicium
2828 3602 2973 3672 apud
3004 3616 3194 3674 aequos
3231 3619 3323 3661 re-

1737 3704 1858 3743 rutn
1902 3690 2265 3745 atstimatores
2311 3689 2562 3745 haberet.
2605 3688 2779 3744 Tuam
2827 3699 3011 3747 autem
3064 3695 3321 3763 pietatem

1738 3780 2075 3850 conjungere
2123 3796 2249 3834 cum
2320 3781 2429 3836 illis
2480 3786 2546 3835 ad
2596 3781 2924 3837 charitatem
2980 3783 3144 3839 debet
3197 3785 3321 3855 ipsa

1736 3874 1902 3929 etiam
1944 3888 2315 3928 aerumnarum
2346 3889 2448 3944 pro
2478 3873 2701 3931 Christo
2741 3875 3097 3932 toleratarum
3142 3880 3320 3935 socie-

1737 3971 1846 4025 tas.
1882 3963 2220 4021 Persuasum
2269 3975 2451 4020 autem
2489 3965 2561 4020 sit
2592 3966 2717 4031 tibi,
2751 3968 2838 4020 vir
2879 3975 3029 4023 certe
3061 3983 3321 4026 reveren-

1738 4056 1989 4124 dissime,
2016 4057 2231 4111 nullum
2261 4065 2426 4113 rectae
2445 4057 2715 4113 doctrina}
2741 4058 2971 4114 verbum
2997 4075 3142 4129 esse,
3170 4062 3319 4132 quod

1739 4149 1809 4203 ab
1838 4149 1924 4203 his
1952 4150 2088 4204 viris
2125 4164 2250 4204 cum
2283 4149 2433 4203 omni
2460 4149 2715 4204 libertate
2759 4165 2872 4204 non
2914 4150 3084 4206 fuerit
3120 4153 3323 4221 praedi-

1739 4249 1945 4308 catum,
1980 4240 2091 4296 Deo
2124 4250 2262 4297 teste
2302 4248 2358 4296 et
2398 4240 2755 4296 audientibus
2784 4242 2964 4297 nobis.
3006 4240 3112 4307 Qui
3142 4243 3322 4313 profe-

1742 4372 1958 4445 lirianis
2006 4372 2196 4428 fuisse.
2236 4371 2357 4427 Non
2377 4374 2691 4445 aliuspergo
2732 4376 3039 4433 collocutus
3072 4387 3155 4436 est
3190 4393 3315 4436 cum

237 4443 904 4522 Εάἱιίἐῦχαριστήσαμεν.
938 4445 1140 4522 ibidem
1175 4444 1303 4522 editi
1327 4445 1409 4498 ὅτι
1439 4446 1554 4498 ἐστι
1582 4462 1636 4498 τι

1743 4443 2033 4522 llorotheo,
2068 4460 2169 4522 nec
2204 4443 2749 4522 alius__hleletium__e_t_
2773 4446 3066 4522 Euscbigm
3092 4458 3204 4522 tam
3234 4453 3321 4505 in-

1744 4514 1969 4570 honeste
1991 4514 2581 4590 appellavitrllisadtle
2604 4514 2904 4590 adhibitam
2925 4534 2955 4571 a
2978 4518 3181 4575 Basilio
3197 4536 3322 4590 ope-

1742 4599 1883 4645 ram,
1920 4584 2265 4659 u_t_eximi_u_m
2308 4584 2441 4638 illud
2475 4600 2573 4654 par
2603 4586 2984 4659 episcoporum
3016 4590 3161 4659 apud
3214 4584 3318 4647 Pe-

1741 4661 1888 4707 trum
1922 4655 2359 4725 Alexandrinum
2408 4662 2619 4725 purget.
2670 4654 3018 4711 Demonstrat
3051 4654 3190 4714 'eum
3232 4660 3318 4716 vel

1742 4725 1815 4799 ob
1853 4724 2023 4799 solam
2054 4725 2473 4799 persecutionis
2520 4724 2839 4799 societatem
2884 4729 3143 4799 conjungi
3190 4744 3314 4784 cum

1742 4794 1851 4849 illis
1878 4795 2009 4848 viris
2037 4794 2325 4860 debuisse;
2354 4797 2624 4864 praeterita
2657 4796 2889 4851 libenter
2918 4794 3176 4853 oblivioni
3202 4807 3319 4853 tra-

1741 4864 1841 4929 dit,
1870 4865 2031 4936 mon
2067 4864 2323 4934 deinceps
2350 4866 2564 4918 initium
2597 4865 2816 4935 aliquod
2840 4869 3124 4936 pacificum
3158 4870 3318 4923 insti-

1742 4941 1951 5006 tuatur.
1990 4933 2113 5006 ll_:cc
2147 4933 2402 5006 proiecto
2424 4935 2656 5006 probant
2679 4933 2924 5006 iniquum
2959 4938 3090 4992 illud
3122 4938 3189 4994 de
3214 4938 3318 4994 Me-

1743 5004 1874 5059 letio
1912 5010 1966 5058 et
2018 5003 2254 5060 Eusebio
2308 5003 2793 5074 judicium,iquod
2844 5006 3049 5061 Basilio
3100 5014 3315 5063 tantum

1743 5074 1946 5129 inussit
1978 5074 2209 5136 doloris,
2247 5088 2277 5127 a
2303 5073 2465 5128 Petro
2495 5073 2801 5144 profectum
2844 5093 2988 5133 esse.
3021 5076 3217 5132 Mirum
3258 5078 3315 5133 id

1741 5144 2004 5218 deptanto
2034 5147 2155 5199 viro
2196 5160 2261 5199 ac
2287 5146 2602 5218 luctuosum
2632 5163 2645 5198 :
2681 5146 2796 5218 sed;
2821 5147 2949 5201 inde
2988 5149 3317 5218 perspicitur

1742 5216 1875 5283 quid
1918 5224 2146 5285 peccent
2178 5216 2359 5271 studia
2405 5215 2663 5284 partium.
2699 5214 2968 5270 Videntur
2988 5214 3139 5273 enim
3169 5218 3315 5273 hanc

1742 5286 1906 5341 Petro
1936 5286 2246 5355 opinionem
2290 5287 2547 5352 injecisse
2597 5286 2887 5342 calidiores
2917 5286 3128 5341 Paulini
3178 5291 3315 5342 asti-

1742 5365 2040 5427 puzatores.
2075 5356 2193 5410 Non
2241 5359 2448 5425 aequior
2485 5356 2605 5429 fuit
2640 5356 2695 5410 in
2722 5357 3004 5429 _M_cletium
3048 5358 3321 5429 Hieronya

1742 5425 1886 5498 inus.
1920 5436 1978 5480 ut
2000 5434 2145 5498 patet
2170 5442 2237 5498 e3:
2260 5429 2381 5497 ejus
2412 5425 2643 5495 cpistola
2672 5425 2739 5479 ad
2770 5426 3063 5482 Damasum
3095 5425 3313 5498 papam.

1815 5497 1926 5567 (58)
1960 5494 2125 5563 Παρὰ
2148 5494 2301 5567 τῶν-ζ
2320 5497 2394 5550 Ita
2423 5494 2533 5567 tres
2561 5499 2918 5567 vetustissimi
2943 5494 3315 5553 codic'es'cum

1745 5565 1991 5638 pluribus
2023 5568 2164 5641 aliis.
2212 5566 2502 5641 Euius???
2531 5565 2661 5641 τῷν.
2703 5567 2871 5625 l’aulo
2917 5575 3042 5641 ρυει
3079 5576 3318 5640 quanto:

1744 5637 1878 5695 inss.
1907 5638 2240 5694 recentiores
2269 5637 2664 5707 ὲπεδεξάμεθα.
