3856 6224
505 187 608 248 993

1803 194 1898 249 :S.
1941 192 2189 248 BASILll
2227 191 2444 248 MAGNI
3707 181 3781 233 es;

505 316 596 360 cto
620 317 690 358 ne
713 301 781 357 ad
806 302 1000 358 horam
1025 303 1248 374 quidem
1271 305 1691 363 admisissemus
1721 322 1914 364 eorum
1936 323 2087 363 com--

2210 307 2407 377 ίφειανν
2445 305 2494 357 εί
2545 302 2843 367 σκάζοντας
2883 302 3078 361 αὖτοὺς
3113 298 3240 369 περὶ
3275 296 3373 366 τὴν
3408 295 3632 349 πίστιν
3655 293 3781 362 εὗρεν

505 395 846 461 munionem,
895 398 940 452 si
970 397 1100 454 illos
1129 398 1186 452 in
1217 397 1324 453 ﬁde
1355 399 1734 456 claudicantes
1777 401 2083 470 deprehen-

504 488 802 543 dissemus.
835 486 966 555 Sed,
1008 490 1054 546 si
1105 490 1403 559 videbitur,
1437 491 1758 548 omittamus
1785 495 2086 562 praeterita,

506 583 708 639 futuris
752 588 936 636 autem
985 581 1206 636 initium
1263 582 1485 652 aliquod
1540 583 1732 638 demus
1773 584 2082 654 paciﬁcum.

502 671 640 728 Nam
691 673 852 730 nobis
898 674 1136 729 invicem
1185 673 1496 746 indigemus
1543 691 1735 731 omnes
1781 676 2086 732 secundum

505 767 879 823 membrorum
905 768 1248 831 societatem,
1291 775 1347 822 et
1394 768 1629 823 maxime
1659 771 1913 838 praesenti
1948 777 2086 824 tem-

2191 417 2311 470 μεν.
2359 397 2536 461 ’Δλλὰ,
2572 398 2621 448 εἰ
2652 395 2818 458 δοκεῖ,
2845 393 2918 446 τὰ
2957 390 3294 463 παρελθόντα
3333 390 3652 457 ἐάσωμεν,
3698 390 3781 447 ssi;

2185 490 2242 543 δέ
2265 488 2463 557 ἐφεξῆς
2485 488 2658 558 ἀρχήν
2680 502 2799 538 τινα
2817 483 2999 554 δῶμεν
3020 481 3319 553 εἰρηνικήν.
3341 477 3674 550 Χρῄζομεν
3703 478 3784 546 γὰρ

2189 581 2432 650 ἀλλήλων
2456 579 2654 640 πάντες
2684 575 2827 629 κατὰ
2855 576 2952 646 τὴν
2980 573 3088 628 τῶν
3121 572 3296 644 μελῶν
3325 588 3548 624 κοινων
3559 571 3678 633 ίαν,
3713 572 3787 620 κεί

2194 673 2424 744 μάλιστα
2448 671 2563 735 νῦν,
2587 672 2676 723 ὅτε
2709 671 2765 722 αἱ
2795 669 2893 739 τῆς
2918 666 3206 737 Ἀνατολῆς
3251 663 3609 734 Ἐκκλησίαι
3671 664 3788 732 πρὸς

2189 765 2337 835 ἡμᾶς
2367 763 2475 831 (59)
2513 760 2898 825 ἀποϐλέπουσι,
2947 760 3043 812 καὶ⁸
3071 759 3172 828 τὴν
3204 758 3299 828 μὲν
3325 756 3638 826 ὑμετέραν
3674 755 3792 824 ὁμό-

506 873 661 928 pore,
691 874 801 930 quo
825 857 1065 914 Orientis
1099 858 1357 913 Ecclesia:
1410 860 1479 914 ad
1521 876 1623 917 nos
1653 861 1976 930 respiciunt,
2021 875 2086 914 ac

2210 876 2335 911 νοιαν
2362 855 2614 928 ἀφορμὴν
2642 857 2723 918 εἰς
2749 851 3049 926 στηριγμὸν
3087 852 3182 904 καὶ
3209 849 3560 920 βεϐαιότητα
3597 848 3792 917 λήψονο

507 956 691 1002 vestra
724 949 945 1020 quidem
990 950 1100 1005 illis
1129 949 1431 1004 concordia
1463 951 1680 1007 roboris
1721 960 1775 1006 et
1813 951 2087 1006 ﬁrmitatis

2210 968 2305 1004 ται·
2339 951 2434 1002 ἐάν
2489 949 2546 1001 δέ
2600 947 2894 1002 αἴσθωνται
2945 945 3088 1015 ὑμᾶς
3134 945 3192 996 ἐν
3236 939 3452 1012 ὑποψίᾷ
3484 942 3610 993 τινὶ
3674 941 3793 1010 πρὸς

505 1043 611 1097 erit
651 1043 911 1108 occasio;
943 1042 1038 1098 sed
1079 1043 1126 1098 si
1157 1060 1254 1099 vos
1285 1044 1528 1099 sentiant
1556 1055 1745 1099 mutua
1774 1045 1959 1115 aliqua
1996 1060 2090 1100 su-

510 1131 760 1204 spicione
790 1133 1065 1197 laborare,
1095 1132 1443 1186 resolventur
1471 1149 1535 1186 ac
1566 1149 1763 1190 manus
1790 1133 2090 1200 remittent,

507 1225 809 1296 quominus
839 1225 1125 1281 obsistant
1155 1223 1275 1278 ﬁdei
1312 1224 1583 1282 hostibus.

943 1376 1281 1434 EPISTULA
1318 1376 1594 1434 CCLXVII
1621 1379 1663 1434 θ.

2192 1039 2452 1111 ἀλλήλους
2477 1035 2638 1102 εἶναι,
2662 1036 3050 1106 ἐκλυθήσονται
3081 1035 3176 1087 καὶ
3200 1038 3557 1105 παρήσουσιν
3587 1032 3794 1084 ἑαυτῶν

2192 1133 2290 1196 τὰς
2323 1135 2531 1205 χεῖρας,
2553 1132 2691 1204 πρὸς
2723 1129 2785 1184 τὸ
2810 1130 2885 1202 μὴ
2923 1128 3202 1198 ἀνταίρειν
3230 1129 3344 1190 τοῖς
3369 1124 3686 1196 πολεμίοις
3705 1124 3790 1192 τῆς

2194 1224 2448 1288 πίστεως.

2707 1377 3056 1431 ΕΠΙΣΤΟΛΗ
3089 1377 3244 1430 ΣΞῒ.

513 1510 725 1563 Basilius
746 1511 1152 1584 _gr;avicorporis
1194 1511 1487 1579 inﬁrmitate,
1531 1512 1787 1578 quominus
1832 1517 2038 1584 Bursam
2057 1513 2268 1584 ‘invisat,
2302 1523 2358 1584 et_
2382 1514 2707 1584 Ecclesiarum
2733 1513 3118 1584 cura_delentus,
3141 1509 3388 1584 desiderio
3427 1525 3652 1584 suo‘per
3673 1510 3795 1584 liae:-

569 1586 652 1623 ras
680 1573 930 1642 satisfecit,
975 1573 1176 1640 emitque
1215 1573 1354 1642 r'ogat
1396 1585 1447 1626 ut
1484 1573 1575 1640 pr'o
1607 1589 1659 1628 se
1693 1585 1736 1628 et
1776 1591 1867 1640 pro
1906 1578 2122 1629 Ecclesia
2164 1573 2303 1640 oret;
2328 1577 2438 1641 jam
2468 1593 2520 1629 se
2557 1581 2620 1628 ad
2642 1591 2752 1629 eum
2773 1573 3026 1638 scripsisse
3047 1575 3280 1636 declarat,
3301 1581 3346 1625 et
3382 1573 3632 1636 quedam
3656 1573 3792 1622 mittit

570 1638 872 1687 munuscula.

758 1761 970 1831 Bome,
1009 1765 1250 1832 episcopo
1291 1763 1529 1831 Edessw,
1559 1765 1850 1819 exsulanti.

587 1897 852 1971 Equidem
896 1916 998 1972 pro
1031 1917 1150 1956 mea
1183 1902 1240 1956 in
1267 1909 1417 1956 tuam
1451 1880 1706 1973 pietatem
1757 1903 1925 1957 animi
1961 1900 2092 1957 afl'eo

513 1991 697 2046 ctione
726 2000 1042 2061 exoptarem
1067 2008 1253 2047 coram
1281 1992 1500 2058 adesse,
1532 2005 1586 2049 et
1615 2008 1802 2048 veram
1833 2001 1983 2047 tuam
2008 1993 2092 2047 di-

517 2081 803 2137 lectionem
835 2097 931 2152 per
961 2097 1045 2137 me
1088 2084 1206 2152 ipse
1248 2083 1523 2152 amplecti,
1556 2097 1621 2137 ac
1653 2081 1944 2137 Dominum
1972 2083 2091 2152 glo-

520 2174 758 2240 riflcare,
790 2175 883 2243 qui
916 2173 970 2227 in
1002 2182 1054 2229 te
1085 2173 1467 2244 magniﬁcatus
1501 2183 1606 2240 est,
1637 2188 1700 2227 ac
1728 2175 2093 2228 venerandam

519 2269 673 2316 tuam
720 2272 1058 2318 senectutem
1091 2264 1351 2318 omnibus
1386 2263 1679 2318 Dominum
1727 2265 1783 2318 in
1818 2263 2092 2319 terrarum

516 2354 653 2409 orbe
683 2355 1002 2410 timentibus
1037 2356 1303 2410 illustrem
1333 2371 1397 2410 ac
1425 2357 1781 2427 conspicuam
1821 2357 2091 2426 praestitit.

521 2445 629 2502 Sed
655 2447 784 2517 quia
813 2455 868 2502 et
903 2449 1088 2518 gravis
1118 2449 1367 2520 corporis
1406 2449 1697 2506 infirmitas
1729 2465 1815 2504 me
1849 2449 2094 2514 afﬂictat,

519 2549 577 2594 et
610 2537 979 2594 Ecclesiarum
1024 2553 1156 2594 cura
1191 2556 1302 2594 non
1345 2540 1674 2594 enarrabilis
1707 2541 1838 2593 mihi
1883 2541 2096 2594 incum-

522 2633 621 2699 bit,
658 2647 759 2687 nec
799 2633 857 2686 in
887 2647 1004 2687 mea
1042 2633 1209 2686 situm
1250 2646 1336 2688 est
1365 2640 1656 2702 potestate,
1709 2639 1768 2684 ut
1797 2646 1907 2700 quo
1941 2631 2096 2685 velim

522 2725 873 2792 proﬁciscar,
925 2733 979 2779 et
1029 2725 1357 2796 congrediar
1403 2724 1730 2794 quibuscum
1767 2724 1962 2794 cupio;
2003 2738 2100 2792 per

522 2817 736 2873 litteras
770 2816 918 2871 lenio
962 2831 1144 2871 meum
1196 2817 1378 2881 bouis,
1425 2831 1548 2886 quae
1598 2817 1654 2870 iu
1697 2825 1750 2870 te
1781 2823 1931 2881 sunt,
1978 2830 2101 2884 per-

522 2909 742 2965 fruendi
796 2909 1130 2965 desiderium
1185 2925 1250 2964 ac
1317 2910 1578 2965 eximiam
1639 2917 1791 2962 tuam
1846 2911 2098 2979 pietatem

522 3002 806 3070 adhortor,
834 3010 894 3056 ut
919 3016 1018 3072 pro
1046 3016 1132 3056 me
1161 3017 1228 3056 ac
1250 2999 1499 3057 Ecclesia
1528 3002 1797 3071 preceris,
1831 3009 1891 3054 ut
1918 2999 2101 3054 Domi-

522 3109 631 3150 nus
666 3093 760 3148 det
796 3093 957 3148 nobis
1001 3094 1123 3148 sine
1171 3091 1476 3148 offensione
1511 3093 1807 3148 decurrere
1860 3092 2101 3161 reliquos

522 3187 645 3243 dies
681 3194 778 3241 aut
810 3185 979 3241 horas
1013 3186 1478 3257 peregrinationis
1519 3195 1743 3250 nostrae,
1775 3200 1842 3240 ac
1882 3193 2103 3255 pmstet

523 3281 716 3346 etiam,
744 3285 808 3335 ut
847 3279 1136 3336 videamus
1166 3294 1357 3350 pacem
1397 3277 1777 3334 Ecclesiarum
1820 3279 2016 3350 ipsius,
2051 3288 2107 3335 et

524 3378 646 3426 tum
681 3369 748 3426 de
773 3370 1004 3442 reliquis
1029 3371 1147 3426 tuis
1180 3370 1582 3426 comministris
1612 3386 1677 3425 ac
1719 3371 2107 3426 commilitoni-

526 3462 632 3519 bus
668 3462 962 3518 audiamus
1001 3477 1067 3518 ea
1110 3477 1232 3533 quae
1267 3478 1580 3532 precamur,
1633 3470 1752 3516 tum
1791 3461 1860 3517 de
1907 3463 2104 3533 teipse,

525 3570 649 3625 qua:
677 3555 767 3610 die
808 3570 874 3611 ac
909 3562 1071 3610 nocte
1102 3555 1290 3625 populi
1332 3555 1431 3608 tibi
1484 3555 1688 3609 subditi
1738 3553 2036 3625 efflagitant
2075 3572 2106 3610 a

529 3645 763 3702 Domino
799 3648 1051 3720 iustitiae.
1095 3646 1249 3702 Scito
1300 3658 1481 3701 autem
1517 3662 1603 3701 me
1621 3646 1787 3718 ἥ.ιᾷ
1810 3663 1920 3702 non
1966 3663 2109 3718 saepe

528 3739 751 3809 quidem
785 3739 1100 3810 scripsisse,
1133 3755 1233 3794 nec
1269 3740 1488 3809 quoties
1515 3755 1612 3808 par
1651 3739 1853 3806 fuerat,
1890 3740 1984 3795 sed
2019 3748 2098 3794 ta-

531 3845 659 3886 men
688 3831 984 3902 scripsisse
1014 3831 1080 3885 ad
1108 3840 1258 3886 tuam
1291 3833 1569 3902 pietatem.
1602 3832 1680 3885 Ac
1711 3831 1850 3886 forte
1880 3847 1986 3885 non
2015 3847 2110 3901 po-

531 3930 763 3977 tuerunt
819 3937 1044 3977 servare
1088 3923 1451 3977 salutationes
1493 3937 1666 3982 meas,
1720 3924 1815 3991 qui
1870 3923 2111 3978 minis-te-

533 4014 676 4068 rium
701 4014 1007 4068 litterarum
1038 4021 1396 4083 susceperant
1421 4013 1644 4068 fratres.
1679 4011 1785 4066 Sed
1811 4028 1961 4066 nunc
1984 4028 2110 4066 cura

534 4107 695 4176 copia
732 4107 805 4162 sit
834 4107 968 4161 mihi
1002 4105 1369 4176 quorumdam
1393 4121 1425 4161 e
1454 4109 1664 4160 nostris
1689 4104 1754 4159 ad
1787 4113 1936 4160 tuam
1973 4121 2107 4176 pra:-

534 4196 793 4252 stantiam
843 4197 1333 4267 proficiscentium,
1384 4205 1441 4250 et
1476 4195 1690 4249 litteras
1733 4195 1816 4250 eis
1860 4195 2111 4250 commisi

535 4289 788 4354 libenter,
819 4297 875 4345 et
905 4289 1033 4346 misi
1070 4290 1357 4350 nonnulla,
1391 4303 1512 4358 quae
1541 4289 1766 4357 dignare
1800 4302 1830 4341 a
1859 4303 1978 4343 mea
2013 4289 2112 4342 hu-

535 4379 768 4435 militate
811 4381 1093 4449 suscipere
1144 4380 1266 4436 sine
1300 4379 1545 4440 fastidio,
1592 4394 1656 4432 ac
1703 4378 1835 4432 mihi
1864 4380 2112 4450 exemplo

2125 1779 2170 1834 Β
2269 1765 2496 1835 Βάρσῃ,
2530 1765 2838 1827 ὲπισκόπῳ
2887 1762 3195 1830 Ἐδέσσης,
3216 1761 3286 1815 ἐν
3319 1760 3533 1829 ἐξορίᾳ
3563 1760 3726 1813 ὄντι.

2279 1903 2421 1973 Ἐγὼ
2451 1903 2550 1973 τῆς
2591 1901 2884 1964 διαθέσεως
2911 1900 3009 1971 μὲν
3041 1899 3249 1962 ἕνεκεν,
3274 1892 3342 1968 ἧς
3381 1896 3495 1967 ἔχω
3526 1898 3666 1967 περὶ
3697 1897 3792 1964 τὴν

2199 1996 2298 2067 σὴν
2319 1994 2648 2058 θεοσέϐειαν,
2676 1993 2981 2064 ἐπεθύμουν
3022 1993 3183 2055 αὐτὸς
3213 1991 3659 2062 παραγενέσθαι,
3702 1990 3793 2042 καὶ

2197 2090 2264 2143 δι’
2301 2087 2538 2159 ἐμαυτοῦ
2589 2086 3020 2158 περιπτύξασθαί
3073 2103 3166 2138 σου
3200 2087 3298 2156 τὴν
3341 2085 3617 2155 ἀληθινὴν
3659 2083 3794 2150 ἀγά-

2199 2194 2329 2250 πην,
2380 2179 2474 2231 καὶ
2518 2177 2740 2242 δοξάσαι
2795 2177 2887 2230 τὸν
2937 2178 3141 2247 Κύριον
3170 2174 3262 2228 τὸν
3296 2177 3355 2228 ἐν
3391 2176 3476 2227 σοὶ
3511 2173 3791 2244 μεγαλυν·

2200 2271 2384 2332 θέντα.
2415 2271 2510 2324 καὶ
2542 2271 2602 2324 τὸ
2638 2269 2817 2340 τίμιόν
2848 2286 2939 2321 σου
2971 2269 3146 2340 γῆρας
3180 2266 3480 2338 περιφανὲς
3507 2265 3792 2334 κατακτή-

2204 2381 2371 2417 σαντα
2411 2364 2542 2416 πᾶσι
2574 2366 2686 2426 τοῖς
2720 2364 2776 2416 ἐν
2799 2365 2867 2432 τῇ
2891 2361 3182 2432 οἰκουμένῃ
3214 2359 3576 2430 φοϐουμένοις
3604 2358 3788 2412 αὐτόν·

2202 2455 2388 2525 ἐπειδὴ
2417 2455 2474 2508 δέ
2506 2457 2602 2509 καὶ
2657 2454 2909 2508 ἀσθένεια
2939 2453 3032 2506 τοῦ
3087 2451 3336 2522 σώματος
3369 2451 3572 2521 βαρεῖα
3621 2466 3792 2503 κατα-

2203 2550 2357 2600 πονεῖ
2383 2547 2580 2616 με,καὶ
2606 2547 2827 2617 φροντὶς
2852 2544 3185 2617 Ἐκκλησιῶν
3217 2542 3492 2596 ἐπίκειταί
3531 2560 3626 2614 μοι
3653 2541 3796 2610 ἀμύ-

2205 2641 2389 2710 θητος,
2429 2639 2523 2693 κα)⁵
2552 2640 2651 2692 οὐκ
2696 2639 2813 2709 εἰμὶ
2845 2636 3081 2708 ἐμαυτοῦ
3120 2634 3308 2707 κύριος
3338 2634 3478 2706 πρὸς
3493 2635 3559 2686 τὸ
3589 2633 3792 2701 ἀποδη-

2209 2734 2329 2801 μεῖν
2362 2733 2495 2784 ὃπου
2528 2726 2816 2801 βούλομαι,¹
2856 2729 2952 2782 καὶ
2981 2727 3370 2797 συντυγχάνειν
3403 2720 3487 2787 οἷς
3509 2723 3788 2793 ἐπιθυμῶ,

2205 2825 2292 2877 διὰ
2321 2823 2414 2876 τοῦ
2459 2823 2786 2895 γράμματος
2821 2820 3083 2874 ἀναπαύω
3127 2819 3218 2874 τὸν
3257 2816 3421 2871 πόθον
3457 2817 3519 2870 ὃν
3550 2817 3664 2888 ἔχω
3704 2815 3786 2867 ἐπὶ

2207 2916 2272 2984 τῇ
2304 2914 2599 2966 ἀπολαύσει
2649 2913 2756 2966 τῶν
2787 2914 2844 2964 ἐν
2895 2910 2978 2964 σοὶ
3000 2909 3201 2975 καλῶν,
3226 2909 3321 2961 καὶ
3359 2907 3675 2980 παρακαλῶ
3700 2910 3785 2975 τὴν

2207 3004 2616 3076 ἀνυπέρϐλητόν
2648 3020 2741 3056 σου
2767 3002 3052 3056 εὐλάϐειαν
3075 2998 3328 3070 εὔχεσθαι
3355 2999 3498 3071 ὑπὲρ
3533 2996 3674 3069 ἐμοῦ
3703 2997 3783 3049 καὶ

2206 3095 2306 3165 τῆς
2347 3094 2689 3164 Ἐκκλησίας,
2720 3095 2808 3148 ἵνα
2849 3096 2878 3147 ό
2918 3092 3121 3164 Κύριος
3147 3091 3222 3162 δῷ
3254 3092 3386 3162 ἡμῖν
3421 3090 3784 3160 ἀπροσκόπως

2204 3186 2493 3258 παρελθεῖν
2516 3187 2612 3249 τὰς
2638 3185 2981 3256 λυπουμὲνας
3002 3184 3218 3256 ἡμέρας
3268 3184 3301 3255 ἢ
3337 3183 3489 3255 ὥρας
3510 3185 3618 3254 τῆς
3650 3198 3783 3252 παρ⁴

2205 3279 2498 3350 επιδημίας
2537 3277 2692 3350 ήμῶν
2719 3295 2733 3309 °
2790 3279 3061 3350 παράσχοι
3114 3277 3172 3330 δὲ
3213 3279 3345 3348 ἡμῖν
3375 3277 3473 3329 καὶ
3526 3276 3659 3328 ἰδεῖν
3698 3275 3786 3342 τὴν

2205 3371 2428 3441 εἰρήνην
2454 3369 2564 3423 τῶν
2594 3369 2928 3440 Ἐκκλησιῶν
2961 3368 3149 3436 αὑτοῦ,
3188 3369 3284 3422 καὶ
3309 3368 3545 3422 ἀκοῦσαι
3575 3368 3705 3439 περὶ
3732 3383 3782 3419 τε

2206 3465 2314 3518 τῶν
2339 3464 2539 3519 λοιπῶν
2580 3461 3008 3533 συλλειτουργῶν
3046 3479 3140 3514 σου
3180 3461 3275 3515 καὶ
3302 3460 3409 3514 τῶν
3440 3459 3788 3530 συναθλητὶυν

2206 3557 2243 3612 ὃ.
2275 3556 2564 3628 εὐχόμεθα,
2595 3555 2690 3608 καὶ
2718 3554 2848 3625 περὶ
2879 3552 2972 3606 σοῦ
3030 3551 3220 3615 αὐτοῦ,
3255 3551 3290 3605 ἃ
3329 3550 3524 3614 νυκτὸς
3559 3550 3673 3621 (60)
3701 3551 3783 3602 καὶ

2208 3652 2424 3720 ἡμέρας
2443 3651 2492 3702 οἱ
2521 3649 2626 3701 ὑπὸ
2650 3648 2709 3701 σὲ
2735 3647 2854 3701 λαοὶ
2877 3645 3096 3715 ζητοῦσι
3137 3645 3288 3716 παρά
3313 3643 3405 3698 τοῦ
3450 3645 3664 3715 Κυρίου
3698 3645 3783 3711 τῆς

2207 3741 2574 3812 δικαιοσύνης.
2621 3740 2860 3792 Γίνωσκε
2888 3739 2966 3803 δέ,
2991 3740 3072 3793 ὅτι
3095 3737 3353 3801 πολλάκις
3404 3738 3506 3809 μὲν
3534 3740 3641 3792 οὐκ
3696 3740 3783 3791 ἐπ-

2210 3832 2526 3903 εστείλαμεν
2556 3870 2572 3895 ,
2621 3830 2743 3885 ούδέ
2799 3831 2987 3892 ὁσάκις
3032 3827 3377 3899 ὀφειλόμενον
3421 3825 3512 3900 ἦν,
3549 3828 3787 3882 ἐπεστεῐι

2209 3926 2380 3996 λαμεν
2438 3925 2495 3978 δὲ
2541 3925 2690 3994 ὅμως
2728 3927 2793 3995 τῇ
2856 3923 3134 3994 θεοσεϐείᾳ.
3183 3941 3297 3978 σου.
3347 3926 3459 3978 Καὶ
3509 3927 3659 3996 τάχα
3701 3926 3790 3976 οὐκ

2210 4015 2554 4086 ἠδυνήθησαν
2598 4014 2858 4068 διασῶσαι
2897 4014 2998 4078 τὰς
3032 4014 3399 4086 προσηγορίας
3428 4017 3591 4088 ἡμῶν
3627 4020 3678 4070 οἱ
3712 4034 3789 4068 πι-

2213 4107 2528 4171 στευθέντες
2563 4107 2663 4178 τὴν
2699 4105 2974 4160 διακονίαν
3012 4106 3120 4160 τῶν
3169 4109 3512 4180 γραμμάτων
3553 4109 3786 4178 ἀδελφέ.

2225 4198 2385 4252 Ἀλλὰ
2415 4199 2532 4264 νῦν,
2586 4197 2773 4270 ἐπειδὴ
2823 4199 3160 4271 ἐπετύχομεν
3205 4199 3491 4271 ἡμετέρων
3519 4202 3636 4255 τῶν
3662 4202 3784 4254 ὁδοι-

2214 4291 2524 4362 πορούντων
2565 4291 2702 4362 πρὸς
2743 4289 2842 4361 τὴν
2899 4291 2998 4362 σὴν
3037 4291 3344 4362 τιμιότητα,
3377 4293 3476 4344 καὶ
3508 4292 3582 4345 τὰ
3617 4293 3786 4362 γράμ-

2217 4400 2364 4452 ματα
2395 4383 2579 4446 αὐτοῖς
2599 4382 3008 4454 ἐνεχειρίσαμεν
3057 4383 3374 4454 προθύμως,
3411 4383 3507 4436 καὶ
3540 4384 3789 4438 ἀπεστεὶσ

535 4467 688 4523 Isaac
716 4467 1041 4538 patriarchae
1071 4467 1397 4524 benedicere
1417 4468 1481 4524 ⁸⁸.
1512 4467 1667 4534 Quod
1690 4469 1735 4522 si
1763 4468 1892 4537 quid
1922 4471 2101 4533 etiam,

2216 4475 2385 4544 λαμέν
2432 4473 2544 4545 (61)
2587 4491 2728 4536 τινα,
2764 4473 2802 4526 ὃ.
2843 4471 3179 4538 καταξίωσον
3226 4473 3591 4540 ὑποδέξασθαι
3650 4475 3784 4544 παρὰ

539 4566 599 4614 ut
620 4559 872 4628 occupati
917 4559 1271 4629 animumque
1297 4575 1554 4613 curarum
1577 4559 1926 4616 multitudine
1947 4561 2113 4615 obru-

539 4659 655 4704 tum
683 4649 970 4714 habentes,
1009 4649 1198 4704 decori
1248 4649 1610 4720 negleximus,
1647 4649 1782 4703 mihi
1819 4666 1890 4705 ne
1936 4651 2115 4721 impu-

539 4741 765 4804 taveris,
807 4755 984 4811 neque
1015 4741 1270 4796 af‘ﬁciaris
1304 4741 1534 4795 tristitia
1561 4760 1574 4795 :
1603 4740 1698 4795 sed
1731 4750 1879 4794 tuam
1912 4743 1966 4796 in
1995 4759 2114 4798 om-

543 4833 705 4886 nibus
738 4831 1124 4902 perfectionem
1163 4833 1381 4887 imitare
1416 4851 1430 4887 :
1461 4839 1522 4886 ut
1550 4839 1605 4886 et
1646 4846 1747 4887 nos
1787 4833 1988 4887 virtute
2019 4840 2114 4886 tua

546 4921 910 4993 perfruamur,
947 4924 1405 4994 quemadmodum
1433 4933 1486 4979 et
1518 4925 1715 4995 reliqui
1762 4940 1974 4980 omnes.
2017 4925 2114 4980 Sa-

618 5082 664 5113 “
684 5077 821 5137 Gen.
854 5079 1142 5150 xxvtbjﬂ.

617 5237 818 5291 'Alias
863 5231 1207 5291 CCCXXV".
1259 5234 1473 5304 Scripta
1551 5233 1762 5288 videtur
1814 5248 1958 5290 anno
2012 5233 2118 5288 577

545 5316 796 5369 exeunte,
821 5315 914 5360 aut
941 5306 1046 5361 578
1083 5307 1326 5360 ineunte.

617 5377 729 5447 (59)
756 5376 912 5447 Πρὸς
962 5374 1141 5446 ἡμᾶς.
1187 5375 1363 5434 Harl..
1397 5372 1594 5447 _Coisl._
1634 5375 1896 5447 primus._
1914 5371 2116 5444 Regius

547 5442 778 5516 primus,
803 5442 1077 5503 'Parisfet
1107 5447 1280 5516 Bigot.
1316 5444 1452 5516 προς
1480 5442 1651 5516 ἡμᾷςξ
1682 5444 1826 5498 lnf‘ra
1864 5442 2118 5516 Βεεζεϐ-

547 5514 760 5571 candus
788 5525 842 5571 et
863 5517 1030 5573 Coisl.
1063 5514 1337 5572 secundus
1361 5514 1459 5584 τὴν
1485 5514 1779 5584 ἡμετέραν,
1814 5525 1865 5570 et
1890 5514 2112 5567 αῖσθων·

548 5599 636 5638 ται
663 5587 827 5656 ἡμᾶς.

2215 4567 2316 4636 τῆς
2331 4564 2604 4638 ἡμετέρας
2620 4565 3000 4630 ταπεινώσεως
3031 4566 3490 4637 άνυπερηφάνως,
3519 4568 3622 4620 καὶ
3645 4567 3785 4619 εὐλο-

2215 4658 2383 4727 γῆσαι
2439 4658 2588 4726 ἡμᾶς
2633 4656 2772 4710 κατά
2805 4659 3035 4728 μίμησιν
3060 4657 3154 4711 τοῦ
3195 4658 3538 4730 πατριάρχου
3592 4658 3783 4712 Ἰσαάκ,

2217 4747 2280 4800 Et
2337 4747 2395 4800 δέ
2448 4764 2523 4810 τι,
2572 4747 2666 4800 καὶ
2706 4747 2782 4812 ὡς
2823 4747 3243 4818 ἀσχολούμενοι,
3284 4748 3379 4800 καὶ
3415 4747 3522 4800 ὑπὸ
3561 4748 3786 4818 πλήθους

2219 4834 2513 4906 φροντίδων
2540 4835 2632 4888 τὸν
2655 4835 2780 4890 νοῦν
2811 4836 3179 4907 βαπισμὲνον
3195 4837 3430 4907 ἔχοντες,
3464 4839 3779 4910 παρείδομεν

2217 4926 2324 4979 τῶν
2369 4925 2710 4996 πρεπόντων,
2771 4927 2846 4999 μὴ
2892 4927 3084 5001 λογίσῃ
3125 4930 3278 4999 ἡμῖν,
3337 4929 3474 5000 μηδὲ
3509 4929 3778 5000 λυπηθῇς⁶

2290 5232 2402 5303 (60)
2431 5235 2500 5286 Ἀ
2534 5236 2775 5300 νυκτός.
2811 5233 2957 5288 Editi
3002 5232 3037 5288 ἃ
3070 5235 3164 5287 καὶ
3209 5233 3421 5296 νυκτός.
3471 5232 3628 5289 Deest
3665 5248 3777 5286 con-

2214 5302 2428 5424 j'tarictio
2461 5305 2517 5357 in
2546 5305 2821 5375 plerisque
2853 5320 2986 5360 mss.
3017 5303 3188 5359 Paulo
3223 5314 3347 5358 ante
3379 5303 3551 5359 Coisl.
3589 5304 3776 5375 primus

2218 5387 2253 5426 a
2322 5391 2486 5427 ητων.
3690 5398 3692 5400 '

2218 5387 2931 5515 αυΐθῖΙῩΥᾸ-πεστείλαμεν.
2965 5443 3215 5515 Quinque
3236 5443 3456 5515 codices
3487 5441 3772 5515 ἐπεστείλα-

2221 5509 2621 5647 ἓιξζὸαῼυθιυοι·
2662 5509 3005 5586 ἐστείλαμενξ
3047 5509 3164 5568 Mox
3193 5514 3362 5569 codex
3401 5513 3681 5570 Medicaeus
3700 5509 3768 5563 δέ-
