3856 6224
437 234 543 294 999

874 371 1217 430 EPISTOLA
1255 370 1517 432 CCLXIX
1539 374 1577 429 ’.

1725 236 1784 292 S.
1826 235 2076 293 BASILZI
2112 237 2328 294 MAGNI

3582 245 3733 302 £000

2649 373 3000 429 summa
3033 373 3173 427 ΣΞΘ⁴
3189 396 3204 408 ν

437 481 674 551 Δηὲηιζιωί
704 484 881 551 mortui
900 499 1103 551 uxorem
1126 485 1401 551 consolatur
1427 483 1817 551 Basiliusteique
1844 491 2014 551 auctor
2037 491 2124 551 est,
2144 491 2197 551 ut
2215 492 2260 537 et
2283 496 2447 551 rerum
2466 484 2790 536 humanarum
2808 483 3097 551 conditionis
3118 492 3388 551 memor,“
3410 487 3590 537 mariti
3626 495 3730 539 tam:

500 545 551 598 in
566 547 657 615 hoc
687 547 784 598 vita
805 549 1112 615 splendorem
1130 550 1463 615 considerans.
1491 556 1591 598 tum
1610 545 1757 615 etiam
1781 546 1833 597 in
1849 548 2007 615 altera
2031 547 2307 615 felicitatem
2332 549 2390 597 ob
2413 555 2690 609 susceptum
2712 547 2885 599 taceri:
2903 561 3054 613 opera
3086 555 3133 601 et
3167 548 3373 600 consilio
3405 551 3731 615 baptianut,

498 615 546 661 et
564 609 630 659 ad
652 608 948 675 promissam
970 610 1216 674 patientia:
1234 613 1506 662 mercedem
1529 608 1815 674 respiciens,
1840 608 2004 660 dolori
2027 608 2227 660 inodum
2249 609 2481 673 imponat.

605 741 690 798 Ad
710 744 984 815 conjugem
1005 745 1269 800 Arintha’i
1291 744 1441 799 ducis
1465 744 1843 799 consolatoria.

508 921 561 974 1.
603 919 1045 977 Consentaneum
1079 922 1300 994 quidem
1332 929 1454 978 erat
1481 928 1537 977 et
1573 920 1821 976 debitum
1855 922 2023 978 animi

437 1012 517 1067 tui
545 1013 735 1077 statui,
761 1022 819 1067 ut
850 1012 968 1082 ipse
988 1028 1175 1069 coram
1205 1014 1456 1069 adessem
1483 1021 1537 1068 et
1563 1028 1757 1067 eorum
1783 1029 1905 1083 quae
1927 1030 2022 1069 ac-

437 1103 687 1158 ciderant
738 1106 1014 1176 particeps
1068 1106 1273 1160 ﬁerem.
1331 1104 1425 1160 Sic
1488 1103 1635 1159 enim
1675 1112 1731 1159 et
1777 1104 2023 1161 dolorem

436 1208 619 1247 meum
650 1194 952 1260 leniissem,
986 1204 1041 1250 et
1081 1196 1225 1265 apud
1262 1204 1412 1249 tuam
1452 1195 1779 1262 dignitatem
1821 1210 2025 1251 conso-

436 1282 661 1341 lationis
702 1282 937 1339 ofﬁcium
988 1286 1384 1357 implevissem.
1437 1284 1545 1340 Sed
1584 1286 1714 1355 quia
1756 1301 1865 1340 non
1907 1292 2022 1356 jam

437 1372 543 1429 fert
566 1376 801 1445 amplius
832 1391 1033 1447 corpus
1071 1393 1249 1433 meum
1277 1377 1554 1448 longiores
1589 1385 1793 1440 motus,
1825 1393 1891 1432 eo
1937 1394 2025 1432 re-

436 1464 634 1520 dactus
657 1482 779 1521 sum
812 1475 873 1522 ut
902 1477 1081 1523 tecum
1113 1485 1209 1539 per
1233 1470 1447 1523 litteras
1473 1467 1779 1535 colloquar,
1813 1484 1880 1523 ne
1907 1484 2027 1525 om-

438 1557 570 1611 ninu
592 1558 779 1613 videar
807 1559 985 1615 aliena
1022 1561 1343 1615 existimare
1373 1578 1493 1631 qua:
1523 1559 1865 1615 acciderunt.
1891 1560 2027 1627 Quis

435 1664 568 1719 ergo
600 1650 778 1703 virum
813 1650 967 1705 illum
1000 1652 1207 1722 gemitu
1241 1667 1350 1705 non
1382 1665 1711 1723 prosccutus
1742 1657 1865 1712 est?
1897 1656 2026 1725 quis

436 1741 575 1796 adeo
616 1740 782 1797 corde
820 1741 1059 1813 lapideo,
1091 1756 1149 1798 ut
1199 1744 1374 1813 ipsius
1421 1760 1590 1802 causa
1622 1748 1897 1803 ferventes
1941 1748 2026 1799 la—

437 1847 658 1904 crymas
685 1849 794 1888 non
818 1834 1213 1907 profunderet?
1243 1836 1325 1892 Me
1351 1853 1478 1894 vero
1501 1842 1727 1897 tristitia
1755 1842 2025 1912 singulari

436 1924 705 1994 implevit,
737 1933 851 1979 tum
893 1925 1151 1989 honores,
1181 1944 1323 1997 quos
1361 1931 1496 1986 mihi
1525 1934 1779 2002 privatim
1810 1933 2022 1997 habuit,

435 2018 918 2081 considerantem,
978 2029 1091 2073 tum
1152 2036 1445 2078 commune
1507 2023 1878 2082 Ecclesiarum
1929 2024 2024 2079 Dei

2051 751 2097 806 Α
2133 742 2213 812 Τῇ
2252 742 2514 814 ὀμοζὺγῳ
2556 742 2882 826 Ἀρινθαίορ
2931 741 3348 826 στρᾳτηλὰτου
3383 739 3502 810 (72)
3533 758 3730 811 παρα-

2755 816 3081 881 μυθητική.

2196 925 2248 979 Ι.
2280 925 2353 978 Τὸ
2410 923 2509 994 μὲν
2571 922 2864 978 ἀκόλουθον
2894 918 2963 994 ἦν
2996 923 3092 977 καὶ
3138 921 3490 994 ὀφειλόμενόν
3524 939 3626 977 σου
3659 925 3732 994 τῇ

2124 1014 2384 1078 διαθέσει,
2443 1016 2591 1087 ἡμᾶς
2644 1016 2841 1079 αὐτοὺς
2895 1017 3169 1086 παρεῖναι,
3222 1017 3317 1069 καὶ
3351 1016 3734 1086 συμμετέχειν

2124 1105 2233 1160 τῶν
2286 1106 2606 1177 γινομένων.
2641 1104 2799 1160 οὕτω
2826 1105 2936 1176 γὰρ
2977 1104 3045 1159 ἂν
3075 1104 3285 1160 ἑαυτῶν
3316 1123 3376 1159 τε
3399 1106 3500 1177 τὴν
3541 1106 3733 1177 λύπην

2125 1198 2609 1269 κατεπραΰναμεν,
2639 1198 2736 1252 καὶ
2754 1200 2820 1269 τῇ
2848 1197 3139 1267 σεμνότητι
3164 1214 3259 1251 σου
3290 1194 3402 1269 (75)
3425 1199 3531 1268 τῆς
3548 1215 3731 1270 παρα-

2124 1289 2371 1362 κλήσεως
2393 1289 2455 1343 τὸ
2506 1288 2655 1353 εἰκὸς
2699 1287 3202 1360 ἀπεπληρώσαμεν.
3243 1290 3398 1342 Ἐπεὶ
3447 1289 3505 1342 δὲ
3532 1290 3732 1344 οὐκέτι

2128 1400 2231 1454 μου
2287 1382 2445 1454 φέρει
2504 1381 2569 1435 τὸ
2627 1380 2786 1451 σῶμα
2821 1380 2918 1443 τὰς
2953 1380 3298 1450 μακροτέρας
3331 1382 3607 1451 κινήσεις,
3634 1382 3732 1434 ἐπὶ

2123 1477 2223 1546 τὴν
2254 1475 2346 1529 διὰ
2376 1472 2472 1527 τοῦ
2509 1473 2838 1545 γράμματος
2865 1471 3101 1543 ἤλθομεν
3136 1471 3247 1542 (74)
3272 1471 3512 1542 ὁμιλίαν,
3554 1471 3637 1534 ὡς
3661 1472 3731 1524 ἂν

2128 1567 2204 1638 μὴ
2253 1566 2570 1621 παντάπασι
2623 1565 2879 1635 δόξαιμεν
2934 1564 3232 1635 ἀλλοτρίως
3284 1563 3430 1634 ἐχειν
3471 1564 3617 1635 πρὸς
3658 1562 3730 1615 τά

2128 1659 2431 1729 συμϐάντα.
2482 1657 2580 1721 Τίς
2611 1656 2709 1728 μὲν
2750 1652 2845 1709 οὖν
2867 1655 2961 1709 τὸν
2993 1655 3162 1725 ἄνδρα
3195 1655 3404 1708 ἐκεῖνον
3431 1653 3538 1707 οὐκ
3571 1651 3731 1705 ἐστέ-

2124 1749 2287 1814 ναξε;
2322 1748 2407 1811 τίς
2430 1746 2488 1801 δὲ
2537 1745 2681 1800 οὕτω
2714 1746 2915 1809 λίθινος
2958 1744 3056 1817 τὴν
3080 1744 3328 1815 καρδίαν,
3361 1744 3440 1808 ὡς
3472 1745 3553 1815 μὴ
3593 1744 3729 1815 θερ-

2130 1841 2228 1912 μδν
2281 1841 2370 1894 ἐπ’
2427 1839 2578 1911 αὐτῷ
2628 1839 2740 1910 (75)
2793 1840 3012 1908 ἀφεῖναι
3063 1838 3337 1911 δάκρυον;
3383 1836 3598 1908 Ἐμὲδὲ
3630 1838 3730 1890 καὶ

2126 1934 2491 2005 διαφερόντως
2524 1932 2831 2003 κατηφείας
2860 1932 3168 2002 ἐπλήρωσε.
3199 1930 3299 1994 τάς
3330 1946 3390 1983 τε
3415 1929 3555 1992 ιδίας
3586 1928 3727 1999 περὶ

2127 2024 2227 2095 ἐμὲ
2276 2022 2442 2094 τιμὰς
2494 2022 2588 2076 τοῦ
2635 2021 2829 2093 ἀνδρὸς
2859 2020 3225 2092 λογιζόμενον,
3271 2020 3366 2075 καὶ
3404 2020 3506 2090 τὴν
3528 2019 3727 2091 κοινὴν

436 2110 827 2179 patrocinium.
878 2109 988 2165 Sed
1020 2119 1204 2166 tamen
1239 2114 1374 2167 mihi
1411 2115 1464 2169 in
1502 2125 1739 2170 mentem
1775 2118 1927 2171 venit
1965 2118 2026 2170 il-

2142 2112 2231 2165 :in
2269 2110 2615 2180 Ἐκκλησιῶν
2647 2109 2743 2164 τοῦ
2806 2109 2942 2163 Θεοῦ
2998 2110 3354 2182 προστασίαν.
3396 2109 3541 2163 Ἀλλ’
3570 2110 3730 2179 ὅμως

436 2199 573 2265 lum,
604 2215 729 2255 cum
779 2201 944 2255 homo
970 2210 1116 2256 esset
1171 2219 1235 2259 ac
1272 2207 1626 2262 convenieuti
1665 2209 1720 2262 in
1767 2209 1871 2263 hac
1912 2209 2021 2263 vita

434 2309 665 2349 munere
724 2306 874 2351 esset
928 2294 1299 2365 perfunctus,
1361 2301 1627 2369 congruis
1682 2302 2024 2369 temporibus

434 2402 631 2442 ιἰκειιε
652 2402 683 2440 a
710 2386 821 2443 DCO
853 2403 1039 2441 rerum
1076 2397 1392 2444 nostrarum
1422 2392 1771 2448 moderatore
1800 2408 2023 2448 assum-

434 2484 588 2547 ptum
631 2476 825 2533 fuisse.
867 2477 1002 2544 Quae
1042 2479 1264 2550 quidem
1300 2490 1359 2535 ut
1394 2489 1489 2536 tua
1535 2484 1699 2538 etiam
1733 2485 2027 2554 prudentia

434 2570 820 2636 considerans,
874 2586 1066 2626 casum
1104 2573 1289 2626 animo
1338 2589 1496 2644 aequo
1530 2573 1669 2630 ferat
1713 2577 2021 2641 hortamur,

436 2666 514 2725 ct,
548 2666 815 2729 quantum
856 2659 973 2714 fieri
999 2669 1513 2730 potest,terumnam
1545 2663 1826 2719 moderate
1858 2667 2027 2721 susti-

434 2760 580 2806 neat.
615 2749 874 2805 ldoneum
906 2751 1126 2821 quidem
1160 2761 1214 2808 et
1255 2761 1495 2823 tempus,
1543 2763 1603 2810 ut
1631 2771 1730 2810 cor
1758 2765 1911 2811 tuum
1950 2758 2028 2813 le-

435 2841 574 2909 niat,
615 2852 671 2895 ct
708 2841 891 2896 locum
929 2841 1021 2897 det
1072 2843 1275 2898 rationi
1310 2863 1323 2898 :
1360 2846 1454 2899 sed
1505 2853 1687 2901 tamen
1735 2860 2027 2918 suspeclus

435 2930 571 2985 mihi
617 2941 702 2986 est
739 2931 934 3002 ingens
966 2940 1094 2988 tuus
1130 2933 1313 2987 mariti
1360 2949 1538 2997 amor,
1582 2952 1646 2991 ac
1685 2945 1778 2991 tua
1813 2940 1868 2992 in
1906 2954 2029 2993 om-

434 3037 534 3077 nes
568 3022 910 3093 benignitas;
944 3040 1012 3079 ne
1040 3024 1178 3079 forte
1213 3026 1437 3080 mcerori
1467 3035 1519 3080 te
1545 3027 1740 3092 dedas,
1786 3030 1858 3083 oh
1891 3031 2028 3085 sim-

437 3114 741 3185 plicitatem
785 3131 999 3169 morum
1027 3115 1357 3185 profundam
1385 3120 1667 3187 accipiens
1694 3120 1904 3190 plagam
1928 3121 2029 3176 do-

434 3204 596 3259 loris.
633 3203 713 3259 Ac
755 3220 975 3276 semper
1010 3208 1230 3276 quidem
1283 3209 1436 3264 utilis
1471 3209 1886 3280 Scripturarum
1925 3213 2026 3268 do-

430 3298 637 3360 ctrina,
670 3296 766 3354 sed
800 3299 1040 3354 maxime
1060 3299 1335 3368 ejusmodi
1369 3304 1728 3371 temporibus.
1756 3303 2028 3361 Memento

435 3388 605 3459 igitur
641 3389 763 3443 lata:
796 3404 828 3443 a
851 3389 1115 3444 Creatore
1166 3399 1361 3445 nostro
1390 3394 1701 3459 sententiae,
1736 3409 1836 3464 per
1859 3411 2025 3464 quam

434 3486 705 3553 quotquot
744 3496 814 3536 ex
844 3488 991 3536 terra
1026 3481 1132 3537 orti
1173 3497 1388 3544 sumus,
1445 3483 1500 3536 in
1543 3491 1749 3538 terram
1795 3486 2026 3540 reverti-

435 3588 561 3626 mur
583 3571 626 3603 “
663 3591 677 3627 :
713 3586 817 3628 nec
844 3572 1139 3643 quisquam
1176 3573 1248 3627 ita
1282 3587 1537 3644 magnus,
1575 3581 1635 3628 ut
1670 3575 2024 3632 dissolutioni

436 3679 548 3719 non
574 3664 647 3720 sit
677 3664 977 3720 obnoxius.

505 3838 562 3894 2.
602 3836 979 3894 Admirandus
1022 3839 1115 3894 ille
1150 3838 1236 3893 vir
1263 3846 1384 3895 erat
1428 3841 1649 3912 quidem
1693 3840 1931 3897 eximius
1970 3848 2026 3896 et

436 3945 693 4001 magnus,
740 3937 795 3985 et
838 3930 1094 4001 corporis
1126 3930 1315 3984 robori
1359 3947 1546 4002 parem
1598 3932 1810 3988 habens
1854 3934 2025 3987 animi

437 4021 718 4087 virtutem,
763 4020 938 4076 fateor
978 4027 1033 4076 et
1082 4036 1205 4089 ego,
1255 4022 1463 4077 nemini
1509 4038 1643 4078 sane
1692 4024 1747 4077 in
1791 4033 2026 4093 utroque

439 4113 755 4181 secundus;
788 4112 885 4168 sed
928 4122 1114 4170 tamen
1150 4117 1316 4169 homo
1367 4123 1507 4177 erat,
1550 4123 1605 4169 ct
1643 4127 1888 4171 mortuus
1918 4126 2023 4181 est,

439 4213 501 4258 ut
524 4204 719 4267 Adam,
753 4211 813 4257 ut
844 4205 1003 4267 Abel,
1043 4214 1102 4260 ut
1136 4205 1270 4270 Noe,
1308 4213 1368 4259 ut
1398 4204 1697 4270 Abraham,
1735 4216 1795 4260 ut
1825 4207 2023 4273 Moses,

438 4304 501 4350 ut
523 4297 665 4351 alius
694 4297 897 4365 quivis,
934 4312 1100 4366 quem
1150 4295 1402 4367 ejusdem
1456 4306 1664 4352 natura:
1701 4299 2024 4369 participem

438 4384 835 4441 nominaveris.
871 4385 991 4441 Non
1021 4388 1191 4458 igitur
1223 4390 1370 4458 quod
1400 4388 1448 4443 is
1490 4398 1714 4459 ereptus
1741 4389 1905 4443 fuerit
1941 4392 2026 4444 in-

440 4479 731 4550 dignemur
762 4496 776 4533 :
811 4478 907 4534 sed
939 4478 1106 4552 416
1130 4479 1279 4551 quod
1303 4480 1372 4535 ab
1391 4480 1550 4535 initio
1584 4466 1864 4550 conjuncti
1900 4497 2024 4537 cum

539 4611 555 4643 ¹
579 4608 718 4667 Gen.
756 4625 841 4676 ιιι,
874 4609 962 4668 19.

567 4741 718 4813 Alias
748 4739 1080 4813 CLXXXVI.
1111 4741 1325 4813 Scripta
1358 4760 1502 4799 anno
1523 4744 1646 4800 578.

513 4810 626 4883 (72)
656 4810 1272 4883 Στρατηλάτου.ί11ιιηιι
1294 4830 1480 4870 vocem
1505 4815 1817 4873 addidimus
1846 4833 1913 4873 ex
1935 4818 2029 4873 tri-
2057 4812 2103 4866 D

443 4883 546 4937 bus
580 4882 981 4949 antiquissimis
1014 4882 1322 4939 codicibus.

515 4951 626 5033 (ἶῖςό)
649 4950 1100 5033 ..Τῇ-σεμνότητι
1135 4968 1272 5007 σου.
1308 4951 1400 5008 Sic
1444 4953 1604 5011 iidem
1638 4964 1751 5013 trcs
1784 4956 2023 5014 codices.

442 5020 679 5093 Ειίίίιίςτῇ
716 5023 781 5090 σῇ
816 5020 1125 5093 σεμνότητι.

514 5091 628 5168 (74)
653 5091 961 5168 ᾙέίᾷομετ.
993 5091 1066 5143 Ita
1087 5103 1198 5168 tres
1221 5091 1383 5168 iidem
1412 5093 1651 5149 codices.
1682 5095 1821 5150 Editi
1840 5093 2025 5168 ἦλθον.

442 5158 1272 5234 ιιιίι[εῂι(;οἰε,1.’ρι·ἰῐῃυεπάντη.
1296 5162 1445 5219 Harl.
1468 5169 1640 5234 prima
1661 5183 1823 5221 manu
1843 5158 2025 5224 τταντί.

670 5231 1015 5307 Ἐπ’·αῠζῷἱ
1039 5231 1111 5284 Ita
1144 5231 1281 5288 mss.
1314 5250 1429 5307 sex.
1462 5231 1602 5289 Editi
1631 5237 1723 5289 ὑπ’
1748 5238 1916 5307 αὐτῷ.

540 5301 629 5367 76)
660 5300 826 5369 Παρὰ
843 5303 971 5355 τοῦ.
997 5299 1074 5354 lta
1099 5310 1210 5357 tres
1232 5306 1588 5361 velustissimi
1613 5307 1851 5362 codices.
1870 5299 2024 5363 'Editi

444 5371 550 5493 δὲτὸ
580 5371 709 5491 τοῐὲκ
726 5370 843 5425 Mox
875 5374 1061 5441 plures
1089 5373 1311 5429 codices
1344 5391 1453 5429 non
1479 5378 1851 5446 antiquissimi
1887 5381 2026 5451 πρὸς

444 5454 475 5493 τ
538 5456 647 5493 συυ.
684 5458 768 5492 αν.

443 5454 507 5493 το
538 5456 600 5510 συ
610 5454 768 5510 μοαν.

517 5508 630 5579 (77)
669 5508 936 5578 Καρδίαν
967 5527 1105 5567 σου.
1141 5511 1347 5568 Vocula
1394 5514 1576 5569 addita
1600 5531 1664 5569 cx
1700 5516 1891 5571 iisdem
1922 5518 2024 5572 tri.

446 5578 550 5657 bus
580 5593 711 5657 uias.
742 5580 909 5657 Paulo
936 5591 1059 5651 post
1083 5583 1212 5657 editi
1245 5584 1378 5657 περι
1401 5587 1597 5657 πάντα.
1618 5585 1781 5657 γΗιιτΙ.
1814 5595 1868 5641 et
1892 5604 2030 5657 qua-

447 5655 573 5703 tuor
603 5648 692 5702 alii
724 5658 777 5704 ut
816 5651 871 5705 in
900 5648 1067 5706 téxtu.
1095 5648 1472 5711 Ibidem'Med.
1508 5663 1561 5711 et
1601 5656 1770 5712 Coisl.
1815 5648 2028 5727 primus

2123 2202 2512 2273 ἐλογισάμεθα,
2560 2204 2664 2265 ὅτι,
2717 2201 3001 2274 ἄνθρωπος
3049 2200 3148 2268 ὣν,
3196 2202 3292 2256 καὶ
3324 2202 3731 2273 λειτουργήσας

2121 2294 2200 2365 τῷ
2225 2294 2324 2366 βίῳ
2377 2293 2553 2364 τούτῳ
2591 2293 2659 2347 τά
2701 2294 3082 2357 ἐπιϐάλλοντα,
3107 2297 3220 2359 τοῖς
3251 2295 3558 2366 καθήκουσι
3597 2295 3732 2368 χρό-

2123 2403 2236 2450 νοις
2268 2385 2429 2440 πάλιν
2465 2386 2616 2457 παρὰ
2645 2386 2740 2439 τοῦ
2778 2386 2889 2457 (76)
2933 2386 3344 2458 οίκονομοῦντος
3369 2387 3439 2441 τά
3470 2388 3731 2459 ἡμέτερα

2124 2475 2257 2530 Θεοῦ
2312 2475 2684 2547 προσελήφθη.
2725 2478 2793 2529 Ἀ
2825 2478 2921 2530 καὶ
2955 2478 3053 2549 τὴν
3102 2478 3201 2549 σὴν
3246 2478 3511 2550 φρόνησιν
3562 2478 3731 2531 ἐνθυ-

2128 2568 2403 2639 μουμένην
2458 2567 2648 2638 πράως
2696 2567 2842 2639 ἔχειν
2889 2569 2984 2623 ἐπὶ
3045 2568 3124 2641 τῷ
3163 2569 3432 2641 συμϐάντι
3466 2586 3730 2641 παρακω-

2125 2658 2346 2729 λοῦμεν,
2389 2658 2505 2722 καὶ,
2540 2658 2615 2721 ὡς
2643 2652 2755 2712 οἷόν
2776 2676 2859 2725 τε,
2897 2659 3136 2731 μετρίως
3159 2660 3347 2733 φέρειν
3374 2659 3475 2732 τὴν
3510 2678 3729 2731 συμφο-

2128 2750 2248 2822 ράν.
2294 2751 2500 2813 Ἱκανὸς
2526 2749 2625 2821 μὲν
2663 2746 2757 2803 οὖν
2791 2752 2887 2804 καὶ
2909 2751 2938 2802 ὁ
2968 2751 3159 2824 χρόνος
3182 2751 3419 2824 μαλάξαι
3453 2752 3555 2824 τὴν
3595 2769 3731 2824 καρ-

2125 2841 2246 2895 δίαν
2284 2856 2376 2894 σου
2425 2842 2559 2912 (77),
2585 2842 2682 2895 καὶ
2734 2842 2969 2914 πάροδον
3012 2843 3197 2897 δοῦναι
3242 2847 3356 2907 τοῖς
3402 2844 3723 2915 λογισμοῖς·

2125 2934 2240 2988 ἀλλ’
2270 2936 2421 3007 ὅμως
2480 2934 2721 2989 ὕποπτον
2772 2937 2904 3007 ἡμῖν
2962 2937 3081 2989 ὲστι
3124 2937 3186 2989 τὸ
3228 2936 3371 3006 ἄγαν
3399 2953 3495 2991 σου
3532 2937 3725 3007 φίλαν⁹

2125 3026 2273 3097 δρον,
2322 3026 2418 3080 καὶ
2475 3025 2603 3097 περὶ
2648 3026 2856 3089 πάντας
2902 3026 3158 3098 χρηστὸν,
3212 3029 3288 3099 μή
3333 3045 3466 3082 ποτε
3504 3028 3724 3082 ἔκδοτον

2125 3116 2232 3189 δῷς
2263 3116 2497 3188 σεαυτὴν
2525 3116 2604 3188 τῷ
2659 3118 2847 3182 πάθει,
2873 3119 2941 3171 δι’
2993 3119 3273 3186 ἁπλότητα
3313 3119 3467 3189 ἠθῶν
3496 3119 3723 3189 βαθεῖαν

2126 3209 2227 3281 τὴν
2263 3209 2375 3281 (78)
2410 3209 2630 3281 πληγὴν
2676 3207 2944 3281 δεξαμένη
2974 3211 3075 3281 τῆς
3107 3211 3304 3283 λύπης.
3339 3213 3580 3266 Πάντοτε
3623 3212 3724 3281 μὲν

2127 3299 2221 3356 οὖν
2255 3302 2527 3373 χρήσιμον
2547 3301 2609 3355 τὸ
2624 3300 2734 3356 τῶν
2757 3302 2990 3374 Γραφῶν
3016 3302 3360 3357 διδασκάλων
3393 3303 3532 3374 (79),
3561 3302 3724 3374 μάλι-

2128 3409 2229 3445 στα
2270 3392 2327 3445 δὲ
2373 3391 2607 3445 ἐπὶτῶν
2638 3392 2896 3446 τοιούτων
2935 3394 3164 3466 καιρῶν.
3221 3394 3511 3466 Μνήσθητι
3545 3396 3725 3451 τοίνυν

2129 3483 2231 3552 τῆς
2252 3482 2347 3536 τοῦ
2381 3483 2668 3547 κτίσαντος
2696 3486 2841 3556 ἡμᾶς
2866 3485 3215 3555 ἀποφάσεως,
3240 3486 3310 3540 δι’
3342 3482 3409 3557 ἦς
3442 3488 3559 3557 (80)
3589 3488 3724 3541 πάν,

2128 3591 2218 3637 τες
2244 3574 2294 3627 οί
2340 3574 2406 3627 ὲκ
2441 3574 2543 3644 τῆς
2579 3575 2681 3645 γῆς
2718 3575 2914 3645 φύντες
2945 3577 3108 3631 πάλιν
3141 3579 3224 3641 είς
3255 3577 3361 3647 γῆν
3390 3578 3721 3650 ὑποστρέφο-

2134 3682 2235 3736 μεν
2257 3684 2271 3696 ·
2305 3665 2400 3719 καὶ
2442 3666 2617 3729 οὐδεὶς
2641 3665 2786 3721 οὕτω
2836 3669 3030 3739 μέγας,
3065 3669 3207 3724 ὥστε
3231 3670 3457 3741 βελτίων
3486 3674 3722 3745 φανῆναι

2129 3758 2228 3828 τῆς
2252 3757 2570 3823 διαλύσεως.

2200 3850 2255 3904 2.
2306 3850 2485 3915 Καλὸς
2537 3850 2637 3920 μὲν
2693 3844 2787 3925 οὖν
2822 3850 2917 3905 καὶ
2962 3852 3138 3923 μέγας
3178 3856 3209 3908 ὁ
3255 3855 3571 3927 θαυμαστὸς
3609 3859 3723 3929 (81)

2132 3943 2358 4007 ἐκεῖνος,
2405 3943 2501 3995 καὶ
2538 3940 2833 4012 ἐφάμιλλος
2878 3946 2943 4014 τῇ
2987 3944 3147 4020 ῥώμῃ
3178 3946 3274 4001 τοῦ
3315 3948 3571 4020 σώματος
3622 3954 3723 4024 τὴν

2131 4032 2231 4102 τῆς
2262 4032 2441 4103 ψυχῆς
2468 4036 2691 4105 ἀρετὴν,
2722 4054 2794 4108 φη
2805 4037 2867 4106 μὶ
2893 4036 3066 4107 κάγὼ,
3086 4039 3349 4110 οὐμενοῦν
3383 4041 3521 4112 ἔχων
3551 4044 3722 4116 ὑπερ-

2132 4123 2294 4196 ϐολὴν
2319 4126 2398 4190 εἰς
2430 4126 2711 4199 ἑκάτερον,
2739 4128 2855 4182 ἀλλ’
2888 4129 3037 4199 ὅμως
3071 4130 3378 4200 ἄνθρωπος,
3405 4135 3502 4189 καὶΙ
3531 4135 3723 4209 τέθνη-

2133 4233 2250 4280 κεν,
2274 4215 2350 4280 ὠς
2385 4216 2578 4288 Ἀδάμ,
2602 4218 2677 4283 ὡς
2710 4219 2897 4282 Ἅϐελ,
2929 4218 3005 4284 ὡς
3033 4220 3179 4285 Νῶε,
3221 4223 3299 4285 ὼς
3338 4224 3612 4297 Ἀϐραὰμ,
3645 4228 3721 4287 ὠς

2130 4308 2357 4379 Μωσῆς,
2388 4309 2462 4371 ὼς
2499 4309 2681 4363 ὅντινα
2726 4310 2794 4364 ἂν
2829 4312 3002 4376 εἴποις
3049 4312 3158 4366 τῶν
3188 4314 3289 4385 τῆς
3313 4316 3487 4389 αὐτῆς
3507 4319 3723 4388 φύσεως

2135 4401 2514 4471 μετασχόντων
2532 4401 2665 4475 (82).
2689 4403 2780 4474 Μὴ
2806 4399 2918 4462 οὖν.
2943 4404 3129 4477 ἐπειδὴ
3152 4407 3507 4480 ἀφῃρέθημεν
3537 4412 3718 4475 αὑτὸν,

2132 4493 2566 4563 ἀγανακτῶμεν·
2638 4494 2753 4548 ἀλλ’
2811 4497 2894 4550 ὅτι
2939 4497 3038 4567 τὴν
3102 4498 3278 4570 ἀρχὴν
3326 4504 3721 4576 συνῳκήσαμεν

2132 4751 2592 4834 δῷς-σαυτὴντξῷ.
2623 4755 2775 4834 Harl.
2908 4762 3140 4833 σεαυτῆς
3172 4762 3273 4834 τῷ.-

2132 4822 2617 4963 βάἓζῗ)αςὶιᾎεῖαν
2643 4827 2778 4896 τήν.
2817 4822 2908 4884 Sic
2952 4822 3339 4890 mssfcodiccs
3380 4843 3530 4891 octo.
3573 4833 3714 4893 Editi

2358 4912 2386 4945 υ
2499 4934 2514 4949 ο

2239 4908 2287 4946 ει
2320 4908 2514 4949 αυτὴν.

2204 4963 2316 5032 (79)
2351 4964 2775 5032 Διδᾳσκάλιον.
2805 4967 2958 5026 Harl.
2986 4970 3374 5030 διδασκαλείον.

2205 5030 2317 5104 (80)
2352 5034 2430 5086 Δι’
2464 5030 2558 5104 ἧς.
2597 5034 2677 5089 lta
2724 5046 2838 5093 tres
2870 5043 3235 5097 vetustissimi
3290 5045 3539 5102 codices.
3578 5045 3716 5102 Edili

2131 5102 2199 5226 ξιξ
2220 5102 2521 5226 ἰῇινίθιίῗδιο
2550 5113 2672 5175 post
2706 5110 2834 5163 editi
2869 5112 3307 5184 ἀπο-τρέφομεν.
3343 5112 3483 5170 Octo
3504 5118 3717 5173 codices

2133 5183 2193 5227 Ill
2221 5188 2273 5225 ιη
2310 5183 2480 5229 textu.

2206 5242 2316 5315 (81)
2352 5243 2414 5315 ’ρ
2438 5246 2801 5315 θαυμαστός.
2827 5245 2919 5305 Sic
2941 5256 3057 5308 tres
3088 5253 3451 5310 vetustissimi
3479 5255 3716 5313 codices.

2133 5309 2334 5392 Ed‘ilti‘o
2355 5309 2686 5392 θαυμάσιος.

2204 5382 2315 5461 (ξὲ)
2353 5382 2544 5461 Τῶιί...
2585 5389 3035 5461 μετασχόντων.
3071 5389 3150 5446 Ita
3197 5400 3313 5449 tres
3354 5395 3713 5452 vetustissimi

2132 5454 2352 5506 codices
2374 5453 2622 5533 remigat.
2647 5453 2974 5533 Editiebv...
3012 5463 3372 5533 μετασχόντα.
3402 5464 3537 5521 Mss.
3568 5466 3717 5521 codi-

2133 5537 2225 5599 ces
2256 5531 2492 5599 quatitur
2514 5524 2631 5599 τῶ]
2652 5524 3024 5599 μετεχόντων.’
3045 5528 3169 5587 Mox
3189 5524 3524 5593 'Harlteanus
3546 5537 3714 5591 codex

2134 5594 2294 5679 χάριν
2323 5592 2882 5679 ἔχω’μεν.“Ρ1ιιτεείἰίίἱ
2922 5618 3031 5657 non
3064 5603 3437 5675 antiquissimi
3474 5592 3711 5679 συνῳκή-

2138 5663 2331 5731 σαμεν,
2363 5664 2523 5733 χάριν
2553 5663 2784 5735 ἔχωμεν.
