3856 6224
166 410 294 465 1001

1077 396 1561 470 EPISTOLABUM
1599 413 1885 470 CLASSIS
1917 414 1981 471 ιι.
2023 414 2240 473 EPIST.
2278 418 2529 475 CCLXX.

3269 422 3411 477 1003

163 525 325 596 αὐτῷ,
357 527 517 599 χάριν
543 527 753 599 ἔχωμεν
775 514 853 600 τῷ
888 531 1224 597 συζεύξαντι.
1250 533 1324 586 To
1353 533 1451 604 μὲν
1489 535 1598 606 γὰρ
1620 532 1732 605 (85)

1844 533 1958 604 ipso
2004 532 2326 601 vixerimus,
2362 537 2570 608 gratias
2615 551 2843 607 agamus
2871 536 2922 592 ei
2963 536 3062 607 qui
3099 536 3410 607 conjunxit.

163 619 485 692 στερηθῆναι
521 620 712 692 ἀνδρὸς
757 623 935 677 κοινόν
963 640 1044 677 σοι
1066 623 1204 695 πρὸς
1230 625 1332 688 τὰς
1361 624 1525 689 ἄλλας
1551 628 1736 693 γυναῖ-

163 727 292 774 κας’
352 710 444 763 ἐπὶ
498 710 556 764 δὲ
610 713 836 784 τοιαύτῃ
882 715 1193 786 συνοικήσει
1237 716 1337 768 οὐκ
1375 711 1531 783 οἶμαι
1569 715 1735 787 ἄλλην

160 800 431 866 γυναικῶν
486 802 555 855 τὰ
609 802 697 855 ίσα
753 802 899 873 ἔχειν
944 804 1324 876 σεμνύνεσθαι.
1384 805 1481 860 Ἓν
1511 807 1621 877 γὰρ
1657 806 1736 878 τῷ

159 891 271 943 ὗντι
308 892 613 962 ὑπόδειγμα
670 895 770 965 τῆς
802 894 1150 966 ἀνθρωπείας
1184 897 1399 966 φύσεως
1429 897 1523 951 τὸν
1568 896 1736 967 ἄνδρα

159 982 366 1035 ἐκεῖνον
394 985 423 1036 ό
455 984 647 1048 κτίσας
676 986 822 1056 ἡμᾶς
858 985 1292 1058 ἐδημιούργησεν
1317 1004 1332 1020 ο
1362 986 1504 1040 ὥστε
1537 985 1737 1050 πάντες

164 1074 262 1143 μὲν
287 1074 553 1145 ὀφθαλμοὶ
576 1075 711 1145 πρὸς
744 1076 908 1130 αὑτὸν
950 1078 1228 1150 ἐφέροντο,
1261 1079 1413 1132 πᾶσα
1439 1078 1497 1132 δὲ
1517 1077 1737 1147 γλῶσσα

157 1167 230 1218 τὰ
259 1166 377 1219 κατ’
401 1167 563 1221 αὐτὸν
613 1167 812 1239 διεξῄει
842 1185 854 1196 ·
894 1172 1128 1240 γραφεῖς
1156 1170 1215 1224 δὲ
1240 1170 1335 1223 καὶ
1385 1169 1617 1223 πλάσται
1639 1168 1739 1239 τῆς

162 1255 320 1322 ἀξίας
348 1257 784 1328 ἀπελιμπάνοντο
806 1276 822 1289 ·
869 1260 1135 1332 ἱστορικοὶ
1163 1259 1219 1313 δὲ
1258 1259 1470 1332 ἄνδρες,
1495 1259 1564 1313 τὰ
1598 1260 1739 1314 κατὰ

160 1349 288 1411 τοὺς
311 1348 579 1419 πολέμους
607 1350 1071 1422 ἀνδραγαθήματα
1093 1352 1456 1424 διηγούμενοι,
1480 1353 1613 1425 πρὸς
1640 1354 1740 1425 τὴν

158 1438 272 1491 τῶν
316 1439 501 1511 μύθων
564 1443 918 1497 ἐκπίπτουσιν
965 1445 1244 1501 ἀπιστίαν.
1287 1445 1451 1500 Ὅθεν
1495 1446 1616 1500 οὐδὲ
1660 1465 1741 1501 πι-

163 1530 378 1586 στεύειν
402 1533 680 1604 ἠνείχοντο
706 1536 755 1587 οί
792 1534 979 1588 πολλοὶ
997 1538 1065 1608 τῇ
1098 1538 1254 1609 φήμῃ
1286 1538 1385 1607 τὴν
1413 1537 1740 1610 σκυθρωπὴν

160 1623 382 1694 ἐκείνην
395 1623 656 1693 ἀγγελίαν
670 1625 1029 1700 περιαγούση,
1046 1626 1165 1680 οὐδὲ
1179 1626 1562 1697 καταδέχεσθαι
1581 1628 1737 1692 ὅλως,

156 1715 243 1767 ὅτι
252 1713 513 1784 τέθνηκεν
528 1714 847 1786 Ἀρινθαῖος.
866 1716 1004 1771 Ἀλλ’
1021 1718 1168 1788 ὅμως
1184 1716 1444 1771 πέπονθεν
1468 1715 1504 1771 ἃ.
1526 1716 1740 1789 οὐρανῷ

157 1802 258 1855 καὶ
296 1802 432 1874 ἡλίῳ
477 1804 573 1857 καὶ
609 1807 681 1876 γῇ
729 1806 1091 1878 συμϐήσεται.
1152 1809 1373 1878 Οἵχεται
1432 1808 1741 1872 καταλύσας

154 1894 465 1967 λαμπρῶς,
517 1896 594 1968 μὴ
635 1898 738 1950 ὑπὸ
772 1875 957 1971 γήρως
994 1875 1427 1971 κατακαμφθεὶς,
1484 1903 1559 1973 μὴ
1606 1875 1812 1956 καθ.-Β

158 1986 321 2055 υφείς
372 1987 484 2058 (84)
533 2006 586 2041 τι
618 1988 720 2060 τῆς
774 1992 1164 2063 περιφανείαςο
1216 1992 1390 2064 μέγας
1426 1994 1522 2064 μὲν
1560 1996 1617 2046 ἐν
1659 1992 1737 2064 τῷ

158 2078 390 2150 παρόντι
420 2077 540 2149 βίῳ,
571 2079 745 2150 μέγας
774 2081 829 2134 δὲ
852 2084 908 2135 ὲν
929 2081 1006 2154 τῷ
1035 2082 1281 2154 μέλλοντι
1300 2101 1312 2113 ·
1344 2085 1510 2155 μηδὲν
1545 2087 1608 2138 ἐκ
1639 2085 1737 2156 τῆς

156 2171 442 2244 παρούσης
489 2172 872 2244 λαμπρότητος
903 2175 1039 2246 πρὸς
1060 2175 1154 2246 τὴι
1195 2175 1552 2247 ἐλπιζομένην
1582 2176 1738 2241 δόξαν

157 2261 480 2334 ζημιωθεὶς,
503 2265 592 2319 διὰ
634 2267 695 2319 τὸ
721 2268 900 2320 πᾶσαν
930 2266 1122 2339 κηλῖδα
1150 2268 1248 2339 τῆς
1268 2267 1446 2339 ψυχῆς
1473 2268 1608 2339 πρὸς
1642 2269 1739 2321 αύ-

152 2356 280 2417 ταίς
299 2357 418 2419 ταῖς
446 2356 556 2426 (85)
588 2356 789 2423 ἐξόδοις
813 2357 906 2411 τοῦ
932 2357 1047 2429 βίου
1072 2357 1150 2431 τῷ
1178 2358 1387 2431 λουτρῷ
1412 2359 1514 2429 τῆς
1542 2359 1738 2428 παλιγ-

155 2447 411 2513 γενεσίας
464 2448 940 2521 ἁποκαθήρασθαι.
967 2445 1069 2503 ’Ὧν
1117 2448 1255 2520 αὐτὴ
1300 2450 1560 2522 πρόξενος
1590 2452 1739 2525 αὐτῷ

157 2538 257 2591 καὶ
280 2540 539 2610 συνεργὸς
572 2542 860 2613 γενομένη,
897 2542 1162 2612 μεγίστην
1202 2541 1314 2612 ἔχει
1353 2542 1736 2614 παραμυθίαν·

157 2628 257 2682 καὶ
294 2630 525 2701 μετάθες
572 2631 671 2704 τὴν
699 2633 877 2704 ψυχὴν
910 2633 1018 2686 ἀπὸ
1048 2632 1156 2685 τῶν
1201 2632 1485 2706 παρόντων
1510 2634 1605 2687 ἐπὶ
1639 2634 1740 2703 τὴν

153 2720 270 2775 τῶν
337 2722 637 2793 μελλόντων
690 2724 993 2796 μέριμναν,
1049 2723 1190 2777 ὥστε
1232 2723 1633 2796 καταξιωθῆναι
1671 2726 1738 2779 δι’

155 2811 341 2883 ἔργων
388 2812 609 2882 ἀγαθῶν
661 2815 751 2867 τὸν
792 2816 975 2886 ὅμοιον
1033 2815 1183 2886 αὐτῷ
1231 2816 1331 2886 τῆς
1378 2815 1739 2880 ἀναπαύσεως

156 2904 326 2958 τόπον
373 2904 716 2960 καταλαϐεῖν.
765 2906 951 2960 Φείδου
999 2906 1205 2978 μητρὸς
1249 2909 1508 2978 γηραιᾶς,
1554 2907 1736 2976 φείδου

158 2995 432 3069 θυγατρὸς
487 2999 708 3069 νεαρᾶς,
751 2992 840 3061 αἷς
869 2998 1004 3069 μόνη
1034 2999 1169 3070 πρὸς
1193 2997 1542 3069 παραμυθίαν
1573 2997 1743 3050 λέλει-

152 3087 277 3158 ψαι.
302 3088 464 3141 Γενοῦ
495 3089 801 3160 ὑπόδειγμα
834 3090 1085 3161 ἀνδρείας
1107 3091 1233 3153 ταῖς
1263 3089 1476 3153 λοιπαῖς
1491 3088 1736 3157 γυναιξί·

154 3181 258 3232 καὶ
285 3179 427 3234 οὕτω
452 3181 514 3233 τὸ
535 3180 707 3244 πάθος
760 3181 1053 3252 μέτρησον,
1078 3181 1153 3244 ὡς
1182 3182 1321 3252 μήτε
1360 3180 1608 3234 ἐκϐαλεῖν
1638 3180 1739 3251 τῆς

153 3271 408 3344 καρδίας,
454 3273 593 3342 μήτε
650 3274 1024 3345 καταποθῆναι
1076 3273 1182 3327 ὑπὸ
1229 3273 1330 3342 τῆς
1372 3273 1566 3345 λύπης.
1619 3273 1742 3327 Ἐπὶ

154 3365 295 3416 πᾶσι
329 3363 464 3434 πρὸς
492 3363 582 3425 τὸν
618 3364 792 3435 μέγαν
822 3365 922 3435 τῆς
964 3364 1242 3433 ὑπομονῆς
1284 3363 1473 3435 μισθὸν
1510 3363 1736 3418 ἀπόϐλε

151 3456 280 3525 ψον,
307 3455 401 3507 τὸν
429 3453 579 3527 παρά
615 3455 711 3508 τοῦ
759 3454 966 3527 Κυρίου
992 3454 1148 3525 ἡμῶν
1186 3454 1360 3526 Ἰησοῦ
1408 3454 1644 3526 Χριστοῦ
1680 3455 1740 3509 ὲν

153 3548 225 3617 τῇ
247 3544 596 3600 ἀνταποδόσει
622 3546 731 3599 τῶν
763 3545 1107 3617 βεϐιωμένων
1145 3547 1276 3617 ἡμῖν
1308 3544 1734 3617 ἐπηγγελμένον.

686 3703 1030 3757 ΕΠΙΣΤΟΛΗ
1081 3703 1197 3758 ΣΟ’.

1838 624 2051 680 Etenim
2085 628 2207 682 viro
2235 628 2444 693 orbari,
2479 629 2583 684 tibi
2615 642 2739 683 cum
2766 628 2891 684 aliis
2908 627 3232 684 mulieribus
3253 643 3412 683 com-

1838 732 2006 773 mune
2034 725 2118 774 est
2150 737 2164 773 :
2196 718 2293 774 sed
2319 719 2388 776 de
2414 720 2511 775 tali
2543 719 2802 789 conjugio
2835 733 2947 773 non
2973 718 3211 773 arbitror
3245 719 3408 773 aliam

1838 809 2123 865 mulierem
2165 825 2322 880 aeque
2346 825 2510 881 posse
2541 809 2790 882 gloriari.
2827 807 3009 864 Unum
3033 809 3182 864 enim
3219 823 3409 865 revera

1837 902 2117 972 exemplar
2175 911 2387 958 natura:
2438 905 2691 959 humanae
2729 903 2910 958 virum
2949 902 3102 956 illum
3146 900 3409 955 Conditor

1841 1003 2029 1050 noster
2058 1004 2365 1060 creaverat,
2393 997 2538 1053 unde
2576 1012 2769 1053 omnes
2797 996 2853 1050 in
2883 1010 3008 1049 eum
3038 991 3410 1061 conjicieban-

1838 1091 1931 1137 tur
1968 1086 2136 1150 oculi,
2172 1094 2226 1141 et
2259 1087 2443 1158 lingua
2482 1088 2662 1143 omnis
2711 1102 2803 1143 res
2851 1085 3001 1140 illius
3035 1084 3365 1154 praedicabat
3394 1103 3408 1137 :

1842 1175 2091 1246 pictores
2124 1187 2309 1233 autem
2350 1185 2405 1234 et
2454 1179 2708 1234 statuarii
2737 1177 2925 1232 formae
2963 1177 3281 1248 dignitatem
3323 1191 3412 1231 as-

1842 1265 1998 1336 sequi
2031 1282 2141 1320 non
2171 1276 2425 1337 poterant
2456 1286 2469 1322 :
2505 1267 2755 1323 historici
2800 1281 2954 1329 vero,
2977 1266 3107 1321 dum
3150 1280 3240 1322 res
3272 1274 3412 1336 pra:-

1840 1359 1988 1414 clare
2019 1360 2072 1413 in
2107 1360 2249 1414 bello
2277 1367 2458 1431 gestas
2495 1358 2760 1425 referunt,
2800 1357 2853 1412 in
2891 1357 3198 1413 fabularum
3232 1356 3413 1411 incre-

1841 1450 2090 1505 dibilium
2124 1450 2528 1505 incommodum
2567 1449 2834 1504 incidunt.
2882 1446 3062 1515 Quare
3109 1463 3177 1503 ne
3212 1446 3410 1502 adduci

1840 1541 2059 1612 quidem
2106 1542 2353 1613 plerique
2404 1548 2658 1612 poterant
2712 1548 2771 1594 ιιι
2797 1539 2955 1594 famae
2993 1540 3202 1594 tristem
3257 1538 3413 1592 illum

1842 1633 2096 1689 nuntium
2128 1632 2540 1690 circumferenti
2566 1634 2875 1696 crederent,
2899 1642 2992 1687 aut
3013 1632 3237 1687 omnino
3264 1646 3414 1687 mor-

1842 1732 1999 1780 tuum
2037 1740 2163 1781 esse
2187 1724 2528 1779 Arinthaanm
2565 1724 2890 1780 faterentur.
2934 1722 3043 1778 Sed
3082 1735 3263 1779 tamen
3287 1738 3414 1793 per-

1843 1830 2038 1885 pessus
2069 1822 2177 1880 est,
2199 1830 2320 1885 qua:
2352 1822 2407 1871 et
2440 1816 2583 1870 caelo
2613 1825 2669 1870 et
2714 1815 2819 1872 soli
2848 1823 2903 1871 et
2946 1824 3104 1869 terra:
3142 1812 3410 1870 accident.

1843 1906 1993 1962 Abiit
2021 1907 2369 1977 splendidum
2396 1915 2592 1963 nactus
2615 1907 2842 1972 exitum,
2872 1922 2983 1962 non
3004 1906 3160 1962 senio
3182 1905 3411 1972 fraetus,

1843 1999 2098 2055 claritate
2121 2000 2258 2054 nihil
2293 1998 2580 2054 imminuta
2610 2019 2623 2054 :
2653 2014 2885 2070 magnus
2914 2000 2971 2054 in
3001 2000 3254 2070 praesenti
3277 1998 3410 2062 vita.

1844 2106 2076 2162 magnus
2113 2091 2281 2146 etiam
2324 2093 2382 2146 in
2430 2090 2650 2157 futura;
2691 2106 2793 2147 nec
2823 2106 2888 2146 ex
2938 2091 3196 2162 praesenti
3240 2091 3415 2162 splen-

1844 2179 1979 2235 dore
2028 2179 2417 2234 detrimentum
2467 2178 2637 2233 ullum
2686 2195 2885 2250 passus
2927 2185 3256 2250 exspectata:
3292 2178 3414 2250 glo-

1845 2270 1941 2326 ria:
1974 2285 2080 2325 :eo
2106 2269 2251 2340 quod
2295 2285 2516 2326 omnem
2557 2271 2757 2326 animae
2791 2271 3059 2326 maculam
3095 2270 3151 2325 in
3179 2271 3302 2340 ipso
3331 2268 3416 2324 vi-

1846 2369 1911 2414 tae
1941 2360 2088 2414 exitu
2117 2359 2335 2414 lavacro
2360 2360 2796 2431 regenerationis
2845 2359 3237 2430 repurgaverit.
3273 2357 3415 2426 Quo-

1845 2466 1965 2507 rum
1995 2451 2072 2506 illi
2116 2451 2464 2507 conciliatrix
2498 2466 2625 2508 cum
2652 2451 2824 2508 fueris
2859 2462 2912 2508 et
2950 2451 3215 2523 adjutrix,
3243 2451 3417 2506 maxi-

1845 2559 1993 2598 mum
2052 2543 2194 2598 habe
2273 2544 2565 2609 solatium,
2647 2559 2711 2599 ac
2775 2543 3016 2599 transfer
3075 2544 3316 2598 animum
3382 2558 3416 2598 a

1844 2633 2205 2703 praesentibus
2249 2632 2316 2687 ad
2372 2632 2684 2688 futurorum
2730 2648 2943 2696 curam,
2989 2640 3049 2688 ut
3101 2633 3266 2704 digna
3313 2632 3415 2687 ha-

1845 2724 2046 2791 hearis,
2074 2739 2197 2794 quae
2224 2740 2320 2795 per
2346 2725 2485 2780 bona
2518 2739 2685 2794 opera
2719 2740 2906 2796 parem
2938 2740 3002 2780 ac
3034 2724 3126 2780 ille
3152 2721 3416 2796 requietis

1844 2815 2025 2870 locum
2073 2829 2436 2885 consequare.
2485 2813 2659 2870 Parce
2714 2816 2879 2870 matri
2920 2815 3075 2871 senio
3126 2813 3416 2881 confectae,

1847 2920 2011 2977 parce
2035 2906 2160 2960 filiae
2195 2915 2416 2972 tenerae,
2440 2906 2643 2976 quibus
2674 2907 2793 2960 sola
2832 2905 2900 2961 ad
2936 2906 3194 2963 solatium
3227 2906 3420 2961 relicta

1845 3013 1926 3053 es.
1963 2997 2052 3053 Sis
2077 2998 2389 3068 exemplum
2425 2996 2770 3054 fortitudinis
2810 2999 3023 3053 caneris
3060 2996 3413 3064 mulieribus;

1845 3098 1902 3146 et
1927 3090 2004 3144 ita
2034 3089 2213 3144 dolori
2237 3088 2545 3154 moderare,
2571 3096 2632 3143 ut
2667 3104 2846 3159 neque
2872 3089 3025 3142 illum
3066 3087 3251 3142 animo
3290 3103 3417 3158 pro-

1841 3182 2027 3253 jicias,
2052 3197 2228 3252 neque
2259 3196 2291 3236 a
2321 3181 2544 3238 tristitia
2573 3181 2941 3236 absorbearis.
2966 3178 3027 3235 In
3061 3178 3320 3235 omnibus
3347 3178 3418 3233 ad

1847 3289 2100 3347 magnam
2150 3275 2425 3345 patientiae
2457 3273 2765 3329 mercedem
2797 3272 3032 3343 respice,
3078 3286 3201 3343 qua
3245 3287 3277 3326 a
3309 3270 3419 3326 Do-

1845 3366 1998 3422 mino
2023 3373 2218 3422 nostro
2245 3364 2376 3421 Jesu
2406 3365 2630 3421 Christo
2663 3363 2721 3418 in
2754 3363 2881 3419 νίιαε
2902 3379 2934 3418 a
2964 3362 3124 3420 nobis
3163 3370 3299 3419 acta:
3328 3377 3417 3420 re-

1844 3461 2228 3516 muneratione
2253 3458 2525 3531 promissa
2554 3465 2660 3513 est.

2285 3695 2627 3752 EPISTOLA
2663 3694 2894 3752 CCLXX
2913 3700 2956 3752 ‘.

154 3835 504 3902 Presbyterum
541 3831 748 3902 aliquant
789 3830 1001 3902 Basilius
1032 3830 1082 3883 in
1116 3830 1371 3902 puniendis
1412 3829 1695 3902 raptorious
1716 3831 1985 3902 segniorem
2014 3830 2236 3902 objurggt
2264 3843 2286 3902 ς
2321 3844 2380 3880 ac
2403 3836 2556 3902 sancit
2591 3837 2641 3879 ut
2669 3829 2834 3894 puella
2864 3828 3141 3902 parentibus
3173 3827 3414 3902 [astituo-

222 3891 1077 3965 tur,"_raptor_a.p'recibuiejiciatur‘,
1112 3891 1158 3945 et
1191 3891 1630 3965 excommunicams
1663 3891 1985 3965 denuntietur,
2008 3891 2113 3965 ejus
2135 3891 2382 3965 adjutores
2404 3905 2491 3965 per
2513 3898 2608 3965 (res
2628 3891 2777 3942 annos
2810 3891 2921 3965 eum
2940 3897 3037 3965 tota
3059 3905 3151 3941 sua
3164 3891 3354 3965 familia
3380 3906 3414 3942 a

218 3952 443 4029 precibus
479 3952 967 4029 dicamini-216mm
1003 3952 1149 4008 etiam
1187 3969 1382 4021 pagunt,
1405 3954 1489 4020 qui
1511 3961 1702 4019 raptam
1737 3961 2002 4018 receperat,
2023 3952 2108 4005 aut
2139 3952 2451 4011 custodierat,
2470 3961 2552 4003 aut
2574 3966 2665 4016 pro
2685 3968 2745 4005 ea
2766 3952 3017 4004 retinenda
3038 3952 3356 4021 pugnaverat,
3378 3967 3413 4004 a

216 4015 440 4087 precibus
457 4015 640 4083 pariter
655 4015 803 4082 ejicit.

456 4124 895 4194 Ἆνεπίῃοιιφος,
955 4120 1108 4190 ὑπὲρ
1160 4119 1454 4191 ἁρπαγῆς.

227 4239 379 4293 Πάνυ
406 4236 702 4308 λυπούμαι,
741 4237 822 4290 ὅτι
857 4236 956 4307 οὐχ
993 4236 1231 4307 εὑρίσκω
1287 4235 1432 4307 ὑμᾶς
1483 4235 1574 4287 ἐπὶ
1623 4237 1732 4298 τοῖς

152 4330 625 4402 ἀπηγορευμένοις
667 4328 789 4382 οὔτε
833 4327 1297 4397 ἀγανακτοῦντας,
1337 4325 1461 4380 οὔτε
1502 4327 1734 4396 δυναμέ-

152 4441 282 4487 νους
315 4419 645 4489 λογίζεσθαι,
673 4421 753 4474 ὅτι
790 4422 870 4484 είς
902 4419 1065 4473 αὐτὸν
1087 4418 1176 4472 τὸν
1209 4418 1322 4489 βίον
1347 4419 1441 4470 καὶ
1464 4416 1561 4488 τὴν
1589 4416 1734 4488 ζωὴν

2222 4117 2347 4174 Sine
2374 4117 2738 4186 inscriptione,
2769 4115 2834 4173 de
2859 4127 3032 4187 raptu.

1915 4231 2083 4288 Valde
2104 4232 2287 4301 doleo,
2315 4231 2462 4303 quod
2500 4246 2597 4287 vos
2640 4231 2698 4285 in
2731 4231 2912 4287 vetitis
2955 4230 3121 4286 rebus
3144 4244 3246 4285 nec
3273 4229 3416 4285 indi-

1842 4325 1999 4396 gnari
2035 4327 2326 4395 reperiam,
2354 4338 2459 4379 nec
2498 4323 2802 4394 intelligere
2828 4337 2990 4393 posse
3022 4322 3076 4376 in
3105 4322 3283 4392 ipsam
3314 4322 3416 4377 bo-

1843 4419 2053 4473 minum
2085 4419 2253 4472 vitam
2290 4425 2345 4473 et
2379 4418 2434 4471 in
2467 4417 2763 4471 humanum
2796 4431 2968 4486 genus
2994 4414 3175 4470 scelus
3202 4427 3327 4469 esse
3349 4428 3415 4469 ac

153 4517 258 4586 τὴν
308 4513 656 4585 ἀνθρωπίνην
707 4512 1022 4585 παρανομία
1078 4511 1196 4564 ἐστὶ
1242 4510 1339 4563 καὶ
1390 4511 1643 4581 τυραννὶς
1699 4510 1734 4579 ἡ

1844 4509 2210 4581 tyrannidem,
2253 4509 2611 4564 commissum
2647 4508 2798 4562 illum
2845 4517 3083 4578 raptum,
3117 4516 3174 4561 et
3213 4506 3413 4560 factam

153 4606 416 4677 γινομένη
456 4605 595 4676 αὕτη
622 4604 866 4678 ἁρπαγὴ,
899 4604 994 4657 καὶ
1021 4602 1179 4674 ὕϐρις
1211 4601 1352 4655 κατὰ
1384 4601 1491 4655 τῶν
1519 4601 1735 4655 ἐλευθέ-

159 4715 293 4768 ρων.
319 4693 453 4751 Οἶδα
478 4697 606 4768 γὰρ,
632 4697 732 4759 ὅτι,
769 4697 817 4749 εἰ
852 4694 1106 4765 τοιαύτην
1144 4692 1319 4763 εἴχετε
1345 4690 1569 4763 γνώμην
1596 4693 1735 4745 πάν-

150 4805 270 4851 τες,
305 4788 458 4841 οὐδὲν
483 4787 687 4840 ἐκώλυε
734 4786 899 4839 πάλαι
943 4783 1037 4837 τοῦ
1088 4782 1260 4837 κακοῦ
1300 4781 1399 4853 τὴν
1446 4781 1734 4853 συνήθειαν

149 4877 347 4931 τούτου
395 4877 711 4948 ἐξελαθῆναι
773 4876 872 4947 τῆς
926 4873 1179 4946 πατρίδος
1235 4872 1412 4944 ἡμῶν.
1472 4871 1733 4925 Ἀνάλαϐε

149 4970 336 5023 τοίνυν
371 4970 465 5022 ἐπὶ
491 4968 586 5023 τοῦ
625 4967 892 5039 παρόντος
917 4966 1077 5036 ζῆλον
1110 4963 1441 5036 Χριστιανοῦ
1462 4981 1476 4994 ·
1526 4963 1617 5017 καὶ
1646 4981 1732 5017 κι-

147 5061 350 5133 νήθητι
377 5061 541 5126 ἀξίως
578 5060 673 5114 τοῦ
719 5059 1084 5130 ἀδικήματος(
1125 5058 1236 5113 Καὶ
1285 5058 1384 5127 τὴν
1416 5057 1513 5123 μὲν
1544 5056 1730 5122 παῖδα,

147 5154 402 5225 ὅπουπερ
431 5153 496 5207 ἂν
535 5152 722 5225 εὕρῃς,
756 5150 1088 5221 ἀφελόμενος
1130 5150 1278 5219 πάσῃ
1326 5148 1559 5218 εὐτονίᾳ,
1594 5149 1731 5201 ἀπο-

149 5247 501 5316 κατάστησον
532 5247 643 5308 τοῖς
671 5241 928 5313 γονεῦσι·
965 5242 1060 5295 καὶ
1099 5241 1263 5294 αὑτὸν
1299 5240 1358 5293 δὲ
1397 5241 1603 5293 ἐκεῖνον
1642 5239 1731 5305 ἑξ-

146 5340 340 5410 ὀρισον
356 5335 467 5389 τῶν
488 5335 685 5405 εὐχῶν,
720 5334 816 5388 καὶ
835 5335 1173 5405 ὲκκήρυκτον
1196 5332 1420 5403 ποίησον
1441 5348 1455 5361 ·
1486 5331 1582 5385 καὶ
1603 5332 1730 5394 τοὺς

148 5544 153 5547 _
226 5487 359 5561 (85)_
379 5488 458 5561 Τὸᾼ
472 5486 589 5556 μὲν
616 5484 745 5561 γάρ.
777 5483 1062 5561 Postrema
1088 5485 1281 5561 vocula
1307 5484 1489 5561 addita
1511 5500 1578 5540 ex
1605 5493 1732 5561 octo

147 5555 291 5614 mss.
324 5555 499 5611 Paulo
523 5566 647 5626 post
692 5555 883 5626 iisdem
914 5555 1034 5626 freti
1081 5556 1364 5611 codicibus
1416 5555 1730 5626 immutari-

146 5646 281 5685 mus
319 5628 465 5696 quod
493 5623 613 5681 erat
645 5626 702 5679 in
738 5625 901 5697 editis
936 5624 1105 5697 ἀλλην
1133 5629 1384 5697 γυναῖκα.
1414 5623 1526 5678 Nec
1555 5626 1731 5697 longe

145 5700 288 5755 editi
318 5694 726 5769 δημιουργήσας
757 5696 901 5767 ἡμᾶς
930 5694 1160 5748 ἔκτισεν.
1197 5694 1332 5752 Tres
1368 5694 1730 5751 vetustissimi

143 5770 374 5826 codices
405 5776 462 5820 nt
490 5768 547 5820 in
580 5774 752 5820 textu.

222 5838 342 5912 (8i)
376 5837 475 5903 Μὴ
506 5837 812 5904 Μθυφὲίς.
865 5832 1037 5890 Coisl.
1085 5835 1299 5905 primus
1341 5850 1467 5893 cum
1503 5835 1613 5892 alio
1653 5835 1727 5907 μὴ

431 5932 705 5993 ΡΑτῐιοι,
739 5930 856 5990 (in.
884 5930 1154 5995 XXXI].

1840 4601 2028 4657 liberis
2056 4602 2338 4672 injuriam.
2376 4592 2504 4656 Scio
2556 4601 2724 4667 enim,
2776 4600 2823 4656 si
2856 4600 2911 4655 id
2960 4600 3116 4656 vobis
3157 4599 3412 4655 omnibus

1837 4701 1987 4747 esset
2045 4692 2367 4757 sententiae,
2432 4691 2757 4762 jamdudum
2820 4690 2957 4745 nihil
3008 4689 3413 4759 prohibiturum

1838 4779 2031 4846 fuisse,
2058 4782 2355 4851 quominus
2398 4781 2527 4835 mali
2563 4781 2712 4836 illius
2745 4766 3089 4834 consuetudo
3128 4795 3194 4834 ex
3237 4778 3412 4849 patria

1837 4881 2028 4929 nostra
2084 4872 2398 4943 pelleretur.
2443 4872 2682 4928 Assume
2727 4872 2894 4943 igitur
2945 4871 3003 4926 in
3049 4886 3110 4925 re
3153 4870 3411 4941 prmsenti

1837 4962 2014 5019 zelum
2036 4961 2361 5028 Christiani,
2380 4970 2435 5018 et
2453 4978 2552 5033 pro
2570 4962 2795 5018 sceleris
2820 4961 3016 5017 merito
3038 4976 3406 5017 commovere.

1837 5056 1916 5110 Ac
1954 5055 2192 5124 puellam
2234 5054 2493 5123 quidem,
2543 5053 2855 5124 ubicunque
2904 5053 3215 5119 inveneris,
3259 5054 3410 5108 omni

1837 5148 2148 5211 constantia
2198 5146 2496 5210 auferens,
2558 5146 2789 5202 restitue
2835 5148 3158 5217 parentibus
3199 5163 3214 5200 :
3262 5147 3411 5200 hunc

1834 5239 2015 5310 ipsum
2053 5247 2234 5294 autem
2265 5253 2396 5293 arce
2429 5253 2461 5293 a
2500 5237 2779 5309 precibus,
2814 5252 3050 5309 eumque
3091 5252 3410 5293 excommu-

1834 5330 2077 5387 nicatum
2118 5330 2422 5387 denuntia:
2453 5340 2618 5401 atque
2661 5345 2762 5387 eos
2803 5331 2994 5398 etiam,
3039 5328 3136 5401 qui
3175 5345 3299 5385 cum
3340 5344 3408 5386 eo

1833 5484 2139 5559 anucgtsic.
2183 5482 2386 5541 Ibidem
2413 5484 2572 5540 multi
2613 5483 2835 5542 codices
2874 5501 2986 5542 non
3036 5486 3406 5559 antiquissimi

1799 5627 1803 5631 .
1834 5555 2124 5631 massis-l5-

1903 5623 2017 5692 (85)
2046 5624 2202 5694 Πρὸς
2251 5624 2461 5692 αὑταῖς
2506 5624 2658 5695 ταῖς.
2707 5623 2790 5682 Ita
2839 5638 3031 5683 omnes
3066 5643 3204 5686 mss.
3259 5626 3402 5684 Editi

1834 5696 1983 5767 πρὸς
2005 5699 2143 5760 ταῖς.

1905 5769 1926 5789 ‘
1958 5766 2109 5823 Alias
2142 5764 2419 5824 CCXLIV.
2443 5764 2661 5839 Scripta
2681 5773 2806 5838 post
2840 5782 3043 5825 annum
3065 5768 3193 5825 574.

3053 5935 3131 5997 82
