3856 6224
401 273 507 320 υδῦ

1737 262 1795 318 S.
1838 262 1919 317 BA
1929 258 2082 316 SILII
2117 257 2327 314 MAGNI

3566 259 3697 317 98L

401 388 640 440 uescret.
700 380 807 438 Sed
862 378 1325 451 quemadmodum
1373 377 1638 437 Israelitis
1683 393 1858 435 annos
1895 393 1983 434 se-

2097 372 2214 446 γάρ,
2251 372 2347 427 καὶ
2379 372 2479 425 οὐκ
2526 368 2909 441 ἐγκαταλείψει
2963 371 3111 443 ἡμᾶς
3149 371 3229 436 είς
3272 371 3334 426 τὸ
3377 375 3671 437 παντελές

402 475 686 546 ptuagiuta
741 471 1036 543 praestituit
1087 488 1188 543 pro
1240 472 1485 543 peccatis
1534 471 1602 526 ad
1651 470 1984 542 captivitatis

403 578 624 635 pmnam
657 562 703 593 ’δ
732 578 748 627 ;
779 562 856 618 ita
883 563 1027 617 forte
1060 568 1116 615 et
1153 575 1255 621 nos
1281 561 1631 630 omnipotens
1657 575 1755 630 per
1777 568 1982 616 statum

402 656 623 725 aliquod
656 663 871 725 tempus
918 654 1152 709 traditos
1186 653 1483 723 aliquando
1539 652 1860 718 revocabit,
1921 667 1986 708 ac

403 748 462 803 in
515 747 806 819 pristinam
856 762 1052 817 pacem
1109 746 1406 813 restituet;
1451 745 1557 800 nisi
1602 744 1745 803 forte
1784 759 1986 815 appro-

402 837 635 909 pinquat
681 836 940 901 defectio,
968 846 1024 891 et
1052 852 1175 906 quae
1214 851 1362 892 nunc
1410 836 1568 899 fiunt,
1600 835 1824 890 exordia
1858 841 1987 890 sunt

407 944 690 1001 ingressus
737 927 1084 989 Antichristi.
1145 927 1302 994 Quod
1344 927 1568 999 quidem
1629 928 1679 981 si
1735 927 1811 981 ita
1854 927 1937 983 .sit
1967 967 1985 992 ,

406 1036 634 1092 precare
684 1031 745 1079 ut
800 1028 896 1078 aut
947 1036 1225 1077 aerumnas
1286 1022 1535 1088 auferat,
1592 1029 1687 1074 aut
1718 1021 1988 1076 nosinter

406 1128 683 1170 aerumnas
745 1114 977 1170 invictos
1031 1115 1210 1171 bonus
1260 1113 1352 1171 ille
1401 1114 1694 1170 custodiat.
1757 1113 1986 1169 Omnem

407 1205 561 1261 illum
593 1214 797 1263 emtum
828 1246 844 1271 ,
902 1207 996 1277 qui
1034 1206 1254 1278 pietatis
1297 1214 1404 1262 tua:
1448 1206 1849 1264 consuetudine
1902 1207 1990 1260 di-

408 1313 551 1369 gnus
624 1299 844 1355 habitus
905 1311 1027 1365 est,
1072 1316 1168 1371 per
1214 1311 1267 1357 te
1324 1301 1655 1358 salutamus.
1719 1298 1984 1357 Pietatem

407 1396 560 1444 tuam
585 1405 775 1449 omnes
802 1431 816 1457 ,
845 1393 940 1464 qui
969 1392 1257 1448 nobiscum
1288 1401 1451 1458 sunt,
1486 1393 1747 1449 salutant.
1786 1392 1989 1449 Valens

408 1496 475 1536 ac
507 1483 665 1539 latus
689 1484 745 1538 in
779 1483 1031 1550 Domino,
1054 1494 1109 1541 et
1142 1500 1244 1556 pro
1272 1500 1360 1542 me
1390 1500 1577 1550 orans,
1609 1484 1870 1542 Ecclesia:
1896 1484 1989 1541 Dei

409 1574 669 1640 sei-veris,
702 1573 891 1631 Sancti
917 1578 1114 1648 gratia.

873 1900 1212 1959 EPISTULA
1249 1902 1523 1958 CCLXV‘.

2098 465 2238 520 Ἀλλ’
2269 464 2459 536 ὥσπερ
2494 465 2609 527 τοῖς
2636 461 2997 535 Ἰσραηλίταις
3019 464 3120 535 τὴν
3142 463 3696 535 ἐϐδομηκονταετίαν

2085 556 2286 630 ὥρισεν
2318 556 2459 628 ὑπὲρ
2494 555 2604 610 τῶν
2637 556 3051 629 ἁμαρτημάτων
3086 557 3168 620 είς
3202 557 3302 629 τὴν
3335 558 3433 628 τῆς
3465 560 3701 629 αἰχμά·

2085 648 2285 713 λωσίας
2324 649 2644 719 καταδίκην,
2679 650 2825 704 οὕτω
2853 651 2994 720 τάχα
3035 650 3131 705 καὶ
3178 651 3325 721 ἡμᾶς
3365 652 3396 704 ὁ
3442 649 3702 715 δυνατὸς

2086 743 2263 814 χρόνῳ
2293 742 2401 796 τινὶ
2443 741 2734 813 ὡρισμένῳ
2778 742 3054 814 παραδοὺς
3092 743 3495 799 ἀνακαλέσεταί
3548 759 3703 796 ποτε

2087 834 2182 886 καὶ
2208 832 2656 905 ἀποκαταστήσει
2683 833 2763 907 είς
2790 831 2889 904 τὴν
2919 832 2980 901 ἐξ
3015 833 3192 904 ἀρχῆς
3224 835 3448 906 εἰρήνην
3467 849 3484 862 ·
3516 835 3571 887 εί
3606 834 3699 905 μὴ

2086 923 2196 995 ἄρα
2226 923 2395 993 ἐγγύς
2438 923 2542 977 πού
2580 926 2727 979 ἐστιν
2765 928 2799 996 ἡ
2848 926 3178 993 ἀποστασία,
3212 929 3308 983 καὶ
3350 928 3420 982 τά
3462 926 3569 981 νῦν
3607 944 3701 995 τι·

2086 1016 2289 1086 νόμενα
2317 1016 2579 1089 προοίμιά
2604 1017 2720 1070 ἐστι
2743 1018 2846 1088 τῆς
2885 1019 3091 1077 εἰσόδου
3122 1019 3217 1075 τοῦ
3275 1018 3695 1090 ’Δντιχρίστουο

2089 1110 2269 1182 Ὅπερ
2299 1110 2358 1165 δέ
2388 1110 2484 1166 ὲάν
2508 1106 2566 1184 ᾖ,
2594 1112 2903 1184 προσεύχου
2956 1113 3047 1173 ἵνα
3073 1112 3106 1185 ἢ
3150 1112 3249 1177 τὰς
3282 1111 3495 1187 θλίψεις
3537 1127 3699 1182 περ·

2088 1201 2307 1274 ενὲγκῃ,
2328 1202 2363 1274 ἢ
2386 1205 2535 1274 ἡμᾶς
2555 1206 2887 1270 ἀπταίστους
2905 1204 2995 1261 διὰ
3018 1205 3129 1260 τῶν
3158 1205 3389 1275 θλίψεων
3417 1206 3446 1260 ὁ
3467 1203 3696 1272 ἀγαθὸς

2086 1292 2442 1363 διασώσηται.
2479 1296 2666 1355 Πᾶσαν
2697 1297 2798 1369 τὴν
2828 1298 3075 1354 συνοδίαν
3111 1298 3211 1369 τὴν
3240 1296 3695 1364 καταξιωθεῖααν

2090 1388 2328 1440 συνεῖναι
2360 1389 2427 1458 τῇ
2457 1388 2716 1462 εὐλαϐείᾳ
2758 1407 2852 1445 σου
2894 1389 3256 1462 ἀσπαζόμεθα
3282 1389 3370 1445 διὰ
3399 1387 3521 1445 σοῦ.
3566 1387 3694 1458 Τὴν

2091 1476 2189 1548 σὴν
2221 1478 2509 1535 εὐλάϐειαν
2543 1481 2595 1533 οἱ
2622 1482 2720 1537 σὺν
2750 1484 2882 1557 ἡμῖν
2914 1484 3114 1548 πάντες
3147 1479 3688 1555 προσαγορεύουσιν.

2103 1570 2446 1643 Ἑρῤωμένος
2484 1576 2581 1629 καὶ
2623 1575 2860 1649 εὔθυμος
2887 1579 2946 1632 ὲν
2988 1578 3203 1649 Κυρίῳ.
3238 1574 3691 1649 ὑπερευχόμενός

2095 1678 2221 1732 μου,
2256 1661 2588 1737 φυλαχθείης
2637 1667 2752 1741 (20)
2793 1671 2861 1741 τῇ
2897 1668 2993 1724 τοῦ
3039 1668 3176 1723 Θεοῦ
3233 1667 3539 1739 Ἐκκλησία
3582 1664 3687 1737 χῶν

2022 1731 2066 1787 Β
2097 1731 2204 1825 ριτι
2236 1731 2347 1825 (21)
2376 1731 2470 1810 τοῦ
2512 1731 2716 1828 Ἀγίου.

2604 1918 2951 1973 ΕΠΙΣΤΟΛΗ
2989 1916 3147 1978 ΣΞΕ¹.

409 2032 624 2104 Basilius
656 2034 840 2105 gratius
879 2050 910 2085 a
941 2034 981 2107 it
1023 2037 1140 2097 Dea,
1169 2037 1299 2100 quod
1322 2034 1402 2096 iis,
1438 2038 1571 2108 ᾳριιά
1608 2050 1727 2109 quos
1764 2038 1985 2107 exsulant
2018 2039 2334 2106 confessorem
2367 2045 2558 2096 auxilia
2585 2048 2651 2097 ad
2680 2047 2887 2099 salutent
2910 2047 3179 2111 providerit
3199 2062 3219 2100 :
3384 2086 3400 2111 ,
3426 2056 3686 2114 perm

469 2048 987 2175 tltprgntﬁtteistut$o
1000 2097 1268 2175 adductum
1285 2112 1397 2175 esse
1409 2107 1559 2175 ᾳξςιιι
1583 2100 1840 2175 diaconum
1864 2097 2239 2175 Blptdlunteum
2258 2104 2432 2175 titteris
2457 2110 2522 2157 ad
2539 2122 2619 2175 eos
2643 2109 2862 2161 mitteret.
2881 2110 3063 2175 Laudat
3081 2124 3165 2175 eos
3186 2061 3683 2175 manmaverim

3368 2126 3644 2162 αηιησυετυ

469 2094 801 2159 ἱιίοηιῃῐῇᾀεὶ
821 2104 862 2148 st

954 2111 982 2162 ο
1003 2097 1268 2162 adductum
1285 2112 1390 2151 esse
1409 2097 1559 2162 q,it'_,ut
1583 2097 1840 2162 diaconum
1864 2097 2118 2162 Blpidium'
2130 2117 2239 2154 cum
2258 2097 2432 2158 titteris
2457 2110 2522 2157 ad
2539 2122 2619 2159 eos
2643 2097 3063 2161 mittereLL'tmdut
3083 2097 3165 2161 eos

870 2160 1015 2242 esas
1032 2156 2245 2242 ἕὶὲίῆτὲαξ,ζ’ῖιξέἱέἱθηέεςξίέηιρὲρξ,,ίὲεέῐέζτὲξιίιετ
2269 2156 2691 2242 ιξελιςιαι-ιιίιιεξηίέ
2710 2156 3668 2242 Elimeam

473 2218 571 2269 S'ed
610 2218 836 2292 queritur
865 2218 994 2292 quod
1024 2218 1247 2292 [ματέριιὶ
1278 2220 1508 2292 discipuli
1529 2236 1561 2271 a
1586 2218 1937 2292 confessoritrus
1967 2222 2147 2288 recepti
2166 2218 2347 2289 fuerint
2367 2218 2470 2282 sine
2494 2218 3185 2285 οεεὶάεὶιιᾶίῖιιῶᾜίᾶίῖἇὲῶίι

467 2280 632 2331 sensui
653 2280 795 2332 Scire
817 2280 948 2348 cu'pit
969 2282 1143 2346 quibus
1165 2280 1519 2335 conditionibus
1541 2280 1722 2346 recepti
1740 2281 1938 2347 luerim.

407 2385 632 2458 Eulogio
653 2429 669 2453 ,
710 2386 1015 2441 Alexandro
1050 2399 1099 2462 et
1143 2386 1576 2462 Harpocrationi,
1612 2387 1841 2462 ﬁgypti
1871 2389 1985 2457 epi-

949 2458 1122 2527 scopis
1155 2459 1446 2514 exsulibus.

479 2572 531 2625 l.
573 2570 826 2644 Magnam
858 2573 914 2627 in
949 2573 1209 2630 omnibus
1244 2573 1551 2645 reperimus
1576 2573 1705 2631 boni
1737 2572 1834 2629 Dei
1858 2587 1986 2640 erga

407 2676 540 2717 suas
577 2660 855 2718 Ecclesias
898 2661 1335 2731 providentiam;
1378 2662 1454 2716 ita
1507 2671 1565 2716 ut
1604 2677 1726 2731 qua:
1755 2661 1988 2717 molesta

404 2768 533 2809 esse
559 2752 837 2817 videntur,
870 2768 974 2808 nec
1002 2755 1230 2808 omnino
1267 2768 1332 2808 ex
1366 2753 1635 2809 sententia
1664 2760 1986 2815 occurrunt,

405 2858 472 2899 ea
515 2844 681 2900 etiam
714 2843 784 2900 ad
818 2844 1114 2899 multorum
1168 2844 1459 2899 utilitatem
1510 2844 1902 2915 dispensentur
1933 2846 1987 2898 in

406 2933 785 2990 occultissima
830 2933 926 2990 Dei
968 2935 1256 3005 sapientia,
1292 2946 1347 2990 et
1392 2936 1804 3006 indeprehensis
1841 2937 1988 2992 illius

404 3025 632 3096 iustitia:
654 3025 899 3094 judiciis.
934 3025 1077 3082 Ecce
1115 3027 1261 3082 enim
1291 3036 1344 3082 et
1375 3026 1724 3083 dilectionem
1748 3038 1984 3083 vestram

406 3133 477 3173 ex
509 3116 728 3189 [Egypti
761 3117 898 3174 locis
928 3119 1176 3174 excitans
1200 3117 1484 3181 Dominus,
1534 3119 1589 3172 in
1619 3117 1795 3173 media
1820 3119 1986 3173 Palaa-
2013 3096 2055 3155 (ἶ

407 3210 554 3266 stina
582 3209 889 3278 constituit,
922 3210 991 3265 ad
1016 3211 1323 3280 exemplum
1353 3210 1566 3281 antiqui
1600 3208 1788 3276 Israel,
1822 3224 1984 3280 quem

406 3300 687 3370 captivum
715 3301 770 3355 in
792 3301 1143 3374 Assyriorum
1170 3309 1374 3357 terram
1396 3301 1696 3368 abducens,
1723 3302 1987 3356 exstinxit

406 3390 522 3445 illic
568 3390 992 3448 simulacrorum
1025 3391 1238 3447 cultum
1271 3407 1368 3462 per
1416 3398 1735 3447 sanctorum
1783 3392 1987 3447 adven-

405 3490 546 3536 tum.
590 3479 779 3552 Itaque
826 3490 881 3536 et
925 3498 1073 3538 nunc
1108 3484 1182 3537 ita
1229 3481 1435 3540 factum
1467 3481 1808 3546 invenimus,
1859 3499 1985 3537 cum

405 3582 728 3646 reputemus
782 3573 1111 3641 Dominum,
1164 3577 1292 3630 dum
1345 3584 1587 3631 vestrum
1644 3591 1744 3645 pro
1788 3576 1988 3646 pietate

404 3677 687 3725 certamen
728 3671 785 3725 in
831 3672 1011 3726 medio
1043 3672 1320 3743 proponit,
1351 3672 1508 3727 vobis
1536 3671 1761 3741 quidem
1791 3669 1987 3726 exsilio

406 3758 651 3814 stadium
682 3761 968 3830 aperuisse
997 3760 1276 3815 beatorum
1302 3761 1663 3815 certaminum
1691 3777 1706 3827 ;
1737 3759 1806 3815 iis
1832 3774 1985 3825 vero,

405 3852 612 3922 quibus
661 3860 906 3908 vestrum
964 3851 1100 3907 illud
1155 3854 1418 3908 eximium
1471 3852 1814 3922 prapositum
1860 3858 1987 3906 ante

405 3942 599 3998 oculos
622 3952 895 4009 versatur,
920 3941 1211 3999 manifesta
1241 3941 1308 3997 ad
1334 3943 1568 3999 salutem
1588 3940 1842 4012 largitum
1864 3958 1988 3997 esse

402 4035 678 4104 exempla.
702 4034 839 4089 Cum
863 4035 1031 4105 igitur
1056 4033 1150 4090 Dei
1171 4035 1345 4106 gratia
1363 4034 1720 4090 didicerimus
1741 4042 1985 4090 vestrum

406 4133 570 4181 recta:
599 4124 722 4181 ﬁdei
763 4127 1040 4192 studium,
1081 4126 1441 4182 didicerimus
1472 4134 1527 4181 et
1560 4126 1985 4182 sollicitudinem

407 4231 540 4288 erga
563 4216 785 4282 fratres,
807 4233 1016 4288 vosque
1040 4233 1149 4272 non
1184 4219 1560 4290 perfunctorie
1588 4228 1683 4274 aut
1708 4221 1988 4291 negligen-

410 4316 497 4365 ter
538 4325 660 4380 qua:
704 4310 772 4364 ad
808 4325 1153 4365 communem
1199 4312 1486 4367 utilitatem
1532 4319 1783 4383 spectant
1832 4323 1884 4367 et
1920 4313 1986 4367 ad

2094 2392 2368 2465 Εὑλογίῳ
2395 2398 2495 2452 καὶ
2525 2397 2891 2467 Ἀλεξάνδρῳ
2914 2398 3015 2453 καί
3048 2398 3519 2467 Ἃρποκρατίωι,
3547 2399 3674 2455 ἐπι-

2287 2468 2542 2534 σκόποις
2578 2469 2876 2538 Αἰγύπτου
2906 2468 3019 2541 (22)
3052 2469 3473 2539 ἐξορισθεῖσιν.

2165 2577 2217 2634 I.
2251 2579 2508 2651 Μεγάλην
2535 2582 2594 2635 ἐν
2627 2582 2794 2638 πᾶσιν
2823 2582 3148 2654 εὑρίσκομεν
3173 2581 3270 2638 τοῦ
3298 2582 3507 2651 ἀγαθοῦ
3538 2582 3681 2639 Θεοῦ

2092 2666 2191 2740 τὴν
2222 2671 2351 2743 περὶ
2371 2673 2471 2737 τάς
2512 2672 2837 2745 Ἑκκλησίας
2864 2674 3031 2729 αὐτοῦ
3059 2675 3393 2746 οἰκονομίαν,
3414 2674 3560 2728 ὥστε
3582 2676 3679 2729 καὶ

2092 2761 2160 2815 τά
2191 2761 2451 2817 δοκοῦντα
2490 2762 2629 2820 εἶναι
2662 2767 2992 2840 σκυθρωπὰ,
3034 2768 3128 2822 καὶ
3183 2768 3259 2839 μὴ
3309 2767 3490 2838 πάντη
3536 2766 3679 2823 κατὰ

2092 2848 2344 2922 βούλησιν
2392 2854 2751 2921 ἀπαντῶντα,
2785 2857 2881 2910 καὶ
2926 2855 3102 2911 ταῦτα
3154 2857 3242 2910 ἐπ’
3283 2856 3524 2930 ὠφελείᾳ
3565 2857 3677 2911 τῶν

2089 2942 2300 3019 πολλῶν
2333 2946 2772 3017 οἰκονομεῖσθαι,
2812 2950 2871 3000 ἐν
2897 2952 2964 3020 τῇ
2997 2948 3358 3023 δυσθεωρήτῳ
3399 2950 3495 3005 τοῦ
3536 2950 3676 3007 Θεοῦ

2091 3036 2281 3108 σοφίᾳ,
2322 3039 2549 3103 καὶτοῖς
2581 3039 3007 3112 ἀνεξιχνιάστοις
3047 3041 3214 3096 αὐτοῦ
3262 3043 3363 3113 τῆς
3394 3042 3667 3097 δικαιοσύι

2088 3145 2187 3200 νης
2218 3131 2501 3203 κρίμασιν.
2545 3134 2674 3188 Ἰδοὺ
2721 3135 2832 3208 γὰρ
2862 3138 2959 3190 καὶ
2999 3136 3097 3208 τὴν
3144 3137 3419 3207 ὑμετέραν
3447 3137 3674 3208 ἀγάπην

2087 3221 2152 3273 ἐκ
2200 3221 2308 3275 τῶν
2353 3223 2473 3277 κατ’
2514 3225 2785 3294 Αἴγυπτον
2814 3226 2994 3282 τόπων
3039 3228 3352 3297 ἀναστήσας
3384 3227 3412 3280 ὁ
3445 3226 3671 3299 Κύριος,

2087 3313 2168 3375 εἰς
2206 3313 2377 3385 μέσην
2422 3316 2645 3385 ἀγαγὼν
2680 3316 2780 3389 τὴν
2809 3318 3176 3390 Παλαιστίνην
3203 3318 3460 3389 ἱδρύσατο
3480 3358 3496 3382 ,
3529 3317 3670 3373 κατὰ

2091 3403 2321 3476 μίμησιν
2349 3405 2443 3459 τοῦ
2482 3407 2650 3462 πάλαι
2684 3409 2920 3481 Ἰσραὴλ,
2951 3410 3010 3464 ὃν
3040 3411 3131 3464 διὰ
3158 3412 3260 3482 τῆς
3289 3411 3668 3482 αἰχμαλωσίας

2087 3495 2310 3566 ἀγαγὼν
2342 3501 2422 3562 εἰς
2460 3499 2558 3572 τὴν
2598 3502 2897 3575 Ἀσσυρίων
2929 3503 3057 3574 γῆν,
3093 3503 3282 3557 ἔσϐεσε
3317 3504 3417 3576 τὴν
3445 3506 3565 3558 ἐκεῖ
3594 3506 3654 3557 εί·

2086 3585 2479 3662 δωλολατρείαν
2508 3591 2596 3645 διὰ
2625 3593 2727 3663 τῆς
2746 3594 2856 3647 τῶν
2886 3594 3056 3662 άγίων
3088 3594 3403 3665 ἐπιδημίας.
3436 3595 3549 3647 Καὶ
3572 3593 3668 3648 νῦν

2088 3679 2267 3734 τοίνυν
2296 3680 2470 3746 οὕτως
2511 3684 2862 3757 εὑρίσκομεν,
2892 3685 3251 3757 λογιζόμενοι,
3286 3687 3368 3739 ὅτι
3406 3686 3499 3739 τὸν
3529 3686 3669 3756 ὑπὲρ

2087 3772 2189 3842 τῆς
2235 3773 2518 3838 εὐσεϐείας
2575 3771 2736 3830 ἆθλον
2784 3776 2940 3848 ὑμῶν
2984 3777 3095 3848 (25)
3150 3777 3585 3849 προϐαλλόμενος
3636 3779 3669 3830 ὁ

2088 3864 2312 3937 Κύριος,
2334 3868 2462 3937 ὑμῖν
2500 3868 2597 3939 μὲν
2619 3868 2705 3923 διά
2734 3869 2834 3940 τῆς
2861 3869 3078 3942 ἐξορίας
3106 3870 3318 3925 στάδιον
3348 3869 3528 3942 ἤνοιξε
3560 3870 3667 3923 τῶν

2092 3959 2376 4030 μακαρίων
2421 3960 2853 4032 ἀγωνισμάτων,
2904 3965 3020 4026 τοῖς
3065 3963 3123 4016 δὲ
3175 3964 3665 4033 περιτυγχάνουσιν

2090 4047 2243 4118 ὑμῶν
2275 4052 2341 4121 τῇ
2381 4051 2558 4123 ἀγαθῇ
2594 4054 2912 4125 προαιρέσει
2955 4053 3163 4126 ἐναργῆ
3193 4054 3263 4107 τὰ
3309 4055 3449 4127 πρὸς
3491 4070 3663 4126 σωτη-

2091 4139 2215 4211 ρίαν
2244 4142 2537 4214 ἐχαρίσατο
2565 4144 2964 4218 ὑποδείγματα.
3003 4148 3157 4201 Ἐπεὶ
3187 4143 3282 4201 οὖν
3310 4150 3377 4219 τῇ
3409 4147 3504 4200 τοῦ
3532 4146 3664 4202 Θεοῦ

2089 4232 2272 4304 χάριτι
2310 4234 2588 4305 ἐμάθομεν
2627 4236 2783 4307 ὑμῶν
2825 4237 2924 4310 τὴν
2966 4237 3235 4311 ὀρθότητα
3270 4239 3372 4310 τῆς
3409 4239 3661 4305 πίστεως,

2089 4322 2367 4393 ἐμάθομεν
2396 4323 2455 4377 δέ
2480 4323 2543 4377 τὸ
2584 4327 2714 4397 περὶ
2755 4326 2855 4398 τὴν
2883 4326 3221 4400 ἀδελφότητα
3262 4328 3542 4399 ἐπιμελὲς,
3572 4328 3665 4382 καὶ

409 4400 645 4456 salutem
676 4402 990 4457 necessaria
1019 4411 1169 4470 sunt,
1204 4403 1483 4485 exhibere,
1512 4404 1607 4460 sed
1654 4404 1703 4459 si
1756 4404 1888 4475 quid
1916 4404 1984 4458 ad

2097 4412 2172 4466 ὅτι
2200 4414 2261 4466 οὐ
2298 4415 2596 4487 παρέργως
2640 4417 2761 4471 οὐδὲ
2808 4417 3172 4490 ἠμελημένως
3204 4419 3511 4490 παρέχεσθε
3553 4418 3661 4488 (24)

406 4490 783 4548 Ecclesiarum
824 4492 1240 4549 :edilicationem
1271 4496 1564 4560 conducat,
1590 4496 1822 4551 libenter
1864 4512 1989 4551 sus-

404 4584 635 4654 cipere;
694 4600 913 4655 aequum
976 4601 1100 4642 esse
1156 4589 1503 4656 putavimus,
1572 4595 1632 4641 ut
1715 4588 1770 4642 in
1831 4588 1988 4641 bona:

404 4681 605 4731 vestra:
654 4676 827 4747 partis
875 4677 1189 4735 veniremus
1246 4680 1722 4744 communionem,
1776 4695 1990 4752 nosque

477 4830 523 4864 “
541 4829 744 4887 Jerem.
779 4848 906 4897 xxv,
942 4831 1031 4888 12.

454 4986 675 5057 {Alias
700 4985 975 5042 CCXCIII.
1002 4987 1218 5057 Scripta
1247 5005 1392 5045 anno
1423 4989 1547 5045 577.

477 5055 594 5131 (ευ)
627 5058 1026 5131 Φυᾷαχθεέηςτ
1063 5055 1159 5131 Sic
1197 5067 1310 5131 tres
1336 5061 1720 5131 antiquissimi
1765 5061 1985 5120 codices

402 5135 461 5184 et
490 5126 674 5202 ﬂight;
692 5128 853 5202 alter.
883 5126 1502 5202 Ερὶιίδιαφυλαχθείηςξ

479 5195 590 5267 (2f)
623 5195 826 5267 Χάριτι
854 5195 964 5253 τοῦ
1010 5195 1203 5269 drive.
1258 5195 1347 5255 Sic
1392 5195 1528 5258 niss.
1572 5208 1801 5273 septem.
1839 5202 1985 5258 Editi

443 5267 590 5320 άοιτι
619 5268 808 5320 αὐτοῦ.

402 5284 590 5339 χαριτι
619 5284 808 5323 αυτου.

1007 5335 1099 5419 Ita
1155 5346 1268 5419 tres
1323 5341 1980 5419 vetustissiml_c_odices.

407 5404 553 5481 Editi
576 5404 918 5481 Αἰγυπτίοις.
945 5409 1149 5481 Ibidem
1184 5411 1317 5481 Reg.
1351 5413 1650 5476 secundus,
1686 5412 1855 5469 Coisl.
1899 5430 1986 5469 se-

404 5475 626 5555 cundus
657 5475 714 5555 et
736 5476 915 5555 Paris.
949 5479 1151 5534 habent
1188 5475 1696 5555 Ἀδελφοκρατίωνι,
1717 5484 1863 5555 quod
1892 5501 1986 5540 no-

406 5560 537 5618 men
574 5546 772 5604 inscite
805 5548 1021 5604 videtur
1052 5565 1223 5606 unum
1255 5568 1320 5607 ex
1355 5546 1572 5609 duobus
1599 5546 1980 5618 esse'factum.

408 5614 464 5692 id
497 5623 582 5671 est
612 5632 702 5692 cx_
739 5618 998 5692 Ἀδελφίῳ
1049 5628 1107 5674 et
1165 5621 1621 5692 Ἀρποκρατίωνι.
1668 5623 1803 5678 Nam
1843 5614 1986 5679 inter

408 5681 514 5743 hos
548 5686 769 5744 exsules
798 5681 1087 5761 episcopos
1117 5681 1442 5748 numeratur
1485 5692 1788 5762 Adelphius
1839 5697 1983 5763 apud

2090 4504 2161 4559 τά
2182 4507 2484 4579 κοινωφελῆ
2521 4510 2616 4562 καὶ
2645 4511 2921 4579 ἀναγκαῖα
2951 4511 3090 4583 πρὸς
3130 4511 3430 4582 σωτηρίαν,
3469 4510 3583 4565 ἀλλ’
3614 4513 3666 4565 εἰ

2088 4613 2142 4649 τι
2183 4596 2320 4668 πρὸς
2360 4597 2650 4668 οἰκοδομὴν
2686 4599 2794 4652 τῶν
2829 4598 3169 4669 Ἐκκλησιῶν
3205 4600 3447 4669 ἐνεργεῖν
3478 4615 3663 4669 προαι-

2094 4688 2307 4760 ρεῖσθεο
2349 4689 2557 4745 δίκαιον
2580 4690 2959 4763 ἐλογισάμεθα
2988 4691 3099 4763 (25)
3139 4691 3388 4751 κοινωνοὶ
3416 4690 3659 4760 γενέσθαι

2088 4993 2469 5069 Epiplianiuin
2513 5014 2639 5053 cum
2705 5000 2957 5069 pluribus
3023 5002 3169 5060 aliis.
3235 5000 3431 5055 haeres.
3492 5015 3649 5053 mn.

2089 5065 2403 5140 Simplicior
2439 5067 2597 5140 Regii
2649 5065 2812 5140 primi
2861 5071 3077 5135 titulus,
3106 5071 3457 5140 Ἐπισκόποις
3497 5072 3651 5140 Δίγυ-

2086 5136 2267 5212 πτίρες
2283 5136 2952 5212 ἐξορισθεῖσινξΕρίεσορὶε
2982 5140 3249 5212 λΕῃῃρείἰε
3274 5139 3647 5212 exsultantibus.

2158 5205 2638 5282 (25)__'Tjiér_._lta
2706 5205 2880 5265 Ηλτὶζ
2908 5218 2963 5282 et
3012 5205 3186 5267 Coisl.
3239 5212 3471 5282 primus.
3517 5210 3648 5264 Editi

2085 5275 2243 5353 ὑμίνἶ
2255 5275 2462 5353 λϐοὰθχ,
2496 5279 2788 5353 Medicaa_us
2814 5280 2995 5353 ἡμῶν.

2158 5340 2273 5419 (24)
2305 5349 2675 5423 ῌᾳρέχεσθε.
2708 5340 2933 5423 Legi't'ur
2960 5354 3016 5408 in
3057 5358 3290 5423 quatuor
3335 5349 3647 5406 recentiori-

2084 5416 2207 5493 bus
2220 5416 2506 5493 codicibus
2536 5416 2897 5493 παρέρχεσθε.

2159 5487 2272 5559 (25)
2311 5487 2753 5559 Ἐλογισὰιὶεθάζ
2786 5491 2866 5547 Ita
2889 5499 3003 5548 tres
3028 5490 3395 5547 vetustissimi
3417 5490 3641 5545 codices.

2086 5556 2230 5612 Editi
2254 5556 2607 5632 ἐνομίσαμεν.
2639 5559 2871 5617 Eosdem
2897 5562 3117 5617 codices
3145 5563 3304 5632 paqu
3339 5569 3461 5630 post
3483 5560 3639 5632 secuti

2085 5631 2416 5684 mutavimus
2437 5629 2581 5700 quod
2606 5639 2721 5686 erat
2750 5632 2804 5686 in
2831 5632 2995 5688 editis
3036 5629 3302 5686 Ἐλπίδιον
3325 5629 3418 5684 τὸν
3446 5629 3641 5689 συνδιά-

2086 5714 2262 5755 κονον.
2290 5699 2497 5757 Ibidem
2515 5700 2686 5759 codex
2707 5699 2998 5760 Medicazus
3027 5701 3340 5757 ἀπέστειλα.

2184 5716 2262 5755 ον.
2290 5716 2497 5757 ιυιαοιη
2515 5716 2686 5759 ΒΟΠΕΧ
2707 5716 2998 5760 ιιθαιοωυε
3027 5716 3340 5757 απεστειλα.
