3856 6224
140 302 255 361 985

1083 314 1572 377 EPISTOLAIIUM
1610 319 1895 381 CLASSIS
1930 325 1995 384 II.
2034 325 2253 385 EPIST.
2291 328 2538 384 θεων.

3310 331 3415 390 986

141 419 249 516 τῆς
281 417 495 516 ἀγαθῆς
534 418 753 491 μερίδος
785 420 959 516 ὑμῶν,
996 425 1090 477 καὶ⁵
1126 426 1359 497 συνάψαι
1394 430 1621 494 ἑαυτοὺς
1645 429 1735 485 διὰ

1837 436 2005 509 409
2034 454 2131 509 per
2158 439 2446 509 epistolam
2476 454 2602 494 cum
2652 447 2833 497 vestra
2883 440 3082 512 pietate
3114 444 3417 516 conjunge-

143 508 243 562 τοῦ
272 510 603 581 γράμματος
631 513 699 587 τῇ
748 512 992 585 ὑμετέρᾳ
1036 516 1316 591 εὐλαϐείᾳ.
1349 515 1535 593 Οὗπερ
1570 521 1732 575 ’ἑνεκα

145 601 555 674 ἀπεστείλαμεν
610 603 705 657 καὶ
751 603 843 658 τὸν
873 605 1256 663 ποθεινότατον
1300 611 1415 664 υίὺν
1451 611 1609 683 ἡμῶν
1638 612 1733 666 καὶ

146 694 498 750 συνδιάκονον
538 696 826 763 Ἐλπίδιον,
858 698 996 770 ὁμοῦ
1040 699 1138 771 μὲν
1166 702 1268 772 τὴν
1300 703 1589 773 ἐπιστολὴν
1616 705 1734 757 δια-

146 787 470 860 κομίζοντα,
497 787 634 860 ὁμοῦ
662 789 720 842 δὲ
740 790 837 843 καὶ
863 792 995 863 παρ’
1020 792 1214 847 ἑαυτοῦ
1237 794 1532 865 δυνάμενον
1555 795 1734 863 ἀπαγ-

143 879 326 949 γεῖλαι
354 881 484 952 ὑμῖν
512 881 615 937 ὅσα
648 882 747 954 τὴν
789 885 854 937 ἐκ
881 883 977 937 τοῦ
1010 883 1343 957 γράμματος
1372 887 1588 960 ἐκφύγῃ
1619 887 1730 960 (26)

145 969 526 1027 διδασκαλίαν.

220 1063 277 1118 2.
332 1062 578 1121 Μάλιστα
614 1064 671 1121 δὲ
702 1066 850 1138 ἡμᾶς
889 1066 1173 1140 ἐπέρρωσε
1220 1069 1359 1141 πρὸς
1399 1068 1497 1142 τὴν
1542 1070 1731 1125 ἐπιθυ-

149 1156 283 1228 μίαν
308 1158 410 1229 τῆς
434 1158 730 1227 συναφείας
758 1159 911 1230 ὑμῶν
942 1161 975 1232 ἡ
1176 1161 1271 1215 τοῦ
1302 1163 1432 1234 περὶ
1453 1161 1551 1235 τὴν
1578 1162 1733 1235 ὀρθό-

143 1266 287 1322 τητα
332 1249 495 1322 ζήλου
540 1252 641 1323 τῆς
687 1252 969 1317 εὐσεϐείας
1009 1253 1195 1324 ὑμῶν’
1229 1256 1314 1308 ὅτι
1365 1254 1489 1310 οὔτε
1533 1255 1730 1328 πλήθει

148 1342 581 1414 συνταγμάτων,
642 1342 767 1398 οὔτε
853 1344 1098 1417 ποικιλίᾳ
1169 1348 1520 1418 σοφισμάτων
1584 1364 1729 1419 παρ-

143 1434 348 1507 ηνέχθη
370 1435 527 1508 ὑμῶν
559 1436 620 1489 τὸ
654 1437 881 1509 στερρὸν
908 1438 1009 1509 τῆς
1034 1438 1282 1511 καρδίας
1309 1440 1425 1493 ἀλλ’
1453 1440 1728 1510 ἐπέγνωτε

148 1529 251 1598 μὲν
284 1528 414 1595 τοὺς
467 1528 610 1584 κατὰ
641 1528 748 1583 τῶν
791 1530 1167 1584 άποστολικῶν
1214 1530 1502 1602 δογμάτων
1542 1549 1727 1586 καινο-

142 1618 484 1691 τομοῦντας,
516 1623 696 1693 σιωπῇ
737 1621 795 1676 δὲ
843 1624 1140 1693 κατασχεῖν
1177 1624 1279 1694 τὴν
1329 1622 1728 1693 ἐνεργουμένην

145 1715 276 1785 παρ’
308 1713 486 1767 αὐτῶν
536 1712 744 1786 βλάϐην
791 1715 854 1768 οὐ
913 1712 1298 1779 κατεδέξασθε.
1345 1716 1457 1769 Καὶ
1499 1714 1608 1786 γὰρ
1649 1712 1728 1784 τῷ

142 1805 259 1859 δντι
290 1804 493 1875 πολλὴν
532 1804 769 1878 εὕρομεν
805 1805 985 1877 λύπην
1013 1806 1167 1879 παρὰ
1206 1809 1340 1861 πᾶσι
1367 1810 1480 1872 τοῖς
1504 1809 1726 1879 ἀντεχο-

145 1897 331 1968 μένοις
361 1896 463 1967 τῆς
517 1897 614 1952 τοῦ
655 1898 862 1972 Κυρίου
913 1899 1139 1970 εἰρήνης
1171 1899 1265 1953 ἐπὶ
1308 1902 1431 1963 ταῖς
1466 1917 1727 1971 νεωτερο-

144 1987 351 2051 ποιίαις
389 1990 508 2052 ταῖς
549 1989 923 2053 παντοδαπαῖς
971 1989 1352 2063 Ἀπολιναρίου
1398 1991 1493 2043 τοῦ
1534 1991 1727 2044 Λαοδι-

144 2079 315 2143 κέως·
350 2079 410 2143 ὃς
437 2079 677 2152 τοσούτῳ
709 2081 870 2135 πλέον
899 2081 1174 2154 ἐλύπησεν
1203 2084 1374 2155 ἡμᾶς,
1404 2085 1516 2155 ὅσῳ
1547 2083 1726 2150 ἔδοξεν

134 2172 283 2232 ,εἶναι
320 2169 380 2236 ἐξ
408 2170 568 2242 ἡμῶν
605 2171 720 2244 (27)
764 2171 825 2226 τὸ
864 2171 926 2238 ἐξ
963 2174 1161 2246 ἀρχῆς.
1193 2173 1266 2227 Τὸ
1298 2174 1397 2244 μὲν
1433 2175 1542 2245 γὰρ
1575 2174 1726 2246 παρὰ

141 2261 380 2335 φανεροῦ
424 2263 687 2335 πολεμίου
734 2264 929 2319 παθεῖν
974 2282 1030 2319 τι
1052 2307 1067 2331 ,
1127 2264 1230 2320 κᾶν
1282 2265 1596 2338 ὑπερϐάλλῃ
1646 2266 1725 2338 τῷ

140 2342 672 2429 ωγεινῷ,’φορητόν
686 2356 801 2421 πώς
830 2360 946 2412 ἐστι
975 2358 1053 2430 τῷ
1082 2359 1565 2431 καταπονουμένῳ,
1594 2359 1726 2413 καθ-

141 2450 221 2515 ὼς
263 2449 595 2522 γέγραπται,
648 2449 732 2503 ὅτι
790 2450 856 2504 El
897 2453 931 2505 ό
1003 2452 1225 2520 ἐχθρὸς
1297 2449 1572 2505 ὠνείδισέ
1623 2468 1721 2521 με,

138 2541 457 2611 ὑπήνεγκα
507 2540 618 2596 ἄν’
664 2543 726 2595 τὸ
773 2542 833 2596 δὲ
882 2544 1013 2615 παρ’
1066 2541 1344 2614 ὁμοψύχου
1379 2543 1475 2596 καὶ
1522 2544 1723 2596 οἰκείου

141 2634 349 2706 βλάϐης
371 2633 518 2698 τινὸς
555 2633 905 2705 πειραθῆναι,
937 2633 1096 2688 τοῦτο
1126 2634 1394 2706 δύσφορον
1420 2633 1721 2699 παντελῶς,

139 2732 237 2788 καὶ
264 2729 517 2801 οὐδεμίαν
560 2728 682 2800 έχον
710 2729 1087 2801 παραμυθίαν.
1125 2732 1222 2783 Ὃν
1252 2730 1362 2801 γὰρ
1395 2728 1724 2800 προσεδοκή-

140 2839 315 2893 σαμεν
357 2822 729 2893 συνασπιστὴν
771 2821 913 2888 ἕξειν
945 2821 1056 2893 (28)
1085 2821 1185 2893 τῆς
1223 2820 1505 2893 ἀληθείας,
1536 2820 1724 2874 τοῦτον

138 2913 373 2988 εὕρομεν
395 2914 492 2968 νῦν
515 2915 573 2967 ὲν
594 2913 809 2978 πολλοῖς
843 2912 1207 2984 ἐμποδίζοντα
1232 2915 1344 2976 τοῖς
1372 2911 1719 2982 σωζομένοις,

137 3007 204 3061 ὲκ
231 3007 327 3060 τοῦ
374 3007 684 3079 περιέλκειν
718 3006 900 3060 αὐτῶν
929 3007 1019 3062 τὸν
1049 3005 1175 3060 νοῦν
1211 3007 1307 3059 καὶ
1341 3007 1594 3076 ἀποσπᾷν
1622 3005 1723 3074 τῆς

136 3096 431 3166 εὐθύτητος
476 3096 585 3150 τῶν
634 3096 941 3166 δογμάτων,
983 3096 1049 3157 Τί
1096 3096 1204 3168 γὰρ
1257 3098 1314 3150 ὲν
1360 3096 1542 3167 ἔργοις
1590 3096 1719 3167 παρ’

137 3189 305 3243 αὑτοῦ
339 3189 609 3261 τολμηρὸν
649 3191 745 3244 καὶ
779 3189 983 3262 θερμὸν
1003 3190 1104 3243 οὐκ
1132 3190 1413 3262 ἐπράχθη;
1460 3190 1524 3242 Τί
1556 3189 1613 3242 δὲ
1660 3191 1719 3242 ἐν

134 3283 318 3351 λόγοις
354 3282 417 3334 οὐ
444 3279 829 3352 παρεπενοήθη
869 3279 1132 3352 νεώτερον
1165 3281 1262 3335 καὶ
1287 3280 1723 3335 ἐπικεκινδυνευ-

138 3376 333 3447 μένονς
369 3373 445 3426 Οὐ
474 3374 627 3426 πᾶσα
660 3374 759 3444 μὲν
788 3372 1084 3442 Ἐκκλησία
1110 3375 1177 3444 ἐφ
1208 3375 1406 3446 ἑαυτὴν
1432 3374 1718 3446 ἐμερίσθη,

139 3464 376 3537 μάλιστα
415 3462 473 3515 δὲ
504 3465 626 3526 ταῖς
666 3462 772 3515 ὑπὸ
805 3462 913 3517 τῶν
952 3463 1066 3536 (‘29)
1118 3463 1413 3535 ὀρθοδὸξων
1448 3463 1721 3535 κυϐερνω-

141 3556 328 3626 μέναις
361 3553 821 3625 ἐπιπεμφθέντων
866 3558 997 3628 παρ’
1030 3555 1197 3609 αὐτοῦ
1238 3555 1375 3629 πρὸς
1413 3555 1474 3609 τὸ
1515 3555 1718 3626 σχίσαι,

137 3646 233 3701 καὶ
287 3646 424 3699 ἰδίαν
488 3644 612 3701 τινὰ
665 3646 1149 3718 παρασυναγωγὴν
1212 3647 1532 3717 ἐκδικῆσαις
1582 3647 1719 3717 Οὐχὶ

135 3736 360 3805 γελᾶται
409 3736 471 3790 τὸ
507 3735 649 3808 μέγα
681 3738 779 3808 τῆς
810 3739 1097 3803 εὐσεϐείας
1137 3740 1457 3810 μυστήριον,
1486 3740 1561 3803 ὡς
1589 3740 1717 3794 ἄνευ

134 3827 268 3889 λαοῦ
300 3829 395 3881 καὶ
421 3828 621 3900 κλήρου
647 3830 962 3885 ἐπισκόπων
989 3832 1449 3903 περιερχομένων,
1485 3835 1579 3887 καὶ
1604 3833 1722 3886 ὅνο-

134 3938 217 3992 μα
238 3919 391 3991 ψιλὸν
432 3921 862 3994 περιφερόντων,
912 3922 1066 3975 οὐδὲν
1107 3922 1165 3976 δὲ
1201 3924 1611 3996 κατορθούντων
1641 3926 1719 3987 είς

135 4012 420 4086 προκοπὴν
447 4012 543 4066 τοῦ
591 4014 928 4082 Εὐαγγελίου
979 4014 1080 4083 τῆς
1125 4017 1348 4088 εἰρήνης
1399 4018 1493 4072 καὶ
1541 4035 1718 4088 σωτη-

136 4108 264 4180 ρίας
286 4106 430 4178 (50);
464 4107 599 4177 Οὐχὶ
626 4106 675 4160 oi
706 4107 837 4178 περὶ
865 4105 960 4160 τοῦ
985 4107 1122 4161 Θεοῦ
1150 4108 1299 4177 λόγοι
1331 4108 1559 4181 πλήρεις
1586 4112 1718 4182 παρ’

133 4199 288 4271 αὐτῷ
320 4201 458 4252 εἰσιν
490 4198 705 4253 ἀσεϐῶν
736 4199 1043 4269 δογμάτων,
1069 4201 1169 4272 τῆς
1204 4201 1442 4266 παλαιᾶς
1466 4203 1719 4269 ἀσεϐείας

134 4291 232 4347 τοῦ
275 4291 672 4363 ματαιόφρονος
715 4291 1006 4347 Σαϐελλίου
1047 4292 1112 4347 δι’
1153 4293 1319 4347 αὐτοῦ
1352 4294 1447 4348 νῦν
1480 4295 1719 4349 άνανεω-

132 4384 331 4454 θείσης
356 4385 415 4438 ὲν
441 4386 556 4447 τοῖς
584 4385 989 4454 συντάγμασιν;
1021 4385 1083 4438 EI
1117 4385 1226 4459 γὰρ
1255 4385 1291 4440 ά
1329 4388 1718 4460 περιφέρουσιν

1834 546 2043 585 remus.
2094 529 2444 602 Quapropter
2492 533 2746 588 misimus
2796 535 2961 589 etiam
3006 534 3416 594 desideratissi-

1833 614 1982 678 inum
2027 624 2198 679 lilium
2234 634 2479 680 nostrum
2530 623 2799 694 Elpidium
2846 626 3282 694 condiaconum,
3317 630 3415 700 qui

1833 721 1889 771 et
1917 715 2205 785 epistolam
2246 713 2536 786 perferret,
2572 725 2625 770 et
2670 731 2767 786 per
2798 731 2859 771 se
2888 716 3009 788 ipse.
3055 727 3234 788 potest
3263 736 3412 776 nun-

1833 806 1974 862 tiare
2004 807 2185 876 vobis,
2217 822 2560 879 ouzecunque
2584 808 2895 863 litterarum
2933 808 3222 881 effugerint
3250 810 3417 868 docu-

1831 903 2041 953 menta.

1903 1086 1958 1142 Ξ.
1992 1086 2132 1141 Illud
2159 1096 2342 1143 autem
2375 1104 2462 1144 me
2485 1088 2722 1144 maxime
2753 1090 2994 1162 impuat,
3035 1099 3095 1146 ut
3126 1092 3415 1148 vobiscum

1831 1181 2094 1251 conjungi
2139 1197 2434 1253 cuperem,
2483 1182 2630 1253 quod
2662 1191 2903 1239 vestrum
2937 1192 3102 1239 rectae
3148 1184 3415 1240 doctrinae

1830 1274 2071 1329 studium
2113 1273 2182 1328 ad
2222 1290 2373 1331 meas
2400 1291 2561 1331 aures
2603 1275 2853 1346 pervenit
2885 1295 2900 1333 :
2932 1277 3133 1347 quippe
3158 1292 3282 1330 cum
3312 1292 3415 1332 nec

1829 1368 2097 1423 librorum
2146 1366 2529 1432 multitudine,
2575 1382 2677 1421 nec
2722 1366 3119 1437 sophismatum
3153 1365 3416 1421 varietate

1828 1467 2009 1514 emota
2039 1460 2112 1514 sit
2149 1458 2334 1513 cordis
2357 1459 2525 1514 vestri
2571 1458 2801 1513 ﬁrmitas
2828 1478 2841 1512 :
2875 1457 2970 1513 sed
2998 1473 3095 1513 eos
3128 1459 3415 1529 agnoveri-

1828 1549 1922 1616 tis,
1958 1549 2051 1620 qui
2080 1557 2272 1603 contra
2300 1550 2557 1618 dogmata
2592 1549 2889 1619 apostolica
2921 1549 3219 1602 novitatem
3250 1546 3412 1601 indu-

1829 1647 1983 1704 cunt,
2019 1654 2120 1694 nec
2150 1640 2369 1694 silentio
2397 1639 2680 1695 continere
2714 1639 2982 1694 damnum
3027 1638 3094 1693 ab
3141 1638 3252 1693 illis
3298 1637 3415 1692 illa-

1828 1737 1945 1784 tum
1997 1732 2308 1802 potueritis.
2357 1730 2494 1787 Nam
2551 1746 2739 1787 revera
2790 1744 3046 1803 magnum
3107 1730 3412 1800 reperimus

1827 1824 2071 1879 dolorem
2105 1826 2162 1879 in
2201 1825 2457 1881 omnibus
2489 1823 2705 1878 Domini
2733 1838 2922 1895 pacem
2964 1821 3121 1878 cordi
3154 1823 3412 1879 habenti-

1827 1916 1953 1981 bus,
1990 1932 2055 1971 ex
2110 1916 2419 1987 omnigenis
2451 1916 2757 1985 Apolinarii
2800 1914 3095 1971 Laodiceni
3145 1915 3413 1970 novitati-

1825 2008 1968 2062 bus:
2000 2007 2093 2076 qui
2121 2023 2188 2063 eo
2216 2008 2394 2078 magis
2438 2022 2539 2062 nos
2587 2005 2796 2071 aiilixit,
2830 2006 2975 2077 quod
3016 2023 3080 2062 ex
3123 2007 3285 2063 nobis
3338 2006 3410 2062 ab

1826 2097 1987 2152 initio
2014 2113 2140 2153 esse
2164 2096 2474 2151 videbatur.
2510 2089 2732 2164 Aliquid
2764 2095 2909 2149 enim
2944 2095 3012 2149 ab
3042 2093 3200 2150 hoste
3232 2093 3409 2149 mani-

1827 2188 1967 2244 festo
1993 2190 2128 2259 pati,
2164 2189 2381 2244 etiamsi
2431 2188 2485 2241 id
2536 2189 2608 2243 sit
2659 2188 3134 2252 molestissimum,
3185 2202 3275 2242 res
3321 2193 3410 2242 est

1828 2290 2010 2337 tamen
2042 2280 2451 2352 quodammodo
2477 2280 2780 2335 tolerabilis
2811 2280 3060 2350 patienti,
3086 2280 3232 2334 sicut
3263 2280 3407 2334 scri-

1826 2381 1979 2444 ptum
2017 2381 2104 2429 est
2133 2392 2146 2429 :
2183 2372 2244 2428 Si
2275 2374 2522 2426 inimicus
2556 2371 2765 2442 probris
2795 2388 2877 2425 me
2914 2372 3210 2440 a/Tecisset,
3241 2370 3409 2424 susti-

1825 2467 2055 2520 nuissent
2109 2467 2288 2536 utique
2320 2465 2387 2519 ".
2425 2463 2533 2519 Sed
2586 2465 2656 2519 ab
2703 2464 2948 2517 unanimi
2990 2471 3045 2516 et
3093 2463 3408 2518 necessario

1825 2556 2033 2626 aliquid
2084 2560 2336 2626 accipere
2366 2556 2704 2620 detrimenti,
2749 2555 2802 2610 id
2837 2556 3062 2609 omnino
3106 2554 3175 2609 ad
3222 2553 3408 2610 feren-

1823 2648 1954 2702 dum
2014 2647 2262 2714 diilicile,
2310 2663 2413 2702 nec
2464 2648 2632 2724 pullam
2692 2647 2901 2702 habens
2950 2647 3405 2705 consolationem.

1824 2738 1996 2806 Quem
2052 2741 2196 2795 enim
2259 2750 2778 2810 exspectaveramus
2845 2741 3054 2795 socium
3124 2740 3285 2796 nobis
3348 2740 3409 2796 in

1823 2833 2144 2888 defensione
2174 2834 2423 2889 veritatis
2455 2833 2724 2896 futurum,
2758 2849 2882 2889 eum
2925 2849 3069 2888 nunc
3098 2835 3407 2890 invenimus

1823 2923 1878 2976 in
1913 2923 2098 2978 multis
2129 2924 2436 2977 obstantem
2466 2923 2552 2978 his
2579 2924 2672 2993 qui
2706 2925 3159 2986 salvantur,dum
3187 2924 3404 2978 illorum

1824 3014 2043 3067 abducit
2090 3021 2362 3077 mentem,
2410 3025 2465 3070 et
2510 3016 2694 3070 avellit
2737 3030 2768 3069 a
2807 3016 2974 3073 rectis
3031 3015 3403 3086 dogmatibus.

1824 3105 1965 3172 Quid
1998 3107 2144 3161 enim
2195 3107 2251 3160 in
2288 3107 2603 3163 actionibus
2630 3108 2698 3161 ab
2723 3123 2789 3162 eo
2824 3124 2933 3163 non
2966 3109 3163 3164 callide
3209 3116 3268 3163 et
3299 3124 3402 3163 au-

1823 3197 2012 3252 dacter
2034 3200 2446 3269 perpetratum?
2476 3198 2616 3266 Quid
2646 3200 2698 3253 in
2730 3201 3075 3256 sermonibus
3105 3217 3216 3255 non
3249 3201 3407 3270 juve-

1822 3289 2010 3344 nililer
2042 3297 2097 3344 et
2138 3290 2449 3359 periculose
2478 3292 2885 3363 excogitatum?
2917 3291 3107 3347 Nonne
3154 3292 3405 3347 Ecclesia

1821 3382 2004 3436 omnis
2049 3382 2191 3436 inter
2233 3398 2292 3437 se
2341 3383 2519 3438 divisa
2571 3390 2691 3448 est,
2743 3388 3045 3452 prmsertim
3076 3401 3143 3440 ex
3195 3401 3305 3455 quo
3344 3386 3404 3440 in

1821 3471 2154 3543 gubernatas
2208 3474 2278 3527 ab
2327 3473 2650 3528 ortliodoxis
2699 3472 2976 3527 Ecclesias
3026 3473 3254 3528 immisit
3307 3473 3404 3542 qui

1821 3564 2097 3625 scindant,
2152 3571 2207 3619 et
2262 3564 2578 3632 illegitimos
2626 3573 2932 3620 conventus
2985 3566 3242 3636 proprios
3296 3566 3402 3621 sibi

1819 3653 2140 3707 vindicent?
2173 3651 2365 3708 Nonne
2416 3654 2625 3708 ridetur
2661 3670 2916 3726 magnum
2949 3656 3169 3726 pietatis
3199 3663 3404 3727 myste-

1821 3745 1987 3807 rium,
2022 3746 2300 3815 episcopis
2340 3745 2460 3800 sine
2511 3747 2712 3817 papula
2745 3762 2810 3801 ac
2846 3747 2994 3802 clero
3042 3747 3405 3802 obambulan-

1822 3836 2008 3895 tibus.
2064 3852 2128 3889 ac
2179 3853 2379 3891 nomen
2434 3837 2641 3891 nudum
2693 3838 3243 3903 circumferentibus,
3300 3853 3403 3893 nec

1820 3930 2121 4000 quidquam
2158 3931 2225 3982 ad
2263 3931 2695 3998 promovendum
2729 3931 2882 4001 pacis
2920 3937 2973 3986 et
3003 3931 3195 3985 salutis
3224 3929 3400 3984 Iivan-

1823 4024 2026 4092 gelium
2070 4021 2437 4076 facientibus?
2469 4022 2658 4078 Nonne
2697 4024 2843 4080 illius
2871 4024 2939 4079 de
2977 4023 3088 4078 Deo
3117 4038 3403 4080 sermones

1821 4116 1966 4185 pleni
1994 4124 2124 4169 sunt
2153 4116 2334 4184 impiis
2359 4116 2730 4183 dogmatibus,
2756 4117 2976 4186 antiqua
3003 4115 3199 4170 insulsi
3222 4114 3409 4171 Sabel-

1821 4207 1879 4260 I.i
1917 4207 2196 4276 impietate
2223 4222 2371 4261 nunc
2401 4210 2472 4260 ab
2493 4223 2558 4261 eo
2588 4208 2642 4262 in
2677 4207 2901 4277 scriptis
2934 4208 3234 4262 renovata?
3265 4206 3401 4261 Nam

1823 4294 1868 4350 si
1910 4312 2031 4364 quae
2080 4296 2479 4350 circumferunt
2518 4296 2830 4359 Sebasteni,
2868 4297 2990 4350 [icta
3028 4312 3136 4350 non
3172 4304 3301 4352 sunt
3333 4297 3405 4354 ab

1823 4385 2088 4451 inimicis,
2126 4387 2220 4441 sed
2269 4403 2395 4441 vere
2432 4388 2607 4457 ipsius
2637 4388 2841 4458 scripta
2873 4399 3024 4455 sunt,
3060 4389 3269 4443 nullum
3302 4389 3406 4443 im-

132 4479 183 4529 oi
215 4475 568 4545 Σεϐαστηνοὶ,
600 4475 675 4547 μὴ
711 4475 1136 4547 συμπέπλασται
1166 4481 1295 4550 παρ’
1325 4478 1555 4551 ἐχθρῶν,
1583 4479 1719 4535 ἀλλὰ

1829 4479 2045 4547 pictatis
2074 4479 2397 4549 superanda:
2434 4479 2614 4533 locum
2650 4480 2895 4550 reliquit,
2928 4480 3182 4536 eumdem
3213 4481 3404 4538 dicens

134 4567 258 4623 κατ’
292 4567 551 4639 ἀλήθειαν
601 4568 767 4622 αὐτοῦ
816 4571 924 4623 είσι
957 4571 1296 4643 συγγραφαὶ,
1344 4572 1597 4643 οὐδεμίαν
1638 4575 1720 4637 εἰς

134 4659 395 4715 ἀσέϐειαν
444 4660 750 4733 ὑπερϐολὴν
777 4662 1160 4729 καταλέλοιπε,
1183 4663 1273 4718 τὸν
1307 4664 1468 4717 αὐτὸν
1500 4665 1721 4735 Πατέρα

132 4750 311 4820 λέγων
349 4752 445 4809 καὶ
489 4751 619 4805 Υίὸν
662 4753 759 4807 καὶ
802 4753 1029 4825 Πνεῦμα
1080 4754 1225 4826 (Si),
1273 4756 1369 4809 καὶ
1414 4755 1549 4810 ἄλλα
1599 4755 1721 4809 τινά

204 4907 256 4940 ³⁸
277 4904 427 4961 Psal.
461 4919 572 4971 Liv,
603 4904 692 4960 I3.

204 5060 324 5133 (26)
364 5058 737 5132 Ἀπατγεῒλαι
774 5061 940 5131 ὑμῖν,
986 5061 1170 5118 ὅσα...
1203 5062 1355 5132 ἐκφύ
1441 5101 1453 5113 .
1492 5059 1582 5116 Sic
1607 5068 1719 5117 tres

204 5148 300 5185 rem
333 5131 574 5185 codices.
603 5128 749 5185 Editi
790 5133 1111 5185 ἀναγγεῖλαι
1169 5133 1299 5185 ὑμῖν
1358 5079 1554 5185 ἔξω...
1600 5131 1718 5184 δια-

134 5128 315 5188 iidem
333 5128 574 5202 codices.
603 5128 749 5186 Editi
790 5128 1111 5202 ἀναγγεῖλαι
1169 5128 1299 5202 ὑμῖν
1360 5128 1554 5202 ὅσου...
1600 5131 1718 5202 δια-

133 5200 653 5274 πέφευγεᾲιιεείίιιι·
679 5202 780 5274 ὅσα
794 5203 850 5256 in
882 5200 1122 5274 secunda
1145 5200 1714 5274 editionei’arisiensi.

208 5267 535 5343 (eorum;
558 5272 628 5337 ἐξ
657 5271 848 5342 ἡμῶν.
892 5271 1045 5327 Harl.
1093 5280 1147 5329 et
1188 5272 1326 5328 Med.
1362 5269 1501 5326 εἶναι
1539 5271 1714 5343 ἡμῶν.

134 5342 346 5398 Ibidem
401 5350 517 5398 tres
570 5343 935 5399 vetustissimi
980 5343 1203 5400 codices
1252 5343 1505 5397 τοσοῦτον
1557 5342 1719 5396 πλέον

135 5413 443 5485 ἐλύπησεν,
465 5413 607 5468 ὅσον.
638 5412 748 5468 Sed
769 5429 861 5470 res
897 5414 1037 5468 tanti
1074 5431 1184 5470 non
1215 5414 1453 5487 videtur,
1496 5421 1557 5469 ut
1585 5428 1720 5469 con-

136 5492 350 5541 textum
383 5490 681 5539 mutemus.

209 5554 328 5626 (28)
377 5553 626 5626 "EEecrL
657 5552 826 5626 Coisl.
880 5553 1310 5626 primus__£xaw.
1362 5553 1565 5610 Ibidem
1613 5552 1718 5626 νῦν

138 5624 459 5696 addidimus
489 5640 558 5681 ex
587 5623 759 5696 Cois].
785 5623 1051 5696 utroque,
1092 5623 1243 5681 Harl.
1282 5636 1336 5681 et
1365 5626 1577 5696 duobus
1612 5623 1718 5696 Re-

137 5694 477 5819 gigante
528 5701 655 5751 ante
697 5693 870 5752 Coisl.
925 5693 1136 5771 primus
1184 5698 1286 5753 κᾶν
1331 5695 1612 5770 ὑπερϐάλῃ
1660 5695 1719 5749 τὸ

207 5781 269 5835 γε
276 5781 405 5823 ινον.

1822 4567 2037 4623 Patrem
2085 4577 2141 4625 et
2186 4567 2384 4624 Filium
2429 4579 2484 4626 et
2525 4569 2821 4642 Spiritum,
2854 4580 2911 4628 et
2955 4573 3090 4628 alias
3134 4574 3402 4644 quasdam
3454 4604 3459 4609 -

1821 4662 2196 4720 tenebricosas
2243 4665 2585 4736 impietatcs,
2618 4682 2757 4737 quas
2792 4682 2892 4722 nos
2917 4682 2986 4721 ne
3022 4667 3249 4722 auribus
3278 4668 3404 4737 qui-

1818 4756 1943 4811 dem
1977 4757 2332 4821 admisimus,
2364 4760 2567 4830 quippe
2609 4774 2734 4815 eum
2768 4775 3057 4831 precemur
3100 4767 3160 4814 ut
3193 4740 3400 4816 nullam

1901 5058 2015 5131 (29)
2090 5061 2227 5114 Ὑπὸ
2270 5062 2407 5116 τῶν.
2458 5060 2537 5116 Ita
2593 5070 2705 5117 tres
2748 5062 3109 5119 vetustissimi
3159 5062 3399 5120 codices.

1822 5131 1967 5203 Editi
1988 5131 2148 5203 παρὰ
2178 5132 2306 5186 τῶν.
2340 5131 2745 5203 Ibidem‘Coisl.
2782 5137 2995 5203 primus
3027 5135 3112 5203 ἐφ’
3142 5133 3363 5203 ἑαυτῆς.

1891 5150 1964 5189 ιιιι
1997 5150 2148 5202 παρα
2178 5150 2306 5186 των.
2340 5150 2545 5187 minem
2574 5150 2745 5188 consn.
2782 5150 2995 5203 prunus
3027 5150 3111 5203 εφ·
3142 5150 3240 5187 εαυ
3316 5152 3363 5198 ς.

1891 5202 2009 5277 (59)
2038 5203 2145 5256 Καὶ
2177 5204 2498 5277 σωτηρίας.
2526 5200 2654 5277 Haec
2678 5204 2879 5277 desunt
2902 5205 2957 5259 in
2989 5202 3142 5277 Harl.
3172 5211 3229 5259 et
3243 5150 3397 5277 aed.

1818 5274 1879 5331 In
1903 5273 2045 5345 aliis
2078 5275 2359 5345 nonnullis
2387 5273 2599 5345 desunt
2618 5273 2930 5345 haecverba
2954 5276 3180 5345 εἰρήνης
3205 5274 3321 5329 καί.

1919 5292 2045 5327 ams
2078 5292 2359 5329 nonnuuis
2387 5292 2589 5329 ocsunt
2618 5292 2735 5329 nam
2763 5292 2930 5329 verna
2954 5292 3002 5328 ει
3044 5292 3180 5345 ηνης
3205 5292 3321 5329 και.

1899 5344 2012 5419 (31)
2049 5342 2161 5419 Καὶ
2200 5342 2651 5419 Πνεῦμαημεόίιὶ
2690 5343 2901 5419 addunt
2936 5292 3040 5398 mf
3067 5345 3230 5419 πάλιν
3271 5344 3402 5399 Υίδν

1819 5413 1918 5472 καϊ
1944 5413 2186 5484 Πατέρα,
2222 5413 2578 5482 (ιιιωιηειίυε
2606 5415 2782 5484 multo
2810 5415 3013 5469 absunt
3036 5431 3065 5468 a
3096 5415 3274 5471 tribus
3311 5431 3404 5471 ve-
3493 5418 3497 5424 ’

1820 5483 2483 5556 ιυειὶεεὶῃιίείοοᾱὶοἱὺυε
2518 5483 2792 5556 et_Bigot.
2838 5484 3304 5556 Ibideni_legimus
3330 5502 3402 5541 ex

1819 5559 2011 5627 codice
2054 5552 2617 5627 Harlzcariooxoreivdt
2659 5552 3005 5627 άσεϐήματα.
3047 5552 3185 5611 Illud
3216 5566 3402 5613 autem

1819 5628 1943 5682 τινά
1980 5625 2421 5694 deprompsimus
2457 5640 2523 5682 ex
2568 5631 2757 5679 eodem
2804 5625 2993 5681 codice
3030 5637 3082 5681 et
3119 5642 3184 5682 ex
3227 5627 3398 5681 Coisl.

1820 5700 2021 5769 primo,
2055 5696 2111 5748 in
2139 5712 2249 5763 quo
2277 5695 2475 5769 legitur
2506 5694 2767 5769 vitam}
2796 5696 2919 5749 τινὰ
2952 5696 3122 5766 ἀσεϐῆ
3158 5697 3398 5769 ῥήματα,

1820 5764 1871 5824 ἐι
1903 5768 2012 5825 alia
2041 5782 2280 5838 quanam
2315 5764 2477 5837 impia
2510 5766 2686 5822 verba.
2718 5764 3003 5840 Scriptura
3032 5764 3241 5825 codicis
3263 5765 3403 5825 Ποῖα
