  <div class='ocr_page' id='page_1' title='image "/cluster/home/n/w/nwhite01/storage/ocr_20150623/32/nnc1.0046978879/571.png"; bbox 0 0 3856 6224; ppageno 0'>
   <div class='ocr_carea' id='block_1_1' title="bbox 443 303 546 356">
    <p class='ocr_par' dir='ltr' id='par_1_1' title="bbox 443 303 546 356">
     <span class='ocr_line' id='line_1_1' title="bbox 443 303 546 356; baseline -0.029 0"><span class='ocrx_word' id='word_1_1' title='bbox 443 303 546 356; x_wconf 67' lang='grc'><strong>987</strong></span> 
     </span>
    </p>
   </div>
   <div class='ocr_carea' id='block_1_2' title="bbox 1744 294 2346 354">
    <p class='ocr_par' dir='ltr' id='par_1_2' title="bbox 1744 294 2346 354">
     <span class='ocr_line' id='line_1_2' title="bbox 1744 294 2346 354; baseline -0.003 -1"><span class='ocrx_word' id='word_1_2' title='bbox 1744 295 1802 354; x_wconf 87' lang='lat' dir='ltr'><strong>S.</strong></span> <span class='ocrx_word' id='word_1_3' title='bbox 1842 295 2089 353; x_wconf 82' lang='lat' dir='ltr'><strong>BASlLll</strong></span> <span class='ocrx_word' id='word_1_4' title='bbox 2130 294 2346 352; x_wconf 80' lang='lat' dir='ltr'><strong>MAGNI</strong></span> 
     </span>
    </p>
   </div>
   <div class='ocr_carea' id='block_1_3' title="bbox 3618 288 3735 343">
    <p class='ocr_par' dir='ltr' id='par_1_3' title="bbox 3618 288 3735 343">
     <span class='ocr_line' id='line_1_3' title="bbox 3618 288 3735 343; baseline 0 0"><span class='ocrx_word' id='word_1_5' title='bbox 3618 288 3735 343; x_wconf 88' lang='lat'><strong>988</strong></span> 
     </span>
    </p>
   </div>
   <div class='ocr_carea' id='block_1_4' title="bbox 445 402 2043 484">
    <p class='ocr_par' dir='ltr' id='par_1_4' title="bbox 445 411 2012 484">
     <span class='ocr_line' id='line_1_4' title="bbox 445 411 2012 484; baseline 0.001 -19"><span class='ocrx_word' id='word_1_6' title='bbox 445 420 654 484; x_wconf 88' lang='lat' dir='ltr'><strong>partem</strong></span> <span class='ocrx_word' id='word_1_7' title='bbox 718 414 843 466; x_wconf 66' lang='lat' dir='ltr'><strong>cum</strong></span> <span class='ocrx_word' id='word_1_8' title='bbox 911 411 979 467; x_wconf 87' lang='lat' dir='ltr'><strong>iis</strong></span> <span class='ocrx_word' id='word_1_9' title='bbox 1040 411 1136 483; x_wconf 85' lang='lat' dir='ltr'><strong>qui</strong></span> <span class='ocrx_word' id='word_1_10' title='bbox 1193 411 1276 466; x_wconf 91' lang='lat' dir='ltr'><strong>sic</strong></span> <span class='ocrx_word' id='word_1_11' title='bbox 1329 411 1632 483; x_wconf 89' lang='lat' dir='ltr'><strong>loquuntur</strong></span> <span class='ocrx_word' id='word_1_12' title='bbox 1688 412 2012 467; x_wconf 82' lang='lat' dir='ltr'><strong>habeamus.</strong></span> 
     </span>
    </p>
   </div>
   <div class='ocr_carea' id='block_1_5' title="bbox 2173 402 3733 484">
    <p class='ocr_par' dir='ltr' id='par_1_5' title="bbox 2173 402 3733 482">
     <span class='ocr_line' id='line_1_5' title="bbox 2173 402 3733 482; baseline -0.009 -17"><span class='ocrx_word' id='word_1_13' title='bbox 2173 411 2374 466; x_wconf 78' lang='grc' dir='ltr'>ιοτεινά</span> <span class='ocrx_word' id='word_1_14' title='bbox 2402 409 2574 482; x_wconf 76' lang='grc' dir='ltr'>ἀσεϐή</span> <span class='ocrx_word' id='word_1_15' title='bbox 2584 426 2749 481; x_wconf 91' lang='grc' dir='ltr'>ματα,</span> <span class='ocrx_word' id='word_1_16' title='bbox 2776 408 2811 463; x_wconf 73' lang='grc' dir='ltr'>ἃ</span> <span class='ocrx_word' id='word_1_17' title='bbox 2843 408 3006 479; x_wconf 81' lang='grc' dir='ltr'>ἡμεῖς</span> <span class='ocrx_word' id='word_1_18' title='bbox 3030 404 3152 459; x_wconf 82' lang='grc' dir='ltr'><strong>ούδέ</strong></span> <span class='ocrx_word' id='word_1_19' title='bbox 3177 405 3296 467; x_wconf 82' lang='grc' dir='ltr'>ταῖς</span> <span class='ocrx_word' id='word_1_20' title='bbox 3326 402 3516 465; x_wconf 58' lang='grc' dir='ltr'>άκοαξ</span> <span class='ocrx_word' id='word_1_21' title='bbox 3550 402 3733 471; x_wconf 80' lang='grc' dir='ltr'>ἡμῶν</span> 
     </span>
    </p>
   </div>
   <div class='ocr_carea' id='block_1_6' title="bbox 444 501 2021 561">
    <p class='ocr_par' dir='ltr' id='par_1_6' title="bbox 444 501 2021 561">
     <span class='ocr_line' id='line_1_6' title="bbox 444 501 2021 561; baseline 0.002 -4"><span class='ocrx_word' id='word_1_22' title='bbox 444 503 637 558; x_wconf 82' lang='lat' dir='ltr'><strong>Nonne</strong></span> <span class='ocrx_word' id='word_1_23' title='bbox 672 501 974 558; x_wconf 74' lang='lat' dir='ltr'><strong>doctrinam</strong></span> <span class='ocrx_word' id='word_1_24' title='bbox 1021 502 1311 558; x_wconf 84' lang='lat' dir='ltr'><strong>confundit</strong></span> <span class='ocrx_word' id='word_1_25' title='bbox 1356 502 1793 559; x_wconf 83' lang='lat' dir='ltr'><strong>lncarnationis?</strong></span> <span class='ocrx_word' id='word_1_26' title='bbox 1838 521 2021 561; x_wconf 85' lang='lat' dir='ltr'><strong>nonne</strong></span> 
     </span>
    </p>
   </div>
   <div class='ocr_carea' id='block_1_7' title="bbox 444 592 2023 649">
    <p class='ocr_par' dir='ltr' id='par_1_7' title="bbox 444 592 2023 649">
     <span class='ocr_line' id='line_1_7' title="bbox 444 592 2023 649; baseline 0.001 -2"><span class='ocrx_word' id='word_1_27' title='bbox 444 592 611 649; x_wconf 89' lang='lat' dir='ltr'><strong>dubia</strong></span> <span class='ocrx_word' id='word_1_28' title='bbox 640 592 828 647; x_wconf 91' lang='lat' dir='ltr'><strong>multis</strong></span> <span class='ocrx_word' id='word_1_29' title='bbox 853 594 995 647; x_wconf 84' lang='lat' dir='ltr'><strong>facta</strong></span> <span class='ocrx_word' id='word_1_30' title='bbox 1016 600 1102 648; x_wconf 86' lang='lat' dir='ltr'><strong>est</strong></span> <span class='ocrx_word' id='word_1_31' title='bbox 1129 593 1413 649; x_wconf 81' lang='lat' dir='ltr'><strong>salutifera</strong></span> <span class='ocrx_word' id='word_1_32' title='bbox 1450 592 1666 649; x_wconf 87' lang='lat' dir='ltr'><strong>Domini</strong></span> <span class='ocrx_word' id='word_1_33' title='bbox 1698 594 1872 649; x_wconf 78' lang='lat' dir='ltr'><strong>nostri</strong></span> <span class='ocrx_word' id='word_1_34' title='bbox 1906 594 2023 649; x_wconf 80' lang='lat' dir='ltr'><strong>dis-</strong></span> 
     </span>
    </p>
   </div>
   <div class='ocr_carea' id='block_1_8' title="bbox 446 683 2024 755">
    <p class='ocr_par' dir='ltr' id='par_1_8' title="bbox 446 683 2024 755">
     <span class='ocr_line' id='line_1_8' title="bbox 446 683 2024 755; baseline 0.001 -17"><span class='ocrx_word' id='word_1_35' title='bbox 446 684 699 755; x_wconf 88' lang='lat' dir='ltr'><strong>pensatio</strong></span> <span class='ocrx_word' id='word_1_36' title='bbox 759 700 831 739; x_wconf 76' lang='lat' dir='ltr'><strong>ex</strong></span> <span class='ocrx_word' id='word_1_37' title='bbox 882 683 1168 740; x_wconf 89' lang='lat' dir='ltr'><strong>lutulentis</strong></span> <span class='ocrx_word' id='word_1_38' title='bbox 1230 692 1286 740; x_wconf 90' lang='lat' dir='ltr'><strong>et</strong></span> <span class='ocrx_word' id='word_1_39' title='bbox 1346 686 1708 742; x_wconf 90' lang='lat' dir='ltr'><strong>tenebricosis</strong></span> <span class='ocrx_word' id='word_1_40' title='bbox 1758 686 1909 741; x_wconf 89' lang='lat' dir='ltr'><strong>illius</strong></span> <span class='ocrx_word' id='word_1_41' title='bbox 1954 685 2024 740; x_wconf 89' lang='lat' dir='ltr'><strong>de</strong></span> 
     </span>
    </p>
   </div>
   <div class='ocr_carea' id='block_1_9' title="bbox 445 775 2023 846">
    <p class='ocr_par' dir='ltr' id='par_1_9' title="bbox 445 775 2023 846">
     <span class='ocr_line' id='line_1_9' title="bbox 445 775 2023 846; baseline 0.001 -16"><span class='ocrx_word' id='word_1_42' title='bbox 445 775 832 831; x_wconf 88' lang='lat' dir='ltr'><strong>lncarnatione</strong></span> <span class='ocrx_word' id='word_1_43' title='bbox 877 776 1315 846; x_wconf 70' lang='lat' dir='ltr'><strong>qumstionibus?</strong></span> <span class='ocrx_word' id='word_1_44' title='bbox 1345 777 1478 843; x_wconf 72' lang='lat' dir='ltr'><strong>Quze</strong></span> <span class='ocrx_word' id='word_1_45' title='bbox 1520 778 1705 831; x_wconf 84' lang='lat' dir='ltr'><strong>omnia</strong></span> <span class='ocrx_word' id='word_1_46' title='bbox 1750 785 1813 831; x_wconf 89' lang='lat' dir='ltr'><strong>ut</strong></span> <span class='ocrx_word' id='word_1_47' title='bbox 1864 777 2023 831; x_wconf 90' lang='lat' dir='ltr'><strong>colli-</strong></span> 
     </span>
    </p>
   </div>
   <div class='ocr_carea' id='block_1_10' title="bbox 447 867 2026 941">
    <p class='ocr_par' dir='ltr' id='par_1_10' title="bbox 447 867 2026 941">
     <span class='ocr_line' id='line_1_10' title="bbox 447 867 2026 941; baseline 0 -17"><span class='ocrx_word' id='word_1_48' title='bbox 447 878 650 941; x_wconf 86' lang='lat' dir='ltr'><strong>gantur</strong></span> <span class='ocrx_word' id='word_1_49' title='bbox 679 876 735 925; x_wconf 88' lang='lat' dir='ltr'><strong>et</strong></span> <span class='ocrx_word' id='word_1_50' title='bbox 776 867 1046 939; x_wconf 78' lang='lat' dir='ltr'><strong>arguendi</strong></span> <span class='ocrx_word' id='word_1_51' title='bbox 1076 867 1241 940; x_wconf 65' lang='grc'><strong>410</strong></span> <span class='ocrx_word' id='word_1_52' title='bbox 1264 883 1433 923; x_wconf 91' lang='lat' dir='ltr'><strong>causa</strong></span> <span class='ocrx_word' id='word_1_53' title='bbox 1460 878 1829 939; x_wconf 85' lang='lat' dir='ltr'><strong>exponantur,</strong></span> <span class='ocrx_word' id='word_1_54' title='bbox 1861 869 2026 941; x_wconf 84' lang='lat' dir='ltr'><strong>longe</strong></span> 
     </span>
    </p>
   </div>
   <div class='ocr_carea' id='block_1_11' title="bbox 446 958 2025 1032">
    <p class='ocr_par' dir='ltr' id='par_1_11' title="bbox 446 958 2025 1032">
     <span class='ocr_line' id='line_1_11' title="bbox 446 958 2025 1032; baseline 0 -17"><span class='ocrx_word' id='word_1_55' title='bbox 446 968 694 1032; x_wconf 82' lang='lat' dir='ltr'><strong>tempore</strong></span> <span class='ocrx_word' id='word_1_56' title='bbox 713 970 767 1016; x_wconf 89' lang='lat' dir='ltr'><strong>et</strong></span> <span class='ocrx_word' id='word_1_57' title='bbox 788 975 1040 1016; x_wconf 85' lang='lat' dir='ltr'><strong>sermone</strong></span> <span class='ocrx_word' id='word_1_58' title='bbox 1063 975 1203 1030; x_wconf 88' lang='lat' dir='ltr'><strong>opus</strong></span> <span class='ocrx_word' id='word_1_59' title='bbox 1237 967 1341 1016; x_wconf 79' lang='lat' dir='ltr'><strong>est.</strong></span> <span class='ocrx_word' id='word_1_60' title='bbox 1376 958 1809 1016; x_wconf 87' lang='lat' dir='ltr'><strong>Promissionum</strong></span> <span class='ocrx_word' id='word_1_61' title='bbox 1841 968 2025 1016; x_wconf 88' lang='lat' dir='ltr'><strong>autem</strong></span> 
     </span>
    </p>
   </div>
   <div class='ocr_carea' id='block_1_12' title="bbox 448 1051 2025 1123">
    <p class='ocr_par' dir='ltr' id='par_1_12' title="bbox 448 1051 2025 1123">
     <span class='ocr_line' id='line_1_12' title="bbox 448 1051 2025 1123; baseline 0.003 -17"><span class='ocrx_word' id='word_1_62' title='bbox 448 1051 755 1108; x_wconf 74' lang='lat' dir='ltr'><strong>doctrinam</strong></span> <span class='ocrx_word' id='word_1_63' title='bbox 786 1054 911 1123; x_wconf 88' lang='lat' dir='ltr'><strong>quis</strong></span> <span class='ocrx_word' id='word_1_64' title='bbox 936 1052 1021 1107; x_wconf 86' lang='lat' dir='ltr'><strong>sic</strong></span> <span class='ocrx_word' id='word_1_65' title='bbox 1060 1051 1372 1107; x_wconf 89' lang='lat' dir='ltr'><strong>obliteravit</strong></span> <span class='ocrx_word' id='word_1_66' title='bbox 1406 1066 1471 1107; x_wconf 86' lang='lat' dir='ltr'><strong>ac</strong></span> <span class='ocrx_word' id='word_1_67' title='bbox 1500 1052 1724 1117; x_wconf 80' lang='lat' dir='ltr'><strong>delevit,</strong></span> <span class='ocrx_word' id='word_1_68' title='bbox 1768 1061 1828 1107; x_wconf 90' lang='lat' dir='ltr'><strong>ut</strong></span> <span class='ocrx_word' id='word_1_69' title='bbox 1877 1053 2025 1110; x_wconf 89' lang='lat' dir='ltr'><strong>illius</strong></span> 
     </span>
    </p>
   </div>
   <div class='ocr_carea' id='block_1_13' title="bbox 450 1142 2029 1216">
    <p class='ocr_par' dir='ltr' id='par_1_13' title="bbox 450 1142 2029 1216">
     <span class='ocr_line' id='line_1_13' title="bbox 450 1142 2029 1216; baseline 0 -18"><span class='ocrx_word' id='word_1_70' title='bbox 450 1142 715 1201; x_wconf 65' lang='lat' dir='ltr'><strong>fabulosae</strong></span> <span class='ocrx_word' id='word_1_71' title='bbox 754 1145 949 1216; x_wconf 63' lang='lat' dir='ltr'><strong>nugae?</strong></span> <span class='ocrx_word' id='word_1_72' title='bbox 977 1144 1080 1212; x_wconf 86' lang='lat' dir='ltr'><strong>Qui</strong></span> <span class='ocrx_word' id='word_1_73' title='bbox 1120 1144 1339 1216; x_wconf 86' lang='lat' dir='ltr'><strong>quidem</strong></span> <span class='ocrx_word' id='word_1_74' title='bbox 1369 1145 1583 1200; x_wconf 85' lang='lat' dir='ltr'><strong>beatam</strong></span> <span class='ocrx_word' id='word_1_75' title='bbox 1622 1160 1773 1215; x_wconf 90' lang='lat' dir='ltr'><strong>spem</strong></span> <span class='ocrx_word' id='word_1_76' title='bbox 1814 1145 2029 1216; x_wconf 81' lang='lat' dir='ltr'><strong>reposi-</strong></span> 
     </span>
    </p>
   </div>
   <div class='ocr_carea' id='block_1_14' title="bbox 450 1235 2026 1309">
    <p class='ocr_par' dir='ltr' id='par_1_14' title="bbox 450 1235 2026 1309">
     <span class='ocr_line' id='line_1_14' title="bbox 450 1235 2026 1309; baseline 0.003 -20"><span class='ocrx_word' id='word_1_77' title='bbox 450 1244 564 1290; x_wconf 91' lang='lat' dir='ltr'><strong>tam</strong></span> <span class='ocrx_word' id='word_1_78' title='bbox 601 1235 719 1301; x_wconf 86' lang='lat' dir='ltr'><strong>his,</strong></span> <span class='ocrx_word' id='word_1_79' title='bbox 772 1238 865 1308; x_wconf 88' lang='lat' dir='ltr'><strong>qui</strong></span> <span class='ocrx_word' id='word_1_80' title='bbox 900 1237 1200 1295; x_wconf 86' lang='lat' dir='ltr'><strong>secundum</strong></span> <span class='ocrx_word' id='word_1_81' title='bbox 1233 1237 1439 1293; x_wconf 85' lang='lat' dir='ltr'><strong>Christi</strong></span> <span class='ocrx_word' id='word_1_82' title='bbox 1476 1237 1829 1309; x_wconf 82' lang='lat' dir='ltr'><strong>Evangelium</strong></span> <span class='ocrx_word' id='word_1_83' title='bbox 1872 1239 2026 1293; x_wconf 82' lang='lat' dir='ltr'><strong>vixe-</strong></span> 
     </span>
    </p>
   </div>
   <div class='ocr_carea' id='block_1_15' title="bbox 450 1325 2025 1399">
    <p class='ocr_par' dir='ltr' id='par_1_15' title="bbox 450 1325 2025 1399">
     <span class='ocr_line' id='line_1_15' title="bbox 450 1325 2025 1399; baseline 0.001 -19"><span class='ocrx_word' id='word_1_84' title='bbox 450 1325 594 1389; x_wconf 86' lang='lat' dir='ltr'><strong>rint,</strong></span> <span class='ocrx_word' id='word_1_85' title='bbox 626 1325 700 1380; x_wconf 91' lang='lat' dir='ltr'><strong>ita</strong></span> <span class='ocrx_word' id='word_1_86' title='bbox 728 1329 947 1384; x_wconf 81' lang='lat' dir='ltr'><strong>exiliter</strong></span> <span class='ocrx_word' id='word_1_87' title='bbox 983 1337 1038 1384; x_wconf 89' lang='lat' dir='ltr'><strong>et</strong></span> <span class='ocrx_word' id='word_1_88' title='bbox 1065 1328 1306 1385; x_wconf 84' lang='lat' dir='ltr'><strong>demisse</strong></span> <span class='ocrx_word' id='word_1_89' title='bbox 1331 1344 1503 1386; x_wconf 88' lang='lat' dir='ltr'><strong>ausus</strong></span> <span class='ocrx_word' id='word_1_90' title='bbox 1530 1337 1616 1385; x_wconf 88' lang='lat' dir='ltr'><strong>est</strong></span> <span class='ocrx_word' id='word_1_91' title='bbox 1654 1328 2025 1399; x_wconf 82' lang='lat' dir='ltr'><strong>interpretari,</strong></span> 
     </span>
    </p>
   </div>
   <div class='ocr_carea' id='block_1_16' title="bbox 453 1415 2027 1475">
    <p class='ocr_par' dir='ltr' id='par_1_16' title="bbox 453 1415 2027 1475">
     <span class='ocr_line' id='line_1_16' title="bbox 453 1415 2027 1475; baseline 0.002 -4"><span class='ocrx_word' id='word_1_92' title='bbox 453 1423 516 1471; x_wconf 93' lang='lat' dir='ltr'><strong>ut</strong></span> <span class='ocrx_word' id='word_1_93' title='bbox 538 1416 607 1471; x_wconf 89' lang='lat' dir='ltr'><strong>ad</strong></span> <span class='ocrx_word' id='word_1_94' title='bbox 632 1415 846 1475; x_wconf 81' lang='lat' dir='ltr'><strong>fabulas</strong></span> <span class='ocrx_word' id='word_1_95' title='bbox 878 1420 1054 1474; x_wconf 85' lang='lat' dir='ltr'><strong>aniles</strong></span> <span class='ocrx_word' id='word_1_96' title='bbox 1085 1428 1140 1474; x_wconf 92' lang='lat' dir='ltr'><strong>et</strong></span> <span class='ocrx_word' id='word_1_97' title='bbox 1168 1418 1393 1474; x_wconf 71' lang='lat' dir='ltr'><strong>Iudaica</strong></span> <span class='ocrx_word' id='word_1_98' title='bbox 1425 1428 1733 1475; x_wconf 90' lang='lat' dir='ltr'><strong>commenta</strong></span> <span class='ocrx_word' id='word_1_99' title='bbox 1755 1417 2027 1475; x_wconf 82' lang='lat' dir='ltr'><strong>deﬂectat.</strong></span> 
     </span>
    </p>
   </div>
   <div class='ocr_carea' id='block_1_17' title="bbox 451 1507 2031 1582">
    <p class='ocr_par' dir='ltr' id='par_1_17' title="bbox 451 1507 2031 1582">
     <span class='ocr_line' id='line_1_17' title="bbox 451 1507 2031 1582; baseline 0.003 -19"><span class='ocrx_word' id='word_1_100' title='bbox 451 1507 646 1564; x_wconf 82' lang='lat' dir='ltr'><strong>Denuo</strong></span> <span class='ocrx_word' id='word_1_101' title='bbox 692 1510 985 1581; x_wconf 89' lang='lat' dir='ltr'><strong>pollicetur</strong></span> <span class='ocrx_word' id='word_1_102' title='bbox 1027 1511 1216 1582; x_wconf 86' lang='lat' dir='ltr'><strong>templi</strong></span> <span class='ocrx_word' id='word_1_103' title='bbox 1262 1511 1717 1567; x_wconf 88' lang='lat' dir='ltr'><strong>instaurationem</strong></span> <span class='ocrx_word' id='word_1_104' title='bbox 1749 1519 1804 1567; x_wconf 87' lang='lat' dir='ltr'><strong>et</strong></span> <span class='ocrx_word' id='word_1_105' title='bbox 1845 1513 2031 1568; x_wconf 86' lang='lat' dir='ltr'><strong>cultus</strong></span> 
     </span>
    </p>
   </div>
   <div class='ocr_carea' id='block_1_18' title="bbox 453 1598 2034 1675">
    <p class='ocr_par' dir='ltr' id='par_1_18' title="bbox 453 1598 2034 1675">
     <span class='ocr_line' id='line_1_18' title="bbox 453 1598 2034 1675; baseline 0.002 -21"><span class='ocrx_word' id='word_1_106' title='bbox 453 1598 644 1671; x_wconf 76' lang='lat' dir='ltr'><strong>legalis</strong></span> <span class='ocrx_word' id='word_1_107' title='bbox 698 1601 1183 1664; x_wconf 86' lang='lat' dir='ltr'><strong>observationem,</strong></span> <span class='ocrx_word' id='word_1_108' title='bbox 1241 1602 1554 1675; x_wconf 81' lang='lat' dir='ltr'><strong>pontiﬁcem</strong></span> <span class='ocrx_word' id='word_1_109' title='bbox 1609 1603 1852 1674; x_wconf 88' lang='lat' dir='ltr'><strong>typicum</strong></span> <span class='ocrx_word' id='word_1_110' title='bbox 1906 1610 2034 1674; x_wconf 87' lang='lat' dir='ltr'><strong>post</strong></span> 
     </span>
    </p>
   </div>
   <div class='ocr_carea' id='block_1_19' title="bbox 456 1692 2034 1765">
    <p class='ocr_par' dir='ltr' id='par_1_19' title="bbox 456 1692 2034 1765">
     <span class='ocr_line' id='line_1_19' title="bbox 456 1692 2034 1765; baseline 0.001 -18"><span class='ocrx_word' id='word_1_111' title='bbox 456 1705 645 1747; x_wconf 85' lang='lat' dir='ltr'><strong>verum</strong></span> <span class='ocrx_word' id='word_1_112' title='bbox 711 1692 1068 1763; x_wconf 84' lang='lat' dir='ltr'><strong>pontiﬁcem,</strong></span> <span class='ocrx_word' id='word_1_113' title='bbox 1137 1693 1393 1749; x_wconf 83' lang='lat' dir='ltr'><strong>victimas</strong></span> <span class='ocrx_word' id='word_1_114' title='bbox 1449 1709 1550 1765; x_wconf 87' lang='lat' dir='ltr'><strong>pro</strong></span> <span class='ocrx_word' id='word_1_115' title='bbox 1609 1695 1851 1765; x_wconf 87' lang='lat' dir='ltr'><strong>peccatis</strong></span> <span class='ocrx_word' id='word_1_116' title='bbox 1907 1702 2034 1764; x_wconf 88' lang='lat' dir='ltr'><strong>post</strong></span> 
     </span>
    </p>
   </div>
   <div class='ocr_carea' id='block_1_20' title="bbox 2127 491 3734 572">
    <p class='ocr_par' dir='ltr' id='par_1_20' title="bbox 2127 491 3734 572">
     <span class='ocr_line' id='line_1_20' title="bbox 2127 491 3734 572; baseline -0.009 -16"><span class='ocrx_word' id='word_1_117' title='bbox 2127 500 2536 571; x_wconf 83' lang='grc' dir='ltr'><strong>κατεδεξάμεθα</strong></span> <span class='ocrx_word' id='word_1_118' title='bbox 2567 496 2980 572; x_wconf 79' lang='grc' dir='ltr'><strong>παραδέξασθαι</strong></span> <span class='ocrx_word' id='word_1_119' title='bbox 3023 494 3156 567; x_wconf 74' lang='grc'>(52),</span> <span class='ocrx_word' id='word_1_120' title='bbox 3203 492 3491 563; x_wconf 80' lang='grc' dir='ltr'><strong>εὐχόμενοι</strong></span> <span class='ocrx_word' id='word_1_121' title='bbox 3538 491 3734 562; x_wconf 82' lang='grc' dir='ltr'>μηδε-</span> 
     </span>
    </p>
   </div>
   <div class='ocr_carea' id='block_1_21' title="bbox 2133 583 3737 665">
    <p class='ocr_par' dir='ltr' id='par_1_21' title="bbox 2133 583 3737 665">
     <span class='ocr_line' id='line_1_21' title="bbox 2133 583 3737 665; baseline -0.007 -19"><span class='ocrx_word' id='word_1_122' title='bbox 2133 594 2261 665; x_wconf 94' lang='grc' dir='ltr'>μίαν</span> <span class='ocrx_word' id='word_1_123' title='bbox 2313 591 2502 664; x_wconf 83' lang='grc' dir='ltr'>μερίδα</span> <span class='ocrx_word' id='word_1_124' title='bbox 2553 590 2698 661; x_wconf 74' lang='grc' dir='ltr'>ἔχειν</span> <span class='ocrx_word' id='word_1_125' title='bbox 2748 589 2883 660; x_wconf 86' lang='grc' dir='ltr'>πρὸς</span> <span class='ocrx_word' id='word_1_126' title='bbox 2930 589 3056 651; x_wconf 73' lang='grc' dir='ltr'>τοὺς</span> <span class='ocrx_word' id='word_1_127' title='bbox 3117 587 3299 639; x_wconf 88' lang='grc' dir='ltr'>ἐκεῖνα</span> <span class='ocrx_word' id='word_1_128' title='bbox 3349 583 3418 636; x_wconf 81' lang='grc' dir='ltr'><strong>τά</strong></span> <span class='ocrx_word' id='word_1_129' title='bbox 3481 584 3737 654; x_wconf 74' lang='grc' dir='ltr'>ῥήματα</span> 
     </span>
    </p>
   </div>
   <div class='ocr_carea' id='block_1_22' title="bbox 2130 664 3739 756">
    <p class='ocr_par' dir='ltr' id='par_1_22' title="bbox 2130 664 3739 756">
     <span class='ocr_line' id='line_1_22' title="bbox 2130 664 3739 756; baseline -0.006 -20"><span class='ocrx_word' id='word_1_130' title='bbox 2130 664 2556 756; x_wconf 64' lang='grc' dir='ltr'>φθεγξαμένους.</span> <span class='ocrx_word' id='word_1_131' title='bbox 2606 683 2740 753; x_wconf 72' lang='grc' dir='ltr'><strong>Οὐχὶ</strong></span> <span class='ocrx_word' id='word_1_132' title='bbox 2781 681 3114 750; x_wconf 80' lang='grc' dir='ltr'><strong>συγκέχυται</strong></span> <span class='ocrx_word' id='word_1_133' title='bbox 3154 677 3284 749; x_wconf 84' lang='grc' dir='ltr'>παρ’</span> <span class='ocrx_word' id='word_1_134' title='bbox 3330 674 3485 746; x_wconf 86' lang='grc' dir='ltr'>αύτῷ</span> <span class='ocrx_word' id='word_1_135' title='bbox 3532 676 3570 727; x_wconf 84' lang='grc' dir='ltr'>ὀ</span> <span class='ocrx_word' id='word_1_136' title='bbox 3626 675 3739 747; x_wconf 79' lang='grc' dir='ltr'><strong>τῆς</strong></span> 
     </span>
    </p>
   </div>
   <div class='ocr_carea' id='block_1_23' title="bbox 2129 768 3740 846">
    <p class='ocr_par' dir='ltr' id='par_1_23' title="bbox 2129 768 3740 846">
     <span class='ocr_line' id='line_1_23' title="bbox 2129 768 3740 846; baseline -0.007 -16"><span class='ocrx_word' id='word_1_137' title='bbox 2129 775 2593 846; x_wconf 86' lang='grc' dir='ltr'>ἐνανθρωπήσεως</span> <span class='ocrx_word' id='word_1_138' title='bbox 2640 773 2838 843; x_wconf 90' lang='grc' dir='ltr'>λόγος;</span> <span class='ocrx_word' id='word_1_139' title='bbox 2882 772 2983 825; x_wconf 82' lang='grc' dir='ltr'><strong>οὐκ</strong></span> <span class='ocrx_word' id='word_1_140' title='bbox 3020 769 3317 843; x_wconf 75' lang='grc' dir='ltr'>ἀμφίϐολος</span> <span class='ocrx_word' id='word_1_141' title='bbox 3352 768 3558 838; x_wconf 87' lang='grc' dir='ltr'>γέγονε</span> <span class='ocrx_word' id='word_1_142' title='bbox 3612 769 3740 831; x_wconf 74' lang='grc' dir='ltr'>τοῖς</span> 
     </span>
    </p>
   </div>
   <div class='ocr_carea' id='block_1_24' title="bbox 2130 858 3742 938">
    <p class='ocr_par' dir='ltr' id='par_1_24' title="bbox 2130 858 3742 938">
     <span class='ocr_line' id='line_1_24' title="bbox 2130 858 3742 938; baseline -0.007 -15"><span class='ocrx_word' id='word_1_143' title='bbox 2130 868 2347 931; x_wconf 82' lang='grc' dir='ltr'>πολλοῖς</span> <span class='ocrx_word' id='word_1_144' title='bbox 2392 869 2427 938; x_wconf 86' lang='grc' dir='ltr'><strong>ή</strong></span> <span class='ocrx_word' id='word_1_145' title='bbox 2461 866 2727 937; x_wconf 84' lang='grc' dir='ltr'><strong>σωτήριος</strong></span> <span class='ocrx_word' id='word_1_146' title='bbox 2769 863 2862 917; x_wconf 90' lang='grc' dir='ltr'><strong>τοῦ</strong></span> <span class='ocrx_word' id='word_1_147' title='bbox 2903 862 3107 934; x_wconf 78' lang='grc' dir='ltr'>Κυρίου</span> <span class='ocrx_word' id='word_1_148' title='bbox 3139 860 3295 933; x_wconf 83' lang='grc' dir='ltr'>ήμῶν</span> <span class='ocrx_word' id='word_1_149' title='bbox 3327 858 3637 929; x_wconf 77' lang='grc' dir='ltr'>οἰκονομία</span> <span class='ocrx_word' id='word_1_150' title='bbox 3670 859 3742 911; x_wconf 80' lang='grc' dir='ltr'><strong>ἐκ</strong></span> 
     </span>
    </p>
   </div>
   <div class='ocr_carea' id='block_1_25' title="bbox 2129 949 3741 1032">
    <p class='ocr_par' dir='ltr' id='par_1_25' title="bbox 2129 949 3741 1032">
     <span class='ocr_line' id='line_1_25' title="bbox 2129 949 3741 1032; baseline -0.008 -16"><span class='ocrx_word' id='word_1_151' title='bbox 2129 962 2238 1016; x_wconf 90' lang='grc' dir='ltr'><strong>τῶν</strong></span> <span class='ocrx_word' id='word_1_152' title='bbox 2278 959 2516 1032; x_wconf 87' lang='grc' dir='ltr'><strong>θολερῶν</strong></span> <span class='ocrx_word' id='word_1_153' title='bbox 2554 956 2719 1013; x_wconf 84' lang='grc' dir='ltr'>αὐτοῦ</span> <span class='ocrx_word' id='word_1_154' title='bbox 2752 957 2848 1011; x_wconf 59' lang='grc' dir='ltr'><strong>καὶ⁹</strong></span> <span class='ocrx_word' id='word_1_155' title='bbox 2889 955 3179 1010; x_wconf 84' lang='grc' dir='ltr'><strong>σκοτεινῶν</strong></span> <span class='ocrx_word' id='word_1_156' title='bbox 3217 953 3347 1026; x_wconf 74' lang='grc' dir='ltr'>περὶ</span> <span class='ocrx_word' id='word_1_157' title='bbox 3377 949 3741 1024; x_wconf 80' lang='grc' dir='ltr'>σαρκῶσεως</span> 
     </span>
    </p>
   </div>
   <div class='ocr_carea' id='block_1_26' title="bbox 2131 1044 3740 1126">
    <p class='ocr_par' dir='ltr' id='par_1_26' title="bbox 2131 1044 3740 1126">
     <span class='ocr_line' id='line_1_26' title="bbox 2131 1044 3740 1126; baseline -0.007 -19"><span class='ocrx_word' id='word_1_158' title='bbox 2131 1052 2505 1126; x_wconf 78' lang='grc' dir='ltr'>ζητημάτων;</span> <span class='ocrx_word' id='word_1_159' title='bbox 2541 1052 2610 1105; x_wconf 70' lang='grc' dir='ltr'><strong>’Δ</strong></span> <span class='ocrx_word' id='word_1_160' title='bbox 2645 1054 2825 1107; x_wconf 89' lang='grc' dir='ltr'>πάντα</span> <span class='ocrx_word' id='word_1_161' title='bbox 2862 1051 3185 1119; x_wconf 84' lang='grc' dir='ltr'>συναγαγεῖν</span> <span class='ocrx_word' id='word_1_162' title='bbox 3223 1047 3320 1101; x_wconf 75' lang='grc' dir='ltr'><strong>καὶ</strong></span> <span class='ocrx_word' id='word_1_163' title='bbox 3365 1047 3448 1111; x_wconf 78' lang='grc' dir='ltr'><strong>εἰς</strong></span> <span class='ocrx_word' id='word_1_164' title='bbox 3493 1044 3740 1114; x_wconf 77' lang='grc' dir='ltr'>ἔλεγχον</span> 
     </span>
    </p>
   </div>
   <div class='ocr_carea' id='block_1_27' title="bbox 2133 1137 3737 1217">
    <p class='ocr_par' dir='ltr' id='par_1_27' title="bbox 2133 1137 3737 1217">
     <span class='ocr_line' id='line_1_27' title="bbox 2133 1137 3737 1217; baseline -0.007 -17"><span class='ocrx_word' id='word_1_165' title='bbox 2133 1146 2478 1215; x_wconf 76' lang='grc' dir='ltr'>καταστῆσαι</span> <span class='ocrx_word' id='word_1_166' title='bbox 2527 1143 2737 1217; x_wconf 78' lang='grc' dir='ltr'>μακροῦ</span> <span class='ocrx_word' id='word_1_167' title='bbox 2782 1145 2877 1199; x_wconf 75' lang='grc' dir='ltr'>καὶ</span> <span class='ocrx_word' id='word_1_168' title='bbox 2929 1141 3124 1214; x_wconf 89' lang='grc' dir='ltr'>χρόνου</span> <span class='ocrx_word' id='word_1_169' title='bbox 3161 1140 3279 1195; x_wconf 84' lang='grc' dir='ltr'>καὶ,</span> <span class='ocrx_word' id='word_1_170' title='bbox 3303 1138 3467 1207; x_wconf 87' lang='grc' dir='ltr'>λόγου</span> <span class='ocrx_word' id='word_1_171' title='bbox 3517 1137 3737 1190; x_wconf 84' lang='grc' dir='ltr'>δεῖται.</span> 
     </span>
    </p>
   </div>
   <div class='ocr_carea' id='block_1_28' title="bbox 2132 1228 3738 1306">
    <p class='ocr_par' dir='ltr' id='par_1_28' title="bbox 2132 1228 3738 1306">
     <span class='ocr_line' id='line_1_28' title="bbox 2132 1228 3738 1306; baseline -0.009 -14"><span class='ocrx_word' id='word_1_172' title='bbox 2132 1239 2237 1293; x_wconf 87' lang='grc' dir='ltr'>Τὸν</span> <span class='ocrx_word' id='word_1_173' title='bbox 2258 1238 2315 1292; x_wconf 85' lang='grc' dir='ltr'>δὲ</span> <span class='ocrx_word' id='word_1_174' title='bbox 2344 1238 2454 1294; x_wconf 92' lang='grc' dir='ltr'><strong>τῶν</strong></span> <span class='ocrx_word' id='word_1_175' title='bbox 2476 1237 2823 1306; x_wconf 75' lang='grc' dir='ltr'>ἐπαγγελιῶν</span> <span class='ocrx_word' id='word_1_176' title='bbox 2844 1237 3008 1290; x_wconf 84' lang='grc' dir='ltr'>τόπον</span> <span class='ocrx_word' id='word_1_177' title='bbox 3032 1232 3117 1295; x_wconf 89' lang='grc' dir='ltr'><strong>τίς</strong></span> <span class='ocrx_word' id='word_1_178' title='bbox 3136 1231 3311 1294; x_wconf 75' lang='grc' dir='ltr'>οὕτως</span> <span class='ocrx_word' id='word_1_179' title='bbox 3337 1228 3586 1300; x_wconf 76' lang='grc' dir='ltr'>ἠφάνισε</span> <span class='ocrx_word' id='word_1_180' title='bbox 3615 1228 3738 1297; x_wconf 73' lang='lat'><strong>(33)</strong></span> 
     </span>
    </p>
   </div>
   <div class='ocr_carea' id='block_1_29' title="bbox 2134 1317 3742 1401">
    <p class='ocr_par' dir='ltr' id='par_1_29' title="bbox 2134 1317 3742 1401">
     <span class='ocr_line' id='line_1_29' title="bbox 2134 1317 3742 1401; baseline -0.009 -18"><span class='ocrx_word' id='word_1_181' title='bbox 2134 1329 2230 1383; x_wconf 78' lang='grc' dir='ltr'>καὶ</span> <span class='ocrx_word' id='word_1_182' title='bbox 2264 1327 2617 1401; x_wconf 76' lang='grc' dir='ltr'>ἠμαύρωσεν,</span> <span class='ocrx_word' id='word_1_183' title='bbox 2646 1328 2723 1392; x_wconf 86' lang='grc' dir='ltr'><strong>ὡς</strong></span> <span class='ocrx_word' id='word_1_184' title='bbox 2749 1329 2784 1399; x_wconf 86' lang='grc' dir='ltr'><strong>ή</strong></span> <span class='ocrx_word' id='word_1_185' title='bbox 2813 1325 3005 1380; x_wconf 87' lang='grc' dir='ltr'>τούτου</span> <span class='ocrx_word' id='word_1_186' title='bbox 3036 1322 3357 1396; x_wconf 75' lang='grc' dir='ltr'>μυθοποιίας</span> <span class='ocrx_word' id='word_1_187' title='bbox 3389 1321 3494 1384; x_wconf 78' lang='grc' dir='ltr'>’ος</span> <span class='ocrx_word' id='word_1_188' title='bbox 3524 1336 3600 1388; x_wconf 87' lang='grc' dir='ltr'><strong>γε</strong></span> <span class='ocrx_word' id='word_1_189' title='bbox 3631 1317 3742 1388; x_wconf 79' lang='grc' dir='ltr'><strong>τὴν</strong></span> 
     </span>
    </p>
   </div>
   <div class='ocr_carea' id='block_1_30' title="bbox 2138 1411 3745 1494">
    <p class='ocr_par' dir='ltr' id='par_1_30' title="bbox 2138 1411 3745 1494">
     <span class='ocr_line' id='line_1_30' title="bbox 2138 1411 3745 1494; baseline -0.009 -19"><span class='ocrx_word' id='word_1_190' title='bbox 2138 1420 2413 1494; x_wconf 82' lang='grc' dir='ltr'>μακαρίαν</span> <span class='ocrx_word' id='word_1_191' title='bbox 2455 1419 2665 1484; x_wconf 85' lang='grc' dir='ltr'>ἐλπίδα,</span> <span class='ocrx_word' id='word_1_192' title='bbox 2696 1419 2796 1491; x_wconf 82' lang='grc' dir='ltr'><strong>τὴν</strong></span> <span class='ocrx_word' id='word_1_193' title='bbox 2826 1415 3196 1488; x_wconf 75' lang='grc' dir='ltr'>ἀποκειμένην</span> <span class='ocrx_word' id='word_1_194' title='bbox 3234 1414 3350 1476; x_wconf 84' lang='grc' dir='ltr'>τοῖς</span> <span class='ocrx_word' id='word_1_195' title='bbox 3392 1411 3745 1464; x_wconf 73' lang='grc' dir='ltr'>πολιτευσαο</span> 
     </span>
    </p>
   </div>
   <div class='ocr_carea' id='block_1_31' title="bbox 2140 1501 3742 1584">
    <p class='ocr_par' dir='ltr' id='par_1_31' title="bbox 2140 1501 3742 1584">
     <span class='ocr_line' id='line_1_31' title="bbox 2140 1501 3742 1584; baseline -0.007 -19"><span class='ocrx_word' id='word_1_196' title='bbox 2140 1512 2323 1582; x_wconf 82' lang='grc' dir='ltr'>μένοις</span> <span class='ocrx_word' id='word_1_197' title='bbox 2351 1510 2466 1584; x_wconf 63' lang='grc'>(54)</span> <span class='ocrx_word' id='word_1_198' title='bbox 2506 1509 2651 1564; x_wconf 89' lang='grc' dir='ltr'><strong>κατά</strong></span> <span class='ocrx_word' id='word_1_199' title='bbox 2681 1510 2745 1564; x_wconf 86' lang='grc' dir='ltr'><strong>τὸ</strong></span> <span class='ocrx_word' id='word_1_200' title='bbox 2786 1507 3119 1578; x_wconf 84' lang='grc' dir='ltr'>Εὑαγγέλιον</span> <span class='ocrx_word' id='word_1_201' title='bbox 3146 1503 3244 1560; x_wconf 81' lang='grc' dir='ltr'><strong>τοῦ</strong></span> <span class='ocrx_word' id='word_1_202' title='bbox 3280 1501 3550 1576; x_wconf 79' lang='grc' dir='ltr'>Χριστοῦ,</span> <span class='ocrx_word' id='word_1_203' title='bbox 3580 1501 3742 1555; x_wconf 77' lang='grc' dir='ltr'>οὕτω</span> 
     </span>
    </p>
   </div>
   <div class='ocr_carea' id='block_1_32' title="bbox 2135 1592 3736 1674">
    <p class='ocr_par' dir='ltr' id='par_1_32' title="bbox 2135 1592 3736 1674">
     <span class='ocr_line' id='line_1_32' title="bbox 2135 1592 3736 1674; baseline -0.008 -17"><span class='ocrx_word' id='word_1_204' title='bbox 2135 1602 2407 1666; x_wconf 80' lang='grc' dir='ltr'>ταπεινῶς</span> <span class='ocrx_word' id='word_1_205' title='bbox 2440 1602 2537 1656; x_wconf 61' lang='grc' dir='ltr'><strong>καὶ⁹</strong></span> <span class='ocrx_word' id='word_1_206' title='bbox 2576 1602 2931 1674; x_wconf 73' lang='grc' dir='ltr'>ἐρριμμένως</span> <span class='ocrx_word' id='word_1_207' title='bbox 2979 1597 3279 1669; x_wconf 88' lang='grc' dir='ltr'>ἐτόλμησεν</span> <span class='ocrx_word' id='word_1_208' title='bbox 3318 1592 3736 1664; x_wconf 80' lang='grc' dir='ltr'>ἐξηγήσασθαι,</span> 
     </span>
    </p>
   </div>
   <div class='ocr_carea' id='block_1_33' title="bbox 2137 1684 3739 1765">
    <p class='ocr_par' dir='ltr' id='par_1_33' title="bbox 2137 1684 3739 1765">
     <span class='ocr_line' id='line_1_33' title="bbox 2137 1684 3739 1765; baseline -0.008 -17"><span class='ocrx_word' id='word_1_209' title='bbox 2137 1694 2278 1748; x_wconf 85' lang='grc' dir='ltr'>ὥστε</span> <span class='ocrx_word' id='word_1_210' title='bbox 2316 1695 2398 1759; x_wconf 86' lang='grc' dir='ltr'>εἰς</span> <span class='ocrx_word' id='word_1_211' title='bbox 2430 1692 2700 1765; x_wconf 87' lang='grc' dir='ltr'>γραώδεις</span> <span class='ocrx_word' id='word_1_212' title='bbox 2726 1692 2837 1764; x_wconf 81' lang='grc'>(55)</span> <span class='ocrx_word' id='word_1_213' title='bbox 2878 1690 3080 1763; x_wconf 81' lang='grc' dir='ltr'>μύθους</span> <span class='ocrx_word' id='word_1_214' title='bbox 3125 1687 3221 1742; x_wconf 77' lang='grc' dir='ltr'>καὶ</span> <span class='ocrx_word' id='word_1_215' title='bbox 3251 1686 3444 1755; x_wconf 87' lang='grc' dir='ltr'>λόγους</span> <span class='ocrx_word' id='word_1_216' title='bbox 3494 1684 3739 1737; x_wconf 84' lang='grc' dir='ltr'>Ἰουδαῖ-</span> 
     </span>
    </p>
   </div>
   <div class='ocr_carea' id='block_1_34' title="bbox 457 1776 2043 1858">
    <p class='ocr_par' dir='ltr' id='par_1_34' title="bbox 457 1783 2030 1858">
     <span class='ocr_line' id='line_1_34' title="bbox 457 1783 2030 1858; baseline 0.004 -22"><span class='ocrx_word' id='word_1_217' title='bbox 457 1783 667 1856; x_wconf 80' lang='lat' dir='ltr'><strong>Agnum</strong></span> <span class='ocrx_word' id='word_1_218' title='bbox 694 1783 790 1840; x_wconf 89' lang='lat' dir='ltr'><strong>Dei</strong></span> <span class='ocrx_word' id='word_1_219' title='bbox 811 1788 901 1856; x_wconf 86' lang='lat' dir='ltr'><strong>qui</strong></span> <span class='ocrx_word' id='word_1_220' title='bbox 928 1796 1213 1857; x_wconf 89' lang='lat' dir='ltr'><strong>peccatum</strong></span> <span class='ocrx_word' id='word_1_221' title='bbox 1238 1786 1428 1842; x_wconf 90' lang='lat' dir='ltr'><strong>mundi</strong></span> <span class='ocrx_word' id='word_1_222' title='bbox 1459 1788 1678 1853; x_wconf 69' lang='lat' dir='ltr'><strong>tollit”,</strong></span> <span class='ocrx_word' id='word_1_223' title='bbox 1705 1789 2030 1858; x_wconf 83' lang='lat' dir='ltr'><strong>baptismata</strong></span> 
     </span>
    </p>
   </div>
   <div class='ocr_carea' id='block_1_35' title="bbox 2173 1776 3740 1858">
    <p class='ocr_par' dir='ltr' id='par_1_35' title="bbox 2173 1776 3740 1858">
     <span class='ocr_line' id='line_1_35' title="bbox 2173 1776 3740 1858; baseline -0.007 -17"><span class='ocrx_word' id='word_1_224' title='bbox 2173 1789 2260 1853; x_wconf 87' lang='grc' dir='ltr'><strong>οὺς</strong></span> <span class='ocrx_word' id='word_1_225' title='bbox 2280 1786 2642 1858; x_wconf 76' lang='grc' dir='ltr'>ἐκτραπῆναι.</span> <span class='ocrx_word' id='word_1_226' title='bbox 2663 1784 2903 1839; x_wconf 71' lang='grc' dir='ltr'>Ἂνωθεν</span> <span class='ocrx_word' id='word_1_227' title='bbox 2920 1781 3317 1852; x_wconf 85' lang='grc' dir='ltr'>ἐπαγγέλλεται</span> <span class='ocrx_word' id='word_1_228' title='bbox 3334 1779 3447 1851; x_wconf 74' lang='grc'>(56)</span> <span class='ocrx_word' id='word_1_229' title='bbox 3468 1778 3569 1832; x_wconf 87' lang='grc' dir='ltr'><strong>τοῦ</strong></span> <span class='ocrx_word' id='word_1_230' title='bbox 3594 1776 3740 1831; x_wconf 81' lang='grc' dir='ltr'>ναοῦ</span> 
     </span>
    </p>
   </div>
   <div class='ocr_carea' id='block_1_36' title="bbox 458 1877 2034 1950">
    <p class='ocr_par' dir='ltr' id='par_1_36' title="bbox 458 1877 2034 1950">
     <span class='ocr_line' id='line_1_36' title="bbox 458 1877 2034 1950; baseline 0.004 -22"><span class='ocrx_word' id='word_1_231' title='bbox 458 1877 609 1932; x_wconf 85' lang='lat' dir='ltr'><strong>varia</strong></span> <span class='ocrx_word' id='word_1_232' title='bbox 652 1888 779 1948; x_wconf 91' lang='lat' dir='ltr'><strong>post</strong></span> <span class='ocrx_word' id='word_1_233' title='bbox 816 1880 1039 1934; x_wconf 89' lang='lat' dir='ltr'><strong>unicum</strong></span> <span class='ocrx_word' id='word_1_234' title='bbox 1070 1880 1380 1950; x_wconf 88' lang='lat' dir='ltr'><strong>baptisma,</strong></span> <span class='ocrx_word' id='word_1_235' title='bbox 1424 1890 1479 1936; x_wconf 86' lang='lat' dir='ltr'><strong>et</strong></span> <span class='ocrx_word' id='word_1_236' title='bbox 1504 1881 1753 1950; x_wconf 67' lang='lat' dir='ltr'><strong>juvenem</strong></span> <span class='ocrx_word' id='word_1_237' title='bbox 1795 1881 2034 1948; x_wconf 86' lang='lat' dir='ltr'><strong>cineres,</strong></span> 
     </span>
    </p>
   </div>
   <div class='ocr_carea' id='block_1_37' title="bbox 458 1967 2038 2042">
    <p class='ocr_par' dir='ltr' id='par_1_37' title="bbox 458 1967 2038 2042">
     <span class='ocr_line' id='line_1_37' title="bbox 458 1967 2038 2042; baseline 0.004 -22"><span class='ocrx_word' id='word_1_238' title='bbox 458 1967 664 2038; x_wconf 83' lang='lat' dir='ltr'><strong>quibus</strong></span> <span class='ocrx_word' id='word_1_239' title='bbox 696 1976 1021 2039; x_wconf 80' lang='lat' dir='ltr'><strong>aspergatur</strong></span> <span class='ocrx_word' id='word_1_240' title='bbox 1050 1969 1317 2033; x_wconf 87' lang='lat' dir='ltr'><strong>Ecclesia,</strong></span> <span class='ocrx_word' id='word_1_241' title='bbox 1349 1987 1469 2042; x_wconf 72' lang='lat' dir='ltr'><strong>qua:</strong></span> <span class='ocrx_word' id='word_1_242' title='bbox 1498 1971 1570 2026; x_wconf 90' lang='lat' dir='ltr'><strong>ob</strong></span> <span class='ocrx_word' id='word_1_243' title='bbox 1602 1971 1760 2026; x_wconf 75' lang='lat' dir='ltr'><strong>[idem</strong></span> <span class='ocrx_word' id='word_1_244' title='bbox 1793 1973 1849 2026; x_wconf 92' lang='lat' dir='ltr'><strong>in</strong></span> <span class='ocrx_word' id='word_1_245' title='bbox 1878 1971 2038 2027; x_wconf 88' lang='lat' dir='ltr'><strong>Chri-</strong></span> 
     </span>
    </p>
   </div>
   <div class='ocr_carea' id='block_1_38' title="bbox 460 2059 2039 2134">
    <p class='ocr_par' dir='ltr' id='par_1_38' title="bbox 460 2059 2039 2134">
     <span class='ocr_line' id='line_1_38' title="bbox 460 2059 2039 2134; baseline 0.001 -20"><span class='ocrx_word' id='word_1_246' title='bbox 460 2066 606 2115; x_wconf 90' lang='lat' dir='ltr'><strong>stum</strong></span> <span class='ocrx_word' id='word_1_247' title='bbox 631 2073 741 2113; x_wconf 90' lang='lat' dir='ltr'><strong>non</strong></span> <span class='ocrx_word' id='word_1_248' title='bbox 766 2059 932 2115; x_wconf 87' lang='lat' dir='ltr'><strong>habet</strong></span> <span class='ocrx_word' id='word_1_249' title='bbox 958 2060 1228 2115; x_wconf 90' lang='lat' dir='ltr'><strong>maculam</strong></span> <span class='ocrx_word' id='word_1_250' title='bbox 1256 2076 1355 2117; x_wconf 90' lang='lat' dir='ltr'><strong>nec</strong></span> <span class='ocrx_word' id='word_1_251' title='bbox 1384 2077 1574 2134; x_wconf 89' lang='lat' dir='ltr'><strong>rugam</strong></span> <span class='ocrx_word' id='word_1_252' title='bbox 1599 2076 1702 2118; x_wconf 89' lang='lat' dir='ltr'><strong>nec</strong></span> <span class='ocrx_word' id='word_1_253' title='bbox 1736 2063 2039 2133; x_wconf 89' lang='lat' dir='ltr'><strong>quidquam</strong></span> 
     </span>
    </p>
   </div>
   <div class='ocr_carea' id='block_1_39' title="bbox 460 2149 2040 2224">
    <p class='ocr_par' dir='ltr' id='par_1_39' title="bbox 460 2149 2040 2224">
     <span class='ocr_line' id='line_1_39' title="bbox 460 2149 2040 2224; baseline 0 -17"><span class='ocrx_word' id='word_1_254' title='bbox 460 2149 734 2220; x_wconf 85' lang='lat' dir='ltr'><strong>ejusmodi</strong></span> <span class='ocrx_word' id='word_1_255' title='bbox 750 2149 794 2181; x_wconf 86' lang='grc'><strong>⁸⁷</strong></span> <span class='ocrx_word' id='word_1_256' title='bbox 816 2169 829 2206; x_wconf 94' lang='lat'><strong>:</strong></span> <span class='ocrx_word' id='word_1_257' title='bbox 849 2150 1013 2221; x_wconf 84' lang='lat' dir='ltr'><strong>leprae</strong></span> <span class='ocrx_word' id='word_1_258' title='bbox 1040 2166 1103 2206; x_wconf 83' lang='lat' dir='ltr'><strong>ex</strong></span> <span class='ocrx_word' id='word_1_259' title='bbox 1115 2154 1493 2224; x_wconf 68' lang='lat' dir='ltr'><strong>purgationem</strong></span> <span class='ocrx_word' id='word_1_260' title='bbox 1531 2160 1657 2224; x_wconf 90' lang='lat' dir='ltr'><strong>post</strong></span> <span class='ocrx_word' id='word_1_261' title='bbox 1686 2155 2040 2209; x_wconf 89' lang='lat' dir='ltr'><strong>resurrectio-</strong></span> 
     </span>
    </p>
   </div>
   <div class='ocr_carea' id='block_1_40' title="bbox 463 2243 2040 2317">
    <p class='ocr_par' dir='ltr' id='par_1_40' title="bbox 463 2243 2040 2317">
     <span class='ocr_line' id='line_1_40' title="bbox 463 2243 2040 2317; baseline 0.001 -19"><span class='ocrx_word' id='word_1_262' title='bbox 463 2243 553 2298; x_wconf 88' lang='lat' dir='ltr'><strong>nis</strong></span> <span class='ocrx_word' id='word_1_263' title='bbox 577 2250 778 2298; x_wconf 86' lang='lat' dir='ltr'><strong>statum</strong></span> <span class='ocrx_word' id='word_1_264' title='bbox 808 2243 1184 2313; x_wconf 82' lang='lat' dir='ltr'><strong>perpessionis</strong></span> <span class='ocrx_word' id='word_1_265' title='bbox 1217 2253 1541 2316; x_wconf 72' lang='lat' dir='ltr'><strong>expertem;</strong></span> <span class='ocrx_word' id='word_1_266' title='bbox 1575 2245 1857 2317; x_wconf 66' lang='lat' dir='ltr'><strong>zelotypiat</strong></span> <span class='ocrx_word' id='word_1_267' title='bbox 1889 2244 2040 2300; x_wconf 86' lang='lat' dir='ltr'><strong>obla-</strong></span> 
     </span>
    </p>
   </div>
   <div class='ocr_carea' id='block_1_41' title="bbox 463 2334 2043 2409">
    <p class='ocr_par' dir='ltr' id='par_1_41' title="bbox 463 2334 2043 2409">
     <span class='ocr_line' id='line_1_41' title="bbox 463 2334 2043 2409; baseline 0.005 -22"><span class='ocrx_word' id='word_1_268' title='bbox 463 2334 692 2399; x_wconf 90' lang='lat' dir='ltr'><strong>tionem,</strong></span> <span class='ocrx_word' id='word_1_269' title='bbox 712 2334 807 2390; x_wconf 92' lang='lat' dir='ltr'><strong>ubi</strong></span> <span class='ocrx_word' id='word_1_270' title='bbox 833 2350 1011 2405; x_wconf 90' lang='lat' dir='ltr'><strong>neque</strong></span> <span class='ocrx_word' id='word_1_271' title='bbox 1033 2337 1448 2395; x_wconf 86' lang='lat' dir='ltr'><strong>matrimonium</strong></span> <span class='ocrx_word' id='word_1_272' title='bbox 1480 2340 1845 2405; x_wconf 86' lang='lat' dir='ltr'><strong>contrahunt,</strong></span> <span class='ocrx_word' id='word_1_273' title='bbox 1863 2355 2043 2409; x_wconf 89' lang='lat' dir='ltr'><strong>neque</strong></span> 
     </span>
    </p>
   </div>
   <div class='ocr_carea' id='block_1_42' title="bbox 465 2424 2046 2502">
    <p class='ocr_par' dir='ltr' id='par_1_42' title="bbox 465 2424 2046 2502">
     <span class='ocr_line' id='line_1_42' title="bbox 465 2424 2046 2502; baseline 0.004 -22"><span class='ocrx_word' id='word_1_274' title='bbox 465 2424 745 2480; x_wconf 91' lang='lat' dir='ltr'><strong>connubio</strong></span> <span class='ocrx_word' id='word_1_275' title='bbox 795 2424 1138 2497; x_wconf 80' lang='lat' dir='ltr'><strong>junguntur;</strong></span> <span class='ocrx_word' id='word_1_276' title='bbox 1202 2443 1372 2498; x_wconf 85' lang='lat' dir='ltr'><strong>panes</strong></span> <span class='ocrx_word' id='word_1_277' title='bbox 1409 2430 1865 2501; x_wconf 86' lang='lat' dir='ltr'><strong>propositionis,</strong></span> <span class='ocrx_word' id='word_1_278' title='bbox 1921 2439 2046 2502; x_wconf 90' lang='lat' dir='ltr'><strong>post</strong></span> 
     </span>
    </p>
   </div>
   <div class='ocr_carea' id='block_1_43' title="bbox 465 2515 2048 2587">
    <p class='ocr_par' dir='ltr' id='par_1_43' title="bbox 465 2515 2048 2587">
     <span class='ocr_line' id='line_1_43' title="bbox 465 2515 2048 2587; baseline 0.004 -18"><span class='ocrx_word' id='word_1_279' title='bbox 465 2530 659 2585; x_wconf 90' lang='lat' dir='ltr'><strong>panem</strong></span> <span class='ocrx_word' id='word_1_280' title='bbox 698 2516 854 2570; x_wconf 90' lang='lat' dir='ltr'><strong>illum</strong></span> <span class='ocrx_word' id='word_1_281' title='bbox 885 2515 980 2587; x_wconf 90' lang='lat' dir='ltr'><strong>qui</strong></span> <span class='ocrx_word' id='word_1_282' title='bbox 1027 2516 1096 2572; x_wconf 91' lang='lat' dir='ltr'><strong>de</strong></span> <span class='ocrx_word' id='word_1_283' title='bbox 1128 2518 1271 2574; x_wconf 74' lang='lat' dir='ltr'><strong>cmlo</strong></span> <span class='ocrx_word' id='word_1_284' title='bbox 1303 2519 1589 2575; x_wconf 86' lang='lat' dir='ltr'><strong>descendit</strong></span> <span class='ocrx_word' id='word_1_285' title='bbox 1621 2538 1635 2575; x_wconf 92' lang='lat'>:</span> <span class='ocrx_word' id='word_1_286' title='bbox 1671 2521 1925 2577; x_wconf 85' lang='lat' dir='ltr'><strong>lucernas</strong></span> <span class='ocrx_word' id='word_1_287' title='bbox 1955 2536 2048 2575; x_wconf 78' lang='lat' dir='ltr'><strong>ar-</strong></span> 
     </span>
    </p>
   </div>
   <div class='ocr_carea' id='block_1_44' title="bbox 467 2604 2045 2675">
    <p class='ocr_par' dir='ltr' id='par_1_44' title="bbox 467 2604 2045 2675">
     <span class='ocr_line' id='line_1_44' title="bbox 467 2604 2045 2675; baseline 0.004 -16"><span class='ocrx_word' id='word_1_288' title='bbox 467 2604 682 2669; x_wconf 88' lang='lat' dir='ltr'><strong>dentes,</strong></span> <span class='ocrx_word' id='word_1_289' title='bbox 712 2612 835 2675; x_wconf 90' lang='lat' dir='ltr'><strong>post</strong></span> <span class='ocrx_word' id='word_1_290' title='bbox 872 2622 1059 2661; x_wconf 84' lang='lat' dir='ltr'><strong>verum</strong></span> <span class='ocrx_word' id='word_1_291' title='bbox 1095 2609 1301 2664; x_wconf 91' lang='lat' dir='ltr'><strong>lumen.</strong></span> <span class='ocrx_word' id='word_1_292' title='bbox 1338 2609 1404 2662; x_wconf 88' lang='lat' dir='ltr'><strong>Et</strong></span> <span class='ocrx_word' id='word_1_293' title='bbox 1435 2611 1490 2663; x_wconf 92' lang='lat' dir='ltr'><strong>in</strong></span> <span class='ocrx_word' id='word_1_294' title='bbox 1519 2627 1733 2666; x_wconf 86' lang='lat' dir='ltr'><strong>summa</strong></span> <span class='ocrx_word' id='word_1_295' title='bbox 1755 2649 1769 2674; x_wconf 92' lang='lat'><strong>,</strong></span> <span class='ocrx_word' id='word_1_296' title='bbox 1813 2611 1859 2666; x_wconf 91' lang='lat' dir='ltr'><strong>si</strong></span> <span class='ocrx_word' id='word_1_297' title='bbox 1890 2627 2045 2666; x_wconf 76' lang='lat' dir='ltr'><strong>man-</strong></span> 
     </span>
    </p>
   </div>
   <div class='ocr_carea' id='block_1_45' title="bbox 469 2696 2049 2772">
    <p class='ocr_par' dir='ltr' id='par_1_45' title="bbox 469 2696 2049 2772">
     <span class='ocr_line' id='line_1_45' title="bbox 469 2696 2049 2772; baseline 0.004 -22"><span class='ocrx_word' id='word_1_298' title='bbox 469 2696 723 2751; x_wconf 88' lang='lat' dir='ltr'><strong>datorum</strong></span> <span class='ocrx_word' id='word_1_299' title='bbox 758 2697 843 2751; x_wconf 80' lang='lat' dir='ltr'><strong>lex</strong></span> <span class='ocrx_word' id='word_1_300' title='bbox 891 2697 949 2751; x_wconf 91' lang='lat' dir='ltr'><strong>in</strong></span> <span class='ocrx_word' id='word_1_301' title='bbox 990 2698 1339 2768; x_wconf 79' lang='lat' dir='ltr'><strong>dogmatibus</strong></span> <span class='ocrx_word' id='word_1_302' title='bbox 1378 2700 1581 2755; x_wconf 89' lang='lat' dir='ltr'><strong>abolita</strong></span> <span class='ocrx_word' id='word_1_303' title='bbox 1611 2716 1715 2763; x_wconf 85' lang='lat' dir='ltr'><strong>est,</strong></span> <span class='ocrx_word' id='word_1_304' title='bbox 1750 2702 1931 2772; x_wconf 90' lang='lat' dir='ltr'><strong>palam</strong></span> <span class='ocrx_word' id='word_1_305' title='bbox 1963 2709 2049 2757; x_wconf 86' lang='lat' dir='ltr'><strong>est</strong></span> 
     </span>
    </p>
   </div>
   <div class='ocr_carea' id='block_1_46' title="bbox 470 2787 2047 2864">
    <p class='ocr_par' dir='ltr' id='par_1_46' title="bbox 470 2787 2047 2864">
     <span class='ocr_line' id='line_1_46' title="bbox 470 2787 2047 2864; baseline 0.003 -22"><span class='ocrx_word' id='word_1_306' title='bbox 470 2795 604 2842; x_wconf 88' lang='lat' dir='ltr'><strong>tunc</strong></span> <span class='ocrx_word' id='word_1_307' title='bbox 641 2787 851 2843; x_wconf 88' lang='lat' dir='ltr'><strong>Christi</strong></span> <span class='ocrx_word' id='word_1_308' title='bbox 894 2788 1147 2860; x_wconf 80' lang='lat' dir='ltr'><strong>dogmata</strong></span> <span class='ocrx_word' id='word_1_309' title='bbox 1195 2791 1249 2844; x_wconf 91' lang='lat' dir='ltr'><strong>in</strong></span> <span class='ocrx_word' id='word_1_310' title='bbox 1279 2792 1567 2862; x_wconf 67' lang='lat' dir='ltr'><strong>praeceptis</strong></span> <span class='ocrx_word' id='word_1_311' title='bbox 1610 2793 1877 2864; x_wconf 76' lang='lat' dir='ltr'><strong>legalibus</strong></span> <span class='ocrx_word' id='word_1_312' title='bbox 1906 2793 2047 2847; x_wconf 86' lang='lat' dir='ltr'><strong>anti-</strong></span> 
     </span>
    </p>
   </div>
   <div class='ocr_carea' id='block_1_47' title="bbox 469 2879 2048 2953">
    <p class='ocr_par' dir='ltr' id='par_1_47' title="bbox 469 2879 2048 2953">
     <span class='ocr_line' id='line_1_47' title="bbox 469 2879 2048 2953; baseline 0.004 -19"><span class='ocrx_word' id='word_1_313' title='bbox 469 2888 695 2950; x_wconf 86' lang='lat' dir='ltr'><strong>quatum</strong></span> <span class='ocrx_word' id='word_1_314' title='bbox 740 2880 829 2936; x_wconf 89' lang='lat' dir='ltr'><strong>iri.</strong></span> <span class='ocrx_word' id='word_1_315' title='bbox 878 2879 960 2937; x_wconf 94' lang='lat' dir='ltr'><strong>Ob</strong></span> <span class='ocrx_word' id='word_1_316' title='bbox 991 2882 1109 2936; x_wconf 63' lang='lat' dir='ltr'><strong>haec</strong></span> <span class='ocrx_word' id='word_1_317' title='bbox 1152 2883 1330 2953; x_wconf 90' lang='lat' dir='ltr'><strong>pudor</strong></span> <span class='ocrx_word' id='word_1_318' title='bbox 1379 2891 1434 2938; x_wconf 92' lang='lat' dir='ltr'><strong>et</strong></span> <span class='ocrx_word' id='word_1_319' title='bbox 1490 2884 1818 2940; x_wconf 80' lang='lat' dir='ltr'><strong>verecundia</strong></span> <span class='ocrx_word' id='word_1_320' title='bbox 1863 2886 2048 2941; x_wconf 86' lang='lat' dir='ltr'><strong>vultus</strong></span> 
     </span>
    </p>
   </div>
   <div class='ocr_carea' id='block_1_48' title="bbox 471 2972 2048 3042">
    <p class='ocr_par' dir='ltr' id='par_1_48' title="bbox 471 2972 2048 3042">
     <span class='ocr_line' id='line_1_48' title="bbox 471 2972 2048 3042; baseline 0.004 -16"><span class='ocrx_word' id='word_1_321' title='bbox 471 2979 694 3026; x_wconf 89' lang='lat' dir='ltr'><strong>nostros</strong></span> <span class='ocrx_word' id='word_1_322' title='bbox 737 2972 991 3042; x_wconf 89' lang='lat' dir='ltr'><strong>operuit,</strong></span> <span class='ocrx_word' id='word_1_323' title='bbox 1038 2979 1096 3027; x_wconf 92' lang='lat' dir='ltr'><strong>et</strong></span> <span class='ocrx_word' id='word_1_324' title='bbox 1144 2974 1369 3029; x_wconf 91' lang='lat' dir='ltr'><strong>tristitia</strong></span> <span class='ocrx_word' id='word_1_325' title='bbox 1416 2974 1710 3031; x_wconf 87' lang='lat' dir='ltr'><strong>vehemens</strong></span> <span class='ocrx_word' id='word_1_326' title='bbox 1746 2976 1909 3031; x_wconf 85' lang='lat' dir='ltr'><strong>corda</strong></span> <span class='ocrx_word' id='word_1_327' title='bbox 1944 2992 2048 3032; x_wconf 93' lang='lat' dir='ltr'><strong>no-</strong></span> 
     </span>
    </p>
   </div>
   <div class='ocr_carea' id='block_1_49' title="bbox 2132 1871 3740 1951">
    <p class='ocr_par' dir='ltr' id='par_1_49' title="bbox 2132 1871 3740 1951">
     <span class='ocr_line' id='line_1_49' title="bbox 2132 1871 3740 1951; baseline -0.006 -17"><span class='ocrx_word' id='word_1_328' title='bbox 2132 1879 2231 1951; x_wconf 85' lang='grc' dir='ltr'>τὴν</span> <span class='ocrx_word' id='word_1_329' title='bbox 2257 1879 2582 1945; x_wconf 78' lang='grc' dir='ltr'>ἀνανέωσιν,</span> <span class='ocrx_word' id='word_1_330' title='bbox 2619 1878 2717 1931; x_wconf 75' lang='grc' dir='ltr'>καὶ</span> <span class='ocrx_word' id='word_1_331' title='bbox 2743 1877 2845 1947; x_wconf 82' lang='grc' dir='ltr'>τῆς</span> <span class='ocrx_word' id='word_1_332' title='bbox 2870 1876 3103 1948; x_wconf 83' lang='grc' dir='ltr'>νομικῆς</span> <span class='ocrx_word' id='word_1_333' title='bbox 3128 1873 3384 1946; x_wconf 78' lang='grc' dir='ltr'>λατρείας</span> <span class='ocrx_word' id='word_1_334' title='bbox 3416 1871 3519 1944; x_wconf 80' lang='grc' dir='ltr'><strong>τὴν</strong></span> <span class='ocrx_word' id='word_1_335' title='bbox 3543 1888 3740 1943; x_wconf 79' lang='grc' dir='ltr'>παρα-</span> 
     </span>
    </p>
   </div>
   <div class='ocr_carea' id='block_1_50' title="bbox 2134 1961 3741 2043">
    <p class='ocr_par' dir='ltr' id='par_1_50' title="bbox 2134 1961 3741 2043">
     <span class='ocr_line' id='line_1_50' title="bbox 2134 1961 3741 2043; baseline -0.007 -18"><span class='ocrx_word' id='word_1_336' title='bbox 2134 1973 2401 2043; x_wconf 82' lang='grc' dir='ltr'>τήρησιν,</span> <span class='ocrx_word' id='word_1_337' title='bbox 2449 1971 2546 2024; x_wconf 73' lang='grc' dir='ltr'><strong>καὶ</strong></span> <span class='ocrx_word' id='word_1_338' title='bbox 2611 1969 2775 2022; x_wconf 85' lang='grc' dir='ltr'>πάλιν</span> <span class='ocrx_word' id='word_1_339' title='bbox 2828 1967 3095 2040; x_wconf 82' lang='grc' dir='ltr'>ἀρχιερέα</span> <span class='ocrx_word' id='word_1_340' title='bbox 3145 1965 3374 2019; x_wconf 85' lang='grc' dir='ltr'>τυπικὸν</span> <span class='ocrx_word' id='word_1_341' title='bbox 3437 1962 3587 2035; x_wconf 85' lang='grc' dir='ltr'><strong>μετά</strong></span> <span class='ocrx_word' id='word_1_342' title='bbox 3641 1961 3741 2015; x_wconf 76' lang='grc' dir='ltr'><strong>τὸν</strong></span> 
     </span>
    </p>
   </div>
   <div class='ocr_carea' id='block_1_51' title="bbox 2135 2053 3742 2138">
    <p class='ocr_par' dir='ltr' id='par_1_51' title="bbox 2135 2053 3742 2138">
     <span class='ocr_line' id='line_1_51' title="bbox 2135 2053 3742 2138; baseline -0.007 -22"><span class='ocrx_word' id='word_1_343' title='bbox 2135 2062 2393 2133; x_wconf 78' lang='grc' dir='ltr'>ἀληθινὸν</span> <span class='ocrx_word' id='word_1_344' title='bbox 2436 2060 2721 2138; x_wconf 73' lang='grc' dir='ltr'>ἀρχιερέα,</span> <span class='ocrx_word' id='word_1_345' title='bbox 2753 2060 2849 2114; x_wconf 77' lang='grc' dir='ltr'>καὶ</span> <span class='ocrx_word' id='word_1_346' title='bbox 2896 2058 3087 2113; x_wconf 82' lang='grc' dir='ltr'>θυσίαν</span> <span class='ocrx_word' id='word_1_347' title='bbox 3111 2055 3225 2129; x_wconf 81' lang='lat'><strong>(57)</strong></span> <span class='ocrx_word' id='word_1_348' title='bbox 3263 2056 3405 2127; x_wconf 84' lang='grc' dir='ltr'>ὑπὲρ</span> <span class='ocrx_word' id='word_1_349' title='bbox 3435 2053 3742 2125; x_wconf 77' lang='grc' dir='ltr'>ἀμαρτιιῖιν</span> 
     </span>
    </p>
   </div>
   <div class='ocr_carea' id='block_1_52' title="bbox 2141 2147 3745 2226">
    <p class='ocr_par' dir='ltr' id='par_1_52' title="bbox 2141 2147 3745 2226">
     <span class='ocr_line' id='line_1_52' title="bbox 2141 2147 3745 2226; baseline -0.007 -18"><span class='ocrx_word' id='word_1_350' title='bbox 2141 2155 2280 2226; x_wconf 84' lang='grc' dir='ltr'><strong>μετά</strong></span> <span class='ocrx_word' id='word_1_351' title='bbox 2301 2155 2394 2208; x_wconf 86' lang='grc' dir='ltr'><strong>τὸν</strong></span> <span class='ocrx_word' id='word_1_352' title='bbox 2422 2154 2596 2224; x_wconf 78' lang='grc' dir='ltr'>ἀμνὸν</span> <span class='ocrx_word' id='word_1_353' title='bbox 2623 2153 2719 2207; x_wconf 86' lang='grc' dir='ltr'><strong>τοῦ</strong></span> <span class='ocrx_word' id='word_1_354' title='bbox 2741 2150 2876 2206; x_wconf 82' lang='grc' dir='ltr'>Θεοῦ</span> <span class='ocrx_word' id='word_1_355' title='bbox 2904 2151 2996 2205; x_wconf 77' lang='grc' dir='ltr'><strong>τὸν</strong></span> <span class='ocrx_word' id='word_1_356' title='bbox 3022 2149 3248 2220; x_wconf 75' lang='grc' dir='ltr'>αἴροντα</span> <span class='ocrx_word' id='word_1_357' title='bbox 3272 2147 3384 2217; x_wconf 80' lang='lat'><strong>(&#39;58)</strong></span> <span class='ocrx_word' id='word_1_358' title='bbox 3413 2148 3519 2216; x_wconf 78' lang='grc' dir='ltr'>τὴν</span> <span class='ocrx_word' id='word_1_359' title='bbox 3544 2147 3745 2216; x_wconf 81' lang='grc' dir='ltr'>ἀμαρ-</span> 
     </span>
    </p>
   </div>
   <div class='ocr_carea' id='block_1_53' title="bbox 2136 2236 3744 2316">
    <p class='ocr_par' dir='ltr' id='par_1_53' title="bbox 2136 2236 3744 2316">
     <span class='ocr_line' id='line_1_53' title="bbox 2136 2236 3744 2316; baseline -0.006 -17"><span class='ocrx_word' id='word_1_360' title='bbox 2136 2246 2259 2300; x_wconf 89' lang='grc' dir='ltr'>τίαν</span> <span class='ocrx_word' id='word_1_361' title='bbox 2282 2245 2376 2299; x_wconf 87' lang='grc' dir='ltr'><strong>τοῦ</strong></span> <span class='ocrx_word' id='word_1_362' title='bbox 2410 2246 2619 2316; x_wconf 86' lang='grc' dir='ltr'>κόσμου</span> <span class='ocrx_word' id='word_1_363' title='bbox 2641 2261 2662 2278; x_wconf 88' lang='grc'><strong>·-</strong></span> <span class='ocrx_word' id='word_1_364' title='bbox 2707 2243 2806 2298; x_wconf 79' lang='grc' dir='ltr'>καὶ</span> <span class='ocrx_word' id='word_1_365' title='bbox 2844 2242 3203 2313; x_wconf 79' lang='grc' dir='ltr'>βαπτίσματα</span> <span class='ocrx_word' id='word_1_366' title='bbox 3236 2238 3439 2311; x_wconf 85' lang='grc' dir='ltr'>μερικὰ</span> <span class='ocrx_word' id='word_1_367' title='bbox 3481 2236 3634 2309; x_wconf 82' lang='grc' dir='ltr'><strong>μετά</strong></span> <span class='ocrx_word' id='word_1_368' title='bbox 3678 2236 3744 2289; x_wconf 77' lang='grc' dir='ltr'>τὸ</span> 
     </span>
    </p>
   </div>
   <div class='ocr_carea' id='block_1_54' title="bbox 2140 2327 3745 2408">
    <p class='ocr_par' dir='ltr' id='par_1_54' title="bbox 2140 2327 3745 2408">
     <span class='ocr_line' id='line_1_54' title="bbox 2140 2327 3745 2408; baseline -0.007 -16"><span class='ocrx_word' id='word_1_369' title='bbox 2140 2339 2198 2392; x_wconf 82' lang='grc' dir='ltr'>ἓν</span> <span class='ocrx_word' id='word_1_370' title='bbox 2224 2337 2528 2408; x_wconf 77' lang='grc' dir='ltr'>βάπτισμα,</span> <span class='ocrx_word' id='word_1_371' title='bbox 2565 2337 2660 2390; x_wconf 73' lang='grc' dir='ltr'><strong>καὶ</strong></span> <span class='ocrx_word' id='word_1_372' title='bbox 2696 2335 2890 2389; x_wconf 81' lang='grc' dir='ltr'>σποδὸν</span> <span class='ocrx_word' id='word_1_373' title='bbox 2912 2332 3197 2403; x_wconf 84' lang='grc' dir='ltr'>δαμάλεως</span> <span class='ocrx_word' id='word_1_374' title='bbox 3236 2329 3606 2402; x_wconf 80' lang='grc' dir='ltr'>ῥαντίζουσαν</span> <span class='ocrx_word' id='word_1_375' title='bbox 3635 2327 3745 2398; x_wconf 77' lang='grc' dir='ltr'><strong>τήν</strong></span> 
     </span>
    </p>
   </div>
   <div class='ocr_carea' id='block_1_55' title="bbox 2154 2421 3744 2502">
    <p class='ocr_par' dir='ltr' id='par_1_55' title="bbox 2154 2421 3744 2502">
     <span class='ocr_line' id='line_1_55' title="bbox 2154 2421 3744 2502; baseline -0.008 -18"><span class='ocrx_word' id='word_1_376' title='bbox 2154 2429 2481 2502; x_wconf 83' lang='grc' dir='ltr'>Ἐκκλησίαν</span> <span class='ocrx_word' id='word_1_377' title='bbox 2526 2429 2625 2500; x_wconf 83' lang='grc' dir='ltr'>τὴν</span> <span class='ocrx_word' id='word_1_378' title='bbox 2662 2429 2764 2481; x_wconf 79' lang='grc' dir='ltr'>οὐκ</span> <span class='ocrx_word' id='word_1_379' title='bbox 2813 2426 3044 2498; x_wconf 80' lang='grc' dir='ltr'>ἔχουσαν</span> <span class='ocrx_word' id='word_1_380' title='bbox 3085 2423 3177 2479; x_wconf 82' lang='grc' dir='ltr'>διὰ</span> <span class='ocrx_word' id='word_1_381' title='bbox 3228 2424 3329 2493; x_wconf 80' lang='grc' dir='ltr'><strong>τῆς</strong></span> <span class='ocrx_word' id='word_1_382' title='bbox 3367 2423 3450 2484; x_wconf 89' lang='grc' dir='ltr'><strong>είς</strong></span> <span class='ocrx_word' id='word_1_383' title='bbox 3489 2421 3744 2490; x_wconf 75' lang='grc' dir='ltr'>Χριστὸν</span> 
     </span>
    </p>
   </div>
   <div class='ocr_carea' id='block_1_56' title="bbox 2142 2511 3744 2589">
    <p class='ocr_par' dir='ltr' id='par_1_56' title="bbox 2142 2511 3744 2589">
     <span class='ocr_line' id='line_1_56' title="bbox 2142 2511 3744 2589; baseline -0.008 -14"><span class='ocrx_word' id='word_1_384' title='bbox 2142 2521 2377 2584; x_wconf 82' lang='grc' dir='ltr'>πίστεως</span> <span class='ocrx_word' id='word_1_385' title='bbox 2424 2520 2614 2573; x_wconf 76' lang='grc' dir='ltr'>σπῖλον</span> <span class='ocrx_word' id='word_1_386' title='bbox 2649 2519 2682 2589; x_wconf 81' lang='grc' dir='ltr'>ἢ</span> <span class='ocrx_word' id='word_1_387' title='bbox 2721 2518 2947 2588; x_wconf 79' lang='grc' dir='ltr'>ῥυτίδα,</span> <span class='ocrx_word' id='word_1_388' title='bbox 2991 2517 3027 2588; x_wconf 70' lang='grc' dir='ltr'>ἦ</span> <span class='ocrx_word' id='word_1_389' title='bbox 3074 2534 3127 2569; x_wconf 90' lang='grc' dir='ltr'><strong>τι</strong></span> <span class='ocrx_word' id='word_1_390' title='bbox 3160 2515 3268 2569; x_wconf 93' lang='grc' dir='ltr'><strong>τῶν</strong></span> <span class='ocrx_word' id='word_1_391' title='bbox 3308 2512 3605 2567; x_wconf 76' lang='grc' dir='ltr'>τοιούτωνο</span> <span class='ocrx_word' id='word_1_392' title='bbox 3642 2511 3744 2565; x_wconf 81' lang='grc' dir='ltr'>καὶ</span> 
     </span>
    </p>
   </div>
   <div class='ocr_carea' id='block_1_57' title="bbox 2144 2605 3747 2685">
    <p class='ocr_par' dir='ltr' id='par_1_57' title="bbox 2144 2605 3747 2685">
     <span class='ocr_line' id='line_1_57' title="bbox 2144 2605 3747 2685; baseline -0.006 -17"><span class='ocrx_word' id='word_1_393' title='bbox 2144 2613 2488 2685; x_wconf 83' lang='grc' dir='ltr'>καθαρισμὸν</span> <span class='ocrx_word' id='word_1_394' title='bbox 2536 2612 2745 2683; x_wconf 80' lang='grc' dir='ltr'>λέπρας</span> <span class='ocrx_word' id='word_1_395' title='bbox 2789 2610 2930 2683; x_wconf 83' lang='grc' dir='ltr'>μετὰ</span> <span class='ocrx_word' id='word_1_396' title='bbox 2977 2609 3076 2680; x_wconf 83' lang='grc' dir='ltr'>τὴν</span> <span class='ocrx_word' id='word_1_397' title='bbox 3115 2606 3390 2663; x_wconf 86' lang='grc' dir='ltr'>ἀπάθειαν</span> <span class='ocrx_word' id='word_1_398' title='bbox 3438 2605 3544 2675; x_wconf 85' lang='grc' dir='ltr'>τῆς</span> <span class='ocrx_word' id='word_1_399' title='bbox 3602 2606 3747 2659; x_wconf 83' lang='grc' dir='ltr'>ἀνα-</span> 
     </span>
    </p>
   </div>
   <div class='ocr_carea' id='block_1_58' title="bbox 2148 2696 3745 2774">
    <p class='ocr_par' dir='ltr' id='par_1_58' title="bbox 2148 2696 3745 2774">
     <span class='ocr_line' id='line_1_58' title="bbox 2148 2696 3745 2774; baseline -0.007 -15"><span class='ocrx_word' id='word_1_400' title='bbox 2148 2706 2416 2766; x_wconf 76' lang='grc' dir='ltr'>στάσεωςο</span> <span class='ocrx_word' id='word_1_401' title='bbox 2459 2705 2556 2757; x_wconf 70' lang='grc' dir='ltr'><strong>καὶ</strong></span> <span class='ocrx_word' id='word_1_402' title='bbox 2589 2702 2917 2774; x_wconf 82' lang='grc' dir='ltr'>ζηλοτυπίας</span> <span class='ocrx_word' id='word_1_403' title='bbox 2936 2698 3290 2773; x_wconf 62' lang='grc' dir='ltr'>προσφορὰν,</span> <span class='ocrx_word' id='word_1_404' title='bbox 3344 2699 3434 2752; x_wconf 84' lang='grc' dir='ltr'>ὅτε</span> <span class='ocrx_word' id='word_1_405' title='bbox 3462 2696 3597 2750; x_wconf 78' lang='grc' dir='ltr'>οὔτε</span> <span class='ocrx_word' id='word_1_406' title='bbox 3638 2714 3745 2766; x_wconf 86' lang='grc' dir='ltr'>γα-</span> 
     </span>
    </p>
   </div>
   <div class='ocr_carea' id='block_1_59' title="bbox 2150 2790 3742 2871">
    <p class='ocr_par' dir='ltr' id='par_1_59' title="bbox 2150 2790 3742 2871">
     <span class='ocr_line' id='line_1_59' title="bbox 2150 2790 3742 2871; baseline -0.006 -20"><span class='ocrx_word' id='word_1_407' title='bbox 2150 2797 2372 2871; x_wconf 88' lang='grc' dir='ltr'>μοῦσιν,</span> <span class='ocrx_word' id='word_1_408' title='bbox 2425 2796 2548 2850; x_wconf 76' lang='grc' dir='ltr'>οὔτε</span> <span class='ocrx_word' id='word_1_409' title='bbox 2595 2797 2990 2866; x_wconf 81' lang='grc' dir='ltr'>γαμίσκονται’</span> <span class='ocrx_word' id='word_1_410' title='bbox 3041 2793 3196 2865; x_wconf 81' lang='grc' dir='ltr'>ἄρτοι</span> <span class='ocrx_word' id='word_1_411' title='bbox 3247 2791 3360 2863; x_wconf 75' lang='grc'>(59)</span> <span class='ocrx_word' id='word_1_412' title='bbox 3416 2790 3742 2862; x_wconf 81' lang='grc' dir='ltr'>προθέσεως</span> 
     </span>
    </p>
   </div>
   <div class='ocr_carea' id='block_1_60' title="bbox 2151 2882 3740 2962">
    <p class='ocr_par' dir='ltr' id='par_1_60' title="bbox 2151 2882 3740 2962">
     <span class='ocr_line' id='line_1_60' title="bbox 2151 2882 3740 2962; baseline -0.006 -18"><span class='ocrx_word' id='word_1_413' title='bbox 2151 2889 2288 2962; x_wconf 85' lang='grc' dir='ltr'><strong>μετά</strong></span> <span class='ocrx_word' id='word_1_414' title='bbox 2317 2890 2407 2943; x_wconf 85' lang='grc' dir='ltr'><strong>τὸν</strong></span> <span class='ocrx_word' id='word_1_415' title='bbox 2440 2889 2602 2960; x_wconf 83' lang='grc' dir='ltr'>ἀρτον</span> <span class='ocrx_word' id='word_1_416' title='bbox 2624 2889 2715 2941; x_wconf 79' lang='grc' dir='ltr'><strong>τὸν</strong></span> <span class='ocrx_word' id='word_1_417' title='bbox 2741 2889 2805 2940; x_wconf 89' lang='grc' dir='ltr'><strong>ἐκ</strong></span> <span class='ocrx_word' id='word_1_418' title='bbox 2825 2886 2919 2940; x_wconf 88' lang='grc' dir='ltr'><strong>τοῦ</strong></span> <span class='ocrx_word' id='word_1_419' title='bbox 2943 2883 3174 2958; x_wconf 84' lang='grc' dir='ltr'>οὐρανοῦ</span> <span class='ocrx_word' id='word_1_420' title='bbox 3200 2900 3215 2915; x_wconf 79' lang='grc' dir='ltr'>ο</span> <span class='ocrx_word' id='word_1_421' title='bbox 3238 2883 3427 2954; x_wconf 83' lang='grc' dir='ltr'>λύχνοι</span> <span class='ocrx_word' id='word_1_422' title='bbox 3449 2882 3740 2952; x_wconf 80' lang='grc' dir='ltr'>καιόμενοι</span> 
     </span>
    </p>
   </div>
   <div class='ocr_carea' id='block_1_61' title="bbox 2152 2973 3740 3053">
    <p class='ocr_par' dir='ltr' id='par_1_61' title="bbox 2152 2973 3740 3053">
     <span class='ocr_line' id='line_1_61' title="bbox 2152 2973 3740 3053; baseline -0.006 -18"><span class='ocrx_word' id='word_1_423' title='bbox 2152 2983 2290 3053; x_wconf 71' lang='grc' dir='ltr'>μετὰ</span> <span class='ocrx_word' id='word_1_424' title='bbox 2328 2981 2389 3034; x_wconf 85' lang='grc' dir='ltr'><strong>τὸ</strong></span> <span class='ocrx_word' id='word_1_425' title='bbox 2435 2980 2551 3049; x_wconf 85' lang='grc' dir='ltr'><strong>φῶς</strong></span> <span class='ocrx_word' id='word_1_426' title='bbox 2577 2980 2638 3031; x_wconf 87' lang='grc' dir='ltr'><strong>τὸ</strong></span> <span class='ocrx_word' id='word_1_427' title='bbox 2667 2978 2949 3049; x_wconf 59' lang='grc' dir='ltr'>ἀληθινόν</span> <span class='ocrx_word' id='word_1_428' title='bbox 2989 2979 3087 3031; x_wconf 61' lang='grc' dir='ltr'><strong>κα)¹</strong></span> <span class='ocrx_word' id='word_1_429' title='bbox 3124 2975 3263 3039; x_wconf 84' lang='grc' dir='ltr'>ὅλως</span> <span class='ocrx_word' id='word_1_430' title='bbox 3299 2977 3348 3029; x_wconf 82' lang='grc' dir='ltr'><strong>εί</strong></span> <span class='ocrx_word' id='word_1_431' title='bbox 3379 2974 3477 3029; x_wconf 82' lang='grc' dir='ltr'><strong>νῦν</strong></span> <span class='ocrx_word' id='word_1_432' title='bbox 3514 2976 3545 3026; x_wconf 87' lang='grc' dir='ltr'><strong>ὁ</strong></span> <span class='ocrx_word' id='word_1_433' title='bbox 3571 2973 3740 3043; x_wconf 79' lang='grc' dir='ltr'>νόμος</span> 
     </span>
    </p>
   </div>
   <div class='ocr_carea' id='block_1_62' title="bbox 471 3062 2043 3140">
    <p class='ocr_par' dir='ltr' id='par_1_62' title="bbox 471 3062 2043 3139">
     <span class='ocr_line' id='line_1_62' title="bbox 471 3062 2043 3139; baseline 0.003 -21"><span class='ocrx_word' id='word_1_434' title='bbox 471 3072 589 3118; x_wconf 88' lang='lat' dir='ltr'><strong>stra</strong></span> <span class='ocrx_word' id='word_1_435' title='bbox 636 3063 897 3134; x_wconf 90' lang='lat' dir='ltr'><strong>opplevit.</strong></span> <span class='ocrx_word' id='word_1_436' title='bbox 941 3062 1284 3134; x_wconf 86' lang='lat' dir='ltr'><strong>Quapropter</strong></span> <span class='ocrx_word' id='word_1_437' title='bbox 1329 3066 1589 3121; x_wconf 83' lang='lat' dir='ltr'><strong>adhortor</strong></span> <span class='ocrx_word' id='word_1_438' title='bbox 1641 3085 1740 3124; x_wconf 85' lang='lat' dir='ltr'><strong>vos</strong></span> <span class='ocrx_word' id='word_1_439' title='bbox 1787 3075 2043 3139; x_wconf 82' lang='lat' dir='ltr'><strong>tanquam</strong></span> 
     </span>
    </p>
   </div>
   <div class='ocr_carea' id='block_1_63' title="bbox 2173 3062 3738 3140">
    <p class='ocr_par' dir='ltr' id='par_1_63' title="bbox 2173 3064 3738 3140">
     <span class='ocr_line' id='line_1_63' title="bbox 2173 3064 3738 3140; baseline -0.006 -15"><span class='ocrx_word' id='word_1_440' title='bbox 2173 3072 2255 3125; x_wconf 72' lang='grc' dir='ltr'>τῶν</span> <span class='ocrx_word' id='word_1_441' title='bbox 2289 3071 2514 3124; x_wconf 78' lang='grc' dir='ltr'>ἐντολῶν</span> <span class='ocrx_word' id='word_1_442' title='bbox 2544 3073 2600 3123; x_wconf 83' lang='grc' dir='ltr'><strong>ἐν</strong></span> <span class='ocrx_word' id='word_1_443' title='bbox 2632 3070 2864 3140; x_wconf 86' lang='grc' dir='ltr'>δόγμασι</span> <span class='ocrx_word' id='word_1_444' title='bbox 2895 3069 3262 3139; x_wconf 82' lang='grc' dir='ltr'>κατήργηται,</span> <span class='ocrx_word' id='word_1_445' title='bbox 3290 3065 3471 3136; x_wconf 80' lang='grc' dir='ltr'>δῆλον,</span> <span class='ocrx_word' id='word_1_446' title='bbox 3501 3065 3586 3117; x_wconf 80' lang='grc' dir='ltr'><strong>ὅτι</strong></span> <span class='ocrx_word' id='word_1_447' title='bbox 3613 3064 3738 3117; x_wconf 85' lang='grc' dir='ltr'>τότε</span> 
     </span>
    </p>
   </div>
   <div class='ocr_carea' id='block_1_64' title="bbox 473 3135 2043 3237">
    <p class='ocr_par' dir='ltr' id='par_1_64' title="bbox 473 3156 2043 3227">
     <span class='ocr_line' id='line_1_64' title="bbox 473 3156 2043 3227; baseline 0.002 -16"><span class='ocrx_word' id='word_1_448' title='bbox 473 3156 721 3211; x_wconf 90' lang='lat' dir='ltr'><strong>medicos</strong></span> <span class='ocrx_word' id='word_1_449' title='bbox 753 3159 984 3227; x_wconf 88' lang='lat' dir='ltr'><strong>peritos,</strong></span> <span class='ocrx_word' id='word_1_450' title='bbox 1014 3167 1068 3211; x_wconf 86' lang='lat' dir='ltr'><strong>et</strong></span> <span class='ocrx_word' id='word_1_451' title='bbox 1099 3157 1339 3213; x_wconf 89' lang='lat' dir='ltr'><strong>scientes</strong></span> <span class='ocrx_word' id='word_1_452' title='bbox 1370 3158 1424 3212; x_wconf 90' lang='lat' dir='ltr'><strong>in</strong></span> <span class='ocrx_word' id='word_1_453' title='bbox 1458 3159 1680 3214; x_wconf 90' lang='lat' dir='ltr'><strong>lenitate</strong></span> <span class='ocrx_word' id='word_1_454' title='bbox 1709 3160 1927 3214; x_wconf 90' lang='lat' dir='ltr'><strong>erudire</strong></span> <span class='ocrx_word' id='word_1_455' title='bbox 1953 3174 2043 3214; x_wconf 88' lang='lat' dir='ltr'><strong>eos</strong></span> 
     </span>
    </p>
   </div>
   <div class='ocr_carea' id='block_1_65' title="bbox 2173 3135 3739 3237">
    <p class='ocr_par' dir='ltr' id='par_1_65' title="bbox 2173 3135 3739 3237">
     <span class='ocr_line' id='line_1_65' title="bbox 2173 3135 3739 3237; baseline -0.006 -18"><span class='ocrx_word' id='word_1_456' title='bbox 2173 3165 2272 3237; x_wconf 59' lang='grc' dir='ltr'>μεθ)</span> <span class='ocrx_word' id='word_1_457' title='bbox 2315 3165 2383 3218; x_wconf 88' lang='grc' dir='ltr'><strong>τά</strong></span> <span class='ocrx_word' id='word_1_458' title='bbox 2404 3164 2651 3234; x_wconf 84' lang='grc' dir='ltr'>δόγματα</span> <span class='ocrx_word' id='word_1_459' title='bbox 2686 3135 2780 3215; x_wconf 81' lang='grc' dir='ltr'><strong>τοῦ</strong></span> <span class='ocrx_word' id='word_1_460' title='bbox 2822 3135 3063 3232; x_wconf 75' lang='grc' dir='ltr'>Χριστοῦ</span> <span class='ocrx_word' id='word_1_461' title='bbox 3090 3135 3162 3214; x_wconf 77' lang='grc' dir='ltr'><strong>ἐν</strong></span> <span class='ocrx_word' id='word_1_462' title='bbox 3190 3162 3306 3223; x_wconf 90' lang='grc' dir='ltr'>τοῖς</span> <span class='ocrx_word' id='word_1_463' title='bbox 3348 3135 3608 3228; x_wconf 83' lang='grc' dir='ltr'>νομικοῖς</span> <span class='ocrx_word' id='word_1_464' title='bbox 3650 3160 3739 3210; x_wconf 79' lang='grc' dir='ltr'>ἐν·</span> 
     </span>
    </p>
   </div>
   <div class='ocr_carea' id='block_1_66' title="bbox 474 3248 2051 3318">
    <p class='ocr_par' dir='ltr' id='par_1_66' title="bbox 474 3248 2051 3318">
     <span class='ocr_line' id='line_1_66' title="bbox 474 3248 2051 3318; baseline 0.002 -16"><span class='ocrx_word' id='word_1_465' title='bbox 474 3248 571 3318; x_wconf 85' lang='lat' dir='ltr'><strong>qui</strong></span> <span class='ocrx_word' id='word_1_466' title='bbox 595 3249 976 3314; x_wconf 80' lang='lat' dir='ltr'><strong>adversantur,</strong></span> <span class='ocrx_word' id='word_1_467' title='bbox 1001 3257 1058 3302; x_wconf 95' lang='lat' dir='ltr'><strong>ut</strong></span> <span class='ocrx_word' id='word_1_468' title='bbox 1080 3249 1231 3303; x_wconf 90' lang='lat' dir='ltr'><strong>illum</strong></span> <span class='ocrx_word' id='word_1_469' title='bbox 1251 3250 1521 3304; x_wconf 89' lang='lat' dir='ltr'><strong>conemini</strong></span> <span class='ocrx_word' id='word_1_470' title='bbox 1546 3251 1612 3303; x_wconf 89' lang='lat' dir='ltr'><strong>ad</strong></span> <span class='ocrx_word' id='word_1_471' title='bbox 1636 3260 1844 3305; x_wconf 84' lang='lat' dir='ltr'><strong>rectum</strong></span> <span class='ocrx_word' id='word_1_472' title='bbox 1871 3251 2051 3305; x_wconf 85' lang='lat' dir='ltr'><strong>Eccle-</strong></span> 
     </span>
    </p>
   </div>
   <div class='ocr_carea' id='block_1_67' title="bbox 474 3339 2050 3412">
    <p class='ocr_par' dir='ltr' id='par_1_67' title="bbox 474 3339 2050 3412">
     <span class='ocr_line' id='line_1_67' title="bbox 474 3339 2050 3412; baseline 0 -16"><span class='ocrx_word' id='word_1_473' title='bbox 474 3342 571 3397; x_wconf 63' lang='lat' dir='ltr'><strong>siae</strong></span> <span class='ocrx_word' id='word_1_474' title='bbox 610 3339 858 3395; x_wconf 88' lang='lat' dir='ltr'><strong>ordinem</strong></span> <span class='ocrx_word' id='word_1_475' title='bbox 891 3340 1178 3407; x_wconf 87' lang='lat' dir='ltr'><strong>reducere,</strong></span> <span class='ocrx_word' id='word_1_476' title='bbox 1212 3340 1371 3411; x_wconf 88' lang='lat' dir='ltr'><strong>eique</strong></span> <span class='ocrx_word' id='word_1_477' title='bbox 1404 3342 1754 3412; x_wconf 89' lang='lat' dir='ltr'><strong>persuadere,</strong></span> <span class='ocrx_word' id='word_1_478' title='bbox 1796 3352 1854 3397; x_wconf 92' lang='lat' dir='ltr'><strong>ut</strong></span> <span class='ocrx_word' id='word_1_479' title='bbox 1898 3359 2050 3398; x_wconf 89' lang='lat' dir='ltr'><strong>com-</strong></span> 
     </span>
    </p>
   </div>
   <div class='ocr_carea' id='block_1_68' title="bbox 474 3434 2052 3506">
    <p class='ocr_par' dir='ltr' id='par_1_68' title="bbox 474 3434 2052 3506">
     <span class='ocr_line' id='line_1_68' title="bbox 474 3434 2052 3506; baseline -0.001 -16"><span class='ocrx_word' id='word_1_480' title='bbox 474 3436 876 3490; x_wconf 88' lang='lat' dir='ltr'><strong>mentationum</strong></span> <span class='ocrx_word' id='word_1_481' title='bbox 908 3450 1134 3489; x_wconf 86' lang='lat' dir='ltr'><strong>suarum</strong></span> <span class='ocrx_word' id='word_1_482' title='bbox 1167 3434 1553 3505; x_wconf 88' lang='lat' dir='ltr'><strong>loquacitatem</strong></span> <span class='ocrx_word' id='word_1_483' title='bbox 1592 3444 1908 3491; x_wconf 88' lang='lat' dir='ltr'><strong>contemnat</strong></span> <span class='ocrx_word' id='word_1_484' title='bbox 1940 3436 2052 3506; x_wconf 88' lang='lat' dir='ltr'><strong>(et-</strong></span> 
     </span>
    </p>
   </div>
   <div class='ocr_carea' id='block_1_69' title="bbox 473 3525 2052 3596">
    <p class='ocr_par' dir='ltr' id='par_1_69' title="bbox 473 3525 2052 3596">
     <span class='ocr_line' id='line_1_69' title="bbox 473 3525 2052 3596; baseline -0.003 -13"><span class='ocrx_word' id='word_1_485' title='bbox 473 3527 623 3583; x_wconf 90' lang='lat' dir='ltr'><strong>enim</strong></span> <span class='ocrx_word' id='word_1_486' title='bbox 678 3526 1029 3582; x_wconf 81' lang='lat' dir='ltr'><strong>conﬁrmavit</strong></span> <span class='ocrx_word' id='word_1_487' title='bbox 1088 3526 1255 3582; x_wconf 86' lang='lat' dir='ltr'><strong>verba</strong></span> <span class='ocrx_word' id='word_1_488' title='bbox 1314 3527 1641 3596; x_wconf 87' lang='lat' dir='ltr'><strong>proverbii:</strong></span> <span class='ocrx_word' id='word_1_489' title='bbox 1680 3525 1806 3580; x_wconf 86' lang='lat' dir='ltr'><strong>Non</strong></span> <span class='ocrx_word' id='word_1_490' title='bbox 1859 3536 1936 3580; x_wconf 80' lang='lat' dir='ltr'><strong>est</strong></span> <span class='ocrx_word' id='word_1_491' title='bbox 1997 3526 2052 3578; x_wconf 81' lang='lat' dir='ltr'><strong>in</strong></span> 
     </span>
    </p>
   </div>
   <div class='ocr_carea' id='block_1_70' title="bbox 477 3615 2055 3688">
    <p class='ocr_par' dir='ltr' id='par_1_70' title="bbox 477 3615 2055 3688">
     <span class='ocr_line' id='line_1_70' title="bbox 477 3615 2055 3688; baseline -0.004 -16"><span class='ocrx_word' id='word_1_492' title='bbox 477 3617 647 3673; x_wconf 83' lang='lat' dir='ltr'><strong>multo</strong></span> <span class='ocrx_word' id='word_1_493' title='bbox 680 3632 918 3671; x_wconf 83' lang='lat' dir='ltr'><strong>sermone</strong></span> <span class='ocrx_word' id='word_1_494' title='bbox 954 3625 1227 3684; x_wconf 84' lang='lat' dir='ltr'><strong>peccatum</strong></span> <span class='ocrx_word' id='word_1_495' title='bbox 1255 3617 1479 3688; x_wconf 74' lang='lat' dir='ltr'><strong>effugere</strong></span> <span class='ocrx_word' id='word_1_496' title='bbox 1502 3618 1605 3687; x_wconf 67' lang='lat'><strong>38);</strong></span> <span class='ocrx_word' id='word_1_497' title='bbox 1647 3617 1807 3687; x_wconf 78' lang='lat' dir='ltr'><strong>eique</strong></span> <span class='ocrx_word' id='word_1_498' title='bbox 1841 3615 2055 3670; x_wconf 82' lang='lat' dir='ltr'><strong>fortiter</strong></span> 
     </span>
    </p>
   </div>
   <div class='ocr_carea' id='block_1_71' title="bbox 478 3708 2057 3779">
    <p class='ocr_par' dir='ltr' id='par_1_71' title="bbox 478 3708 2057 3779">
     <span class='ocr_line' id='line_1_71' title="bbox 478 3708 2057 3779; baseline -0.001 -16"><span class='ocrx_word' id='word_1_499' title='bbox 478 3716 642 3764; x_wconf 75' lang='lat' dir='ltr'><strong>recta:</strong></span> <span class='ocrx_word' id='word_1_500' title='bbox 672 3708 794 3763; x_wconf 73' lang='lat' dir='ltr'><strong>fidei</strong></span> <span class='ocrx_word' id='word_1_501' title='bbox 827 3708 1083 3778; x_wconf 84' lang='lat' dir='ltr'><strong>dogmata</strong></span> <span class='ocrx_word' id='word_1_502' title='bbox 1112 3710 1450 3779; x_wconf 86' lang='lat' dir='ltr'><strong>propunalis,</strong></span> <span class='ocrx_word' id='word_1_503' title='bbox 1484 3716 1540 3761; x_wconf 89' lang='lat' dir='ltr'><strong>ut</strong></span> <span class='ocrx_word' id='word_1_504' title='bbox 1567 3709 1714 3763; x_wconf 93' lang='lat' dir='ltr'><strong>illius</strong></span> <span class='ocrx_word' id='word_1_505' title='bbox 1744 3708 2057 3765; x_wconf 85' lang='lat' dir='ltr'><strong>emendatio</strong></span> 
     </span>
    </p>
   </div>
   <div class='ocr_carea' id='block_1_72' title="bbox 479 3798 2057 3872">
    <p class='ocr_par' dir='ltr' id='par_1_72' title="bbox 479 3798 2057 3872">
     <span class='ocr_line' id='line_1_72' title="bbox 479 3798 2057 3872; baseline 0 -18"><span class='ocrx_word' id='word_1_506' title='bbox 479 3799 774 3855; x_wconf 81' lang='lat' dir='ltr'><strong>manifesta</strong></span> <span class='ocrx_word' id='word_1_507' title='bbox 805 3800 929 3864; x_wconf 84' lang='lat' dir='ltr'><strong>ﬁat,</strong></span> <span class='ocrx_word' id='word_1_508' title='bbox 973 3816 1039 3854; x_wconf 93' lang='lat' dir='ltr'><strong>ac</strong></span> <span class='ocrx_word' id='word_1_509' title='bbox 1070 3798 1334 3856; x_wconf 82' lang='lat' dir='ltr'><strong>fratribus</strong></span> <span class='ocrx_word' id='word_1_510' title='bbox 1368 3799 1678 3856; x_wconf 89' lang='lat' dir='ltr'><strong>innotescat</strong></span> <span class='ocrx_word' id='word_1_511' title='bbox 1704 3801 1851 3857; x_wconf 90' lang='lat' dir='ltr'><strong>illius</strong></span> <span class='ocrx_word' id='word_1_512' title='bbox 1880 3801 2057 3872; x_wconf 68' lang='lat' dir='ltr'><strong>poeni-</strong></span> 
     </span>
    </p>
   </div>
   <div class='ocr_carea' id='block_1_73' title="bbox 479 3894 674 3948">
    <p class='ocr_par' dir='ltr' id='par_1_73' title="bbox 479 3894 674 3948">
     <span class='ocr_line' id='line_1_73' title="bbox 479 3894 674 3948; baseline 0.01 -2"><span class='ocrx_word' id='word_1_513' title='bbox 479 3894 674 3948; x_wconf 81' lang='lat' dir='ltr'><strong>tentia.</strong></span> 
     </span>
    </p>
   </div>
   <div class='ocr_carea' id='block_1_74' title="bbox 2153 3248 3740 3328">
    <p class='ocr_par' dir='ltr' id='par_1_74' title="bbox 2153 3248 3740 3328">
     <span class='ocr_line' id='line_1_74' title="bbox 2153 3248 3740 3328; baseline -0.007 -17"><span class='ocrx_word' id='word_1_514' title='bbox 2153 3258 2423 3328; x_wconf 86' lang='grc' dir='ltr'>τάλμασιν</span> <span class='ocrx_word' id='word_1_515' title='bbox 2480 3254 2920 3327; x_wconf 86' lang='grc' dir='ltr'>ἀκυρωθήσεται.</span> <span class='ocrx_word' id='word_1_516' title='bbox 2955 3253 3079 3306; x_wconf 76' lang='grc' dir='ltr'>Ἐπὶ</span> <span class='ocrx_word' id='word_1_517' title='bbox 3119 3252 3330 3314; x_wconf 90' lang='grc' dir='ltr'>τούτοις</span> <span class='ocrx_word' id='word_1_518' title='bbox 3371 3249 3607 3319; x_wconf 77' lang='grc' dir='ltr'>αἰσχύνη</span> <span class='ocrx_word' id='word_1_519' title='bbox 3640 3248 3740 3319; x_wconf 78' lang='grc' dir='ltr'>μὲν</span> 
     </span>
    </p>
   </div>
   <div class='ocr_carea' id='block_1_75' title="bbox 2157 3338 3742 3418">
    <p class='ocr_par' dir='ltr' id='par_1_75' title="bbox 2157 3338 3742 3418">
     <span class='ocr_line' id='line_1_75' title="bbox 2157 3338 3742 3418; baseline -0.006 -17"><span class='ocrx_word' id='word_1_520' title='bbox 2157 3349 2251 3402; x_wconf 70' lang='grc' dir='ltr'><strong>καὶ</strong></span> <span class='ocrx_word' id='word_1_521' title='bbox 2291 3346 2527 3418; x_wconf 81' lang='grc' dir='ltr'>ἐντροπὴ</span> <span class='ocrx_word' id='word_1_522' title='bbox 2574 3345 2842 3415; x_wconf 69' lang='grc' dir='ltr'>ἐκάλυψεν</span> <span class='ocrx_word' id='word_1_523' title='bbox 2870 3345 3031 3415; x_wconf 85' lang='grc' dir='ltr'>ἡμῶν</span> <span class='ocrx_word' id='word_1_524' title='bbox 3070 3343 3139 3396; x_wconf 81' lang='grc' dir='ltr'><strong>τὰ</strong></span> <span class='ocrx_word' id='word_1_525' title='bbox 3173 3343 3471 3414; x_wconf 77' lang='grc' dir='ltr'>πρόσωπαο</span> <span class='ocrx_word' id='word_1_526' title='bbox 3503 3340 3647 3412; x_wconf 85' lang='grc' dir='ltr'>λύπη</span> <span class='ocrx_word' id='word_1_527' title='bbox 3680 3338 3742 3392; x_wconf 72' lang='grc' dir='ltr'>δὲ</span> 
     </span>
    </p>
   </div>
   <div class='ocr_carea' id='block_1_76' title="bbox 2161 3432 3741 3511">
    <p class='ocr_par' dir='ltr' id='par_1_76' title="bbox 2161 3432 3741 3511">
     <span class='ocr_line' id='line_1_76' title="bbox 2161 3432 3741 3511; baseline -0.006 -18"><span class='ocrx_word' id='word_1_528' title='bbox 2161 3441 2352 3511; x_wconf 87' lang='grc' dir='ltr'>βαρεῖα</span> <span class='ocrx_word' id='word_1_529' title='bbox 2396 3438 2756 3509; x_wconf 78' lang='grc' dir='ltr'>πεπλήρωκεν</span> <span class='ocrx_word' id='word_1_530' title='bbox 2787 3437 2944 3508; x_wconf 83' lang='grc' dir='ltr'>ήμῶν</span> <span class='ocrx_word' id='word_1_531' title='bbox 2988 3437 3089 3500; x_wconf 77' lang='grc' dir='ltr'>τὰς</span> <span class='ocrx_word' id='word_1_532' title='bbox 3132 3435 3382 3507; x_wconf 85' lang='grc' dir='ltr'>καρδίας.</span> <span class='ocrx_word' id='word_1_533' title='bbox 3428 3432 3523 3486; x_wconf 86' lang='grc' dir='ltr'><strong>Διό</strong></span> <span class='ocrx_word' id='word_1_534' title='bbox 3558 3449 3741 3502; x_wconf 84' lang='grc' dir='ltr'>παρα-</span> 
     </span>
    </p>
   </div>
   <div class='ocr_carea' id='block_1_77' title="bbox 2159 3524 3740 3601">
    <p class='ocr_par' dir='ltr' id='par_1_77' title="bbox 2159 3524 3740 3601">
     <span class='ocr_line' id='line_1_77' title="bbox 2159 3524 3740 3601; baseline -0.006 -17"><span class='ocrx_word' id='word_1_535' title='bbox 2159 3529 2434 3600; x_wconf 83' lang='grc' dir='ltr'>καλοῦμεν</span> <span class='ocrx_word' id='word_1_536' title='bbox 2475 3532 2641 3601; x_wconf 79' lang='grc' dir='ltr'>ὑμᾶς,</span> <span class='ocrx_word' id='word_1_537' title='bbox 2676 3530 2750 3592; x_wconf 84' lang='grc' dir='ltr'>ὼς</span> <span class='ocrx_word' id='word_1_538' title='bbox 2795 3529 3169 3598; x_wconf 84' lang='grc' dir='ltr'>ἐπιστήμονας</span> <span class='ocrx_word' id='word_1_539' title='bbox 3223 3526 3444 3598; x_wconf 77' lang='grc' dir='ltr'>ἰατροὺς</span> <span class='ocrx_word' id='word_1_540' title='bbox 3472 3525 3566 3578; x_wconf 71' lang='grc' dir='ltr'><strong>καὶ</strong></span> <span class='ocrx_word' id='word_1_541' title='bbox 3599 3524 3740 3577; x_wconf 85' lang='grc' dir='ltr'>δεδι-</span> 
     </span>
    </p>
   </div>
   <div class='ocr_carea' id='block_1_78' title="bbox 2160 3615 3740 3694">
    <p class='ocr_par' dir='ltr' id='par_1_78' title="bbox 2160 3615 3740 3694">
     <span class='ocr_line' id='line_1_78' title="bbox 2160 3615 3740 3694; baseline -0.004 -18"><span class='ocrx_word' id='word_1_542' title='bbox 2160 3622 2463 3694; x_wconf 88' lang='grc' dir='ltr'>δαγμένους</span> <span class='ocrx_word' id='word_1_543' title='bbox 2497 3623 2556 3674; x_wconf 86' lang='grc' dir='ltr'><strong>ἐν</strong></span> <span class='ocrx_word' id='word_1_544' title='bbox 2588 3622 2865 3692; x_wconf 78' lang='grc' dir='ltr'>πραΰτητι</span> <span class='ocrx_word' id='word_1_545' title='bbox 2905 3618 3015 3690; x_wconf 75' lang='grc'>(41)</span> <span class='ocrx_word' id='word_1_546' title='bbox 3048 3616 3322 3671; x_wconf 85' lang='grc' dir='ltr'>παιδεύειν</span> <span class='ocrx_word' id='word_1_547' title='bbox 3349 3617 3477 3680; x_wconf 78' lang='grc' dir='ltr'>τοὺς</span> <span class='ocrx_word' id='word_1_548' title='bbox 3504 3615 3740 3669; x_wconf 85' lang='grc' dir='ltr'>ἀντιδια-</span> 
     </span>
    </p>
   </div>
   <div class='ocr_carea' id='block_1_79' title="bbox 2162 3706 3739 3786">
    <p class='ocr_par' dir='ltr' id='par_1_79' title="bbox 2162 3706 3739 3786">
     <span class='ocr_line' id='line_1_79' title="bbox 2162 3706 3739 3786; baseline -0.006 -18"><span class='ocrx_word' id='word_1_549' title='bbox 2162 3715 2514 3786; x_wconf 84' lang='grc' dir='ltr'>τιθεμένους,</span> <span class='ocrx_word' id='word_1_550' title='bbox 2575 3708 2901 3786; x_wconf 79' lang='grc' dir='ltr'>πειραθῆναὶ</span> <span class='ocrx_word' id='word_1_551' title='bbox 2954 3710 3120 3764; x_wconf 81' lang='grc' dir='ltr'>αὑτὸν</span> <span class='ocrx_word' id='word_1_552' title='bbox 3173 3710 3545 3778; x_wconf 84' lang='grc' dir='ltr'>ἐπαναγαγεῖν</span> <span class='ocrx_word' id='word_1_553' title='bbox 3602 3706 3739 3778; x_wconf 78' lang='grc' dir='ltr'>πρὸς</span> 
     </span>
    </p>
   </div>
   <div class='ocr_carea' id='block_1_80' title="bbox 2162 3796 3741 3877">
    <p class='ocr_par' dir='ltr' id='par_1_80' title="bbox 2162 3796 3741 3877">
     <span class='ocr_line' id='line_1_80' title="bbox 2162 3796 3741 3877; baseline -0.006 -18"><span class='ocrx_word' id='word_1_554' title='bbox 2162 3808 2261 3877; x_wconf 87' lang='grc' dir='ltr'>τὴν</span> <span class='ocrx_word' id='word_1_555' title='bbox 2316 3804 2569 3869; x_wconf 79' lang='grc' dir='ltr'>εὐταξίαν</span> <span class='ocrx_word' id='word_1_556' title='bbox 2620 3805 2719 3876; x_wconf 84' lang='grc' dir='ltr'>τῆς</span> <span class='ocrx_word' id='word_1_557' title='bbox 2776 3802 3139 3872; x_wconf 86' lang='grc' dir='ltr'>Ἐκκλησίας,</span> <span class='ocrx_word' id='word_1_558' title='bbox 3191 3801 3288 3854; x_wconf 74' lang='grc' dir='ltr'><strong>καὶ</strong></span> <span class='ocrx_word' id='word_1_559' title='bbox 3336 3802 3525 3852; x_wconf 87' lang='grc' dir='ltr'>πεῖσαι</span> <span class='ocrx_word' id='word_1_560' title='bbox 3577 3796 3741 3851; x_wconf 75' lang='grc' dir='ltr'>αὑτὸν</span> 
     </span>
    </p>
   </div>
   <div class='ocr_carea' id='block_1_81' title="bbox 2165 3890 3743 3969">
    <p class='ocr_par' dir='ltr' id='par_1_81' title="bbox 2165 3890 3743 3969">
     <span class='ocr_line' id='line_1_81' title="bbox 2165 3890 3743 3969; baseline -0.004 -19"><span class='ocrx_word' id='word_1_561' title='bbox 2165 3898 2577 3969; x_wconf 79' lang='grc' dir='ltr'>καταφρονῆσαι</span> <span class='ocrx_word' id='word_1_562' title='bbox 2626 3897 2724 3968; x_wconf 82' lang='grc' dir='ltr'>τῆς</span> <span class='ocrx_word' id='word_1_563' title='bbox 2780 3894 3126 3965; x_wconf 80' lang='grc' dir='ltr'>πολυφωνίας</span> <span class='ocrx_word' id='word_1_564' title='bbox 3189 3892 3299 3946; x_wconf 91' lang='grc' dir='ltr'><strong>τῶν</strong></span> <span class='ocrx_word' id='word_1_565' title='bbox 3347 3890 3743 3962; x_wconf 78' lang='grc' dir='ltr'>συνταγμάτων</span> 
     </span>
    </p>
   </div>
   <div class='ocr_carea' id='block_1_82' title="bbox 484 3974 3737 4059">
    <p class='ocr_par' dir='ltr' id='par_1_82' title="bbox 484 3974 3737 4059">
     <span class='ocr_line' id='line_1_82' title="bbox 484 3974 3737 4059; baseline -0 -22"><span class='ocrx_word' id='word_1_566' title='bbox 484 3984 818 4051; x_wconf 79' lang='grc' dir='ltr'>(ἐὸεϐαίωσε</span> <span class='ocrx_word' id='word_1_567' title='bbox 852 3984 960 4056; x_wconf 83' lang='grc' dir='ltr'>γὰρ</span> <span class='ocrx_word' id='word_1_568' title='bbox 993 3985 1085 4038; x_wconf 87' lang='grc' dir='ltr'><strong>τὸν</strong></span> <span class='ocrx_word' id='word_1_569' title='bbox 1121 3985 1223 4055; x_wconf 74' lang='grc' dir='ltr'>τῆς</span> <span class='ocrx_word' id='word_1_570' title='bbox 1269 3984 1569 4056; x_wconf 86' lang='grc' dir='ltr'>παροιμίας</span> <span class='ocrx_word' id='word_1_571' title='bbox 1601 3984 1777 4053; x_wconf 90' lang='grc' dir='ltr'>λόγον,</span> <span class='ocrx_word' id='word_1_572' title='bbox 1830 3987 1913 4039; x_wconf 78' lang='grc' dir='ltr'><strong>ὅτι</strong></span> <span class='ocrx_word' id='word_1_573' title='bbox 1951 3990 2073 4042; x_wconf 71' lang='grc' dir='ltr'><strong>Οὐκ</strong></span> <span class='ocrx_word' id='word_1_574' title='bbox 2130 3989 2304 4044; x_wconf 74' lang='grc' dir='ltr'>ἔστιν</span> <span class='ocrx_word' id='word_1_575' title='bbox 2340 3991 2410 4044; x_wconf 79' lang='grc' dir='ltr'><strong>ἐκ</strong></span> <span class='ocrx_word' id='word_1_576' title='bbox 2462 3991 2835 4059; x_wconf 70' lang='grc' dir='ltr'>πολυλογίας</span> <span class='ocrx_word' id='word_1_577' title='bbox 2881 3986 3171 4057; x_wconf 72' lang='grc' dir='ltr'>ἐκφυγεῖν</span> <span class='ocrx_word' id='word_1_578' title='bbox 3207 3984 3319 4054; x_wconf 73' lang='grc'>(42)</span> <span class='ocrx_word' id='word_1_579' title='bbox 3378 3974 3737 4054; x_wconf 69' lang='grc' dir='ltr'>ἁμαρτίαν)-</span> 
     </span>
    </p>
   </div>
   <div class='ocr_carea' id='block_1_83' title="bbox 483 4073 3748 4152">
    <p class='ocr_par' dir='ltr' id='par_1_83' title="bbox 483 4073 3748 4152">
     <span class='ocr_line' id='line_1_83' title="bbox 483 4073 3748 4152; baseline -0.005 -11"><span class='ocrx_word' id='word_1_580' title='bbox 483 4076 727 4148; x_wconf 66' lang='grc' dir='ltr'>στερρῶς</span> <span class='ocrx_word' id='word_1_581' title='bbox 768 4076 824 4129; x_wconf 75' lang='grc' dir='ltr'>δὲ</span> <span class='ocrx_word' id='word_1_582' title='bbox 885 4076 1034 4148; x_wconf 69' lang='grc' dir='ltr'><strong>αὖτῷ</strong></span> <span class='ocrx_word' id='word_1_583' title='bbox 1081 4075 1405 4148; x_wconf 75' lang='grc' dir='ltr'>προϐάλλειν</span> <span class='ocrx_word' id='word_1_584' title='bbox 1479 4075 1551 4128; x_wconf 69' lang='grc' dir='ltr'>τὰ</span> <span class='ocrx_word' id='word_1_585' title='bbox 1593 4076 1693 4147; x_wconf 82' lang='grc' dir='ltr'><strong>τῆς</strong></span> <span class='ocrx_word' id='word_1_586' title='bbox 1747 4077 2057 4149; x_wconf 78' lang='grc' dir='ltr'>ὀρθοδοξίας</span> <span class='ocrx_word' id='word_1_587' title='bbox 2104 4080 2384 4152; x_wconf 86' lang='grc' dir='ltr'>δόγματα,</span> <span class='ocrx_word' id='word_1_588' title='bbox 2436 4082 2523 4134; x_wconf 83' lang='grc' dir='ltr'><strong>ἴνα</strong></span> <span class='ocrx_word' id='word_1_589' title='bbox 2583 4081 2836 4134; x_wconf 84' lang='grc' dir='ltr'>κάκείνου</span> <span class='ocrx_word' id='word_1_590' title='bbox 2891 4082 2926 4151; x_wconf 81' lang='grc' dir='ltr'><strong>ἡ</strong></span> <span class='ocrx_word' id='word_1_591' title='bbox 2967 4076 3343 4149; x_wconf 88' lang='grc' dir='ltr'>ἐπανόρθωσις</span> <span class='ocrx_word' id='word_1_592' title='bbox 3397 4073 3607 4146; x_wconf 81' lang='grc' dir='ltr'>φανερά</span> <span class='ocrx_word' id='word_1_593' title='bbox 3651 4073 3748 4143; x_wconf 60' lang='grc' dir='ltr'>γέν</span> 
     </span>
    </p>
   </div>
   <div class='ocr_carea' id='block_1_84' title="bbox 482 4171 2238 4247">
    <p class='ocr_par' dir='ltr' id='par_1_84' title="bbox 482 4171 2238 4247">
     <span class='ocr_line' id='line_1_84' title="bbox 482 4171 2238 4247; baseline 0.002 -20"><span class='ocrx_word' id='word_1_594' title='bbox 482 4189 671 4243; x_wconf 86' lang='grc' dir='ltr'>νηται,</span> <span class='ocrx_word' id='word_1_595' title='bbox 709 4174 802 4227; x_wconf 73' lang='lat' dir='ltr'><strong>ml.</strong></span> <span class='ocrx_word' id='word_1_596' title='bbox 852 4178 964 4238; x_wconf 81' lang='grc' dir='ltr'>τοῖς</span> <span class='ocrx_word' id='word_1_597' title='bbox 995 4173 1245 4242; x_wconf 85' lang='grc' dir='ltr'>ἀδελφοῖς</span> <span class='ocrx_word' id='word_1_598' title='bbox 1287 4172 1450 4226; x_wconf 80' lang='grc' dir='ltr'>αὑτοῦ</span> <span class='ocrx_word' id='word_1_599' title='bbox 1505 4171 1783 4245; x_wconf 79' lang='grc' dir='ltr'>γνωρισθῇ</span> <span class='ocrx_word' id='word_1_600' title='bbox 1815 4175 1848 4245; x_wconf 86' lang='grc' dir='ltr'><strong>ή</strong></span> <span class='ocrx_word' id='word_1_601' title='bbox 1886 4176 2238 4247; x_wconf 87' lang='grc' dir='ltr'>μεταμέλεια.</span> 
     </span>
    </p>
   </div>
   <div class='ocr_carea' id='block_1_85' title="bbox 553 4258 2043 4338">
    <p class='ocr_par' dir='ltr' id='par_1_85' title="bbox 553 4264 2036 4338">
     <span class='ocr_line' id='line_1_85' title="bbox 553 4264 2036 4338; baseline 0.001 -17"><span class='ocrx_word' id='word_1_602' title='bbox 553 4269 608 4322; x_wconf 80' lang='lat'><strong>5;</strong></span> <span class='ocrx_word' id='word_1_603' title='bbox 650 4266 760 4322; x_wconf 85' lang='lat' dir='ltr'><strong>Nec</strong></span> <span class='ocrx_word' id='word_1_604' title='bbox 792 4269 891 4322; x_wconf 91' lang='lat' dir='ltr'><strong>abs</strong></span> <span class='ocrx_word' id='word_1_605' title='bbox 922 4282 982 4321; x_wconf 89' lang='lat' dir='ltr'><strong>re</strong></span> <span class='ocrx_word' id='word_1_606' title='bbox 1026 4266 1192 4322; x_wconf 83' lang='lat' dir='ltr'><strong>fuerit</strong></span> <span class='ocrx_word' id='word_1_607' title='bbox 1233 4266 1300 4321; x_wconf 91' lang='lat' dir='ltr'><strong>de</strong></span> <span class='ocrx_word' id='word_1_608' title='bbox 1343 4264 1585 4321; x_wconf 84' lang='lat' dir='ltr'><strong>Marcelli</strong></span> <span class='ocrx_word' id='word_1_609' title='bbox 1619 4267 1905 4336; x_wconf 88' lang='lat' dir='ltr'><strong>discipulis</strong></span> <span class='ocrx_word' id='word_1_610' title='bbox 1948 4268 2036 4338; x_wconf 90' lang='lat' dir='ltr'><strong>pie</strong></span> 
     </span>
    </p>
   </div>
   <div class='ocr_carea' id='block_1_86' title="bbox 2173 4258 3745 4338">
    <p class='ocr_par' dir='ltr' id='par_1_86' title="bbox 2236 4258 3745 4337">
     <span class='ocr_line' id='line_1_86' title="bbox 2236 4258 3745 4337; baseline -0.009 -13"><span class='ocrx_word' id='word_1_611' title='bbox 2236 4271 2290 4325; x_wconf 80' lang='grc'><strong>5.</strong></span> <span class='ocrx_word' id='word_1_612' title='bbox 2326 4268 2565 4337; x_wconf 79' lang='grc' dir='ltr'>Εῦλογον</span> <span class='ocrx_word' id='word_1_613' title='bbox 2590 4268 2647 4321; x_wconf 84' lang='grc' dir='ltr'><strong>δέ</strong></span> <span class='ocrx_word' id='word_1_614' title='bbox 2679 4263 2925 4336; x_wconf 71' lang='grc' dir='ltr'>καὶπερὶ</span> <span class='ocrx_word' id='word_1_615' title='bbox 2948 4263 3059 4317; x_wconf 89' lang='grc' dir='ltr'><strong>τῶν</strong></span> <span class='ocrx_word' id='word_1_616' title='bbox 3091 4261 3235 4317; x_wconf 88' lang='grc' dir='ltr'><strong>κατά</strong></span> <span class='ocrx_word' id='word_1_617' title='bbox 3265 4258 3583 4333; x_wconf 81' lang='grc' dir='ltr'>Μάρκελλον</span> <span class='ocrx_word' id='word_1_618' title='bbox 3608 4260 3745 4312; x_wconf 81' lang='grc' dir='ltr'>ὑπο-</span> 
     </span>
    </p>
   </div>
   <div class='ocr_carea' id='block_1_87' title="bbox 485 4352 2043 4431">
    <p class='ocr_par' dir='ltr' id='par_1_87' title="bbox 485 4357 2038 4421">
     <span class='ocr_line' id='line_1_87' title="bbox 485 4357 2038 4421; baseline 0.002 -10"><span class='ocrx_word' id='word_1_619' title='bbox 485 4366 653 4411; x_wconf 88' lang='lat' dir='ltr'><strong>tatem</strong></span> <span class='ocrx_word' id='word_1_620' title='bbox 684 4366 920 4413; x_wconf 85' lang='lat' dir='ltr'><strong>vestram</strong></span> <span class='ocrx_word' id='word_1_621' title='bbox 960 4371 1332 4421; x_wconf 88' lang='lat' dir='ltr'><strong>commonere,</strong></span> <span class='ocrx_word' id='word_1_622' title='bbox 1365 4364 1425 4410; x_wconf 89' lang='lat' dir='ltr'><strong>ut</strong></span> <span class='ocrx_word' id='word_1_623' title='bbox 1459 4357 1596 4411; x_wconf 85' lang='lat' dir='ltr'><strong>nihil</strong></span> <span class='ocrx_word' id='word_1_624' title='bbox 1636 4358 2038 4414; x_wconf 88' lang='lat' dir='ltr'><strong>inconsiderate</strong></span> 
     </span>
    </p>
   </div>
   <div class='ocr_carea' id='block_1_88' title="bbox 2173 4352 3745 4431">
    <p class='ocr_par' dir='ltr' id='par_1_88' title="bbox 2174 4352 3745 4431">
     <span class='ocr_line' id='line_1_88' title="bbox 2174 4352 3745 4431; baseline -0.006 -18"><span class='ocrx_word' id='word_1_625' title='bbox 2174 4360 2377 4431; x_wconf 83' lang='grc' dir='ltr'>μνῆσαι</span> <span class='ocrx_word' id='word_1_626' title='bbox 2400 4360 2510 4431; x_wconf 78' lang='grc'>(45)</span> <span class='ocrx_word' id='word_1_627' title='bbox 2539 4359 2637 4429; x_wconf 87' lang='grc' dir='ltr'><strong>τὴν</strong></span> <span class='ocrx_word' id='word_1_628' title='bbox 2667 4357 2959 4411; x_wconf 78' lang='grc' dir='ltr'>εὐλάϐειαν</span> <span class='ocrx_word' id='word_1_629' title='bbox 2995 4354 3173 4427; x_wconf 86' lang='grc' dir='ltr'>ὑμῶν,</span> <span class='ocrx_word' id='word_1_630' title='bbox 3216 4354 3305 4407; x_wconf 80' lang='grc' dir='ltr'>ἵνα</span> <span class='ocrx_word' id='word_1_631' title='bbox 3342 4352 3507 4423; x_wconf 82' lang='grc' dir='ltr'>μηδὲν</span> <span class='ocrx_word' id='word_1_632' title='bbox 3539 4353 3745 4422; x_wconf 80' lang='grc' dir='ltr'>ἀπερι-</span> 
     </span>
    </p>
   </div>
   <div class='ocr_carea' id='block_1_89' title="bbox 480 4442 2043 4522">
    <p class='ocr_par' dir='ltr' id='par_1_89' title="bbox 480 4448 2043 4522">
     <span class='ocr_line' id='line_1_89' title="bbox 480 4448 2043 4522; baseline -0.001 -14"><span class='ocrx_word' id='word_1_633' title='bbox 480 4451 624 4509; x_wconf 79' lang='lat' dir='ltr'><strong>nihil</strong></span> <span class='ocrx_word' id='word_1_634' title='bbox 671 4448 833 4505; x_wconf 72' lang='lat' dir='ltr'><strong>facile</strong></span> <span class='ocrx_word' id='word_1_635' title='bbox 880 4449 948 4505; x_wconf 91' lang='lat' dir='ltr'><strong>de</strong></span> <span class='ocrx_word' id='word_1_636' title='bbox 992 4450 1102 4505; x_wconf 88' lang='lat' dir='ltr'><strong>illis</strong></span> <span class='ocrx_word' id='word_1_637' title='bbox 1148 4450 1425 4507; x_wconf 88' lang='lat' dir='ltr'><strong>statuatis.</strong></span> <span class='ocrx_word' id='word_1_638' title='bbox 1461 4448 1569 4504; x_wconf 90' lang='lat' dir='ltr'><strong>Sed</strong></span> <span class='ocrx_word' id='word_1_639' title='bbox 1619 4466 1745 4504; x_wconf 91' lang='lat' dir='ltr'><strong>cum</strong></span> <span class='ocrx_word' id='word_1_640' title='bbox 1794 4451 1865 4506; x_wconf 92' lang='lat' dir='ltr'><strong>ob</strong></span> <span class='ocrx_word' id='word_1_641' title='bbox 1899 4451 2043 4522; x_wconf 82' lang='lat' dir='ltr'><strong>impi:</strong></span> 
     </span>
    </p>
   </div>
   <div class='ocr_carea' id='block_1_90' title="bbox 2173 4442 3742 4522">
    <p class='ocr_par' dir='ltr' id='par_1_90' title="bbox 2173 4442 3742 4522">
     <span class='ocr_line' id='line_1_90' title="bbox 2173 4442 3742 4522; baseline -0.007 -16"><span class='ocrx_word' id='word_1_642' title='bbox 2173 4454 2444 4515; x_wconf 85' lang='grc' dir='ltr'>σκέπτως,</span> <span class='ocrx_word' id='word_1_643' title='bbox 2471 4451 2593 4522; x_wconf 80' lang='grc' dir='ltr'>μηδ’</span> <span class='ocrx_word' id='word_1_644' title='bbox 2625 4450 2863 4512; x_wconf 82' lang='grc' dir='ltr'>εὐκόλως</span> <span class='ocrx_word' id='word_1_645' title='bbox 2887 4447 3019 4520; x_wconf 71' lang='grc' dir='ltr'>περὶ</span> <span class='ocrx_word' id='word_1_646' title='bbox 3052 4445 3232 4501; x_wconf 86' lang='grc' dir='ltr'>αὐτῶν</span> <span class='ocrx_word' id='word_1_647' title='bbox 3258 4443 3573 4515; x_wconf 79' lang='grc' dir='ltr'>τυπώσητε.</span> <span class='ocrx_word' id='word_1_648' title='bbox 3605 4442 3742 4496; x_wconf 79' lang='grc' dir='ltr'>Ἀλλ’</span> 
     </span>
    </p>
   </div>
   <div class='ocr_carea' id='block_1_91' title="bbox 558 4602 2054 4675">
    <p class='ocr_par' dir='ltr' id='par_1_91' title="bbox 558 4602 2054 4675">
     <span class='ocr_line' id='line_1_91' title="bbox 558 4602 2054 4675; baseline 0 -15"><span class='ocrx_word' id='word_1_649' title='bbox 558 4606 603 4638; x_wconf 78' lang='grc'><strong>³⁸</strong></span> <span class='ocrx_word' id='word_1_650' title='bbox 626 4602 784 4661; x_wconf 81' lang='lat' dir='ltr'><strong>Joan.</strong></span> <span class='ocrx_word' id='word_1_651' title='bbox 814 4620 855 4669; x_wconf 83' lang='lat'><strong>1,</strong></span> <span class='ocrx_word' id='word_1_652' title='bbox 879 4604 972 4660; x_wconf 74' lang='lat'><strong>29.</strong></span> <span class='ocrx_word' id='word_1_653' title='bbox 1050 4604 1094 4637; x_wconf 80' lang='grc'>³⁷</span> <span class='ocrx_word' id='word_1_654' title='bbox 1122 4603 1326 4675; x_wconf 85' lang='lat' dir='ltr'><strong>Ephes.</strong></span> <span class='ocrx_word' id='word_1_655' title='bbox 1360 4622 1414 4670; x_wconf 90' lang='lat' dir='ltr'><strong>v,</strong></span> <span class='ocrx_word' id='word_1_656' title='bbox 1443 4604 1538 4663; x_wconf 73' lang='lat'><strong>27.</strong></span> <span class='ocrx_word' id='word_1_657' title='bbox 1613 4605 1659 4637; x_wconf 82' lang='grc'><strong>⁸⁸</strong></span> <span class='ocrx_word' id='word_1_658' title='bbox 1684 4603 1848 4660; x_wconf 86' lang='lat' dir='ltr'><strong>Prov.</strong></span> <span class='ocrx_word' id='word_1_659' title='bbox 1877 4622 1935 4668; x_wconf 85' lang='lat' dir='ltr'><strong>x,</strong></span> <span class='ocrx_word' id='word_1_660' title='bbox 1963 4606 2054 4661; x_wconf 76' lang='grc'><strong>19.</strong></span> 
     </span>
    </p>
   </div>
   <div class='ocr_carea' id='block_1_92' title="bbox 489 4722 2065 4795">
    <p class='ocr_par' dir='ltr' id='par_1_92' title="bbox 489 4722 2065 4795">
     <span class='ocr_line' id='line_1_92' title="bbox 489 4722 2065 4795; baseline -0.002 -13"><span class='ocrx_word' id='word_1_661' title='bbox 489 4725 646 4782; x_wconf 82' lang='lat' dir='ltr'><strong>laeani</strong></span> <span class='ocrx_word' id='word_1_662' title='bbox 684 4739 752 4779; x_wconf 94' lang='lat' dir='ltr'><strong>eo</strong></span> <span class='ocrx_word' id='word_1_663' title='bbox 798 4723 974 4795; x_wconf 85' lang='lat' dir='ltr'><strong>magis</strong></span> <span class='ocrx_word' id='word_1_664' title='bbox 1024 4725 1234 4789; x_wconf 90' lang='lat' dir='ltr'><strong>arrisit,</strong></span> <span class='ocrx_word' id='word_1_665' title='bbox 1289 4725 1436 4795; x_wconf 90' lang='lat' dir='ltr'><strong>quod</strong></span> <span class='ocrx_word' id='word_1_666' title='bbox 1480 4726 1531 4781; x_wconf 91' lang='lat' dir='ltr'><strong>ei</strong></span> <span class='ocrx_word' id='word_1_667' title='bbox 1582 4722 1731 4779; x_wconf 80' lang='lat' dir='ltr'><strong>favet</strong></span> <span class='ocrx_word' id='word_1_668' title='bbox 1774 4723 2065 4795; x_wconf 72' lang='lat' dir='ltr'><strong>Medicaeus</strong></span> 
     </span>
    </p>
   </div>
   <div class='ocr_carea' id='block_1_93' title="bbox 488 4794 2068 4866">
    <p class='ocr_par' dir='ltr' id='par_1_93' title="bbox 488 4794 2068 4866">
     <span class='ocr_line' id='line_1_93' title="bbox 488 4794 2068 4866; baseline -0.003 -15"><span class='ocrx_word' id='word_1_669' title='bbox 488 4813 613 4852; x_wconf 87' lang='lat' dir='ltr'><strong>cum</strong></span> <span class='ocrx_word' id='word_1_670' title='bbox 653 4796 839 4866; x_wconf 73' lang='lat' dir='ltr'><strong>tribus</strong></span> <span class='ocrx_word' id='word_1_671' title='bbox 865 4794 1011 4858; x_wconf 86' lang='lat' dir='ltr'><strong>aliis,</strong></span> <span class='ocrx_word' id='word_1_672' title='bbox 1050 4796 1104 4866; x_wconf 85' lang='lat' dir='ltr'><strong>in</strong></span> <span class='ocrx_word' id='word_1_673' title='bbox 1144 4794 1584 4866; x_wconf 71' lang='lat' dir='ltr'><strong>quibUs‘legitur</strong></span> <span class='ocrx_word' id='word_1_674' title='bbox 1615 4794 1868 4847; x_wconf 83' lang='grc' dir='ltr'>σκοτεινὰ</span> <span class='ocrx_word' id='word_1_675' title='bbox 1896 4795 2068 4865; x_wconf 76' lang='grc' dir='ltr'>ἀσεϐῆ</span> 
     </span>
    </p>
   </div>
   <div class='ocr_carea' id='block_1_94' title="bbox 490 4864 2315 4945">
    <p class='ocr_par' dir='ltr' id='par_1_94' title="bbox 490 4864 2315 4945">
     <span class='ocr_line' id='line_1_94' title="bbox 490 4864 2315 4945; baseline 0 -26"><span class='ocrx_word' id='word_1_676' title='bbox 490 4869 556 4939; x_wconf 82' lang='grc' dir='ltr'>ῥή</span> <span class='ocrx_word' id='word_1_677' title='bbox 567 4864 1029 4945; x_wconf 29' lang='grc' dir='ltr'>ματαᾷΕὰἱιλκραὶ</span> <span class='ocrx_word' id='word_1_678' title='bbox 1054 4864 1191 4945; x_wconf 67' lang='grc' dir='ltr'><strong>άλλά</strong></span> <span class='ocrx_word' id='word_1_679' title='bbox 1216 4864 1470 4945; x_wconf 68' lang='grc' dir='ltr'>σκοτεινά</span> <span class='ocrx_word' id='word_1_680' title='bbox 1501 4867 1596 4920; x_wconf 74' lang='grc' dir='ltr'><strong>καὶ</strong></span> <span class='ocrx_word' id='word_1_681' title='bbox 1622 4865 1793 4935; x_wconf 77' lang='grc' dir='ltr'>ἀσεϐῆ</span> <span class='ocrx_word' id='word_1_682' title='bbox 1825 4864 2065 4936; x_wconf 78' lang='grc' dir='ltr'>ῥήματα.</span> <span class='ocrx_word' id='word_1_683' title='bbox 2172 4934 2213 4945; x_wconf 78' lang='lat'>__</span> 
     </span>
    </p>
   </div>
   <div class='ocr_carea' id='block_1_95' title="bbox 561 4931 2043 5016">
    <p class='ocr_par' dir='ltr' id='par_1_95' title="bbox 561 4931 2043 5016">
     <span class='ocr_line' id='line_1_95' title="bbox 561 4931 2043 5016; baseline 0 -25"><span class='ocrx_word' id='word_1_684' title='bbox 561 4931 671 5007; x_wconf 72' lang='lat'><strong>(32)</strong></span> <span class='ocrx_word' id='word_1_685' title='bbox 698 4935 1180 5016; x_wconf 57' lang='grc' dir='ltr'>μαραδέξασᾷαι.</span> <span class='ocrx_word' id='word_1_686' title='bbox 1223 4936 1373 4990; x_wconf 91' lang='lat' dir='ltr'><strong>llanc</strong></span> <span class='ocrx_word' id='word_1_687' title='bbox 1408 4952 1619 5016; x_wconf 62' lang='lat' dir='ltr'><strong>vocem,</strong></span> <span class='ocrx_word' id='word_1_688' title='bbox 1662 4931 2043 5016; x_wconf 54' lang='lat' dir='ltr'><strong>quze&#39;ne&#39;cessa</strong></span> 
     </span>
    </p>
   </div>
   <div class='ocr_carea' id='block_1_96' title="bbox 2173 4931 3732 5016">
    <p class='ocr_par' dir='ltr' id='par_1_96' title="bbox 2173 4931 3732 5016">
     <span class='ocr_line' id='line_1_96' title="bbox 2173 4931 3732 5016; baseline 0 0"><span class='ocrx_word' id='word_1_689' title='bbox 2767 5000 2780 5016; x_wconf 89' lang='lat' dir='ltr'><strong>I</strong></span> <span class='ocrx_word' id='word_1_690' title='bbox 2816 4998 2966 5016; x_wconf 62' lang='lat' dir='ltr'><strong>_I,-_.</strong></span> <span class='ocrx_word' id='word_1_691' title='bbox 3015 5008 3196 5016; x_wconf 62' lang='lat'><strong>__.-_--</strong></span> <span class='ocrx_word' id='word_1_692' title='bbox 3227 4990 3354 5016; x_wconf 66' lang='lat' dir='ltr'><strong>-Jh:</strong></span> <span class='ocrx_word' id='word_1_693' title='bbox 3385 4996 3433 5016; x_wconf 72' lang='grc' dir='ltr'><strong>..ο</strong></span> <span class='ocrx_word' id='word_1_694' title='bbox 3461 5004 3571 5016; x_wconf 62' lang='lat' dir='ltr'><strong>mn-</strong></span> <span class='ocrx_word' id='word_1_695' title='bbox 3638 4987 3732 5016; x_wconf 66' lang='grc' dir='ltr'><strong>..ερὲ</strong></span> 
     </span>
    </p>
   </div>
   <div class='ocr_carea' id='block_1_97' title="bbox 490 4991 3735 5087">
    <p class='ocr_par' dir='ltr' id='par_1_97' title="bbox 490 4991 3735 5087">
     <span class='ocr_line' id='line_1_97' title="bbox 490 4991 3735 5087; baseline -0.003 -26"><span class='ocrx_word' id='word_1_696' title='bbox 490 4991 837 5087; x_wconf 49' lang='lat' dir='ltr'><strong>ria‘uq&#39;uidem</strong></span> <span class='ocrx_word' id='word_1_697' title='bbox 888 4991 1280 5087; x_wconf 49' lang='lat' dir='ltr'><strong>no&#39;nnvidetur,</strong></span> <span class='ocrx_word' id='word_1_698' title='bbox 1329 5007 1436 5087; x_wconf 73' lang='lat' dir='ltr'><strong>sed</strong></span> <span class='ocrx_word' id='word_1_699' title='bbox 1475 4991 1844 5087; x_wconf 35' lang='lat' dir='ltr'><strong>tamenjnihil</strong></span> <span class='ocrx_word' id='word_1_700' title='bbox 1878 5014 2063 5070; x_wconf 90' lang='lat' dir='ltr'><strong>nocet,</strong></span> <span class='ocrx_word' id='word_1_701' title='bbox 2244 5002 2367 5087; x_wconf 59' lang='grc' dir='ltr'><strong>(ὅθ)⁹</strong></span> <span class='ocrx_word' id='word_1_702' title='bbox 2395 4991 2609 5087; x_wconf 61' lang='grc' dir='ltr'>Ἀρὲρι.</span> <span class='ocrx_word' id='word_1_703' title='bbox 2643 4999 2735 5053; x_wconf 90' lang='lat' dir='ltr'><strong>Sic</strong></span> <span class='ocrx_word' id='word_1_704' title='bbox 2767 4991 3735 5087; x_wconf 39' lang='lat' dir='ltr'><strong>habent.onlncsffﬁlingtgsf;</strong></span> 
     </span>
    </p>
   </div>
   <div class='ocr_carea' id='block_1_98' title="bbox 426 5059 2043 5210">
    <p class='ocr_par' dir='ltr' id='par_1_98' title="bbox 426 5059 2041 5210">
     <span class='ocr_line' id='line_1_98' title="bbox 426 5059 2041 5134; baseline 0 -4"><span class='ocrx_word' id='word_1_705' title='bbox 426 5082 433 5095; x_wconf 61' lang='grc' dir='ltr'><strong>ι</strong></span> <span class='ocrx_word' id='word_1_706' title='bbox 489 5059 807 5133; x_wconf 70' lang='lat' dir='ltr'><strong>addidimus</strong></span> <span class='ocrx_word' id='word_1_707' title='bbox 832 5059 900 5133; x_wconf 54' lang='lat' dir='ltr'><strong>ei</strong></span> <span class='ocrx_word' id='word_1_708' title='bbox 936 5059 1121 5132; x_wconf 69' lang='lat' dir='ltr'><strong>tribus</strong></span> <span class='ocrx_word' id='word_1_709' title='bbox 1147 5059 1549 5134; x_wconf 71' lang='lat' dir='ltr'><strong>vetustissimis</strong></span> <span class='ocrx_word' id='word_1_710' title='bbox 1577 5059 1862 5132; x_wconf 78' lang='lat' dir='ltr'><strong>codicibus</strong></span> <span class='ocrx_word' id='word_1_711' title='bbox 1896 5059 1951 5131; x_wconf 84' lang='lat' dir='ltr'><strong>et</strong></span> <span class='ocrx_word' id='word_1_712' title='bbox 1983 5059 2041 5130; x_wconf 82' lang='lat' dir='ltr'><strong>to</strong></span> 
     </span>
     <span class='ocr_line' id='line_1_99' title="bbox 492 5146 1355 5210; baseline 0.003 -10"><span class='ocrx_word' id='word_1_713' title='bbox 492 5146 659 5201; x_wconf 88' lang='lat' dir='ltr'><strong>tidem</strong></span> <span class='ocrx_word' id='word_1_714' title='bbox 701 5149 826 5203; x_wconf 89' lang='lat' dir='ltr'><strong>aliis</strong></span> <span class='ocrx_word' id='word_1_715' title='bbox 857 5162 962 5201; x_wconf 94' lang='lat' dir='ltr'><strong>non</strong></span> <span class='ocrx_word' id='word_1_716' title='bbox 988 5148 1060 5202; x_wconf 90' lang='lat' dir='ltr'><strong>ita</strong></span> <span class='ocrx_word' id='word_1_717' title='bbox 1088 5147 1355 5210; x_wconf 88' lang='lat' dir='ltr'><strong>antiquis.</strong></span> 
     </span>
    </p>
   </div>
   <div class='ocr_carea' id='block_1_99' title="bbox 2173 5059 3737 5210">
    <p class='ocr_par' dir='ltr' id='par_1_99' title="bbox 2175 5059 3737 5210">
     <span class='ocr_line' id='line_1_100' title="bbox 2215 5059 3737 5137; baseline -0.009 -9"><span class='ocrx_word' id='word_1_718' title='bbox 2215 5059 2412 5128; x_wconf 79' lang='lat' dir='ltr'><strong>u‘od&#39;in</strong></span> <span class='ocrx_word' id='word_1_719' title='bbox 2445 5059 2637 5125; x_wconf 76' lang='lat' dir='ltr'><strong>codice</strong></span> <span class='ocrx_word' id='word_1_720' title='bbox 2662 5085 2765 5123; x_wconf 88' lang='lat' dir='ltr'><strong>ms.</strong></span> <span class='ocrx_word' id='word_1_721' title='bbox 2798 5067 3034 5137; x_wconf 79' lang='lat' dir='ltr'><strong>insignis</strong></span> <span class='ocrx_word' id='word_1_722' title='bbox 3063 5063 3321 5119; x_wconf 74' lang='lat' dir='ltr'><strong>Ecclesia:</strong></span> <span class='ocrx_word' id='word_1_723' title='bbox 3348 5059 3528 5114; x_wconf 89' lang='lat' dir='ltr'><strong>Paris.</strong></span> <span class='ocrx_word' id='word_1_724' title='bbox 3557 5060 3737 5131; x_wconf 79' lang='lat' dir='ltr'><strong>legitur</strong></span> 
     </span>
     <span class='ocr_line' id='line_1_101' title="bbox 2175 5092 3673 5210; baseline -0.011 -11"><span class='ocrx_word' id='word_1_725' title='bbox 2175 5092 2373 5210; x_wconf 64' lang='grc' dir='ltr'>ἓρτους</span> <span class='ocrx_word' id='word_1_726' title='bbox 2400 5149 2454 5195; x_wconf 88' lang='lat' dir='ltr'><strong>et</strong></span> <span class='ocrx_word' id='word_1_727' title='bbox 2491 5141 2655 5210; x_wconf 83' lang='lat' dir='ltr'><strong>paulo</strong></span> <span class='ocrx_word' id='word_1_728' title='bbox 2686 5146 2810 5208; x_wconf 90' lang='lat' dir='ltr'><strong>post</strong></span> <span class='ocrx_word' id='word_1_729' title='bbox 2841 5137 3129 5210; x_wconf 49' lang='grc' dir='ltr'>λύχνους.-</span> <span class='ocrx_word' id='word_1_730' title='bbox 3288 5203 3300 5210; x_wconf 84' lang='lat'><strong>_</strong></span> <span class='ocrx_word' id='word_1_731' title='bbox 3434 5198 3472 5210; x_wconf 9' lang='grc' dir='ltr'><strong>’ί</strong></span> <span class='ocrx_word' id='word_1_732' title='bbox 3550 5197 3588 5210; x_wconf 78' lang='lat'><em>_</em></span> <span class='ocrx_word' id='word_1_733' title='bbox 3660 5198 3673 5209; x_wconf 47' lang='lat'><em>.</em></span> 
     </span>
    </p>
   </div>
   <div class='ocr_carea' id='block_1_100' title="bbox 519 5156 2043 5216">
    <p class='ocr_par' dir='ltr' id='par_1_100' title="bbox 519 5156 1944 5216">
     <span class='ocr_line' id='line_1_102' title="bbox 519 5156 1944 5216; baseline 0.006 -15"><span class='ocrx_word' id='word_1_734' title='bbox 519 5156 659 5201; x_wconf 82' lang='lat' dir='ltr'><strong>idem</strong></span> <span class='ocrx_word' id='word_1_735' title='bbox 701 5156 826 5203; x_wconf 83' lang='lat' dir='ltr'><strong>aliis</strong></span> <span class='ocrx_word' id='word_1_736' title='bbox 857 5162 962 5201; x_wconf 91' lang='lat' dir='ltr'><strong>non</strong></span> <span class='ocrx_word' id='word_1_737' title='bbox 988 5156 1060 5202; x_wconf 86' lang='lat' dir='ltr'><strong>ita</strong></span> <span class='ocrx_word' id='word_1_738' title='bbox 1088 5156 1355 5216; x_wconf 82' lang='lat' dir='ltr'><strong>antiquis.</strong></span> <span class='ocrx_word' id='word_1_739' title='bbox 1715 5215 1718 5216; x_wconf 21' lang='grc' dir='ltr'><strong>ν</strong></span> <span class='ocrx_word' id='word_1_740' title='bbox 1792 5215 1797 5216; x_wconf 19' lang='grc' dir='ltr'><strong>ί</strong></span> <span class='ocrx_word' id='word_1_741' title='bbox 1913 5214 1944 5216; x_wconf 71' lang='lat'><em>_</em></span> 
     </span>
    </p>
   </div>
   <div class='ocr_carea' id='block_1_101' title="bbox 2173 5156 3091 5216">
    <p class='ocr_par' dir='ltr' id='par_1_101' title="bbox 2175 5156 3091 5216">
     <span class='ocr_line' id='line_1_103' title="bbox 2175 5156 3091 5216; baseline -0.01 -19"><span class='ocrx_word' id='word_1_742' title='bbox 2175 5156 2373 5216; x_wconf 79' lang='grc' dir='ltr'>ἀρτους</span> <span class='ocrx_word' id='word_1_743' title='bbox 2400 5156 2454 5216; x_wconf 65' lang='lat' dir='ltr'><strong>et</strong></span> <span class='ocrx_word' id='word_1_744' title='bbox 2491 5156 2655 5216; x_wconf 73' lang='lat' dir='ltr'><strong>paulo</strong></span> <span class='ocrx_word' id='word_1_745' title='bbox 2686 5156 2810 5208; x_wconf 75' lang='lat' dir='ltr'><strong>posr.</strong></span> <span class='ocrx_word' id='word_1_746' title='bbox 2844 5156 3091 5216; x_wconf 43' lang='grc' dir='ltr'>λύχνους.</span> 
     </span>
    </p>
   </div>
   <div class='ocr_carea' id='block_1_102' title="bbox 2241 4706 3743 4795">
    <p class='ocr_par' dir='ltr' id='par_1_102' title="bbox 2241 4706 3743 4795">
     <span class='ocr_line' id='line_1_104' title="bbox 2241 4706 3743 4795; baseline -0.009 -19"><span class='ocrx_word' id='word_1_747' title='bbox 2241 4721 2353 4795; x_wconf 78' lang='lat'><strong>(&#39;57)</strong></span> <span class='ocrx_word' id='word_1_748' title='bbox 2386 4720 2495 4775; x_wconf 77' lang='grc' dir='ltr'><strong>Καὶ</strong></span> <span class='ocrx_word' id='word_1_749' title='bbox 2523 4716 2768 4773; x_wconf 84' lang='grc' dir='ltr'>θυσίαν.</span> <span class='ocrx_word' id='word_1_750' title='bbox 2805 4712 2886 4769; x_wconf 89' lang='lat' dir='ltr'><strong>lta</strong></span> <span class='ocrx_word' id='word_1_751' title='bbox 2909 4729 3006 4771; x_wconf 79' lang='lat' dir='ltr'><strong>sex</strong></span> <span class='ocrx_word' id='word_1_752' title='bbox 3041 4727 3176 4769; x_wconf 90' lang='lat' dir='ltr'><strong>mss.</strong></span> <span class='ocrx_word' id='word_1_753' title='bbox 3205 4709 3448 4767; x_wconf 88' lang='lat' dir='ltr'><strong>codices.</strong></span> <span class='ocrx_word' id='word_1_754' title='bbox 3482 4706 3620 4764; x_wconf 85' lang='lat' dir='ltr'><strong>Editi</strong></span> <span class='ocrx_word' id='word_1_755' title='bbox 3651 4709 3743 4763; x_wconf 75' lang='grc' dir='ltr'>καὶ</span> 
     </span>
    </p>
   </div>
   <div class='ocr_carea' id='block_1_103' title="bbox 2171 4793 3733 4933">
    <p class='ocr_par' dir='ltr' id='par_1_103' title="bbox 2171 4793 3733 4933">
     <span class='ocr_line' id='line_1_105' title="bbox 2171 4793 3733 4933; baseline -0.012 -13"><span class='ocrx_word' id='word_1_756' title='bbox 2171 4793 2510 4933; x_wconf 33' lang='lat' dir='ltr'><strong>Magaba»</strong></span> <span class='ocrx_word' id='word_1_757' title='bbox 2534 4859 2802 4928; x_wconf 77' lang='grc' dir='ltr'>αἴροντα.</span> <span class='ocrx_word' id='word_1_758' title='bbox 2844 4854 2925 4910; x_wconf 87' lang='lat' dir='ltr'><strong>Ita</strong></span> <span class='ocrx_word' id='word_1_759' title='bbox 2968 4861 3083 4910; x_wconf 89' lang='lat' dir='ltr'><strong>tres</strong></span> <span class='ocrx_word' id='word_1_760' title='bbox 3118 4850 3480 4908; x_wconf 88' lang='lat' dir='ltr'><strong>vetustissimi</strong></span> <span class='ocrx_word' id='word_1_761' title='bbox 3507 4849 3733 4905; x_wconf 85' lang='lat' dir='ltr'><strong>codices.</strong></span> 
     </span>
    </p>
   </div>
   <div class='ocr_carea' id='block_1_104' title="bbox 565 5214 2073 5299">
    <p class='ocr_par' dir='ltr' id='par_1_104' title="bbox 565 5214 2073 5299">
     <span class='ocr_line' id='line_1_106' title="bbox 565 5214 2073 5299; baseline -0.001 -26"><span class='ocrx_word' id='word_1_762' title='bbox 565 5217 686 5299; x_wconf 45' lang='grc' dir='ltr'>(ὃρ)-</span> <span class='ocrx_word' id='word_1_763' title='bbox 721 5217 1022 5299; x_wconf 62' lang='grc' dir='ltr'>Ἠςξάνισε,</span> <span class='ocrx_word' id='word_1_764' title='bbox 1050 5225 1159 5299; x_wconf 81' lang='lat' dir='ltr'><strong>e_tc_.</strong></span> <span class='ocrx_word' id='word_1_765' title='bbox 1191 5214 1284 5299; x_wconf 78' lang='lat' dir='ltr'><strong>Sic</strong></span> <span class='ocrx_word' id='word_1_766' title='bbox 1314 5229 1425 5272; x_wconf 91' lang='lat' dir='ltr'><strong>tres</strong></span> <span class='ocrx_word' id='word_1_767' title='bbox 1448 5215 1804 5299; x_wconf 66' lang='lat' dir='ltr'><strong>vetustissimi</strong></span> <span class='ocrx_word' id='word_1_768' title='bbox 1828 5214 2073 5272; x_wconf 88' lang='lat' dir='ltr'><strong>codices.</strong></span> 
     </span>
    </p>
   </div>
   <div class='ocr_carea' id='block_1_105' title="bbox 493 5284 1707 5359">
    <p class='ocr_par' dir='ltr' id='par_1_105' title="bbox 493 5284 1707 5359">
     <span class='ocr_line' id='line_1_107' title="bbox 493 5284 1707 5359; baseline -0.002 -19"><span class='ocrx_word' id='word_1_769' title='bbox 493 5284 634 5359; x_wconf 80' lang='lat' dir='ltr'><strong>Editi</strong></span> <span class='ocrx_word' id='word_1_770' title='bbox 659 5284 966 5359; x_wconf 54' lang='grc' dir='ltr'>ίήμαύρωσε</span> <span class='ocrx_word' id='word_1_771' title='bbox 999 5289 1360 5359; x_wconf 34' lang='grc' dir='ltr'>καὶ-ἠφάνισε</span> <span class='ocrx_word' id='word_1_772' title='bbox 1393 5284 1707 5358; x_wconf 87' lang='grc' dir='ltr'>μυθολογία.</span> 
     </span>
    </p>
   </div>
   <div class='ocr_carea' id='block_1_106' title="bbox 566 5354 2077 5430">
    <p class='ocr_par' dir='ltr' id='par_1_106' title="bbox 566 5354 2077 5430">
     <span class='ocr_line' id='line_1_108' title="bbox 566 5354 2077 5430; baseline -0.003 -19"><span class='ocrx_word' id='word_1_773' title='bbox 566 5354 1271 5430; x_wconf 62' lang='grc' dir='ltr'>(54)’Πολιτευσαμέιλὸις.</span> <span class='ocrx_word' id='word_1_774' title='bbox 1300 5354 1448 5414; x_wconf 75' lang='lat' dir='ltr'><strong>Cois!</strong></span> <span class='ocrx_word' id='word_1_775' title='bbox 1495 5359 1706 5428; x_wconf 83' lang='lat' dir='ltr'><strong>primus</strong></span> <span class='ocrx_word' id='word_1_776' title='bbox 1732 5354 2077 5426; x_wconf 71' lang='grc' dir='ltr'>πολιτευομέο</span> 
     </span>
    </p>
   </div>
   <div class='ocr_carea' id='block_1_107' title="bbox 2248 5197 3739 5285">
    <p class='ocr_par' dir='ltr' id='par_1_107' title="bbox 2248 5197 3739 5285">
     <span class='ocr_line' id='line_1_109' title="bbox 2248 5197 3739 5285; baseline -0.011 -18"><span class='ocrx_word' id='word_1_777' title='bbox 2248 5197 2370 5285; x_wconf 72' lang='grc'>(40)</span> <span class='ocrx_word' id='word_1_778' title='bbox 2399 5197 2792 5285; x_wconf 49' lang='grc' dir='ltr'>Κᾳςὲτψγηὲαι,</span> <span class='ocrx_word' id='word_1_779' title='bbox 2842 5197 3062 5285; x_wconf 53' lang='grc' dir='ltr'>δῆλος,</span> <span class='ocrx_word' id='word_1_780' title='bbox 3095 5204 3185 5285; x_wconf 72' lang='grc' dir='ltr'>ᾇτι</span> <span class='ocrx_word' id='word_1_781' title='bbox 3231 5203 3384 5285; x_wconf 47' lang='grc' dir='ltr'>τότ-ξ..</span> <span class='ocrx_word' id='word_1_782' title='bbox 3434 5197 3739 5285; x_wconf 37' lang='lat' dir='ltr'><strong>l‘ta‘ﬁegius</strong></span> 
     </span>
    </p>
   </div>
   <div class='ocr_carea' id='block_1_108' title="bbox 2177 5270 3737 5352">
    <p class='ocr_par' dir='ltr' id='par_1_108' title="bbox 2177 5270 3737 5352">
     <span class='ocr_line' id='line_1_110' title="bbox 2177 5270 3737 5352; baseline -0.007 -14"><span class='ocrx_word' id='word_1_783' title='bbox 2177 5270 2430 5352; x_wconf 78' lang='lat' dir='ltr'><strong>uterque,</strong></span> <span class='ocrx_word' id='word_1_784' title='bbox 2457 5270 2634 5352; x_wconf 55' lang='lat' dir='ltr'><strong>Coisl&#39;:</strong></span> <span class='ocrx_word' id='word_1_785' title='bbox 2648 5270 2972 5352; x_wconf 71' lang='lat' dir='ltr'><strong>secundus._</strong></span> <span class='ocrx_word' id='word_1_786' title='bbox 2996 5275 3175 5352; x_wconf 71' lang='lat' dir='ltr'><strong>Paris.</strong></span> <span class='ocrx_word' id='word_1_787' title='bbox 3218 5282 3269 5330; x_wconf 85' lang='lat' dir='ltr'><strong>et</strong></span> <span class='ocrx_word' id='word_1_788' title='bbox 3314 5271 3498 5342; x_wconf 83' lang='lat' dir='ltr'><strong>Bigot.</strong></span> <span class='ocrx_word' id='word_1_789' title='bbox 3528 5270 3662 5325; x_wconf 82' lang='lat' dir='ltr'><strong>Editi</strong></span> <span class='ocrx_word' id='word_1_790' title='bbox 3680 5270 3737 5327; x_wconf 67' lang='grc' dir='ltr'>οὐ</span> 
     </span>
    </p>
   </div>
   <div class='ocr_carea' id='block_1_109' title="bbox 2178 5344 3216 5425">
    <p class='ocr_par' dir='ltr' id='par_1_109' title="bbox 2178 5344 3216 5425">
     <span class='ocr_line' id='line_1_111' title="bbox 2178 5344 3216 5425; baseline -0.012 -17"><span class='ocrx_word' id='word_1_791' title='bbox 2178 5344 2550 5425; x_wconf 78' lang='grc' dir='ltr'>κατήργηται,</span> <span class='ocrx_word' id='word_1_792' title='bbox 2579 5348 2778 5425; x_wconf 47' lang='grc' dir='ltr'>δῆλον,</span> <span class='ocrx_word' id='word_1_793' title='bbox 2797 5347 2880 5425; x_wconf 75' lang='grc' dir='ltr'><strong>ὅτι</strong></span> <span class='ocrx_word' id='word_1_794' title='bbox 2917 5344 3216 5425; x_wconf 60' lang='grc' dir='ltr'>οῦτετότε.</span> 
     </span>
    </p>
   </div>
   <div class='ocr_carea' id='block_1_110' title="bbox 493 5409 2043 5496">
    <p class='ocr_par' dir='ltr' id='par_1_110' title="bbox 493 5409 2001 5496">
     <span class='ocr_line' id='line_1_112' title="bbox 570 5409 2001 5430; baseline 0 -4"><span class='ocrx_word' id='word_1_795' title='bbox 570 5409 675 5430; x_wconf 61' lang='grc' dir='ltr'><strong>νη</strong></span> <span class='ocrx_word' id='word_1_796' title='bbox 709 5409 986 5413; x_wconf 58' lang='grc' dir='ltr'><strong>--ν---τη-</strong></span> <span class='ocrx_word' id='word_1_797' title='bbox 1495 5409 1571 5428; x_wconf 57' lang='grc' dir='ltr'><strong>,η</strong></span> <span class='ocrx_word' id='word_1_798' title='bbox 1653 5409 1700 5411; x_wconf 51' lang='grc' dir='ltr'>η</span> <span class='ocrx_word' id='word_1_799' title='bbox 1987 5409 2001 5426; x_wconf 93' lang='grc'>.</span> 
     </span>
     <span class='ocr_line' id='line_1_113' title="bbox 493 5442 1783 5496; baseline 0.012 -15"><span class='ocrx_word' id='word_1_800' title='bbox 493 5442 625 5491; x_wconf 81' lang='grc' dir='ltr'>νοις.</span> <span class='ocrx_word' id='word_1_801' title='bbox 1748 5494 1783 5496; x_wconf 43' lang='grc' dir='ltr'>η</span> 
     </span>
    </p>
   </div>
   <div class='ocr_carea' id='block_1_111' title="bbox 2173 5409 3563 5496">
    <p class='ocr_par' dir='ltr' id='par_1_111' title="bbox 2252 5409 3563 5496">
     <span class='ocr_line' id='line_1_114' title="bbox 2252 5409 3563 5496; baseline -0.01 -21"><span class='ocrx_word' id='word_1_802' title='bbox 2252 5409 2710 5496; x_wconf 52' lang='grc' dir='ltr'><strong>(ᾤ’ξίᾴραῢτηὶνι.</strong></span> <span class='ocrx_word' id='word_1_803' title='bbox 2738 5409 2890 5496; x_wconf 58' lang='lat' dir='ltr'><strong>Harl.</strong></span> <span class='ocrx_word' id='word_1_804' title='bbox 2913 5424 2968 5496; x_wconf 77' lang='lat' dir='ltr'><strong>et</strong></span> <span class='ocrx_word' id='word_1_805' title='bbox 3005 5414 3151 5495; x_wconf 77' lang='lat' dir='ltr'><strong>Med.</strong></span> <span class='ocrx_word' id='word_1_806' title='bbox 3179 5416 3237 5467; x_wconf 90' lang='grc' dir='ltr'><strong>ἐν</strong></span> <span class='ocrx_word' id='word_1_807' title='bbox 3266 5409 3563 5496; x_wconf 59' lang='grc' dir='ltr'><strong>⁴πραότητι.</strong></span> 
     </span>
    </p>
   </div>
   <div class='ocr_carea' id='block_1_112' title="bbox 496 5434 2043 5631">
    <p class='ocr_par' dir='ltr' id='par_1_112' title="bbox 496 5442 2043 5631">
     <span class='ocr_line' id='line_1_115' title="bbox 496 5442 2043 5618; baseline -0.003 -67"><span class='ocrx_word' id='word_1_808' title='bbox 496 5442 679 5618; x_wconf 48' lang='grc' dir='ltr'>ἓὲδ)</span> <span class='ocrx_word' id='word_1_809' title='bbox 714 5497 1027 5567; x_wconf 85' lang='grc' dir='ltr'>Γραὼδεις.</span> <span class='ocrx_word' id='word_1_810' title='bbox 1065 5497 1143 5553; x_wconf 86' lang='lat' dir='ltr'><strong>Ita</strong></span> <span class='ocrx_word' id='word_1_811' title='bbox 1174 5514 1309 5555; x_wconf 81' lang='lat' dir='ltr'><strong>mss.</strong></span> <span class='ocrx_word' id='word_1_812' title='bbox 1341 5498 1561 5554; x_wconf 88' lang='lat' dir='ltr'><strong>codices</strong></span> <span class='ocrx_word' id='word_1_813' title='bbox 1593 5512 1710 5553; x_wconf 82' lang='lat' dir='ltr'><strong>sex.</strong></span> <span class='ocrx_word' id='word_1_814' title='bbox 1744 5494 1887 5552; x_wconf 86' lang='lat' dir='ltr'><strong>Editi</strong></span> <span class='ocrx_word' id='word_1_815' title='bbox 1917 5512 2043 5567; x_wconf 87' lang='grc' dir='ltr'>γραι</span> 
     </span>
     <span class='ocr_line' id='line_1_116' title="bbox 575 5584 671 5631; baseline 0.031 -14"><span class='ocrx_word' id='word_1_816' title='bbox 575 5584 671 5631; x_wconf 84' lang='grc' dir='ltr'>εις.</span> 
     </span>
    </p>
   </div>
   <div class='ocr_carea' id='block_1_113' title="bbox 2173 5434 3733 5631">
    <p class='ocr_par' dir='ltr' id='par_1_113' title="bbox 2173 5434 3733 5631">
     <span class='ocr_line' id='line_1_117' title="bbox 2252 5434 3563 5493; baseline -0.011 -16"><span class='ocrx_word' id='word_1_817' title='bbox 2252 5434 2335 5493; x_wconf 68' lang='grc'><strong>(41</strong></span> <span class='ocrx_word' id='word_1_818' title='bbox 2394 5434 2710 5489; x_wconf 83' lang='grc' dir='ltr'>ιιραῡτητι.</span> <span class='ocrx_word' id='word_1_819' title='bbox 2738 5434 2890 5471; x_wconf 82' lang='lat' dir='ltr'><strong>nart.</strong></span> <span class='ocrx_word' id='word_1_820' title='bbox 2913 5434 2968 5470; x_wconf 80' lang='lat' dir='ltr'><strong>et</strong></span> <span class='ocrx_word' id='word_1_821' title='bbox 3005 5434 3151 5469; x_wconf 81' lang='lat' dir='ltr'><strong>mea.</strong></span> <span class='ocrx_word' id='word_1_822' title='bbox 3179 5434 3237 5467; x_wconf 87' lang='grc' dir='ltr'><strong>εν</strong></span> <span class='ocrx_word' id='word_1_823' title='bbox 3274 5434 3563 5484; x_wconf 79' lang='grc' dir='ltr'>πραοτητι.</span> 
     </span>
     <span class='ocr_line' id='line_1_118' title="bbox 2173 5434 3733 5562; baseline -0.013 -11"><span class='ocrx_word' id='word_1_824' title='bbox 2173 5543 2178 5551; x_wconf 92' lang='grc'>.</span> <span class='ocrx_word' id='word_1_825' title='bbox 2251 5434 2365 5562; x_wconf 53' lang='grc'>(42)</span> <span class='ocrx_word' id='word_1_826' title='bbox 2409 5488 2744 5559; x_wconf 72' lang='grc' dir='ltr'>Ἐκφυγεῖν.</span> <span class='ocrx_word' id='word_1_827' title='bbox 2785 5487 2955 5543; x_wconf 84' lang='lat' dir='ltr'><strong>Coisl.</strong></span> <span class='ocrx_word' id='word_1_828' title='bbox 2998 5485 3215 5554; x_wconf 87' lang='lat' dir='ltr'><strong>primus</strong></span> <span class='ocrx_word' id='word_1_829' title='bbox 3262 5482 3567 5551; x_wconf 85' lang='grc' dir='ltr'>διαφυγεῖν.</span> <span class='ocrx_word' id='word_1_830' title='bbox 3608 5476 3733 5533; x_wconf 74' lang='lat' dir='ltr'><strong>llcd.</strong></span> 
     </span>
     <span class='ocr_line' id='line_1_119' title="bbox 2185 5563 3704 5631; baseline -0.011 -16"><span class='ocrx_word' id='word_1_831' title='bbox 2185 5563 2495 5631; x_wconf 83' lang='grc' dir='ltr'>ἐκφεύγειν.</span> <span class='ocrx_word' id='word_1_832' title='bbox 2665 5626 2691 5631; x_wconf 75' lang='lat'>_</span> <span class='ocrx_word' id='word_1_833' title='bbox 2897 5626 2925 5631; x_wconf 85' lang='lat'>_</span> <span class='ocrx_word' id='word_1_834' title='bbox 3263 5622 3299 5631; x_wconf 77' lang='lat'><strong>__</strong></span> <span class='ocrx_word' id='word_1_835' title='bbox 3675 5618 3704 5631; x_wconf 37' lang='lat' dir='ltr'>ﬂ</span> 
     </span>
    </p>
   </div>
   <div class='ocr_carea' id='block_1_114' title="bbox 573 5635 2079 5711">
    <p class='ocr_par' dir='ltr' id='par_1_114' title="bbox 573 5635 2079 5711">
     <span class='ocr_line' id='line_1_120' title="bbox 573 5635 2079 5711; baseline -0.006 -15"><span class='ocrx_word' id='word_1_836' title='bbox 573 5638 686 5705; x_wconf 70' lang='lat'><strong>(36)</strong></span> <span class='ocrx_word' id='word_1_837' title='bbox 719 5640 973 5711; x_wconf 64' lang='grc' dir='ltr'>Ἀκῳθεν</span> <span class='ocrx_word' id='word_1_838' title='bbox 1016 5638 1466 5711; x_wconf 72' lang='grc' dir='ltr'>ἐπαγγέλλεται.</span> <span class='ocrx_word' id='word_1_839' title='bbox 1526 5639 1759 5696; x_wconf 79' lang='lat' dir='ltr'><strong>Codices</strong></span> <span class='ocrx_word' id='word_1_840' title='bbox 1820 5635 1970 5690; x_wconf 84' lang='lat' dir='ltr'><strong>Harl.</strong></span> <span class='ocrx_word' id='word_1_841' title='bbox 2026 5642 2079 5689; x_wconf 77' lang='lat' dir='ltr'><strong>et</strong></span> 
     </span>
    </p>
   </div>
   <div class='ocr_carea' id='block_1_115' title="bbox 2256 5618 3733 5715">
    <p class='ocr_par' dir='ltr' id='par_1_115' title="bbox 2256 5618 3733 5715">
     <span class='ocr_line' id='line_1_121' title="bbox 2256 5618 3733 5715; baseline -0.008 -28"><span class='ocrx_word' id='word_1_842' title='bbox 2256 5618 2381 5715; x_wconf 67' lang='grc'>(4⁸5)</span> <span class='ocrx_word' id='word_1_843' title='bbox 2423 5626 3134 5715; x_wconf 17' lang='lat' dir='ltr'><strong>:lfrzoyrﬁol&#39;gthuatuor</strong></span> <span class='ocrx_word' id='word_1_844' title='bbox 3178 5622 3399 5680; x_wconf 86' lang='lat' dir='ltr'><strong>codices</strong></span> <span class='ocrx_word' id='word_1_845' title='bbox 3458 5635 3565 5676; x_wconf 90' lang='lat' dir='ltr'><strong>non</strong></span> <span class='ocrx_word' id='word_1_846' title='bbox 3608 5618 3733 5679; x_wconf 70' lang='lat' dir='ltr'><strong>antiv</strong></span> 
     </span>
    </p>
   </div>
   <div class='ocr_carea' id='block_1_116' title="bbox 505 5706 1484 5774">
    <p class='ocr_par' dir='ltr' id='par_1_116' title="bbox 505 5706 1484 5774">
     <span class='ocr_line' id='line_1_122' title="bbox 505 5706 1484 5774; baseline 0.003 -12"><span class='ocrx_word' id='word_1_847' title='bbox 505 5706 642 5769; x_wconf 75' lang='lat' dir='ltr'><strong>Med.</strong></span> <span class='ocrx_word' id='word_1_848' title='bbox 680 5710 772 5761; x_wconf 74' lang='grc' dir='ltr'>καὶ</span> <span class='ocrx_word' id='word_1_849' title='bbox 802 5708 1005 5764; x_wconf 79' lang='grc' dir='ltr'>ἀνωθεν</span> <span class='ocrx_word' id='word_1_850' title='bbox 1038 5706 1484 5774; x_wconf 69' lang='grc' dir='ltr'>ἐπαγγέλλεσθαι.</span> 
     </span>
    </p>
   </div>
   <div class='ocr_carea' id='block_1_117' title="bbox 2187 5697 2900 5766">
    <p class='ocr_par' dir='ltr' id='par_1_117' title="bbox 2187 5697 2900 5766">
     <span class='ocr_line' id='line_1_123' title="bbox 2187 5697 2900 5766; baseline -0.013 -5"><span class='ocrx_word' id='word_1_851' title='bbox 2187 5697 2437 5766; x_wconf 73' lang='lat' dir='ltr'><strong>auissimi</strong></span> <span class='ocrx_word' id='word_1_852' title='bbox 2463 5697 2900 5761; x_wconf 74' lang='grc' dir='ltr'>ὑπομνησθῆναι.</span> 
     </span>
    </p>
   </div>
  </div>
