  <div class='ocr_page' id='page_1' title='image "/cluster/home/n/w/nwhite01/storage/ocr_20150623/32/nnc1.0046978879/572.png"; bbox 0 0 3856 6224; ppageno 0'>
   <div class='ocr_carea' id='block_1_1' title="bbox 59 356 186 416">
    <p class='ocr_par' dir='ltr' id='par_1_1' title="bbox 59 356 186 416">
     <span class='ocr_line' id='line_1_1' title="bbox 59 356 186 416; baseline 0.031 -4"><span class='ocrx_word' id='word_1_1' title='bbox 59 356 186 416; x_wconf 84' lang='grc'><strong>989</strong></span> 
     </span>
    </p>
   </div>
   <div class='ocr_carea' id='block_1_2' title="bbox 971 356 2443 418">
    <p class='ocr_par' dir='ltr' id='par_1_2' title="bbox 971 356 2443 418">
     <span class='ocr_line' id='line_1_2' title="bbox 971 356 2443 418; baseline 0.001 -5"><span class='ocrx_word' id='word_1_2' title='bbox 971 358 1461 418; x_wconf 78' lang='lat' dir='ltr'><strong>EPISTOLARUM</strong></span> <span class='ocrx_word' id='word_1_3' title='bbox 1500 359 1789 417; x_wconf 70' lang='lat' dir='ltr'><strong>CLASSIS</strong></span> <span class='ocrx_word' id='word_1_4' title='bbox 1827 356 1890 414; x_wconf 87' lang='lat' dir='ltr'><strong>ll.</strong></span> <span class='ocrx_word' id='word_1_5' title='bbox 1934 358 2157 415; x_wconf 86' lang='lat' dir='ltr'><strong>EPIST.</strong></span> <span class='ocrx_word' id='word_1_6' title='bbox 2197 359 2443 416; x_wconf 79' lang='lat' dir='ltr'><strong>CCLXV.</strong></span> 
     </span>
    </p>
   </div>
   <div class='ocr_carea' id='block_1_3' title="bbox 3248 359 3355 416">
    <p class='ocr_par' dir='ltr' id='par_1_3' title="bbox 3248 359 3355 416">
     <span class='ocr_line' id='line_1_3' title="bbox 3248 359 3355 416; baseline 0 0"><span class='ocrx_word' id='word_1_7' title='bbox 3248 359 3355 416; x_wconf 87' lang='lat'><strong>990</strong></span> 
     </span>
    </p>
   </div>
   <div class='ocr_carea' id='block_1_4' title="bbox 64 471 1698 547">
    <p class='ocr_par' dir='ltr' id='par_1_4' title="bbox 64 471 1675 547">
     <span class='ocr_line' id='line_1_4' title="bbox 64 471 1675 547; baseline 0.003 -24"><span class='ocrx_word' id='word_1_8' title='bbox 64 471 279 542; x_wconf 81' lang='grc' dir='ltr'>ἐπειδὴ</span> <span class='ocrx_word' id='word_1_9' title='bbox 310 471 594 542; x_wconf 78' lang='grc' dir='ltr'><strong>δογμάτων</strong></span> <span class='ocrx_word' id='word_1_10' title='bbox 623 472 812 526; x_wconf 79' lang='grc' dir='ltr'>ἕνεκεν</span> <span class='ocrx_word' id='word_1_11' title='bbox 845 472 1060 526; x_wconf 77' lang='grc' dir='ltr'>ἀσεϐῶν</span> <span class='ocrx_word' id='word_1_12' title='bbox 1087 473 1280 546; x_wconf 81' lang='grc' dir='ltr'>ἐξῆλθε</span> <span class='ocrx_word' id='word_1_13' title='bbox 1305 475 1407 546; x_wconf 83' lang='grc' dir='ltr'>τῆς</span> <span class='ocrx_word' id='word_1_14' title='bbox 1446 475 1675 547; x_wconf 88' lang='grc' dir='ltr'>Ἐκκλη-</span> 
     </span>
    </p>
   </div>
   <div class='ocr_carea' id='block_1_5' title="bbox 1790 471 3356 547">
    <p class='ocr_par' dir='ltr' id='par_1_5' title="bbox 1790 473 3356 540">
     <span class='ocr_line' id='line_1_5' title="bbox 1790 473 3356 540; baseline 0.001 -11"><span class='ocrx_word' id='word_1_15' title='bbox 1790 474 2034 538; x_wconf 71' lang='lat' dir='ltr'><strong>logmata</strong></span> <span class='ocrx_word' id='word_1_16' title='bbox 2062 473 2260 528; x_wconf 78' lang='lat' dir='ltr'><strong>exierit</strong></span> <span class='ocrx_word' id='word_1_17' title='bbox 2302 473 2394 530; x_wconf 90' lang='lat' dir='ltr'><strong>ille</strong></span> <span class='ocrx_word' id='word_1_18' title='bbox 2423 488 2491 528; x_wconf 78' lang='lat' dir='ltr'><strong>ex</strong></span> <span class='ocrx_word' id='word_1_19' title='bbox 2533 473 2804 540; x_wconf 83' lang='lat' dir='ltr'><strong>Ecclesia,</strong></span> <span class='ocrx_word' id='word_1_20' title='bbox 2836 489 3065 530; x_wconf 89' lang='lat' dir='ltr'><strong>necesse</strong></span> <span class='ocrx_word' id='word_1_21' title='bbox 3090 482 3176 528; x_wconf 89' lang='lat' dir='ltr'><strong>est</strong></span> <span class='ocrx_word' id='word_1_22' title='bbox 3204 473 3356 530; x_wconf 90' lang='lat' dir='ltr'><strong>illius</strong></span> 
     </span>
    </p>
   </div>
   <div class='ocr_carea' id='block_1_6' title="bbox 63 561 1670 638">
    <p class='ocr_par' dir='ltr' id='par_1_6' title="bbox 63 561 1670 638">
     <span class='ocr_line' id='line_1_6' title="bbox 63 561 1670 638; baseline 0.004 -24"><span class='ocrx_word' id='word_1_23' title='bbox 63 563 212 626; x_wconf 79' lang='grc' dir='ltr'>σίας</span> <span class='ocrx_word' id='word_1_24' title='bbox 241 561 358 634; x_wconf 71' lang='grc'><strong>(44)</strong></span> <span class='ocrx_word' id='word_1_25' title='bbox 391 564 619 631; x_wconf 79' lang='grc' dir='ltr'>ἐκεῖνος,</span> <span class='ocrx_word' id='word_1_26' title='bbox 658 565 786 628; x_wconf 77' lang='grc' dir='ltr'>τοὺς</span> <span class='ocrx_word' id='word_1_27' title='bbox 820 565 1122 636; x_wconf 80' lang='grc' dir='ltr'>ἑπομένους</span> <span class='ocrx_word' id='word_1_28' title='bbox 1163 566 1312 638; x_wconf 78' lang='grc' dir='ltr'><strong>αὑτῷ</strong></span> <span class='ocrx_word' id='word_1_29' title='bbox 1353 568 1670 636; x_wconf 85' lang='grc' dir='ltr'>ἀναγκαῖον,</span> 
     </span>
    </p>
   </div>
   <div class='ocr_carea' id='block_1_7' title="bbox 68 653 1672 728">
    <p class='ocr_par' dir='ltr' id='par_1_7' title="bbox 68 653 1672 728">
     <span class='ocr_line' id='line_1_7' title="bbox 68 653 1672 728; baseline 0.005 -24"><span class='ocrx_word' id='word_1_30' title='bbox 68 653 602 724; x_wconf 83' lang='grc' dir='ltr'>ἁναθεματίσαντας</span> <span class='ocrx_word' id='word_1_31' title='bbox 665 657 884 728; x_wconf 76' lang='grc' dir='ltr'>ἐκείνην</span> <span class='ocrx_word' id='word_1_32' title='bbox 952 657 1051 728; x_wconf 85' lang='grc' dir='ltr'><strong>τὴν</strong></span> <span class='ocrx_word' id='word_1_33' title='bbox 1109 659 1324 728; x_wconf 79' lang='grc' dir='ltr'>αἵρεσιν</span> <span class='ocrx_word' id='word_1_34' title='bbox 1392 657 1536 712; x_wconf 85' lang='grc' dir='ltr'>οῦτω</span> <span class='ocrx_word' id='word_1_35' title='bbox 1585 659 1672 712; x_wconf 85' lang='grc' dir='ltr'>δε-</span> 
     </span>
    </p>
   </div>
   <div class='ocr_carea' id='block_1_8' title="bbox 69 746 1662 823">
    <p class='ocr_par' dir='ltr' id='par_1_8' title="bbox 69 746 1662 823">
     <span class='ocr_line' id='line_1_8' title="bbox 69 746 1662 823; baseline 0.006 -27"><span class='ocrx_word' id='word_1_36' title='bbox 69 747 257 808; x_wconf 84' lang='grc' dir='ltr'>κτοὺς</span> <span class='ocrx_word' id='word_1_37' title='bbox 289 746 403 816; x_wconf 72' lang='grc'><strong>(45)</strong></span> <span class='ocrx_word' id='word_1_38' title='bbox 437 747 688 816; x_wconf 85' lang='grc' dir='ltr'>γενέσθαι</span> <span class='ocrx_word' id='word_1_39' title='bbox 728 752 794 820; x_wconf 81' lang='grc' dir='ltr'>τῇ</span> <span class='ocrx_word' id='word_1_40' title='bbox 837 750 1127 822; x_wconf 80' lang='grc' dir='ltr'><strong>κοινωνίᾳ,</strong></span> <span class='ocrx_word' id='word_1_41' title='bbox 1168 751 1234 804; x_wconf 79' lang='grc' dir='ltr'><strong>ἵν’</strong></span> <span class='ocrx_word' id='word_1_42' title='bbox 1281 753 1331 804; x_wconf 89' lang='grc' dir='ltr'>οἱ</span> <span class='ocrx_word' id='word_1_43' title='bbox 1371 753 1500 823; x_wconf 83' lang='grc' dir='ltr'>ἡμῖν</span> <span class='ocrx_word' id='word_1_44' title='bbox 1548 768 1662 804; x_wconf 86' lang='grc' dir='ltr'>συν-</span> 
     </span>
    </p>
   </div>
   <div class='ocr_carea' id='block_1_9' title="bbox 71 834 1673 910">
    <p class='ocr_par' dir='ltr' id='par_1_9' title="bbox 71 834 1673 910">
     <span class='ocr_line' id='line_1_9' title="bbox 71 834 1673 910; baseline 0.004 -25"><span class='ocrx_word' id='word_1_45' title='bbox 71 834 389 904; x_wconf 82' lang='grc' dir='ltr'>απτόμενοι</span> <span class='ocrx_word' id='word_1_46' title='bbox 414 835 481 888; x_wconf 85' lang='grc' dir='ltr'>δι’</span> <span class='ocrx_word' id='word_1_47' title='bbox 513 837 666 908; x_wconf 80' lang='grc' dir='ltr'>ὑμῶν</span> <span class='ocrx_word' id='word_1_48' title='bbox 700 837 852 908; x_wconf 74' lang='grc' dir='ltr'>παρὰ</span> <span class='ocrx_word' id='word_1_49' title='bbox 889 839 1070 910; x_wconf 81' lang='grc' dir='ltr'>πάσης</span> <span class='ocrx_word' id='word_1_50' title='bbox 1111 838 1344 910; x_wconf 87' lang='grc' dir='ltr'>δεχθῶσι</span> <span class='ocrx_word' id='word_1_51' title='bbox 1375 841 1473 910; x_wconf 84' lang='grc' dir='ltr'><strong>τῆς</strong></span> <span class='ocrx_word' id='word_1_52' title='bbox 1519 839 1673 894; x_wconf 88' lang='grc' dir='ltr'>ἀδελ-</span> 
     </span>
    </p>
   </div>
   <div class='ocr_carea' id='block_1_10' title="bbox 77 925 1672 1003">
    <p class='ocr_par' dir='ltr' id='par_1_10' title="bbox 77 925 1672 1003">
     <span class='ocr_line' id='line_1_10' title="bbox 77 925 1672 1003; baseline 0.005 -26"><span class='ocrx_word' id='word_1_53' title='bbox 77 925 348 995; x_wconf 76' lang='grc' dir='ltr'>φότητος.</span> <span class='ocrx_word' id='word_1_54' title='bbox 367 928 518 981; x_wconf 75' lang='grc' dir='ltr'>Ἐπεὶ</span> <span class='ocrx_word' id='word_1_55' title='bbox 545 929 638 982; x_wconf 91' lang='grc' dir='ltr'><strong>νῦν</strong></span> <span class='ocrx_word' id='word_1_56' title='bbox 675 947 738 999; x_wconf 88' lang='grc' dir='ltr'><strong>γε</strong></span> <span class='ocrx_word' id='word_1_57' title='bbox 780 931 840 983; x_wconf 76' lang='grc' dir='ltr'><strong>οὐ</strong></span> <span class='ocrx_word' id='word_1_58' title='bbox 874 931 1068 1003; x_wconf 87' lang='grc' dir='ltr'>μετρία</span> <span class='ocrx_word' id='word_1_59' title='bbox 1098 931 1332 1002; x_wconf 83' lang='grc' dir='ltr'><strong>κατέσχε</strong></span> <span class='ocrx_word' id='word_1_60' title='bbox 1375 931 1517 1003; x_wconf 76' lang='grc' dir='ltr'>λύπη</span> <span class='ocrx_word' id='word_1_61' title='bbox 1546 933 1672 996; x_wconf 80' lang='grc' dir='ltr'>τοὺς</span> 
     </span>
    </p>
   </div>
   <div class='ocr_carea' id='block_1_11' title="bbox 77 1018 1674 1097">
    <p class='ocr_par' dir='ltr' id='par_1_11' title="bbox 77 1018 1674 1097">
     <span class='ocr_line' id='line_1_11' title="bbox 77 1018 1674 1097; baseline 0.003 -26"><span class='ocrx_word' id='word_1_62' title='bbox 77 1018 349 1084; x_wconf 76' lang='grc' dir='ltr'>πολλοὺς,</span> <span class='ocrx_word' id='word_1_63' title='bbox 376 1019 738 1088; x_wconf 81' lang='grc' dir='ltr'>ἀκούσαντας,</span> <span class='ocrx_word' id='word_1_64' title='bbox 780 1022 861 1076; x_wconf 82' lang='grc' dir='ltr'><strong>ὅτι</strong></span> <span class='ocrx_word' id='word_1_65' title='bbox 890 1023 1367 1095; x_wconf 82' lang='grc' dir='ltr'>παραγενομένους</span> <span class='ocrx_word' id='word_1_66' title='bbox 1407 1023 1542 1097; x_wconf 82' lang='grc' dir='ltr'>πρὸς</span> <span class='ocrx_word' id='word_1_67' title='bbox 1574 1023 1674 1095; x_wconf 80' lang='grc' dir='ltr'><strong>τὴν</strong></span> 
     </span>
    </p>
   </div>
   <div class='ocr_carea' id='block_1_12' title="bbox 83 1109 1675 1186">
    <p class='ocr_par' dir='ltr' id='par_1_12' title="bbox 83 1109 1675 1186">
     <span class='ocr_line' id='line_1_12' title="bbox 83 1109 1675 1186; baseline 0.004 -26"><span class='ocrx_word' id='word_1_68' title='bbox 83 1109 376 1180; x_wconf 76' lang='grc' dir='ltr'><strong>ὑμετέραν</strong></span> <span class='ocrx_word' id='word_1_69' title='bbox 406 1112 696 1183; x_wconf 87' lang='grc' dir='ltr'>τιμιότητα</span> <span class='ocrx_word' id='word_1_70' title='bbox 730 1113 827 1166; x_wconf 84' lang='grc' dir='ltr'><strong>καὶ</strong></span> <span class='ocrx_word' id='word_1_71' title='bbox 858 1113 1229 1186; x_wconf 84' lang='grc' dir='ltr'>προσήκασθε,</span> <span class='ocrx_word' id='word_1_72' title='bbox 1264 1115 1358 1167; x_wconf 74' lang='grc' dir='ltr'><strong>καὶ</strong></span> <span class='ocrx_word' id='word_1_73' title='bbox 1391 1114 1675 1174; x_wconf 82' lang='grc' dir='ltr'>κοινωνίας</span> 
     </span>
    </p>
   </div>
   <div class='ocr_carea' id='block_1_13' title="bbox 78 1198 1674 1273">
    <p class='ocr_par' dir='ltr' id='par_1_13' title="bbox 78 1198 1674 1273">
     <span class='ocr_line' id='line_1_13' title="bbox 78 1198 1674 1273; baseline 0.003 -23"><span class='ocrx_word' id='word_1_74' title='bbox 78 1198 286 1262; x_wconf 82' lang='grc' dir='ltr'>αὐτοῖς</span> <span class='ocrx_word' id='word_1_75' title='bbox 315 1198 774 1273; x_wconf 82' lang='grc' dir='ltr'>ὲκκλησιαστικῆς</span> <span class='ocrx_word' id='word_1_76' title='bbox 806 1202 1162 1273; x_wconf 83' lang='grc' dir='ltr'>μετεδώκατε.</span> <span class='ocrx_word' id='word_1_77' title='bbox 1187 1203 1447 1272; x_wconf 87' lang='grc' dir='ltr'>Καίτοιγε</span> <span class='ocrx_word' id='word_1_78' title='bbox 1475 1205 1674 1258; x_wconf 81' lang='grc' dir='ltr'>εἰδέναι</span> 
     </span>
    </p>
   </div>
   <div class='ocr_carea' id='block_1_14' title="bbox 79 1291 1675 1366">
    <p class='ocr_par' dir='ltr' id='par_1_14' title="bbox 79 1291 1675 1366">
     <span class='ocr_line' id='line_1_14' title="bbox 79 1291 1675 1366; baseline 0.004 -25"><span class='ocrx_word' id='word_1_79' title='bbox 79 1291 246 1359; x_wconf 80' lang='grc' dir='ltr'>ὑμᾶς</span> <span class='ocrx_word' id='word_1_80' title='bbox 286 1291 474 1362; x_wconf 80' lang='grc' dir='ltr'>ἐχρῆν,</span> <span class='ocrx_word' id='word_1_81' title='bbox 519 1293 601 1346; x_wconf 83' lang='grc' dir='ltr'><strong>ὅτι</strong></span> <span class='ocrx_word' id='word_1_82' title='bbox 623 1296 690 1364; x_wconf 80' lang='grc' dir='ltr'>τῇ</span> <span class='ocrx_word' id='word_1_83' title='bbox 719 1294 815 1347; x_wconf 89' lang='grc' dir='ltr'><strong>τοῦ</strong></span> <span class='ocrx_word' id='word_1_84' title='bbox 853 1293 990 1347; x_wconf 83' lang='grc' dir='ltr'>Θεοῦ</span> <span class='ocrx_word' id='word_1_85' title='bbox 1022 1295 1206 1366; x_wconf 89' lang='grc' dir='ltr'>χάριτι</span> <span class='ocrx_word' id='word_1_86' title='bbox 1245 1293 1369 1347; x_wconf 75' lang='grc' dir='ltr'>οὔτε</span> <span class='ocrx_word' id='word_1_87' title='bbox 1403 1294 1546 1348; x_wconf 81' lang='grc' dir='ltr'>κατὰ</span> <span class='ocrx_word' id='word_1_88' title='bbox 1574 1295 1675 1366; x_wconf 83' lang='grc' dir='ltr'><strong>τὴν</strong></span> 
     </span>
    </p>
   </div>
   <div class='ocr_carea' id='block_1_15' title="bbox 104 1381 1676 1457">
    <p class='ocr_par' dir='ltr' id='par_1_15' title="bbox 104 1381 1676 1457">
     <span class='ocr_line' id='line_1_15' title="bbox 104 1381 1676 1457; baseline 0.005 -24"><span class='ocrx_word' id='word_1_89' title='bbox 104 1381 412 1454; x_wconf 79' lang='grc' dir='ltr'>Ἀνατολὴν</span> <span class='ocrx_word' id='word_1_90' title='bbox 439 1381 589 1454; x_wconf 89' lang='grc' dir='ltr'>μόνοι</span> <span class='ocrx_word' id='word_1_91' title='bbox 611 1384 766 1446; x_wconf 78' lang='grc' dir='ltr'>ἐστὲ,</span> <span class='ocrx_word' id='word_1_92' title='bbox 806 1385 942 1441; x_wconf 79' lang='grc' dir='ltr'>ἀλλὰ</span> <span class='ocrx_word' id='word_1_93' title='bbox 988 1388 1080 1440; x_wconf 79' lang='grc' dir='ltr'><strong>καὶ</strong></span> <span class='ocrx_word' id='word_1_94' title='bbox 1122 1387 1350 1450; x_wconf 81' lang='grc' dir='ltr'>πολλοὺς</span> <span class='ocrx_word' id='word_1_95' title='bbox 1373 1387 1525 1457; x_wconf 80' lang='grc' dir='ltr'>ἔχετε</span> <span class='ocrx_word' id='word_1_96' title='bbox 1575 1387 1676 1456; x_wconf 85' lang='grc' dir='ltr'><strong>τῆς</strong></span> 
     </span>
    </p>
   </div>
   <div class='ocr_carea' id='block_1_16' title="bbox 81 1474 1677 1551">
    <p class='ocr_par' dir='ltr' id='par_1_16' title="bbox 81 1474 1677 1551">
     <span class='ocr_line' id='line_1_16' title="bbox 81 1474 1677 1551; baseline 0.004 -23"><span class='ocrx_word' id='word_1_97' title='bbox 81 1474 312 1530; x_wconf 75' lang='grc' dir='ltr'>ἑαυτῶν</span> <span class='ocrx_word' id='word_1_98' title='bbox 365 1475 605 1548; x_wconf 83' lang='grc' dir='ltr'>μερίδος,</span> <span class='ocrx_word' id='word_1_99' title='bbox 659 1477 709 1530; x_wconf 86' lang='grc' dir='ltr'>οἳ</span> <span class='ocrx_word' id='word_1_100' title='bbox 760 1477 858 1549; x_wconf 82' lang='grc' dir='ltr'>τὴν</span> <span class='ocrx_word' id='word_1_101' title='bbox 906 1477 1015 1531; x_wconf 89' lang='grc' dir='ltr'><strong>τῶν</strong></span> <span class='ocrx_word' id='word_1_102' title='bbox 1069 1480 1328 1551; x_wconf 86' lang='grc' dir='ltr'>Πατέρων</span> <span class='ocrx_word' id='word_1_103' title='bbox 1369 1479 1677 1534; x_wconf 82' lang='grc' dir='ltr'>ὲκδικοῦσιν</span> 
     </span>
    </p>
   </div>
   <div class='ocr_carea' id='block_1_17' title="bbox 82 1566 1678 1643">
    <p class='ocr_par' dir='ltr' id='par_1_17' title="bbox 82 1566 1678 1643">
     <span class='ocr_line' id='line_1_17' title="bbox 82 1566 1678 1643; baseline 0.004 -24"><span class='ocrx_word' id='word_1_104' title='bbox 82 1566 431 1638; x_wconf 82' lang='grc' dir='ltr'>ὁρθοδοξίαν,</span> <span class='ocrx_word' id='word_1_105' title='bbox 453 1568 562 1622; x_wconf 91' lang='grc' dir='ltr'><strong>τῶν</strong></span> <span class='ocrx_word' id='word_1_106' title='bbox 597 1570 739 1624; x_wconf 86' lang='grc' dir='ltr'>κατά</span> <span class='ocrx_word' id='word_1_107' title='bbox 765 1571 1001 1624; x_wconf 88' lang='grc' dir='ltr'>Νίκαιαν</span> <span class='ocrx_word' id='word_1_108' title='bbox 1035 1571 1096 1624; x_wconf 84' lang='grc' dir='ltr'><strong>τὸ</strong></span> <span class='ocrx_word' id='word_1_109' title='bbox 1127 1572 1346 1636; x_wconf 75' lang='grc' dir='ltr'>εὐσεϐὲς</span> <span class='ocrx_word' id='word_1_110' title='bbox 1377 1572 1552 1643; x_wconf 81' lang='grc' dir='ltr'>δόγμα</span> <span class='ocrx_word' id='word_1_111' title='bbox 1577 1573 1678 1642; x_wconf 84' lang='grc' dir='ltr'><strong>τῆς</strong></span> 
     </span>
    </p>
   </div>
   <div class='ocr_carea' id='block_1_18' title="bbox 87 1661 1679 1734">
    <p class='ocr_par' dir='ltr' id='par_1_18' title="bbox 87 1661 1679 1734">
     <span class='ocr_line' id='line_1_18' title="bbox 87 1661 1679 1734; baseline 0.004 -23"><span class='ocrx_word' id='word_1_112' title='bbox 87 1661 343 1724; x_wconf 77' lang='grc' dir='ltr'>πίστεως</span> <span class='ocrx_word' id='word_1_113' title='bbox 368 1661 709 1733; x_wconf 83' lang='grc' dir='ltr'>ἐκθεμένων·</span> <span class='ocrx_word' id='word_1_114' title='bbox 741 1663 837 1716; x_wconf 76' lang='grc' dir='ltr'><strong>καὶ</strong></span> <span class='ocrx_word' id='word_1_115' title='bbox 864 1663 914 1716; x_wconf 87' lang='grc' dir='ltr'>οἱ</span> <span class='ocrx_word' id='word_1_116' title='bbox 939 1663 1040 1734; x_wconf 78' lang='grc' dir='ltr'>τῆς</span> <span class='ocrx_word' id='word_1_117' title='bbox 1067 1663 1279 1728; x_wconf 82' lang='grc' dir='ltr'>Δύσεως</span> <span class='ocrx_word' id='word_1_118' title='bbox 1310 1665 1508 1728; x_wconf 88' lang='grc' dir='ltr'>πάντες</span> <span class='ocrx_word' id='word_1_119' title='bbox 1542 1663 1679 1734; x_wconf 81' lang='grc' dir='ltr'>σύμ-</span> 
     </span>
    </p>
   </div>
   <div class='ocr_carea' id='block_1_19' title="bbox 88 1747 1676 1830">
    <p class='ocr_par' dir='ltr' id='par_1_19' title="bbox 88 1747 1676 1830">
     <span class='ocr_line' id='line_1_19' title="bbox 88 1747 1676 1830; baseline 0.003 -28"><span class='ocrx_word' id='word_1_120' title='bbox 88 1766 270 1818; x_wconf 72' lang='grc' dir='ltr'>φωνοι</span> <span class='ocrx_word' id='word_1_121' title='bbox 311 1750 439 1821; x_wconf 76' lang='grc' dir='ltr'>ὑμῖν</span> <span class='ocrx_word' id='word_1_122' title='bbox 469 1767 528 1804; x_wconf 90' lang='grc' dir='ltr'><strong>τε</strong></span> <span class='ocrx_word' id='word_1_123' title='bbox 566 1753 660 1806; x_wconf 73' lang='grc' dir='ltr'><strong>καὶ</strong></span> <span class='ocrx_word' id='word_1_124' title='bbox 701 1755 834 1824; x_wconf 77' lang='grc' dir='ltr'>ἡμῖν</span> <span class='ocrx_word' id='word_1_125' title='bbox 871 1753 1229 1830; x_wconf 81' lang='grc' dir='ltr'>τυγχάνουσιν</span> <span class='ocrx_word' id='word_1_126' title='bbox 1249 1770 1261 1782; x_wconf 92' lang='grc'><strong>·</strong></span> <span class='ocrx_word' id='word_1_127' title='bbox 1293 1747 1367 1807; x_wconf 81' lang='grc' dir='ltr'>ὧν</span> <span class='ocrx_word' id='word_1_128' title='bbox 1396 1753 1676 1825; x_wconf 81' lang='grc' dir='ltr'>δεξάμενοι</span> 
     </span>
    </p>
   </div>
   <div class='ocr_carea' id='block_1_20' title="bbox 1774 565 3356 633">
    <p class='ocr_par' dir='ltr' id='par_1_20' title="bbox 1774 565 3356 633">
     <span class='ocr_line' id='line_1_20' title="bbox 1774 565 3356 633; baseline -0.002 -11"><span class='ocrx_word' id='word_1_129' title='bbox 1774 573 2098 630; x_wconf 88' lang='lat' dir='ltr'><strong>sectatores,</strong></span> <span class='ocrx_word' id='word_1_130' title='bbox 2131 565 2595 620; x_wconf 70' lang='lat' dir='ltr'><strong>anathematiaata</strong></span> <span class='ocrx_word' id='word_1_131' title='bbox 2624 567 2717 620; x_wconf 92' lang='lat' dir='ltr'><strong>illa</strong></span> <span class='ocrx_word' id='word_1_132' title='bbox 2747 567 2965 633; x_wconf 69' lang='lat' dir='ltr'><strong>haeresi,</strong></span> <span class='ocrx_word' id='word_1_133' title='bbox 2996 565 3077 620; x_wconf 90' lang='lat' dir='ltr'><strong>sic</strong></span> <span class='ocrx_word' id='word_1_134' title='bbox 3106 565 3172 620; x_wconf 90' lang='lat' dir='ltr'><strong>ad</strong></span> <span class='ocrx_word' id='word_1_135' title='bbox 3201 579 3356 619; x_wconf 91' lang='lat' dir='ltr'><strong>com-</strong></span> 
     </span>
    </p>
   </div>
   <div class='ocr_carea' id='block_1_21' title="bbox 1773 655 3356 726">
    <p class='ocr_par' dir='ltr' id='par_1_21' title="bbox 1773 655 3356 726">
     <span class='ocr_line' id='line_1_21' title="bbox 1773 655 3356 726; baseline 0.002 -18"><span class='ocrx_word' id='word_1_136' title='bbox 1773 656 2091 711; x_wconf 91' lang='lat' dir='ltr'><strong>munionem</strong></span> <span class='ocrx_word' id='word_1_137' title='bbox 2118 655 2355 719; x_wconf 92' lang='lat' dir='ltr'><strong>admitti,</strong></span> <span class='ocrx_word' id='word_1_138' title='bbox 2379 662 2440 711; x_wconf 92' lang='lat' dir='ltr'><strong>ut</strong></span> <span class='ocrx_word' id='word_1_139' title='bbox 2483 656 2580 726; x_wconf 90' lang='lat' dir='ltr'><strong>qui</strong></span> <span class='ocrx_word' id='word_1_140' title='bbox 2608 656 2774 712; x_wconf 89' lang='lat' dir='ltr'><strong>nobis</strong></span> <span class='ocrx_word' id='word_1_141' title='bbox 2814 655 3095 726; x_wconf 92' lang='lat' dir='ltr'><strong>conjuncti</strong></span> <span class='ocrx_word' id='word_1_142' title='bbox 3129 671 3225 725; x_wconf 91' lang='lat' dir='ltr'><strong>per</strong></span> <span class='ocrx_word' id='word_1_143' title='bbox 3253 669 3356 712; x_wconf 82' lang='lat' dir='ltr'><strong>vos</strong></span> 
     </span>
    </p>
   </div>
   <div class='ocr_carea' id='block_1_22' title="bbox 1773 745 3355 818">
    <p class='ocr_par' dir='ltr' id='par_1_22' title="bbox 1773 745 3355 818">
     <span class='ocr_line' id='line_1_22' title="bbox 1773 745 3355 818; baseline 0.001 -16"><span class='ocrx_word' id='word_1_144' title='bbox 1773 745 2013 811; x_wconf 77' lang='lat' dir='ltr'><strong>fuerint,</strong></span> <span class='ocrx_word' id='word_1_145' title='bbox 2059 747 2129 801; x_wconf 90' lang='lat' dir='ltr'><strong>ab</strong></span> <span class='ocrx_word' id='word_1_146' title='bbox 2177 748 2330 802; x_wconf 93' lang='lat' dir='ltr'><strong>omni</strong></span> <span class='ocrx_word' id='word_1_147' title='bbox 2381 748 2730 818; x_wconf 85' lang='lat' dir='ltr'><strong>recipiantur</strong></span> <span class='ocrx_word' id='word_1_148' title='bbox 2775 746 3142 804; x_wconf 80' lang='lat' dir='ltr'><strong>fraternitate.</strong></span> <span class='ocrx_word' id='word_1_149' title='bbox 3196 746 3355 803; x_wconf 86' lang='lat' dir='ltr'><strong>Nunc</strong></span> 
     </span>
    </p>
   </div>
   <div class='ocr_carea' id='block_1_23' title="bbox 1773 838 3356 909">
    <p class='ocr_par' dir='ltr' id='par_1_23' title="bbox 1773 838 3356 909">
     <span class='ocr_line' id='line_1_23' title="bbox 1773 838 3356 909; baseline -0.001 -15"><span class='ocrx_word' id='word_1_150' title='bbox 1773 838 1918 894; x_wconf 90' lang='lat' dir='ltr'><strong>enim</strong></span> <span class='ocrx_word' id='word_1_151' title='bbox 1961 839 2210 909; x_wconf 87' lang='lat' dir='ltr'><strong>pluribus</strong></span> <span class='ocrx_word' id='word_1_152' title='bbox 2263 855 2374 895; x_wconf 92' lang='lat' dir='ltr'><strong>non</strong></span> <span class='ocrx_word' id='word_1_153' title='bbox 2420 839 2718 894; x_wconf 91' lang='lat' dir='ltr'><strong>mediocris</strong></span> <span class='ocrx_word' id='word_1_154' title='bbox 2751 839 2909 895; x_wconf 92' lang='lat' dir='ltr'><strong>dolor</strong></span> <span class='ocrx_word' id='word_1_155' title='bbox 2952 838 3220 905; x_wconf 83' lang='lat' dir='ltr'><strong>inﬁictus,</strong></span> <span class='ocrx_word' id='word_1_156' title='bbox 3261 838 3356 894; x_wconf 92' lang='lat' dir='ltr'><strong>ubi</strong></span> 
     </span>
    </p>
   </div>
   <div class='ocr_carea' id='block_1_24' title="bbox 1774 929 3356 1002">
    <p class='ocr_par' dir='ltr' id='par_1_24' title="bbox 1774 929 3356 1002">
     <span class='ocr_line' id='line_1_24' title="bbox 1774 929 3356 1002; baseline 0 -18"><span class='ocrx_word' id='word_1_157' title='bbox 1774 931 2070 986; x_wconf 87' lang='lat' dir='ltr'><strong>audierunt</strong></span> <span class='ocrx_word' id='word_1_158' title='bbox 2107 945 2203 986; x_wconf 91' lang='lat' dir='ltr'><strong>eos</strong></span> <span class='ocrx_word' id='word_1_159' title='bbox 2233 931 2301 986; x_wconf 92' lang='lat' dir='ltr'><strong>ad</strong></span> <span class='ocrx_word' id='word_1_160' title='bbox 2332 941 2575 985; x_wconf 85' lang='lat' dir='ltr'><strong>vestram</strong></span> <span class='ocrx_word' id='word_1_161' title='bbox 2616 930 2986 1001; x_wconf 82' lang='lat' dir='ltr'><strong>praestantiam</strong></span> <span class='ocrx_word' id='word_1_162' title='bbox 3018 929 3124 1002; x_wconf 70' lang='grc'><strong>41</strong></span> <span class='ocrx_word' id='word_1_163' title='bbox 3137 931 3356 999; x_wconf 62' lang='lat' dir='ltr'><strong>[acce-</strong></span> 
     </span>
    </p>
   </div>
   <div class='ocr_carea' id='block_1_25' title="bbox 1773 1019 3356 1086">
    <p class='ocr_par' dir='ltr' id='par_1_25' title="bbox 1773 1019 3356 1086">
     <span class='ocr_line' id='line_1_25' title="bbox 1773 1019 3356 1086; baseline -0.001 -9"><span class='ocrx_word' id='word_1_164' title='bbox 1773 1021 1991 1085; x_wconf 88' lang='lat' dir='ltr'><strong>dentes,</strong></span> <span class='ocrx_word' id='word_1_165' title='bbox 2018 1029 2074 1077; x_wconf 92' lang='lat' dir='ltr'><strong>et</strong></span> <span class='ocrx_word' id='word_1_166' title='bbox 2111 1020 2386 1077; x_wconf 90' lang='lat' dir='ltr'><strong>admissos</strong></span> <span class='ocrx_word' id='word_1_167' title='bbox 2415 1037 2538 1076; x_wconf 91' lang='lat' dir='ltr'><strong>esse</strong></span> <span class='ocrx_word' id='word_1_168' title='bbox 2573 1036 2603 1075; x_wconf 91' lang='lat' dir='ltr'><strong>a</strong></span> <span class='ocrx_word' id='word_1_169' title='bbox 2631 1021 2824 1086; x_wconf 83' lang='lat' dir='ltr'><strong>vobis,</strong></span> <span class='ocrx_word' id='word_1_170' title='bbox 2858 1028 2915 1076; x_wconf 91' lang='lat' dir='ltr'><strong>et</strong></span> <span class='ocrx_word' id='word_1_171' title='bbox 2947 1019 3356 1075; x_wconf 85' lang='lat' dir='ltr'><strong>communionis</strong></span> 
     </span>
    </p>
   </div>
   <div class='ocr_carea' id='block_1_26' title="bbox 1773 1109 3356 1183">
    <p class='ocr_par' dir='ltr' id='par_1_26' title="bbox 1773 1109 3356 1183">
     <span class='ocr_line' id='line_1_26' title="bbox 1773 1109 3356 1183; baseline -0.003 -15"><span class='ocrx_word' id='word_1_172' title='bbox 1773 1112 2166 1168; x_wconf 84' lang='lat' dir='ltr'><strong>ecclesiasticae</strong></span> <span class='ocrx_word' id='word_1_173' title='bbox 2191 1111 2370 1168; x_wconf 91' lang='lat' dir='ltr'><strong>factos</strong></span> <span class='ocrx_word' id='word_1_174' title='bbox 2396 1127 2521 1167; x_wconf 91' lang='lat' dir='ltr'><strong>esse</strong></span> <span class='ocrx_word' id='word_1_175' title='bbox 2542 1113 2860 1183; x_wconf 86' lang='lat' dir='ltr'><strong>participes.</strong></span> <span class='ocrx_word' id='word_1_176' title='bbox 2890 1111 2970 1166; x_wconf 85' lang='lat' dir='ltr'><strong>Ac</strong></span> <span class='ocrx_word' id='word_1_177' title='bbox 2999 1126 3097 1167; x_wconf 88' lang='lat' dir='ltr'><strong>vos</strong></span> <span class='ocrx_word' id='word_1_178' title='bbox 3134 1109 3356 1182; x_wconf 87' lang='lat' dir='ltr'><strong>quidem</strong></span> 
     </span>
    </p>
   </div>
   <div class='ocr_carea' id='block_1_27' title="bbox 1775 1202 3356 1276">
    <p class='ocr_par' dir='ltr' id='par_1_27' title="bbox 1775 1202 3356 1276">
     <span class='ocr_line' id='line_1_27' title="bbox 1775 1202 3356 1276; baseline 0.001 -19"><span class='ocrx_word' id='word_1_179' title='bbox 1775 1219 1876 1275; x_wconf 90' lang='lat' dir='ltr'><strong>par</strong></span> <span class='ocrx_word' id='word_1_180' title='bbox 1913 1211 2032 1259; x_wconf 91' lang='lat' dir='ltr'><strong>erat</strong></span> <span class='ocrx_word' id='word_1_181' title='bbox 2056 1204 2382 1275; x_wconf 78' lang='lat' dir='ltr'><strong>intelligere,</strong></span> <span class='ocrx_word' id='word_1_182' title='bbox 2416 1204 2509 1258; x_wconf 90' lang='lat' dir='ltr'><strong>Dei</strong></span> <span class='ocrx_word' id='word_1_183' title='bbox 2538 1204 2713 1276; x_wconf 90' lang='lat' dir='ltr'><strong>gratia</strong></span> <span class='ocrx_word' id='word_1_184' title='bbox 2746 1219 2848 1260; x_wconf 89' lang='lat' dir='ltr'><strong>nec</strong></span> <span class='ocrx_word' id='word_1_185' title='bbox 2879 1204 2937 1258; x_wconf 90' lang='lat' dir='ltr'><strong>in</strong></span> <span class='ocrx_word' id='word_1_186' title='bbox 2959 1203 3182 1259; x_wconf 84' lang='lat' dir='ltr'><strong>Oriente</strong></span> <span class='ocrx_word' id='word_1_187' title='bbox 3207 1202 3356 1258; x_wconf 90' lang='lat' dir='ltr'><strong>solos</strong></span> 
     </span>
    </p>
   </div>
   <div class='ocr_carea' id='block_1_28' title="bbox 1777 1295 3356 1359">
    <p class='ocr_par' dir='ltr' id='par_1_28' title="bbox 1777 1295 3356 1359">
     <span class='ocr_line' id='line_1_28' title="bbox 1777 1295 3356 1359; baseline -0.003 -9"><span class='ocrx_word' id='word_1_188' title='bbox 1777 1311 1874 1352; x_wconf 88' lang='lat' dir='ltr'><strong>vos</strong></span> <span class='ocrx_word' id='word_1_189' title='bbox 1918 1311 2072 1359; x_wconf 91' lang='lat' dir='ltr'><strong>esse,</strong></span> <span class='ocrx_word' id='word_1_190' title='bbox 2122 1296 2219 1352; x_wconf 89' lang='lat' dir='ltr'><strong>sed</strong></span> <span class='ocrx_word' id='word_1_191' title='bbox 2259 1303 2314 1352; x_wconf 90' lang='lat' dir='ltr'><strong>et</strong></span> <span class='ocrx_word' id='word_1_192' title='bbox 2356 1296 2562 1351; x_wconf 91' lang='lat' dir='ltr'><strong>multos</strong></span> <span class='ocrx_word' id='word_1_193' title='bbox 2599 1295 2806 1351; x_wconf 88' lang='lat' dir='ltr'><strong>habere</strong></span> <span class='ocrx_word' id='word_1_194' title='bbox 2835 1295 3356 1358; x_wconf 90' lang='lat' dir='ltr'><strong>communicatores,</strong></span> 
     </span>
    </p>
   </div>
   <div class='ocr_carea' id='block_1_29' title="bbox 1776 1385 3359 1459">
    <p class='ocr_par' dir='ltr' id='par_1_29' title="bbox 1776 1385 3359 1459">
     <span class='ocr_line' id='line_1_29' title="bbox 1776 1385 3359 1459; baseline 0 -19"><span class='ocrx_word' id='word_1_195' title='bbox 1776 1386 2000 1442; x_wconf 78' lang='lat' dir='ltr'><strong>Patrum</strong></span> <span class='ocrx_word' id='word_1_196' title='bbox 2026 1387 2267 1452; x_wconf 93' lang='lat' dir='ltr'><strong>illorum,</strong></span> <span class='ocrx_word' id='word_1_197' title='bbox 2289 1389 2386 1459; x_wconf 90' lang='lat' dir='ltr'><strong>qui</strong></span> <span class='ocrx_word' id='word_1_198' title='bbox 2409 1387 2603 1442; x_wconf 80' lang='lat' dir='ltr'><strong>Nicaeae</strong></span> <span class='ocrx_word' id='word_1_199' title='bbox 2633 1387 2784 1457; x_wconf 90' lang='lat' dir='ltr'><strong>pium</strong></span> <span class='ocrx_word' id='word_1_200' title='bbox 2814 1385 2938 1441; x_wconf 92' lang='lat' dir='ltr'><strong>ﬁdei</strong></span> <span class='ocrx_word' id='word_1_201' title='bbox 2966 1385 3161 1456; x_wconf 80' lang='lat' dir='ltr'><strong>dogma</strong></span> <span class='ocrx_word' id='word_1_202' title='bbox 3189 1400 3359 1456; x_wconf 66' lang='lat' dir='ltr'><strong>espo-</strong></span> 
     </span>
    </p>
   </div>
   <div class='ocr_carea' id='block_1_30' title="bbox 1781 1477 3359 1546">
    <p class='ocr_par' dir='ltr' id='par_1_30' title="bbox 1781 1477 3359 1546">
     <span class='ocr_line' id='line_1_30' title="bbox 1781 1477 3359 1546; baseline -0.001 -12"><span class='ocrx_word' id='word_1_203' title='bbox 1781 1487 2036 1542; x_wconf 86' lang='lat' dir='ltr'><strong>suerunt,</strong></span> <span class='ocrx_word' id='word_1_204' title='bbox 2095 1487 2249 1534; x_wconf 89' lang='lat' dir='ltr'><strong>recte</strong></span> <span class='ocrx_word' id='word_1_205' title='bbox 2295 1478 2421 1534; x_wconf 92' lang='lat' dir='ltr'><strong>ﬁdei</strong></span> <span class='ocrx_word' id='word_1_206' title='bbox 2468 1477 2829 1546; x_wconf 78' lang='lat' dir='ltr'><strong>defensores;</strong></span> <span class='ocrx_word' id='word_1_207' title='bbox 2871 1485 2926 1533; x_wconf 88' lang='lat' dir='ltr'><strong>et</strong></span> <span class='ocrx_word' id='word_1_208' title='bbox 2973 1477 3031 1533; x_wconf 90' lang='lat' dir='ltr'><strong>in</strong></span> <span class='ocrx_word' id='word_1_209' title='bbox 3060 1477 3359 1533; x_wconf 91' lang='lat' dir='ltr'><strong>Occidente</strong></span> 
     </span>
    </p>
   </div>
   <div class='ocr_carea' id='block_1_31' title="bbox 1778 1571 3356 1640">
    <p class='ocr_par' dir='ltr' id='par_1_31' title="bbox 1778 1571 3356 1640">
     <span class='ocr_line' id='line_1_31' title="bbox 1778 1571 3356 1640; baseline 0 -16"><span class='ocrx_word' id='word_1_210' title='bbox 1778 1586 1971 1626; x_wconf 92' lang='lat' dir='ltr'><strong>omnes</strong></span> <span class='ocrx_word' id='word_1_211' title='bbox 2003 1572 2286 1626; x_wconf 86' lang='lat' dir='ltr'><strong>vobiscum</strong></span> <span class='ocrx_word' id='word_1_212' title='bbox 2319 1586 2384 1626; x_wconf 89' lang='lat' dir='ltr'><strong>ac</strong></span> <span class='ocrx_word' id='word_1_213' title='bbox 2413 1571 2698 1626; x_wconf 89' lang='lat' dir='ltr'><strong>nobiscum</strong></span> <span class='ocrx_word' id='word_1_214' title='bbox 2736 1571 3048 1626; x_wconf 91' lang='lat' dir='ltr'><strong>consentire</strong></span> <span class='ocrx_word' id='word_1_215' title='bbox 3077 1588 3091 1626; x_wconf 88' lang='lat'><strong>:</strong></span> <span class='ocrx_word' id='word_1_216' title='bbox 3123 1585 3356 1640; x_wconf 90' lang='lat' dir='ltr'><strong>quorum</strong></span> 
     </span>
    </p>
   </div>
   <div class='ocr_carea' id='block_1_32' title="bbox 1781 1658 3358 1732">
    <p class='ocr_par' dir='ltr' id='par_1_32' title="bbox 1781 1658 3358 1732">
     <span class='ocr_line' id='line_1_32' title="bbox 1781 1658 3358 1732; baseline -0.003 -14"><span class='ocrx_word' id='word_1_217' title='bbox 1781 1664 1906 1719; x_wconf 91' lang='lat' dir='ltr'><strong>fidei</strong></span> <span class='ocrx_word' id='word_1_218' title='bbox 1961 1673 2169 1718; x_wconf 91' lang='lat' dir='ltr'><strong>tomum</strong></span> <span class='ocrx_word' id='word_1_219' title='bbox 2218 1671 2503 1732; x_wconf 89' lang='lat' dir='ltr'><strong>acceptum</strong></span> <span class='ocrx_word' id='word_1_220' title='bbox 2549 1661 2696 1731; x_wconf 91' lang='lat' dir='ltr'><strong>apud</strong></span> <span class='ocrx_word' id='word_1_221' title='bbox 2733 1677 2836 1717; x_wconf 92' lang='lat' dir='ltr'><strong>nos</strong></span> <span class='ocrx_word' id='word_1_222' title='bbox 2879 1658 3254 1723; x_wconf 89' lang='lat' dir='ltr'><strong>custodimus,</strong></span> <span class='ocrx_word' id='word_1_223' title='bbox 3305 1667 3358 1713; x_wconf 91' lang='lat' dir='ltr'><strong>et</strong></span> 
     </span>
    </p>
   </div>
   <div class='ocr_carea' id='block_1_33' title="bbox 1781 1750 3358 1827">
    <p class='ocr_par' dir='ltr' id='par_1_33' title="bbox 1781 1750 3358 1827">
     <span class='ocr_line' id='line_1_33' title="bbox 1781 1750 3358 1827; baseline -0.005 -16"><span class='ocrx_word' id='word_1_224' title='bbox 1781 1772 1968 1812; x_wconf 90' lang='lat' dir='ltr'><strong>sanam</strong></span> <span class='ocrx_word' id='word_1_225' title='bbox 2014 1758 2261 1827; x_wconf 89' lang='lat' dir='ltr'><strong>ipsorum</strong></span> <span class='ocrx_word' id='word_1_226' title='bbox 2301 1755 2607 1810; x_wconf 87' lang='lat' dir='ltr'><strong>doctrinam</strong></span> <span class='ocrx_word' id='word_1_227' title='bbox 2653 1753 2954 1824; x_wconf 88' lang='lat' dir='ltr'><strong>sequimur.</strong></span> <span class='ocrx_word' id='word_1_228' title='bbox 2991 1751 3223 1808; x_wconf 88' lang='lat' dir='ltr'><strong>Decebat</strong></span> <span class='ocrx_word' id='word_1_229' title='bbox 3257 1750 3358 1821; x_wconf 89' lang='lat' dir='ltr'><strong>igi-</strong></span> 
     </span>
    </p>
   </div>
   <div class='ocr_carea' id='block_1_34' title="bbox 81 1829 1698 1918">
    <p class='ocr_par' dir='ltr' id='par_1_34' title="bbox 81 1840 1673 1915">
     <span class='ocr_line' id='line_1_34' title="bbox 81 1840 1673 1915; baseline 0.003 -23"><span class='ocrx_word' id='word_1_230' title='bbox 81 1840 198 1909; x_wconf 81' lang='grc' dir='ltr'>τῆς</span> <span class='ocrx_word' id='word_1_231' title='bbox 229 1841 465 1906; x_wconf 90' lang='grc' dir='ltr'>πίστεως</span> <span class='ocrx_word' id='word_1_232' title='bbox 490 1843 581 1896; x_wconf 83' lang='grc' dir='ltr'><strong>τὸν</strong></span> <span class='ocrx_word' id='word_1_233' title='bbox 606 1842 772 1914; x_wconf 85' lang='grc' dir='ltr'>τόμον</span> <span class='ocrx_word' id='word_1_234' title='bbox 794 1842 988 1915; x_wconf 78' lang='grc' dir='ltr'>ἔχομεν</span> <span class='ocrx_word' id='word_1_235' title='bbox 1015 1844 1146 1915; x_wconf 84' lang='grc' dir='ltr'>παρ’</span> <span class='ocrx_word' id='word_1_236' title='bbox 1166 1845 1398 1906; x_wconf 79' lang='grc' dir='ltr'>ἑαυτοῖς,</span> <span class='ocrx_word' id='word_1_237' title='bbox 1421 1844 1673 1914; x_wconf 83' lang='grc' dir='ltr'>ἑπόμενοι</span> 
     </span>
    </p>
   </div>
   <div class='ocr_carea' id='block_1_35' title="bbox 1790 1829 3358 1918">
    <p class='ocr_par' dir='ltr' id='par_1_35' title="bbox 1790 1843 3358 1918">
     <span class='ocr_line' id='line_1_35' title="bbox 1790 1843 3358 1918; baseline -0.001 -16"><span class='ocrx_word' id='word_1_238' title='bbox 1790 1857 1893 1914; x_wconf 86' lang='lat' dir='ltr'><strong>Lur,</strong></span> <span class='ocrx_word' id='word_1_239' title='bbox 1935 1849 2218 1911; x_wconf 89' lang='lat' dir='ltr'><strong>omnibus,</strong></span> <span class='ocrx_word' id='word_1_240' title='bbox 2263 1847 2357 1918; x_wconf 91' lang='lat' dir='ltr'><strong>qui</strong></span> <span class='ocrx_word' id='word_1_241' title='bbox 2389 1850 2445 1902; x_wconf 92' lang='lat' dir='ltr'><strong>in</strong></span> <span class='ocrx_word' id='word_1_242' title='bbox 2487 1846 2679 1903; x_wconf 90' lang='lat' dir='ltr'><strong>eadem</strong></span> <span class='ocrx_word' id='word_1_243' title='bbox 2729 1861 2794 1902; x_wconf 90' lang='lat' dir='ltr'><strong>ac</strong></span> <span class='ocrx_word' id='word_1_244' title='bbox 2835 1861 2934 1902; x_wconf 90' lang='lat' dir='ltr'><strong>vos</strong></span> <span class='ocrx_word' id='word_1_245' title='bbox 2972 1843 3358 1900; x_wconf 89' lang='lat' dir='ltr'><strong>communione</strong></span> 
     </span>
    </p>
   </div>
   <div class='ocr_carea' id='block_1_36' title="bbox 84 1933 1678 2010">
    <p class='ocr_par' dir='ltr' id='par_1_36' title="bbox 84 1933 1678 2010">
     <span class='ocr_line' id='line_1_36' title="bbox 84 1933 1678 2010; baseline 0.003 -24"><span class='ocrx_word' id='word_1_246' title='bbox 84 1933 282 1986; x_wconf 79' lang='grc' dir='ltr'>αὐτῶν</span> <span class='ocrx_word' id='word_1_247' title='bbox 305 1937 372 2005; x_wconf 80' lang='grc' dir='ltr'>τῇ</span> <span class='ocrx_word' id='word_1_248' title='bbox 405 1934 723 2008; x_wconf 79' lang='grc' dir='ltr'>ὑγιαινούσῃ</span> <span class='ocrx_word' id='word_1_249' title='bbox 745 1936 856 2008; x_wconf 74' lang='grc'><strong>(46)</strong></span> <span class='ocrx_word' id='word_1_250' title='bbox 886 1936 1218 2010; x_wconf 76' lang='grc' dir='ltr'>διδασκαλίᾳ.</span> <span class='ocrx_word' id='word_1_251' title='bbox 1238 1937 1386 1990; x_wconf 85' lang='grc' dir='ltr'>Ἔδει</span> <span class='ocrx_word' id='word_1_252' title='bbox 1415 1933 1507 1991; x_wconf 78' lang='grc' dir='ltr'><strong>οὖν</strong></span> <span class='ocrx_word' id='word_1_253' title='bbox 1539 1938 1678 1991; x_wconf 87' lang='grc' dir='ltr'>πάν-</span> 
     </span>
    </p>
   </div>
   <div class='ocr_carea' id='block_1_37' title="bbox 83 2024 1680 2101">
    <p class='ocr_par' dir='ltr' id='par_1_37' title="bbox 83 2024 1680 2101">
     <span class='ocr_line' id='line_1_37' title="bbox 83 2024 1680 2101; baseline 0.005 -27"><span class='ocrx_word' id='word_1_254' title='bbox 83 2041 196 2088; x_wconf 82' lang='grc' dir='ltr'><strong>τας</strong></span> <span class='ocrx_word' id='word_1_255' title='bbox 223 2024 686 2098; x_wconf 78' lang='grc' dir='ltr'>πληροφορεῖσθαι</span> <span class='ocrx_word' id='word_1_256' title='bbox 707 2027 834 2092; x_wconf 80' lang='grc' dir='ltr'>τοὺς</span> <span class='ocrx_word' id='word_1_257' title='bbox 857 2029 915 2080; x_wconf 80' lang='grc' dir='ltr'>ὲν</span> <span class='ocrx_word' id='word_1_258' title='bbox 934 2031 1000 2100; x_wconf 80' lang='grc' dir='ltr'>τῇ</span> <span class='ocrx_word' id='word_1_259' title='bbox 1023 2029 1160 2101; x_wconf 78' lang='grc' dir='ltr'>αὐτῇ</span> <span class='ocrx_word' id='word_1_260' title='bbox 1191 2029 1451 2100; x_wconf 71' lang='grc' dir='ltr'>συναφείᾳ</span> <span class='ocrx_word' id='word_1_261' title='bbox 1479 2028 1680 2099; x_wconf 85' lang='grc' dir='ltr'>τυγχά-</span> 
     </span>
    </p>
   </div>
   <div class='ocr_carea' id='block_1_38' title="bbox 87 2118 1680 2192">
    <p class='ocr_par' dir='ltr' id='par_1_38' title="bbox 87 2118 1680 2192">
     <span class='ocr_line' id='line_1_38' title="bbox 87 2118 1680 2192; baseline 0.002 -23"><span class='ocrx_word' id='word_1_262' title='bbox 87 2133 293 2181; x_wconf 82' lang='grc' dir='ltr'>νοντας</span> <span class='ocrx_word' id='word_1_263' title='bbox 342 2118 492 2189; x_wconf 84' lang='grc' dir='ltr'>ὑμῖν,</span> <span class='ocrx_word' id='word_1_264' title='bbox 526 2118 616 2172; x_wconf 76' lang='grc' dir='ltr'>ἵνα</span> <span class='ocrx_word' id='word_1_265' title='bbox 659 2119 756 2172; x_wconf 76' lang='grc' dir='ltr'>καὶ</span> <span class='ocrx_word' id='word_1_266' title='bbox 806 2119 875 2173; x_wconf 79' lang='grc' dir='ltr'>τὰ</span> <span class='ocrx_word' id='word_1_267' title='bbox 905 2121 1169 2192; x_wconf 85' lang='grc' dir='ltr'>γινόμενα</span> <span class='ocrx_word' id='word_1_268' title='bbox 1203 2120 1403 2192; x_wconf 84' lang='grc' dir='ltr'>μᾶλλον</span> <span class='ocrx_word' id='word_1_269' title='bbox 1446 2119 1680 2191; x_wconf 79' lang='grc' dir='ltr'>βεϐαιω-</span> 
     </span>
    </p>
   </div>
   <div class='ocr_carea' id='block_1_39' title="bbox 89 2209 1678 2287">
    <p class='ocr_par' dir='ltr' id='par_1_39' title="bbox 89 2209 1678 2287">
     <span class='ocr_line' id='line_1_39' title="bbox 89 2209 1678 2287; baseline 0.001 -22"><span class='ocrx_word' id='word_1_270' title='bbox 89 2209 164 2282; x_wconf 80' lang='grc' dir='ltr'><strong>θῇ</strong></span> <span class='ocrx_word' id='word_1_271' title='bbox 192 2209 308 2282; x_wconf 75' lang='grc'><strong>(⁸47)</strong></span> <span class='ocrx_word' id='word_1_272' title='bbox 337 2213 394 2264; x_wconf 82' lang='grc' dir='ltr'>ὲν</span> <span class='ocrx_word' id='word_1_273' title='bbox 425 2214 492 2284; x_wconf 80' lang='grc' dir='ltr'>τῇ</span> <span class='ocrx_word' id='word_1_274' title='bbox 536 2211 798 2266; x_wconf 86' lang='grc' dir='ltr'>πλειόνων</span> <span class='ocrx_word' id='word_1_275' title='bbox 830 2213 1246 2283; x_wconf 86' lang='grc' dir='ltr'>συγκαταθέσει,</span> <span class='ocrx_word' id='word_1_276' title='bbox 1291 2215 1384 2268; x_wconf 75' lang='grc' dir='ltr'><strong>καὶ</strong></span> <span class='ocrx_word' id='word_1_277' title='bbox 1413 2215 1443 2286; x_wconf 79' lang='grc' dir='ltr'>ἡ</span> <span class='ocrx_word' id='word_1_278' title='bbox 1486 2214 1678 2287; x_wconf 84' lang='grc' dir='ltr'>εἰρήνη</span> 
     </span>
    </p>
   </div>
   <div class='ocr_carea' id='block_1_40' title="bbox 93 2301 1679 2378">
    <p class='ocr_par' dir='ltr' id='par_1_40' title="bbox 93 2301 1679 2378">
     <span class='ocr_line' id='line_1_40' title="bbox 93 2301 1679 2378; baseline 0.003 -22"><span class='ocrx_word' id='word_1_279' title='bbox 93 2303 177 2374; x_wconf 84' lang='grc' dir='ltr'><strong>μὴ</strong></span> <span class='ocrx_word' id='word_1_280' title='bbox 221 2301 514 2369; x_wconf 76' lang='grc' dir='ltr'>διεσπᾶτο,</span> <span class='ocrx_word' id='word_1_281' title='bbox 550 2302 610 2357; x_wconf 84' lang='grc' dir='ltr'>ὲν</span> <span class='ocrx_word' id='word_1_282' title='bbox 655 2306 722 2374; x_wconf 78' lang='grc' dir='ltr'>τῇ</span> <span class='ocrx_word' id='word_1_283' title='bbox 768 2319 931 2360; x_wconf 87' lang='grc' dir='ltr'>τινων</span> <span class='ocrx_word' id='word_1_284' title='bbox 968 2306 1268 2378; x_wconf 80' lang='grc' dir='ltr'>προσλήψει</span> <span class='ocrx_word' id='word_1_285' title='bbox 1326 2305 1528 2378; x_wconf 80' lang='grc' dir='ltr'>ἐτέρων</span> <span class='ocrx_word' id='word_1_286' title='bbox 1573 2307 1679 2375; x_wconf 81' lang='grc' dir='ltr'><strong>ἀφ·-</strong></span> 
     </span>
    </p>
   </div>
   <div class='ocr_carea' id='block_1_41' title="bbox 91 2392 1680 2471">
    <p class='ocr_par' dir='ltr' id='par_1_41' title="bbox 91 2392 1680 2471">
     <span class='ocr_line' id='line_1_41' title="bbox 91 2392 1680 2471; baseline 0.004 -24"><span class='ocrx_word' id='word_1_287' title='bbox 91 2395 437 2465; x_wconf 83' lang='grc' dir='ltr'>ισταμένων.</span> <span class='ocrx_word' id='word_1_288' title='bbox 465 2395 651 2461; x_wconf 79' lang='grc' dir='ltr'>Οὕτως</span> <span class='ocrx_word' id='word_1_289' title='bbox 673 2392 765 2453; x_wconf 83' lang='grc' dir='ltr'><strong>οῦν</strong></span> <span class='ocrx_word' id='word_1_290' title='bbox 787 2395 854 2470; x_wconf 82' lang='grc' dir='ltr'>ἦν</span> <span class='ocrx_word' id='word_1_291' title='bbox 875 2398 1087 2470; x_wconf 82' lang='grc' dir='ltr'>πρέπον</span> <span class='ocrx_word' id='word_1_292' title='bbox 1116 2398 1504 2469; x_wconf 85' lang='grc' dir='ltr'>βουλεύσασθαι</span> <span class='ocrx_word' id='word_1_293' title='bbox 1535 2401 1680 2471; x_wconf 81' lang='grc' dir='ltr'>ὑμᾶς</span> 
     </span>
    </p>
   </div>
   <div class='ocr_carea' id='block_1_42' title="bbox 96 2485 1682 2562">
    <p class='ocr_par' dir='ltr' id='par_1_42' title="bbox 96 2485 1682 2562">
     <span class='ocr_line' id='line_1_42' title="bbox 96 2485 1682 2562; baseline 0.004 -25"><span class='ocrx_word' id='word_1_294' title='bbox 96 2485 380 2557; x_wconf 73' lang='grc' dir='ltr'>στιϐαρῶς</span> <span class='ocrx_word' id='word_1_295' title='bbox 413 2488 508 2540; x_wconf 72' lang='grc' dir='ltr'><strong>καὶ</strong></span> <span class='ocrx_word' id='word_1_296' title='bbox 555 2489 906 2562; x_wconf 74' lang='grc' dir='ltr'>πράωςπερὶ</span> <span class='ocrx_word' id='word_1_297' title='bbox 945 2490 1288 2562; x_wconf 81' lang='grc' dir='ltr'>πραγμάτων</span> <span class='ocrx_word' id='word_1_298' title='bbox 1319 2491 1522 2554; x_wconf 84' lang='grc' dir='ltr'>πάσαις</span> <span class='ocrx_word' id='word_1_299' title='bbox 1558 2494 1682 2554; x_wconf 86' lang='grc' dir='ltr'>ταῖς</span> 
     </span>
    </p>
   </div>
   <div class='ocr_carea' id='block_1_43' title="bbox 94 2575 1680 2651">
    <p class='ocr_par' dir='ltr' id='par_1_43' title="bbox 94 2575 1680 2651">
     <span class='ocr_line' id='line_1_43' title="bbox 94 2575 1680 2651; baseline 0.001 -22"><span class='ocrx_word' id='word_1_300' title='bbox 94 2575 248 2630; x_wconf 78' lang='grc' dir='ltr'>κατὰ</span> <span class='ocrx_word' id='word_1_301' title='bbox 293 2578 394 2649; x_wconf 81' lang='grc' dir='ltr'>τὴν</span> <span class='ocrx_word' id='word_1_302' title='bbox 432 2579 759 2651; x_wconf 76' lang='grc' dir='ltr'>οἰκουμένην</span> <span class='ocrx_word' id='word_1_303' title='bbox 791 2580 1144 2650; x_wconf 85' lang='grc' dir='ltr'>Ἐκκλησίαις</span> <span class='ocrx_word' id='word_1_304' title='bbox 1184 2577 1565 2650; x_wconf 72' lang='grc' dir='ltr'>διαφερόντων.</span> <span class='ocrx_word' id='word_1_305' title='bbox 1603 2580 1680 2631; x_wconf 76' lang='grc' dir='ltr'><strong>Οὐ</strong></span> 
     </span>
    </p>
   </div>
   <div class='ocr_carea' id='block_1_44' title="bbox 96 2668 1682 2741">
    <p class='ocr_par' dir='ltr' id='par_1_44' title="bbox 96 2668 1682 2741">
     <span class='ocr_line' id='line_1_44' title="bbox 96 2668 1682 2741; baseline 0.001 -20"><span class='ocrx_word' id='word_1_306' title='bbox 96 2668 214 2740; x_wconf 82' lang='grc' dir='ltr'>γὰρ</span> <span class='ocrx_word' id='word_1_307' title='bbox 248 2669 277 2722; x_wconf 81' lang='grc' dir='ltr'>ὁ</span> <span class='ocrx_word' id='word_1_308' title='bbox 313 2668 450 2739; x_wconf 80' lang='grc' dir='ltr'>ταχύ</span> <span class='ocrx_word' id='word_1_309' title='bbox 485 2687 535 2723; x_wconf 90' lang='grc' dir='ltr'><strong>τι</strong></span> <span class='ocrx_word' id='word_1_310' title='bbox 561 2671 897 2741; x_wconf 79' lang='grc' dir='ltr'>δογματίσας</span> <span class='ocrx_word' id='word_1_311' title='bbox 928 2671 1232 2736; x_wconf 81' lang='grc' dir='ltr'>ἐπαινετὸς,</span> <span class='ocrx_word' id='word_1_312' title='bbox 1262 2671 1377 2724; x_wconf 82' lang='grc' dir='ltr'>ἀλλ’</span> <span class='ocrx_word' id='word_1_313' title='bbox 1412 2673 1440 2724; x_wconf 86' lang='grc' dir='ltr'><em>ὀ</em></span> <span class='ocrx_word' id='word_1_314' title='bbox 1468 2670 1682 2739; x_wconf 87' lang='grc' dir='ltr'>παγίως</span> 
     </span>
    </p>
   </div>
   <div class='ocr_carea' id='block_1_45' title="bbox 95 2760 1683 2829">
    <p class='ocr_par' dir='ltr' id='par_1_45' title="bbox 95 2760 1683 2829">
     <span class='ocr_line' id='line_1_45' title="bbox 95 2760 1683 2829; baseline 0.001 -15"><span class='ocrx_word' id='word_1_315' title='bbox 95 2761 198 2815; x_wconf 71' lang='grc' dir='ltr'>καὶ</span> <span class='ocrx_word' id='word_1_316' title='bbox 258 2760 573 2826; x_wconf 82' lang='grc' dir='ltr'>ὰσαλεύτως</span> <span class='ocrx_word' id='word_1_317' title='bbox 629 2763 838 2818; x_wconf 74' lang='grc' dir='ltr'>ἕκαστα</span> <span class='ocrx_word' id='word_1_318' title='bbox 889 2765 1213 2829; x_wconf 89' lang='grc' dir='ltr'>κανονίσας,</span> <span class='ocrx_word' id='word_1_319' title='bbox 1267 2764 1407 2817; x_wconf 84' lang='grc' dir='ltr'>ὥστε</span> <span class='ocrx_word' id='word_1_320' title='bbox 1455 2763 1550 2817; x_wconf 75' lang='grc' dir='ltr'><strong>καὶ</strong></span> <span class='ocrx_word' id='word_1_321' title='bbox 1603 2765 1683 2828; x_wconf 80' lang='grc' dir='ltr'>εἰς</span> 
     </span>
    </p>
   </div>
   <div class='ocr_carea' id='block_1_46' title="bbox 96 2851 1681 2927">
    <p class='ocr_par' dir='ltr' id='par_1_46' title="bbox 96 2851 1681 2927">
     <span class='ocr_line' id='line_1_46' title="bbox 96 2851 1681 2927; baseline 0.001 -21"><span class='ocrx_word' id='word_1_322' title='bbox 96 2855 194 2906; x_wconf 81' lang='grc' dir='ltr'><strong>τὸν</strong></span> <span class='ocrx_word' id='word_1_323' title='bbox 241 2853 381 2924; x_wconf 79' lang='grc' dir='ltr'>μετὰ</span> <span class='ocrx_word' id='word_1_324' title='bbox 426 2854 600 2909; x_wconf 87' lang='grc' dir='ltr'>ταῦτα</span> <span class='ocrx_word' id='word_1_325' title='bbox 647 2855 837 2927; x_wconf 84' lang='grc' dir='ltr'>χρόνον</span> <span class='ocrx_word' id='word_1_326' title='bbox 881 2855 1276 2926; x_wconf 75' lang='grc' dir='ltr'>ἐξεταζομένην</span> <span class='ocrx_word' id='word_1_327' title='bbox 1321 2854 1419 2926; x_wconf 83' lang='grc' dir='ltr'>τὴν</span> <span class='ocrx_word' id='word_1_328' title='bbox 1456 2851 1681 2926; x_wconf 81' lang='grc' dir='ltr'>γνώμην</span> 
     </span>
    </p>
   </div>
   <div class='ocr_carea' id='block_1_47' title="bbox 94 2944 1683 3017">
    <p class='ocr_par' dir='ltr' id='par_1_47' title="bbox 94 2944 1683 3017">
     <span class='ocr_line' id='line_1_47' title="bbox 94 2944 1683 3017; baseline 0.001 -19"><span class='ocrx_word' id='word_1_329' title='bbox 94 2946 480 3016; x_wconf 80' lang='grc' dir='ltr'>δοκιμωτέραν</span> <span class='ocrx_word' id='word_1_330' title='bbox 516 2947 830 3017; x_wconf 81' lang='grc' dir='ltr'>φαίνεσθαι,</span> <span class='ocrx_word' id='word_1_331' title='bbox 861 2944 1016 3012; x_wconf 74' lang='grc' dir='ltr'>οὗτος</span> <span class='ocrx_word' id='word_1_332' title='bbox 1050 2947 1346 3011; x_wconf 86' lang='grc' dir='ltr'>ἁπόδεκτος</span> <span class='ocrx_word' id='word_1_333' title='bbox 1382 2949 1477 3001; x_wconf 70' lang='grc' dir='ltr'><strong>καὶ</strong></span> <span class='ocrx_word' id='word_1_334' title='bbox 1533 2947 1683 3017; x_wconf 74' lang='grc' dir='ltr'>παρὰ</span> 
     </span>
    </p>
   </div>
   <div class='ocr_carea' id='block_1_48' title="bbox 96 3039 1680 3111">
    <p class='ocr_par' dir='ltr' id='par_1_48' title="bbox 96 3039 1680 3111">
     <span class='ocr_line' id='line_1_48' title="bbox 96 3039 1680 3111; baseline 0 -18"><span class='ocrx_word' id='word_1_335' title='bbox 96 3040 225 3111; x_wconf 81' lang='grc' dir='ltr'><strong>Θεῷ</strong></span> <span class='ocrx_word' id='word_1_336' title='bbox 255 3041 351 3094; x_wconf 73' lang='grc' dir='ltr'>καὶ</span> <span class='ocrx_word' id='word_1_337' title='bbox 374 3039 702 3111; x_wconf 83' lang='grc' dir='ltr'>ἀνθρώποις,</span> <span class='ocrx_word' id='word_1_338' title='bbox 726 3040 801 3104; x_wconf 76' lang='grc' dir='ltr'>ὡς</span> <span class='ocrx_word' id='word_1_339' title='bbox 829 3039 1128 3110; x_wconf 78' lang='grc' dir='ltr'>οἰκονομῶν</span> <span class='ocrx_word' id='word_1_340' title='bbox 1151 3043 1279 3103; x_wconf 78' lang='grc' dir='ltr'>τοὺς</span> <span class='ocrx_word' id='word_1_341' title='bbox 1301 3040 1492 3108; x_wconf 84' lang='grc' dir='ltr'>λόγους</span> <span class='ocrx_word' id='word_1_342' title='bbox 1516 3040 1680 3093; x_wconf 79' lang='grc' dir='ltr'>αὐτοῦ</span> 
     </span>
    </p>
   </div>
   <div class='ocr_carea' id='block_1_49' title="bbox 99 3130 1683 3203">
    <p class='ocr_par' dir='ltr' id='par_1_49' title="bbox 99 3130 1683 3203">
     <span class='ocr_line' id='line_1_49' title="bbox 99 3130 1683 3203; baseline 0 -19"><span class='ocrx_word' id='word_1_343' title='bbox 99 3134 164 3184; x_wconf 81' lang='grc' dir='ltr'>ὲν</span> <span class='ocrx_word' id='word_1_344' title='bbox 195 3131 397 3203; x_wconf 78' lang='grc' dir='ltr'>κρίσει.</span> <span class='ocrx_word' id='word_1_345' title='bbox 431 3130 636 3195; x_wconf 83' lang='grc' dir='ltr'>Ταῦτα,</span> <span class='ocrx_word' id='word_1_346' title='bbox 667 3133 768 3185; x_wconf 83' lang='grc' dir='ltr'><strong>ὅσα</strong></span> <span class='ocrx_word' id='word_1_347' title='bbox 807 3131 978 3184; x_wconf 77' lang='grc' dir='ltr'>ἐδίδου</span> <span class='ocrx_word' id='word_1_348' title='bbox 1015 3133 1150 3202; x_wconf 78' lang='grc' dir='ltr'>ἡμῖν</span> <span class='ocrx_word' id='word_1_349' title='bbox 1181 3132 1214 3203; x_wconf 83' lang='grc' dir='ltr'>ἡ</span> <span class='ocrx_word' id='word_1_350' title='bbox 1257 3132 1345 3184; x_wconf 79' lang='grc' dir='ltr'>διὰ</span> <span class='ocrx_word' id='word_1_351' title='bbox 1376 3131 1470 3184; x_wconf 86' lang='grc' dir='ltr'><strong>τοῦ</strong></span> <span class='ocrx_word' id='word_1_352' title='bbox 1499 3132 1683 3202; x_wconf 88' lang='grc' dir='ltr'>γράμ-</span> 
     </span>
    </p>
   </div>
   <div class='ocr_carea' id='block_1_50' title="bbox 1779 1937 3358 2010">
    <p class='ocr_par' dir='ltr' id='par_1_50' title="bbox 1779 1937 3358 2010">
     <span class='ocr_line' id='line_1_50' title="bbox 1779 1937 3358 2010; baseline -0.001 -15"><span class='ocrx_word' id='word_1_353' title='bbox 1779 1950 1938 2005; x_wconf 88' lang='lat' dir='ltr'><strong>sunt,</strong></span> <span class='ocrx_word' id='word_1_354' title='bbox 1983 1939 2270 2005; x_wconf 83' lang='lat' dir='ltr'><strong>satisfieri,</strong></span> <span class='ocrx_word' id='word_1_355' title='bbox 2303 1948 2364 1994; x_wconf 91' lang='lat' dir='ltr'><strong>ut</strong></span> <span class='ocrx_word' id='word_1_356' title='bbox 2413 1954 2504 1994; x_wconf 91' lang='lat' dir='ltr'><strong>res</strong></span> <span class='ocrx_word' id='word_1_357' title='bbox 2532 1946 2698 2010; x_wconf 68' lang='lat' dir='ltr'><strong>gestae</strong></span> <span class='ocrx_word' id='word_1_358' title='bbox 2730 1938 2907 2008; x_wconf 86' lang='lat' dir='ltr'><strong>magis</strong></span> <span class='ocrx_word' id='word_1_359' title='bbox 2956 1937 3241 1994; x_wconf 90' lang='lat' dir='ltr'><strong>ﬁrmentur</strong></span> <span class='ocrx_word' id='word_1_360' title='bbox 3288 1954 3358 1994; x_wconf 81' lang='lat' dir='ltr'><strong>ex</strong></span> 
     </span>
    </p>
   </div>
   <div class='ocr_carea' id='block_1_51' title="bbox 1780 2030 3359 2100">
    <p class='ocr_par' dir='ltr' id='par_1_51' title="bbox 1780 2030 3359 2100">
     <span class='ocr_line' id='line_1_51' title="bbox 1780 2030 3359 2100; baseline 0.001 -14"><span class='ocrx_word' id='word_1_361' title='bbox 1780 2034 2077 2088; x_wconf 88' lang='lat' dir='ltr'><strong>multorum</strong></span> <span class='ocrx_word' id='word_1_362' title='bbox 2102 2047 2396 2097; x_wconf 90' lang='lat' dir='ltr'><strong>consensu,</strong></span> <span class='ocrx_word' id='word_1_363' title='bbox 2427 2045 2535 2087; x_wconf 90' lang='lat' dir='ltr'><strong>nec</strong></span> <span class='ocrx_word' id='word_1_364' title='bbox 2557 2045 2664 2100; x_wconf 79' lang='lat' dir='ltr'><strong>pax</strong></span> <span class='ocrx_word' id='word_1_365' title='bbox 2693 2030 2998 2093; x_wconf 86' lang='lat' dir='ltr'><strong>scindatur,</strong></span> <span class='ocrx_word' id='word_1_366' title='bbox 3024 2031 3148 2086; x_wconf 88' lang='lat' dir='ltr'><strong>aliis</strong></span> <span class='ocrx_word' id='word_1_367' title='bbox 3170 2032 3359 2087; x_wconf 89' lang='lat' dir='ltr'><strong>absce-</strong></span> 
     </span>
    </p>
   </div>
   <div class='ocr_carea' id='block_1_52' title="bbox 1781 2120 3360 2194">
    <p class='ocr_par' dir='ltr' id='par_1_52' title="bbox 1781 2120 3360 2194">
     <span class='ocr_line' id='line_1_52' title="bbox 1781 2120 3360 2194; baseline -0.001 -16"><span class='ocrx_word' id='word_1_368' title='bbox 1781 2124 2035 2180; x_wconf 90' lang='lat' dir='ltr'><strong>dentibus</strong></span> <span class='ocrx_word' id='word_1_369' title='bbox 2061 2123 2188 2178; x_wconf 92' lang='lat' dir='ltr'><strong>dum</strong></span> <span class='ocrx_word' id='word_1_370' title='bbox 2225 2123 2316 2177; x_wconf 86' lang='lat' dir='ltr'><strong>alii</strong></span> <span class='ocrx_word' id='word_1_371' title='bbox 2351 2121 2742 2176; x_wconf 84' lang='lat' dir='ltr'><strong>admittuntur.</strong></span> <span class='ocrx_word' id='word_1_372' title='bbox 2796 2120 2890 2176; x_wconf 87' lang='lat' dir='ltr'><strong>Sic</strong></span> <span class='ocrx_word' id='word_1_373' title='bbox 2944 2121 3112 2194; x_wconf 77' lang='lat' dir='ltr'><strong>igitur</strong></span> <span class='ocrx_word' id='word_1_374' title='bbox 3132 2123 3360 2179; x_wconf 82' lang='lat' dir='ltr'><strong>decebat</strong></span> 
     </span>
    </p>
   </div>
   <div class='ocr_carea' id='block_1_53' title="bbox 1780 2212 3361 2284">
    <p class='ocr_par' dir='ltr' id='par_1_53' title="bbox 1780 2212 3361 2284">
     <span class='ocr_line' id='line_1_53' title="bbox 1780 2212 3361 2284; baseline -0.001 -15"><span class='ocrx_word' id='word_1_375' title='bbox 1780 2214 2074 2270; x_wconf 89' lang='lat' dir='ltr'><strong>concilium</strong></span> <span class='ocrx_word' id='word_1_376' title='bbox 2103 2228 2133 2266; x_wconf 93' lang='lat' dir='ltr'><strong>a</strong></span> <span class='ocrx_word' id='word_1_377' title='bbox 2163 2214 2319 2269; x_wconf 89' lang='lat' dir='ltr'><strong>vobis</strong></span> <span class='ocrx_word' id='word_1_378' title='bbox 2346 2213 2584 2284; x_wconf 80' lang='lat' dir='ltr'><strong>graviter</strong></span> <span class='ocrx_word' id='word_1_379' title='bbox 2610 2228 2675 2268; x_wconf 91' lang='lat' dir='ltr'><strong>ac</strong></span> <span class='ocrx_word' id='word_1_380' title='bbox 2702 2213 2909 2268; x_wconf 87' lang='lat' dir='ltr'><strong>leniter</strong></span> <span class='ocrx_word' id='word_1_381' title='bbox 2939 2212 3065 2266; x_wconf 88' lang='lat' dir='ltr'><strong>iniri</strong></span> <span class='ocrx_word' id='word_1_382' title='bbox 3097 2213 3166 2268; x_wconf 94' lang='lat' dir='ltr'><strong>de</strong></span> <span class='ocrx_word' id='word_1_383' title='bbox 3195 2216 3361 2268; x_wconf 85' lang='lat' dir='ltr'><strong>rebus</strong></span> 
     </span>
    </p>
   </div>
   <div class='ocr_carea' id='block_1_54' title="bbox 1781 2305 3359 2376">
    <p class='ocr_par' dir='ltr' id='par_1_54' title="bbox 1781 2305 3359 2376">
     <span class='ocr_line' id='line_1_54' title="bbox 1781 2305 3359 2376; baseline -0.003 -13"><span class='ocrx_word' id='word_1_384' title='bbox 1781 2309 1850 2363; x_wconf 90' lang='lat' dir='ltr'><strong>ad</strong></span> <span class='ocrx_word' id='word_1_385' title='bbox 1898 2322 2088 2363; x_wconf 90' lang='lat' dir='ltr'><strong>omnes</strong></span> <span class='ocrx_word' id='word_1_386' title='bbox 2137 2306 2287 2362; x_wconf 89' lang='lat' dir='ltr'><strong>orbis</strong></span> <span class='ocrx_word' id='word_1_387' title='bbox 2330 2315 2599 2362; x_wconf 87' lang='lat' dir='ltr'><strong>terrarum</strong></span> <span class='ocrx_word' id='word_1_388' title='bbox 2632 2305 2912 2362; x_wconf 87' lang='lat' dir='ltr'><strong>Eeclesias</strong></span> <span class='ocrx_word' id='word_1_389' title='bbox 2963 2307 3359 2376; x_wconf 87' lang='lat' dir='ltr'><strong>spectantibus.</strong></span> 
     </span>
    </p>
   </div>
   <div class='ocr_carea' id='block_1_55' title="bbox 1781 2395 3361 2474">
    <p class='ocr_par' dir='ltr' id='par_1_55' title="bbox 1781 2395 3361 2474">
     <span class='ocr_line' id='line_1_55' title="bbox 1781 2395 3361 2474; baseline -0.001 -20"><span class='ocrx_word' id='word_1_390' title='bbox 1781 2398 1899 2454; x_wconf 86' lang='lat' dir='ltr'><strong>Non</strong></span> <span class='ocrx_word' id='word_1_391' title='bbox 1922 2399 2066 2453; x_wconf 91' lang='lat' dir='ltr'><strong>enim</strong></span> <span class='ocrx_word' id='word_1_392' title='bbox 2093 2399 2186 2467; x_wconf 90' lang='lat' dir='ltr'><strong>qui</strong></span> <span class='ocrx_word' id='word_1_393' title='bbox 2217 2398 2326 2452; x_wconf 85' lang='lat' dir='ltr'><strong>cito</strong></span> <span class='ocrx_word' id='word_1_394' title='bbox 2366 2397 2573 2468; x_wconf 88' lang='lat' dir='ltr'><strong>aliquid</strong></span> <span class='ocrx_word' id='word_1_395' title='bbox 2601 2398 2866 2466; x_wconf 74' lang='lat' dir='ltr'><strong>decernit.</strong></span> <span class='ocrx_word' id='word_1_396' title='bbox 2901 2395 3206 2452; x_wconf 86' lang='lat' dir='ltr'><strong>laudandus</strong></span> <span class='ocrx_word' id='word_1_397' title='bbox 3236 2405 3320 2452; x_wconf 76' lang='lat' dir='ltr'><strong>est</strong></span> <span class='ocrx_word' id='word_1_398' title='bbox 3340 2410 3361 2474; x_wconf 14' lang='lat'><strong>1;</strong></span> 
     </span>
    </p>
   </div>
   <div class='ocr_carea' id='block_1_56' title="bbox 1783 2487 3360 2561">
    <p class='ocr_par' dir='ltr' id='par_1_56' title="bbox 1783 2487 3360 2561">
     <span class='ocr_line' id='line_1_56' title="bbox 1783 2487 3360 2561; baseline -0.003 -15"><span class='ocrx_word' id='word_1_399' title='bbox 1783 2491 1878 2546; x_wconf 91' lang='lat' dir='ltr'><strong>sed</strong></span> <span class='ocrx_word' id='word_1_400' title='bbox 1906 2490 2001 2561; x_wconf 90' lang='lat' dir='ltr'><strong>qui</strong></span> <span class='ocrx_word' id='word_1_401' title='bbox 2046 2489 2200 2544; x_wconf 82' lang='lat' dir='ltr'><strong>firma</strong></span> <span class='ocrx_word' id='word_1_402' title='bbox 2230 2498 2286 2543; x_wconf 85' lang='lat' dir='ltr'><strong>et</strong></span> <span class='ocrx_word' id='word_1_403' title='bbox 2316 2489 2580 2544; x_wconf 87' lang='lat' dir='ltr'><strong>immobili</strong></span> <span class='ocrx_word' id='word_1_404' title='bbox 2609 2505 2802 2543; x_wconf 88' lang='lat' dir='ltr'><strong>norma</strong></span> <span class='ocrx_word' id='word_1_405' title='bbox 2846 2489 3032 2544; x_wconf 88' lang='lat' dir='ltr'><strong>omnia</strong></span> <span class='ocrx_word' id='word_1_406' title='bbox 3055 2487 3360 2551; x_wconf 88' lang='lat' dir='ltr'><strong>constituit,</strong></span> 
     </span>
    </p>
   </div>
   <div class='ocr_carea' id='block_1_57' title="bbox 1785 2579 3362 2650">
    <p class='ocr_par' dir='ltr' id='par_1_57' title="bbox 1785 2579 3362 2650">
     <span class='ocr_line' id='line_1_57' title="bbox 1785 2579 3362 2650; baseline 0 -15"><span class='ocrx_word' id='word_1_407' title='bbox 1785 2581 1922 2636; x_wconf 90' lang='lat' dir='ltr'><strong>adeo</strong></span> <span class='ocrx_word' id='word_1_408' title='bbox 1963 2587 2023 2634; x_wconf 90' lang='lat' dir='ltr'><strong>ut</strong></span> <span class='ocrx_word' id='word_1_409' title='bbox 2065 2579 2376 2635; x_wconf 82' lang='lat' dir='ltr'><strong>examinata</strong></span> <span class='ocrx_word' id='word_1_410' title='bbox 2406 2581 2763 2650; x_wconf 88' lang='lat' dir='ltr'><strong>subsequenti</strong></span> <span class='ocrx_word' id='word_1_411' title='bbox 2805 2588 3050 2650; x_wconf 88' lang='lat' dir='ltr'><strong>tempore</strong></span> <span class='ocrx_word' id='word_1_412' title='bbox 3091 2583 3362 2636; x_wconf 85' lang='lat' dir='ltr'><strong>sententia</strong></span> 
     </span>
    </p>
   </div>
   <div class='ocr_carea' id='block_1_58' title="bbox 1783 2671 3363 2744">
    <p class='ocr_par' dir='ltr' id='par_1_58' title="bbox 1783 2671 3363 2744">
     <span class='ocr_line' id='line_1_58' title="bbox 1783 2671 3363 2744; baseline 0.002 -17"><span class='ocrx_word' id='word_1_413' title='bbox 1783 2674 2063 2744; x_wconf 88' lang='lat' dir='ltr'><strong>probatior</strong></span> <span class='ocrx_word' id='word_1_414' title='bbox 2109 2682 2162 2728; x_wconf 87' lang='lat' dir='ltr'><strong>et</strong></span> <span class='ocrx_word' id='word_1_415' title='bbox 2203 2673 2502 2744; x_wconf 88' lang='lat' dir='ltr'><strong>spectatior</strong></span> <span class='ocrx_word' id='word_1_416' title='bbox 2533 2673 2644 2738; x_wconf 85' lang='lat' dir='ltr'><strong>fiat,</strong></span> <span class='ocrx_word' id='word_1_417' title='bbox 2701 2673 2750 2728; x_wconf 89' lang='lat' dir='ltr'><strong>is</strong></span> <span class='ocrx_word' id='word_1_418' title='bbox 2801 2671 2912 2728; x_wconf 90' lang='lat' dir='ltr'><strong>Deo</strong></span> <span class='ocrx_word' id='word_1_419' title='bbox 2943 2681 2997 2728; x_wconf 90' lang='lat' dir='ltr'><strong>et</strong></span> <span class='ocrx_word' id='word_1_420' title='bbox 3042 2673 3363 2730; x_wconf 88' lang='lat' dir='ltr'><strong>hominibus</strong></span> 
     </span>
    </p>
   </div>
   <div class='ocr_carea' id='block_1_59' title="bbox 1784 2764 3363 2836">
    <p class='ocr_par' dir='ltr' id='par_1_59' title="bbox 1784 2764 3363 2836">
     <span class='ocr_line' id='line_1_59' title="bbox 1784 2764 3363 2836; baseline 0 -17"><span class='ocrx_word' id='word_1_421' title='bbox 1784 2777 2040 2836; x_wconf 88' lang='lat' dir='ltr'><strong>acceptus</strong></span> <span class='ocrx_word' id='word_1_422' title='bbox 2083 2773 2206 2828; x_wconf 84' lang='lat' dir='ltr'><strong>est,</strong></span> <span class='ocrx_word' id='word_1_423' title='bbox 2249 2772 2310 2818; x_wconf 89' lang='lat' dir='ltr'><strong>ut</strong></span> <span class='ocrx_word' id='word_1_424' title='bbox 2356 2765 2448 2835; x_wconf 85' lang='lat' dir='ltr'><strong>qui</strong></span> <span class='ocrx_word' id='word_1_425' title='bbox 2494 2780 2777 2820; x_wconf 90' lang='lat' dir='ltr'><strong>sermones</strong></span> <span class='ocrx_word' id='word_1_426' title='bbox 2824 2780 2954 2820; x_wconf 87' lang='lat' dir='ltr'><strong>suos</strong></span> <span class='ocrx_word' id='word_1_427' title='bbox 3002 2764 3256 2835; x_wconf 86' lang='lat' dir='ltr'><strong>disponat</strong></span> <span class='ocrx_word' id='word_1_428' title='bbox 3306 2765 3363 2819; x_wconf 90' lang='lat' dir='ltr'><strong>in</strong></span> 
     </span>
    </p>
   </div>
   <div class='ocr_carea' id='block_1_60' title="bbox 1779 2855 3362 2928">
    <p class='ocr_par' dir='ltr' id='par_1_60' title="bbox 1779 2855 3362 2928">
     <span class='ocr_line' id='line_1_60' title="bbox 1779 2855 3362 2928; baseline -0.001 -19"><span class='ocrx_word' id='word_1_429' title='bbox 1779 2857 1994 2928; x_wconf 89' lang='lat' dir='ltr'><strong>judicio</strong></span> <span class='ocrx_word' id='word_1_430' title='bbox 2011 2857 2078 2912; x_wconf 72' lang='grc'><strong>³³.</strong></span> <span class='ocrx_word' id='word_1_431' title='bbox 2107 2855 2200 2910; x_wconf 87' lang='lat' dir='ltr'><strong>llis</strong></span> <span class='ocrx_word' id='word_1_432' title='bbox 2234 2857 2438 2920; x_wconf 79' lang='lat' dir='ltr'><strong>verbis,</strong></span> <span class='ocrx_word' id='word_1_433' title='bbox 2472 2865 2734 2925; x_wconf 89' lang='lat' dir='ltr'><strong>quantum</strong></span> <span class='ocrx_word' id='word_1_434' title='bbox 2767 2871 2863 2926; x_wconf 91' lang='lat' dir='ltr'><strong>per</strong></span> <span class='ocrx_word' id='word_1_435' title='bbox 2893 2857 3103 2911; x_wconf 88' lang='lat' dir='ltr'><strong>litteras</strong></span> <span class='ocrx_word' id='word_1_436' title='bbox 3125 2856 3362 2925; x_wconf 86' lang='lat' dir='ltr'><strong>colloqui</strong></span> 
     </span>
    </p>
   </div>
   <div class='ocr_carea' id='block_1_61' title="bbox 1784 2943 3364 3016">
    <p class='ocr_par' dir='ltr' id='par_1_61' title="bbox 1784 2943 3364 3016">
     <span class='ocr_line' id='line_1_61' title="bbox 1784 2943 3364 3016; baseline -0.002 -15"><span class='ocrx_word' id='word_1_437' title='bbox 1784 2945 1918 3002; x_wconf 82' lang='lat' dir='ltr'><strong>mihi</strong></span> <span class='ocrx_word' id='word_1_438' title='bbox 1970 2947 2159 3008; x_wconf 89' lang='lat' dir='ltr'><strong>licuit,</strong></span> <span class='ocrx_word' id='word_1_439' title='bbox 2212 2947 2468 3016; x_wconf 86' lang='lat' dir='ltr'><strong>pietatem</strong></span> <span class='ocrx_word' id='word_1_440' title='bbox 2513 2953 2752 2999; x_wconf 85' lang='lat' dir='ltr'><strong>vestram</strong></span> <span class='ocrx_word' id='word_1_441' title='bbox 2813 2945 3152 3014; x_wconf 84' lang='lat' dir='ltr'><strong>compellavi.</strong></span> <span class='ocrx_word' id='word_1_442' title='bbox 3208 2943 3364 2999; x_wconf 74' lang='lat' dir='ltr'><strong>Faxit</strong></span> 
     </span>
    </p>
   </div>
   <div class='ocr_carea' id='block_1_62' title="bbox 1786 3037 3362 3108">
    <p class='ocr_par' dir='ltr' id='par_1_62' title="bbox 1786 3037 3362 3108">
     <span class='ocr_line' id='line_1_62' title="bbox 1786 3037 3362 3108; baseline -0.002 -16"><span class='ocrx_word' id='word_1_443' title='bbox 1786 3047 1968 3093; x_wconf 90' lang='lat' dir='ltr'><strong>autem</strong></span> <span class='ocrx_word' id='word_1_444' title='bbox 2003 3038 2270 3094; x_wconf 90' lang='lat' dir='ltr'><strong>Dominus</strong></span> <span class='ocrx_word' id='word_1_445' title='bbox 2289 3078 2304 3103; x_wconf 94' lang='lat'><strong>,</strong></span> <span class='ocrx_word' id='word_1_446' title='bbox 2347 3045 2406 3091; x_wconf 91' lang='lat' dir='ltr'><strong>ut</strong></span> <span class='ocrx_word' id='word_1_447' title='bbox 2436 3051 2538 3092; x_wconf 92' lang='lat' dir='ltr'><strong>nos</strong></span> <span class='ocrx_word' id='word_1_448' title='bbox 2567 3047 2758 3092; x_wconf 90' lang='lat' dir='ltr'><strong>mutuo</strong></span> <span class='ocrx_word' id='word_1_449' title='bbox 2787 3037 3080 3108; x_wconf 88' lang='lat' dir='ltr'><strong>aliquando</strong></span> <span class='ocrx_word' id='word_1_450' title='bbox 3109 3037 3164 3092; x_wconf 91' lang='lat' dir='ltr'><strong>in</strong></span> <span class='ocrx_word' id='word_1_451' title='bbox 3193 3053 3362 3092; x_wconf 88' lang='lat' dir='ltr'><strong>unum</strong></span> 
     </span>
    </p>
   </div>
   <div class='ocr_carea' id='block_1_63' title="bbox 1787 3127 3364 3186">
    <p class='ocr_par' dir='ltr' id='par_1_63' title="bbox 1787 3127 3364 3186">
     <span class='ocr_line' id='line_1_63' title="bbox 1787 3127 3364 3186; baseline -0.002 0"><span class='ocrx_word' id='word_1_452' title='bbox 1787 3131 2182 3186; x_wconf 89' lang='lat' dir='ltr'><strong>conveniamus</strong></span> <span class='ocrx_word' id='word_1_453' title='bbox 2210 3151 2222 3184; x_wconf 92' lang='lat'><strong>:</strong></span> <span class='ocrx_word' id='word_1_454' title='bbox 2253 3139 2311 3185; x_wconf 93' lang='lat' dir='ltr'><strong>ut</strong></span> <span class='ocrx_word' id='word_1_455' title='bbox 2363 3129 2544 3184; x_wconf 88' lang='lat' dir='ltr'><strong>omnia</strong></span> <span class='ocrx_word' id='word_1_456' title='bbox 2583 3128 2651 3182; x_wconf 90' lang='lat' dir='ltr'><strong>ad</strong></span> <span class='ocrx_word' id='word_1_457' title='bbox 2691 3127 3059 3184; x_wconf 79' lang='lat' dir='ltr'><strong>Ecclesiarum</strong></span> <span class='ocrx_word' id='word_1_458' title='bbox 3099 3128 3192 3184; x_wconf 87' lang='lat' dir='ltr'><strong>Dei</strong></span> <span class='ocrx_word' id='word_1_459' title='bbox 3233 3144 3364 3185; x_wconf 83' lang='lat' dir='ltr'><strong>con-</strong></span> 
     </span>
    </p>
   </div>
   <div class='ocr_carea' id='block_1_64' title="bbox 103 3206 1698 3298">
    <p class='ocr_par' dir='ltr' id='par_1_64' title="bbox 103 3222 1683 3298">
     <span class='ocr_line' id='line_1_64' title="bbox 103 3222 1683 3298; baseline -0.001 -22"><span class='ocrx_word' id='word_1_460' title='bbox 103 3241 278 3298; x_wconf 82' lang='grc' dir='ltr'>ματος</span> <span class='ocrx_word' id='word_1_461' title='bbox 329 3223 535 3295; x_wconf 82' lang='grc' dir='ltr'>ὁμιλία,</span> <span class='ocrx_word' id='word_1_462' title='bbox 585 3222 1118 3294; x_wconf 76' lang='grc' dir='ltr'>προσεφθεγξάμεθα</span> <span class='ocrx_word' id='word_1_463' title='bbox 1168 3223 1322 3293; x_wconf 84' lang='grc' dir='ltr'>ὑμῶν</span> <span class='ocrx_word' id='word_1_464' title='bbox 1369 3223 1470 3294; x_wconf 70' lang='grc' dir='ltr'><strong>τὴν</strong></span> <span class='ocrx_word' id='word_1_465' title='bbox 1527 3222 1683 3275; x_wconf 78' lang='grc' dir='ltr'>εὐλά-</span> 
     </span>
    </p>
   </div>
   <div class='ocr_carea' id='block_1_65' title="bbox 1790 3206 3366 3298">
    <p class='ocr_par' dir='ltr' id='par_1_65' title="bbox 1790 3221 3366 3286">
     <span class='ocr_line' id='line_1_65' title="bbox 1790 3221 3366 3286; baseline -0.002 -9"><span class='ocrx_word' id='word_1_466' title='bbox 1790 3222 2108 3278; x_wconf 88' lang='lat' dir='ltr'><strong>cinnitatem</strong></span> <span class='ocrx_word' id='word_1_467' title='bbox 2143 3224 2427 3279; x_wconf 89' lang='lat' dir='ltr'><strong>vobiscum</strong></span> <span class='ocrx_word' id='word_1_468' title='bbox 2458 3221 2884 3286; x_wconf 85' lang='lat' dir='ltr'><strong>constituentes,</strong></span> <span class='ocrx_word' id='word_1_469' title='bbox 2921 3221 3200 3276; x_wconf 79' lang='lat' dir='ltr'><strong>vobiscum</strong></span> <span class='ocrx_word' id='word_1_470' title='bbox 3231 3222 3366 3276; x_wconf 84' lang='lat' dir='ltr'><strong>reci-</strong></span> 
     </span>
    </p>
   </div>
   <div class='ocr_carea' id='block_1_66' title="bbox 103 3315 1686 3386">
    <p class='ocr_par' dir='ltr' id='par_1_66' title="bbox 103 3315 1686 3386">
     <span class='ocr_line' id='line_1_66' title="bbox 103 3315 1686 3386; baseline 0.001 -20"><span class='ocrx_word' id='word_1_471' title='bbox 103 3317 282 3370; x_wconf 78' lang='grc' dir='ltr'>6ειαν.</span> <span class='ocrx_word' id='word_1_472' title='bbox 317 3316 602 3386; x_wconf 83' lang='grc' dir='ltr'>Παράσχοι</span> <span class='ocrx_word' id='word_1_473' title='bbox 631 3315 688 3368; x_wconf 86' lang='grc' dir='ltr'><strong>δὲ</strong></span> <span class='ocrx_word' id='word_1_474' title='bbox 721 3317 750 3368; x_wconf 89' lang='grc' dir='ltr'>ὁ</span> <span class='ocrx_word' id='word_1_475' title='bbox 794 3315 994 3386; x_wconf 82' lang='grc' dir='ltr'>Κύριος</span> <span class='ocrx_word' id='word_1_476' title='bbox 1043 3317 1138 3368; x_wconf 67' lang='grc' dir='ltr'>καὶ</span> <span class='ocrx_word' id='word_1_477' title='bbox 1176 3316 1255 3377; x_wconf 88' lang='grc' dir='ltr'><strong>είς</strong></span> <span class='ocrx_word' id='word_1_478' title='bbox 1297 3315 1490 3368; x_wconf 84' lang='grc' dir='ltr'>ταυτὸν</span> <span class='ocrx_word' id='word_1_479' title='bbox 1540 3315 1686 3386; x_wconf 76' lang='grc' dir='ltr'>ἡμᾶς</span> 
     </span>
    </p>
   </div>
   <div class='ocr_carea' id='block_1_67' title="bbox 103 3401 1688 3477">
    <p class='ocr_par' dir='ltr' id='par_1_67' title="bbox 103 3401 1688 3477">
     <span class='ocr_line' id='line_1_67' title="bbox 103 3401 1688 3477; baseline -0.005 -17"><span class='ocrx_word' id='word_1_480' title='bbox 103 3405 359 3477; x_wconf 81' lang='grc' dir='ltr'>ἀλλήλοις</span> <span class='ocrx_word' id='word_1_481' title='bbox 400 3407 651 3475; x_wconf 83' lang='grc' dir='ltr'>γενέσθαι</span> <span class='ocrx_word' id='word_1_482' title='bbox 689 3404 853 3459; x_wconf 83' lang='grc' dir='ltr'>ποτέ⁶</span> <span class='ocrx_word' id='word_1_483' title='bbox 894 3404 1000 3467; x_wconf 83' lang='grc' dir='ltr'>ἵνα,</span> <span class='ocrx_word' id='word_1_484' title='bbox 1035 3403 1213 3456; x_wconf 86' lang='grc' dir='ltr'>πάντα</span> <span class='ocrx_word' id='word_1_485' title='bbox 1253 3401 1391 3473; x_wconf 81' lang='grc' dir='ltr'>πρὸς</span> <span class='ocrx_word' id='word_1_486' title='bbox 1429 3419 1688 3472; x_wconf 86' lang='grc' dir='ltr'>καταρτι-</span> 
     </span>
    </p>
   </div>
   <div class='ocr_carea' id='block_1_68' title="bbox 106 3491 1688 3568">
    <p class='ocr_par' dir='ltr' id='par_1_68' title="bbox 106 3491 1688 3568">
     <span class='ocr_line' id='line_1_68' title="bbox 106 3491 1688 3568; baseline -0.004 -18"><span class='ocrx_word' id='word_1_487' title='bbox 106 3498 250 3568; x_wconf 80' lang='grc' dir='ltr'>σμὸν</span> <span class='ocrx_word' id='word_1_488' title='bbox 293 3497 400 3550; x_wconf 88' lang='grc' dir='ltr'><strong>τῶν</strong></span> <span class='ocrx_word' id='word_1_489' title='bbox 437 3495 772 3567; x_wconf 76' lang='grc' dir='ltr'>Ἐκκλησιῶν</span> <span class='ocrx_word' id='word_1_490' title='bbox 803 3494 896 3548; x_wconf 75' lang='grc' dir='ltr'><strong>τοῦ</strong></span> <span class='ocrx_word' id='word_1_491' title='bbox 943 3493 1078 3547; x_wconf 86' lang='grc' dir='ltr'>Θεοῦ</span> <span class='ocrx_word' id='word_1_492' title='bbox 1116 3492 1234 3564; x_wconf 84' lang='grc' dir='ltr'>μεθ’</span> <span class='ocrx_word' id='word_1_493' title='bbox 1281 3491 1436 3563; x_wconf 81' lang='grc' dir='ltr'>ὑμῶν</span> <span class='ocrx_word' id='word_1_494' title='bbox 1487 3493 1688 3545; x_wconf 83' lang='grc' dir='ltr'>οἰκονο·</span> 
     </span>
    </p>
   </div>
   <div class='ocr_carea' id='block_1_69' title="bbox 109 3581 1687 3658">
    <p class='ocr_par' dir='ltr' id='par_1_69' title="bbox 109 3581 1687 3658">
     <span class='ocr_line' id='line_1_69' title="bbox 109 3581 1687 3658; baseline -0.003 -21"><span class='ocrx_word' id='word_1_495' title='bbox 109 3587 407 3658; x_wconf 80' lang='grc' dir='ltr'>μήσαντες,</span> <span class='ocrx_word' id='word_1_496' title='bbox 444 3584 561 3655; x_wconf 82' lang='grc' dir='ltr'>μεθ’</span> <span class='ocrx_word' id='word_1_497' title='bbox 596 3584 749 3654; x_wconf 84' lang='grc' dir='ltr'>ὑμῶν</span> <span class='ocrx_word' id='word_1_498' title='bbox 779 3581 1060 3654; x_wconf 78' lang='grc' dir='ltr'>δεξώμεθα</span> <span class='ocrx_word' id='word_1_499' title='bbox 1091 3581 1182 3635; x_wconf 74' lang='grc' dir='ltr'><strong>τὸν</strong></span> <span class='ocrx_word' id='word_1_500' title='bbox 1213 3581 1402 3651; x_wconf 77' lang='grc' dir='ltr'>μισθὸν</span> <span class='ocrx_word' id='word_1_501' title='bbox 1424 3582 1513 3634; x_wconf 71' lang='grc' dir='ltr'>τὸν</span> <span class='ocrx_word' id='word_1_502' title='bbox 1539 3584 1687 3652; x_wconf 79' lang='grc' dir='ltr'>ἡτοι-</span> 
     </span>
    </p>
   </div>
   <div class='ocr_carea' id='block_1_70' title="bbox 111 3675 1688 3751">
    <p class='ocr_par' dir='ltr' id='par_1_70' title="bbox 111 3675 1688 3751">
     <span class='ocr_line' id='line_1_70' title="bbox 111 3675 1688 3751; baseline -0.003 -21"><span class='ocrx_word' id='word_1_503' title='bbox 111 3677 392 3751; x_wconf 82' lang='grc' dir='ltr'>μασμένον</span> <span class='ocrx_word' id='word_1_504' title='bbox 421 3676 572 3748; x_wconf 78' lang='grc' dir='ltr'>παρὰ</span> <span class='ocrx_word' id='word_1_505' title='bbox 609 3676 704 3730; x_wconf 82' lang='grc' dir='ltr'><strong>τοῦ</strong></span> <span class='ocrx_word' id='word_1_506' title='bbox 729 3675 939 3730; x_wconf 86' lang='grc' dir='ltr'>δικαίου</span> <span class='ocrx_word' id='word_1_507' title='bbox 974 3675 1160 3746; x_wconf 78' lang='grc' dir='ltr'>κριτοῦ</span> <span class='ocrx_word' id='word_1_508' title='bbox 1195 3679 1308 3739; x_wconf 88' lang='grc' dir='ltr'>τοῖς</span> <span class='ocrx_word' id='word_1_509' title='bbox 1346 3678 1560 3738; x_wconf 80' lang='grc' dir='ltr'>πιστοῖς</span> <span class='ocrx_word' id='word_1_510' title='bbox 1593 3675 1688 3727; x_wconf 73' lang='grc' dir='ltr'><strong>καὶ</strong></span> 
     </span>
    </p>
   </div>
   <div class='ocr_carea' id='block_1_71' title="bbox 107 3766 1688 3844">
    <p class='ocr_par' dir='ltr' id='par_1_71' title="bbox 107 3766 1688 3844">
     <span class='ocr_line' id='line_1_71' title="bbox 107 3766 1688 3844; baseline -0.003 -20"><span class='ocrx_word' id='word_1_511' title='bbox 107 3772 399 3844; x_wconf 83' lang='grc' dir='ltr'>φρονίμοις</span> <span class='ocrx_word' id='word_1_512' title='bbox 428 3769 731 3841; x_wconf 74' lang='grc' dir='ltr'>οἰκονόμοις</span> <span class='ocrx_word' id='word_1_513' title='bbox 749 3811 760 3823; x_wconf 95' lang='grc'><strong>.</strong></span> <span class='ocrx_word' id='word_1_514' title='bbox 781 3767 931 3831; x_wconf 83' lang='grc' dir='ltr'>Τέως</span> <span class='ocrx_word' id='word_1_515' title='bbox 957 3767 1014 3821; x_wconf 79' lang='grc' dir='ltr'>δὲ</span> <span class='ocrx_word' id='word_1_516' title='bbox 1043 3767 1138 3820; x_wconf 87' lang='grc' dir='ltr'><strong>νῦν</strong></span> <span class='ocrx_word' id='word_1_517' title='bbox 1159 3766 1532 3834; x_wconf 79' lang='grc' dir='ltr'>καταξιώσατε</span> <span class='ocrx_word' id='word_1_518' title='bbox 1557 3770 1688 3838; x_wconf 81' lang='grc' dir='ltr'>ἡμῖν</span> 
     </span>
    </p>
   </div>
   <div class='ocr_carea' id='block_1_72' title="bbox 105 3858 1689 3936">
    <p class='ocr_par' dir='ltr' id='par_1_72' title="bbox 105 3858 1689 3936">
     <span class='ocr_line' id='line_1_72' title="bbox 105 3858 1689 3936; baseline -0.003 -18"><span class='ocrx_word' id='word_1_519' title='bbox 105 3865 430 3918; x_wconf 79' lang='grc' dir='ltr'>ἀποστεῖλαι</span> <span class='ocrx_word' id='word_1_520' title='bbox 469 3864 570 3928; x_wconf 85' lang='grc' dir='ltr'>τὰς</span> <span class='ocrx_word' id='word_1_521' title='bbox 623 3861 944 3936; x_wconf 86' lang='grc' dir='ltr'>προτάσεις,</span> <span class='ocrx_word' id='word_1_522' title='bbox 1005 3864 1089 3932; x_wconf 76' lang='grc' dir='ltr'><strong>ἐφ’</strong></span> <span class='ocrx_word' id='word_1_523' title='bbox 1124 3858 1212 3926; x_wconf 73' lang='grc' dir='ltr'>αἷς</span> <span class='ocrx_word' id='word_1_524' title='bbox 1264 3862 1513 3928; x_wconf 78' lang='grc' dir='ltr'>ἐδέξασθε</span> <span class='ocrx_word' id='word_1_525' title='bbox 1563 3863 1689 3925; x_wconf 73' lang='grc' dir='ltr'>τοὺς</span> 
     </span>
    </p>
   </div>
   <div class='ocr_carea' id='block_1_73' title="bbox 106 3954 1690 4022">
    <p class='ocr_par' dir='ltr' id='par_1_73' title="bbox 106 3954 1690 4022">
     <span class='ocr_line' id='line_1_73' title="bbox 106 3954 1690 4022; baseline -0.003 -11"><span class='ocrx_word' id='word_1_526' title='bbox 106 3957 454 4022; x_wconf 71' lang='grc' dir='ltr'>Μαρκέλλου,</span> <span class='ocrx_word' id='word_1_527' title='bbox 483 3959 657 4011; x_wconf 75' lang='grc' dir='ltr'>ἐκεῖνο</span> <span class='ocrx_word' id='word_1_528' title='bbox 679 3954 900 4020; x_wconf 80' lang='grc' dir='ltr'>είδοτες,</span> <span class='ocrx_word' id='word_1_529' title='bbox 921 3956 1003 4008; x_wconf 80' lang='grc' dir='ltr'><strong>ὅτι</strong></span> <span class='ocrx_word' id='word_1_530' title='bbox 1035 3955 1137 4009; x_wconf 81' lang='grc' dir='ltr'>κᾶν</span> <span class='ocrx_word' id='word_1_531' title='bbox 1167 3957 1304 4010; x_wconf 87' lang='grc' dir='ltr'>πάνυ</span> <span class='ocrx_word' id='word_1_532' title='bbox 1329 3955 1390 4008; x_wconf 83' lang='grc' dir='ltr'><strong>τὸ</strong></span> <span class='ocrx_word' id='word_1_533' title='bbox 1419 3955 1541 4008; x_wconf 81' lang='grc' dir='ltr'>καθ’</span> <span class='ocrx_word' id='word_1_534' title='bbox 1566 3957 1690 4008; x_wconf 81' lang='grc' dir='ltr'>ἐαυ-</span> 
     </span>
    </p>
   </div>
   <div class='ocr_carea' id='block_1_74' title="bbox 181 4136 616 4201">
    <p class='ocr_par' dir='ltr' id='par_1_74' title="bbox 181 4136 616 4201">
     <span class='ocr_line' id='line_1_74' title="bbox 181 4136 616 4201; baseline 0.005 -11"><span class='ocrx_word' id='word_1_535' title='bbox 181 4137 228 4168; x_wconf 83' lang='grc'>³⁹</span> <span class='ocrx_word' id='word_1_536' title='bbox 250 4136 397 4191; x_wconf 90' lang='lat' dir='ltr'><strong>Psal.</strong></span> <span class='ocrx_word' id='word_1_537' title='bbox 419 4151 530 4201; x_wconf 65' lang='grc' dir='ltr'>(ιιι,</span> <span class='ocrx_word' id='word_1_538' title='bbox 561 4137 616 4192; x_wconf 79' lang='lat'><strong>5.</strong></span> 
     </span>
    </p>
   </div>
   <div class='ocr_carea' id='block_1_75' title="bbox 184 4291 1688 4366">
    <p class='ocr_par' dir='ltr' id='par_1_75' title="bbox 184 4291 1688 4366">
     <span class='ocr_line' id='line_1_75' title="bbox 184 4291 1688 4366; baseline -0.002 -16"><span class='ocrx_word' id='word_1_539' title='bbox 184 4294 299 4366; x_wconf 70' lang='grc'><strong>(44)</strong></span> <span class='ocrx_word' id='word_1_540' title='bbox 354 4294 608 4363; x_wconf 74' lang='grc' dir='ltr'><strong>Ἐξῆλθε</strong></span> <span class='ocrx_word' id='word_1_541' title='bbox 634 4294 745 4364; x_wconf 83' lang='grc' dir='ltr'>τῆς</span> <span class='ocrx_word' id='word_1_542' title='bbox 787 4294 1170 4366; x_wconf 70' lang='grc' dir='ltr'>Ἐκκλησιας.</span> <span class='ocrx_word' id='word_1_543' title='bbox 1216 4291 1412 4366; x_wconf 72' lang='lat' dir='ltr'><strong>Mirum</strong></span> <span class='ocrx_word' id='word_1_544' title='bbox 1444 4292 1506 4366; x_wconf 75' lang='lat' dir='ltr'><strong>_i_d</strong></span> <span class='ocrx_word' id='word_1_545' title='bbox 1538 4292 1688 4366; x_wconf 80' lang='lat' dir='ltr'><strong>vide-</strong></span> 
     </span>
    </p>
   </div>
   <div class='ocr_carea' id='block_1_76' title="bbox 107 4363 1691 4438">
    <p class='ocr_par' dir='ltr' id='par_1_76' title="bbox 107 4363 1691 4438">
     <span class='ocr_line' id='line_1_76' title="bbox 107 4363 1691 4438; baseline -0.003 -16"><span class='ocrx_word' id='word_1_546' title='bbox 107 4363 201 4422; x_wconf 82' lang='lat' dir='ltr'><strong>tur</strong></span> <span class='ocrx_word' id='word_1_547' title='bbox 235 4363 305 4438; x_wconf 85' lang='lat' dir='ltr'><strong>ac</strong></span> <span class='ocrx_word' id='word_1_548' title='bbox 348 4367 524 4436; x_wconf 89' lang='lat' dir='ltr'><strong>prima</strong></span> <span class='ocrx_word' id='word_1_549' title='bbox 574 4369 758 4438; x_wconf 79' lang='lat' dir='ltr'><strong>specie</strong></span> <span class='ocrx_word' id='word_1_550' title='bbox 786 4368 898 4438; x_wconf 24' lang='lat' dir='ltr'><strong>Avix</strong></span> <span class='ocrx_word' id='word_1_551' title='bbox 930 4363 1574 4438; x_wconf 57' lang='lat' dir='ltr'><strong>credibile,_Marcellttm</strong></span> <span class='ocrx_word' id='word_1_552' title='bbox 1621 4364 1691 4418; x_wconf 89' lang='lat' dir='ltr'><strong>ob</strong></span> 
     </span>
    </p>
   </div>
   <div class='ocr_carea' id='block_1_77' title="bbox 112 4431 1692 4506">
    <p class='ocr_par' dir='ltr' id='par_1_77' title="bbox 112 4431 1692 4506">
     <span class='ocr_line' id='line_1_77' title="bbox 112 4431 1692 4506; baseline -0.003 -15"><span class='ocrx_word' id='word_1_553' title='bbox 112 4437 312 4506; x_wconf 90' lang='lat' dir='ltr'><strong>impios</strong></span> <span class='ocrx_word' id='word_1_554' title='bbox 343 4431 560 4491; x_wconf 75' lang='lat' dir='ltr'><strong>errores</strong></span> <span class='ocrx_word' id='word_1_555' title='bbox 587 4431 652 4490; x_wconf 81' lang='lat' dir='ltr'><strong>ex</strong></span> <span class='ocrx_word' id='word_1_556' title='bbox 677 4435 916 4490; x_wconf 82' lang='lat' dir='ltr'><strong>Ecclesia</strong></span> <span class='ocrx_word' id='word_1_557' title='bbox 944 4435 1166 4506; x_wconf 60' lang='lat' dir='ltr'><strong>exiisse.</strong></span> <span class='ocrx_word' id='word_1_558' title='bbox 1195 4431 1328 4486; x_wconf 88' lang='lat' dir='ltr'><strong>Nam</strong></span> <span class='ocrx_word' id='word_1_559' title='bbox 1365 4432 1422 4486; x_wconf 90' lang='lat' dir='ltr'><strong>S.</strong></span> <span class='ocrx_word' id='word_1_560' title='bbox 1448 4433 1692 4486; x_wconf 85' lang='lat' dir='ltr'><strong>Athana-</strong></span> 
     </span>
    </p>
   </div>
   <div class='ocr_carea' id='block_1_78' title="bbox 1787 3311 3367 3384">
    <p class='ocr_par' dir='ltr' id='par_1_78' title="bbox 1787 3311 3367 3384">
     <span class='ocr_line' id='line_1_78' title="bbox 1787 3311 3367 3384; baseline -0.001 -16"><span class='ocrx_word' id='word_1_561' title='bbox 1787 3315 2000 3384; x_wconf 89' lang='lat' dir='ltr'><strong>piamus</strong></span> <span class='ocrx_word' id='word_1_562' title='bbox 2011 3314 2313 3370; x_wconf 88' lang='lat' dir='ltr'><strong>mercedem</strong></span> <span class='ocrx_word' id='word_1_563' title='bbox 2333 3321 2692 3384; x_wconf 72' lang='lat' dir='ltr'><strong>przeparatam</strong></span> <span class='ocrx_word' id='word_1_564' title='bbox 2714 3313 3098 3383; x_wconf 86' lang='lat' dir='ltr'><strong>ajustojudice</strong></span> <span class='ocrx_word' id='word_1_565' title='bbox 3115 3311 3367 3367; x_wconf 85' lang='lat' dir='ltr'><strong>ﬁdelibus</strong></span> 
     </span>
    </p>
   </div>
   <div class='ocr_carea' id='block_1_79' title="bbox 1788 3401 3361 3475">
    <p class='ocr_par' dir='ltr' id='par_1_79' title="bbox 1788 3401 3361 3475">
     <span class='ocr_line' id='line_1_79' title="bbox 1788 3401 3361 3475; baseline -0.001 -18"><span class='ocrx_word' id='word_1_566' title='bbox 1788 3405 2258 3475; x_wconf 90' lang='lat' dir='ltr'><strong>prudentibusque</strong></span> <span class='ocrx_word' id='word_1_567' title='bbox 2281 3404 2790 3473; x_wconf 79' lang='lat' dir='ltr'><strong>dispensatoribus!</strong></span> <span class='ocrx_word' id='word_1_568' title='bbox 2831 3402 2987 3457; x_wconf 81' lang='lat' dir='ltr'><strong>Nunc</strong></span> <span class='ocrx_word' id='word_1_569' title='bbox 3021 3403 3238 3457; x_wconf 90' lang='lat' dir='ltr'><strong>interim</strong></span> <span class='ocrx_word' id='word_1_570' title='bbox 3280 3401 3361 3456; x_wconf 78' lang='lat' dir='ltr'><strong>di-</strong></span> 
     </span>
    </p>
   </div>
   <div class='ocr_carea' id='block_1_80' title="bbox 1788 3494 3366 3564">
    <p class='ocr_par' dir='ltr' id='par_1_80' title="bbox 1788 3494 3366 3564">
     <span class='ocr_line' id='line_1_80' title="bbox 1788 3494 3366 3564; baseline -0.001 -16"><span class='ocrx_word' id='word_1_571' title='bbox 1788 3495 2033 3564; x_wconf 81' lang='lat' dir='ltr'><strong>gnemini</strong></span> <span class='ocrx_word' id='word_1_572' title='bbox 2055 3496 2118 3547; x_wconf 83' lang='lat' dir='ltr'><strong>ad</strong></span> <span class='ocrx_word' id='word_1_573' title='bbox 2139 3511 2224 3549; x_wconf 92' lang='lat' dir='ltr'><strong>me</strong></span> <span class='ocrx_word' id='word_1_574' title='bbox 2251 3495 2656 3564; x_wconf 86' lang='lat' dir='ltr'><strong>propositiones</strong></span> <span class='ocrx_word' id='word_1_575' title='bbox 2687 3494 2920 3556; x_wconf 83' lang='lat' dir='ltr'><strong>mittere,</strong></span> <span class='ocrx_word' id='word_1_576' title='bbox 2954 3494 3154 3562; x_wconf 87' lang='lat' dir='ltr'><strong>quibus</strong></span> <span class='ocrx_word' id='word_1_577' title='bbox 3180 3507 3366 3547; x_wconf 78' lang='lat' dir='ltr'><strong>assen-</strong></span> 
     </span>
    </p>
   </div>
   <div class='ocr_carea' id='block_1_81' title="bbox 1788 3584 3366 3655">
    <p class='ocr_par' dir='ltr' id='par_1_81' title="bbox 1788 3584 3366 3655">
     <span class='ocr_line' id='line_1_81' title="bbox 1788 3584 3366 3655; baseline -0.001 -15"><span class='ocrx_word' id='word_1_578' title='bbox 1788 3588 1992 3642; x_wconf 90' lang='lat' dir='ltr'><strong>tientes</strong></span> <span class='ocrx_word' id='word_1_579' title='bbox 2037 3585 2278 3640; x_wconf 86' lang='lat' dir='ltr'><strong>Marcelli</strong></span> <span class='ocrx_word' id='word_1_580' title='bbox 2320 3586 2625 3655; x_wconf 86' lang='lat' dir='ltr'><strong>discipulos</strong></span> <span class='ocrx_word' id='word_1_581' title='bbox 2675 3587 2993 3655; x_wconf 86' lang='lat' dir='ltr'><strong>recepistis;</strong></span> <span class='ocrx_word' id='word_1_582' title='bbox 3037 3584 3181 3639; x_wconf 90' lang='lat' dir='ltr'><strong>haud</strong></span> <span class='ocrx_word' id='word_1_583' title='bbox 3231 3585 3366 3639; x_wconf 89' lang='lat' dir='ltr'><strong>illud</strong></span> 
     </span>
    </p>
   </div>
   <div class='ocr_carea' id='block_1_82' title="bbox 1791 3678 3366 3750">
    <p class='ocr_par' dir='ltr' id='par_1_82' title="bbox 1791 3678 3366 3750">
     <span class='ocr_line' id='line_1_82' title="bbox 1791 3678 3366 3750; baseline -0.001 -16"><span class='ocrx_word' id='word_1_584' title='bbox 1791 3680 2128 3750; x_wconf 88' lang='lat' dir='ltr'><strong>ignorantes,</strong></span> <span class='ocrx_word' id='word_1_585' title='bbox 2157 3680 2371 3734; x_wconf 89' lang='lat' dir='ltr'><strong>etiamsi</strong></span> <span class='ocrx_word' id='word_1_586' title='bbox 2395 3679 2619 3733; x_wconf 89' lang='lat' dir='ltr'><strong>omnino</strong></span> <span class='ocrx_word' id='word_1_587' title='bbox 2650 3680 2702 3732; x_wconf 89' lang='lat' dir='ltr'><strong>id</strong></span> <span class='ocrx_word' id='word_1_588' title='bbox 2735 3679 2882 3749; x_wconf 89' lang='lat' dir='ltr'><strong>quod</strong></span> <span class='ocrx_word' id='word_1_589' title='bbox 2922 3680 2978 3733; x_wconf 91' lang='lat' dir='ltr'><strong>in</strong></span> <span class='ocrx_word' id='word_1_590' title='bbox 3009 3679 3164 3734; x_wconf 85' lang='lat' dir='ltr'><strong>vobis</strong></span> <span class='ocrx_word' id='word_1_591' title='bbox 3201 3678 3366 3733; x_wconf 88' lang='lat' dir='ltr'><strong>situm</strong></span> 
     </span>
    </p>
   </div>
   <div class='ocr_carea' id='block_1_83' title="bbox 1789 3771 3366 3841">
    <p class='ocr_par' dir='ltr' id='par_1_83' title="bbox 1789 3771 3366 3841">
     <span class='ocr_line' id='line_1_83' title="bbox 1789 3771 3366 3841; baseline -0.004 -12"><span class='ocrx_word' id='word_1_592' title='bbox 1789 3782 1907 3838; x_wconf 90' lang='lat' dir='ltr'><strong>est,</strong></span> <span class='ocrx_word' id='word_1_593' title='bbox 1948 3784 2159 3828; x_wconf 86' lang='lat' dir='ltr'><strong>sartum</strong></span> <span class='ocrx_word' id='word_1_594' title='bbox 2196 3779 2511 3841; x_wconf 88' lang='lat' dir='ltr'><strong>tectumque</strong></span> <span class='ocrx_word' id='word_1_595' title='bbox 2551 3771 2858 3841; x_wconf 63' lang='lat' dir='ltr'><strong>praestetis,</strong></span> <span class='ocrx_word' id='word_1_596' title='bbox 2893 3786 3003 3826; x_wconf 90' lang='lat' dir='ltr'><strong>nou</strong></span> <span class='ocrx_word' id='word_1_597' title='bbox 3045 3781 3226 3825; x_wconf 89' lang='lat' dir='ltr'><strong>tamen</strong></span> <span class='ocrx_word' id='word_1_598' title='bbox 3269 3783 3366 3823; x_wconf 70' lang='lat' dir='ltr'><strong>vos</strong></span> 
     </span>
    </p>
   </div>
   <div class='ocr_carea' id='block_1_84' title="bbox 1790 3861 3365 3934">
    <p class='ocr_par' dir='ltr' id='par_1_84' title="bbox 1790 3861 3365 3934">
     <span class='ocr_line' id='line_1_84' title="bbox 1790 3861 3365 3934; baseline -0.002 -15"><span class='ocrx_word' id='word_1_599' title='bbox 1790 3881 1906 3920; x_wconf 85' lang='lat' dir='ltr'><strong>rem</strong></span> <span class='ocrx_word' id='word_1_600' title='bbox 1961 3866 2096 3919; x_wconf 88' lang='lat' dir='ltr'><strong>tanti</strong></span> <span class='ocrx_word' id='word_1_601' title='bbox 2141 3864 2406 3918; x_wconf 90' lang='lat' dir='ltr'><strong>momenti</strong></span> <span class='ocrx_word' id='word_1_602' title='bbox 2455 3863 2862 3934; x_wconf 85' lang='lat' dir='ltr'><strong>vobismetipsis</strong></span> <span class='ocrx_word' id='word_1_603' title='bbox 2904 3863 3198 3919; x_wconf 88' lang='lat' dir='ltr'><strong>attribuere</strong></span> <span class='ocrx_word' id='word_1_604' title='bbox 3235 3861 3365 3917; x_wconf 86' lang='lat' dir='ltr'><strong>solis</strong></span> 
     </span>
    </p>
   </div>
   <div class='ocr_carea' id='block_1_85' title="bbox 1791 3937 3367 4025">
    <p class='ocr_par' dir='ltr' id='par_1_85' title="bbox 1791 3937 3367 4025">
     <span class='ocr_line' id='line_1_85' title="bbox 1791 3937 3367 4025; baseline -0.004 -13"><span class='ocrx_word' id='word_1_605' title='bbox 1791 3957 2026 4023; x_wconf 88' lang='lat' dir='ltr'><strong>debere;</strong></span> <span class='ocrx_word' id='word_1_606' title='bbox 2069 3955 2165 4010; x_wconf 88' lang='lat' dir='ltr'><strong>sed</strong></span> <span class='ocrx_word' id='word_1_607' title='bbox 2201 3962 2478 4025; x_wconf 86' lang='lat' dir='ltr'><strong>oportere,</strong></span> <span class='ocrx_word' id='word_1_608' title='bbox 2516 3961 2576 4007; x_wconf 91' lang='lat' dir='ltr'><strong>ut</strong></span> <span class='ocrx_word' id='word_1_609' title='bbox 2602 3962 2654 4008; x_wconf 89' lang='lat' dir='ltr'><strong>et</strong></span> <span class='ocrx_word' id='word_1_610' title='bbox 2689 3937 3088 4016; x_wconf 75' lang='lat' dir='ltr'><strong>OcCidentales,</strong></span> <span class='ocrx_word' id='word_1_611' title='bbox 3112 3961 3168 4007; x_wconf 91' lang='lat' dir='ltr'><strong>et</strong></span> <span class='ocrx_word' id='word_1_612' title='bbox 3186 3952 3278 4024; x_wconf 89' lang='lat' dir='ltr'><strong>qui</strong></span> <span class='ocrx_word' id='word_1_613' title='bbox 3309 3950 3367 4007; x_wconf 89' lang='lat' dir='ltr'><strong>in</strong></span> 
     </span>
    </p>
   </div>
   <div class='ocr_carea' id='block_1_86' title="bbox 1793 4291 3358 4363">
    <p class='ocr_par' dir='ltr' id='par_1_86' title="bbox 1793 4291 3358 4363">
     <span class='ocr_line' id='line_1_86' title="bbox 1793 4291 3358 4363; baseline -0.001 -13"><span class='ocrx_word' id='word_1_614' title='bbox 1793 4296 2146 4358; x_wconf 81' lang='lat' dir='ltr'><strong>Athanasius,</strong></span> <span class='ocrx_word' id='word_1_615' title='bbox 2181 4309 2319 4363; x_wconf 85' lang='lat' dir='ltr'><strong>Opus</strong></span> <span class='ocrx_word' id='word_1_616' title='bbox 2343 4293 2665 4348; x_wconf 78' lang='lat' dir='ltr'><strong>habuissent</strong></span> <span class='ocrx_word' id='word_1_617' title='bbox 2692 4294 2840 4348; x_wconf 87' lang='lat' dir='ltr'><strong>illius</strong></span> <span class='ocrx_word' id='word_1_618' title='bbox 2871 4291 3128 4363; x_wconf 87' lang='lat' dir='ltr'><strong>discipuli</strong></span> <span class='ocrx_word' id='word_1_619' title='bbox 3153 4293 3358 4350; x_wconf 85' lang='lat' dir='ltr'><strong>confes-</strong></span> 
     </span>
    </p>
   </div>
   <div class='ocr_carea' id='block_1_87' title="bbox 1795 4363 3367 4435">
    <p class='ocr_par' dir='ltr' id='par_1_87' title="bbox 1795 4363 3367 4435">
     <span class='ocr_line' id='line_1_87' title="bbox 1795 4363 3367 4435; baseline -0.001 -14"><span class='ocrx_word' id='word_1_620' title='bbox 1795 4369 1951 4422; x_wconf 89' lang='lat' dir='ltr'><strong>sione</strong></span> <span class='ocrx_word' id='word_1_621' title='bbox 1987 4365 2106 4420; x_wconf 88' lang='lat' dir='ltr'><strong>fidei</strong></span> <span class='ocrx_word' id='word_1_622' title='bbox 2139 4366 2210 4435; x_wconf 88' lang='lat' dir='ltr'><strong>ad</strong></span> <span class='ocrx_word' id='word_1_623' title='bbox 2242 4365 2639 4435; x_wconf 81' lang='lat' dir='ltr'><strong>impetrandam</strong></span> <span class='ocrx_word' id='word_1_624' title='bbox 2673 4366 3050 4435; x_wconf 81' lang='lat' dir='ltr'><strong>confessorutn</strong></span> <span class='ocrx_word' id='word_1_625' title='bbox 3074 4363 3367 4435; x_wconf 14' lang='lat' dir='ltr'><strong>rASgyptio-</strong></span> 
     </span>
    </p>
   </div>
   <div class='ocr_carea' id='block_1_88' title="bbox 1795 4433 3368 4491">
    <p class='ocr_par' dir='ltr' id='par_1_88' title="bbox 1795 4433 3368 4491">
     <span class='ocr_line' id='line_1_88' title="bbox 1795 4433 3368 4491; baseline -0.001 -1"><span class='ocrx_word' id='word_1_626' title='bbox 1795 4453 1916 4491; x_wconf 91' lang='lat' dir='ltr'><strong>rum</strong></span> <span class='ocrx_word' id='word_1_627' title='bbox 1944 4433 2381 4490; x_wconf 86' lang='lat' dir='ltr'><strong>communionem</strong></span> <span class='ocrx_word' id='word_1_628' title='bbox 2417 4453 2429 4488; x_wconf 88' lang='lat'><strong>:</strong></span> <span class='ocrx_word' id='word_1_629' title='bbox 2461 4449 2563 4488; x_wconf 88' lang='lat' dir='ltr'><strong>nec</strong></span> <span class='ocrx_word' id='word_1_630' title='bbox 2593 4433 2790 4490; x_wconf 89' lang='lat' dir='ltr'><strong>Petrus</strong></span> <span class='ocrx_word' id='word_1_631' title='bbox 2823 4434 3106 4488; x_wconf 80' lang='lat' dir='ltr'><strong>Athanasii</strong></span> <span class='ocrx_word' id='word_1_632' title='bbox 3147 4433 3368 4490; x_wconf 86' lang='lat' dir='ltr'><strong>succes-</strong></span> 
     </span>
    </p>
   </div>
   <div class='ocr_carea' id='block_1_89' title="bbox 113 4504 3369 4576">
    <p class='ocr_par' dir='ltr' id='par_1_89' title="bbox 113 4504 3369 4576">
     <span class='ocr_line' id='line_1_89' title="bbox 113 4504 3369 4576; baseline -0.001 -15"><span class='ocrx_word' id='word_1_633' title='bbox 113 4504 230 4561; x_wconf 78' lang='lat' dir='ltr'><strong>sius</strong></span> <span class='ocrx_word' id='word_1_634' title='bbox 259 4513 571 4576; x_wconf 89' lang='lat' dir='ltr'><strong>suspectum</strong></span> <span class='ocrx_word' id='word_1_635' title='bbox 605 4507 758 4559; x_wconf 93' lang='lat' dir='ltr'><strong>illum</strong></span> <span class='ocrx_word' id='word_1_636' title='bbox 789 4507 1030 4576; x_wconf 84' lang='lat' dir='ltr'><strong>quidem,</strong></span> <span class='ocrx_word' id='word_1_637' title='bbox 1063 4504 1157 4559; x_wconf 87' lang='lat' dir='ltr'><strong>sed</strong></span> <span class='ocrx_word' id='word_1_638' title='bbox 1189 4512 1368 4556; x_wconf 90' lang='lat' dir='ltr'><strong>tamen</strong></span> <span class='ocrx_word' id='word_1_639' title='bbox 1403 4511 1692 4576; x_wconf 66' lang='lat' dir='ltr'><strong>purgatum</strong></span> <span class='ocrx_word' id='word_1_640' title='bbox 1729 4510 1769 4564; x_wconf 91' lang='lat' dir='ltr'>D</span> <span class='ocrx_word' id='word_1_641' title='bbox 1800 4523 1892 4561; x_wconf 87' lang='lat' dir='ltr'><strong>sor</strong></span> <span class='ocrx_word' id='word_1_642' title='bbox 1925 4521 2166 4560; x_wconf 86' lang='lat' dir='ltr'><strong>canones</strong></span> <span class='ocrx_word' id='word_1_643' title='bbox 2205 4506 2458 4576; x_wconf 80' lang='lat' dir='ltr'><strong>violatos,</strong></span> <span class='ocrx_word' id='word_1_644' title='bbox 2501 4519 2765 4576; x_wconf 88' lang='lat' dir='ltr'><strong>concessa</strong></span> <span class='ocrx_word' id='word_1_645' title='bbox 2789 4504 2923 4576; x_wconf 73' lang='lat' dir='ltr'><strong>illis</strong></span> <span class='ocrx_word' id='word_1_646' title='bbox 2965 4506 3369 4568; x_wconf 88' lang='lat' dir='ltr'><strong>communione,</strong></span> 
     </span>
    </p>
   </div>
   <div class='ocr_carea' id='block_1_90' title="bbox 114 4572 1694 4645">
    <p class='ocr_par' dir='ltr' id='par_1_90' title="bbox 114 4572 1694 4645">
     <span class='ocr_line' id='line_1_90' title="bbox 114 4572 1694 4645; baseline -0.003 -13"><span class='ocrx_word' id='word_1_647' title='bbox 114 4577 329 4641; x_wconf 81' lang='lat' dir='ltr'><strong>habuit,</strong></span> <span class='ocrx_word' id='word_1_648' title='bbox 361 4572 504 4630; x_wconf 80' lang='lat' dir='ltr'><strong>teste</strong></span> <span class='ocrx_word' id='word_1_649' title='bbox 535 4572 861 4645; x_wconf 76' lang='lat' dir='ltr'><strong>Epiphanib,</strong></span> <span class='ocrx_word' id='word_1_650' title='bbox 895 4577 1089 4629; x_wconf 78' lang='lat' dir='ltr'><strong>ha:res.</strong></span> <span class='ocrx_word' id='word_1_651' title='bbox 1124 4589 1295 4645; x_wconf 68' lang='grc' dir='ltr'>ωιτη,</span> <span class='ocrx_word' id='word_1_652' title='bbox 1322 4588 1374 4641; x_wconf 92' lang='lat' dir='ltr'><strong>p.</strong></span> <span class='ocrx_word' id='word_1_653' title='bbox 1396 4573 1523 4645; x_wconf 76' lang='grc'><strong>857.</strong></span> <span class='ocrx_word' id='word_1_654' title='bbox 1554 4572 1694 4628; x_wconf 89' lang='lat' dir='ltr'><strong>Hinc</strong></span> 
     </span>
    </p>
   </div>
   <div class='ocr_carea' id='block_1_91' title="bbox 114 4643 1695 4714">
    <p class='ocr_par' dir='ltr' id='par_1_91' title="bbox 114 4643 1695 4714">
     <span class='ocr_line' id='line_1_91' title="bbox 114 4643 1695 4714; baseline -0.003 -12"><span class='ocrx_word' id='word_1_655' title='bbox 114 4649 266 4702; x_wconf 86' lang='lat' dir='ltr'><strong>illius</strong></span> <span class='ocrx_word' id='word_1_656' title='bbox 315 4643 1136 4713; x_wconf 45' lang='lat' dir='ltr'><strong>discipuli_communicatorias</strong></span> <span class='ocrx_word' id='word_1_657' title='bbox 1184 4643 1486 4714; x_wconf 87' lang='lat' dir='ltr'><strong>beatissimi</strong></span> <span class='ocrx_word' id='word_1_658' title='bbox 1543 4659 1695 4714; x_wconf 80' lang='lat' dir='ltr'><strong>papae</strong></span> 
     </span>
    </p>
   </div>
   <div class='ocr_carea' id='block_1_92' title="bbox 114 4713 1692 4784">
    <p class='ocr_par' dir='ltr' id='par_1_92' title="bbox 114 4713 1692 4784">
     <span class='ocr_line' id='line_1_92' title="bbox 114 4713 1692 4784; baseline -0.003 -14"><span class='ocrx_word' id='word_1_659' title='bbox 114 4717 401 4770; x_wconf 87' lang='lat' dir='ltr'><strong>Athanasii</strong></span> <span class='ocrx_word' id='word_1_660' title='bbox 442 4716 653 4771; x_wconf 88' lang='lat' dir='ltr'><strong>litteras</strong></span> <span class='ocrx_word' id='word_1_661' title='bbox 695 4717 1056 4771; x_wconf 89' lang='lat' dir='ltr'><strong>ostenderunt</strong></span> <span class='ocrx_word' id='word_1_662' title='bbox 1083 4713 1494 4784; x_wconf 63' lang='lat' dir='ltr'><strong>eonfessorjbus</strong></span> <span class='ocrx_word' id='word_1_663' title='bbox 1521 4713 1692 4784; x_wconf 63' lang='lat' dir='ltr'><strong>[Egy-</strong></span> 
     </span>
    </p>
   </div>
   <div class='ocr_carea' id='block_1_93' title="bbox 115 4782 1692 4860">
    <p class='ocr_par' dir='ltr' id='par_1_93' title="bbox 115 4782 1692 4860">
     <span class='ocr_line' id='line_1_93' title="bbox 115 4782 1692 4860; baseline 0.001 -21"><span class='ocrx_word' id='word_1_664' title='bbox 115 4788 267 4860; x_wconf 89' lang='lat' dir='ltr'><strong>ptiis,</strong></span> <span class='ocrx_word' id='word_1_665' title='bbox 317 4785 448 4840; x_wconf 90' lang='lat' dir='ltr'><strong>ibid.</strong></span> <span class='ocrx_word' id='word_1_666' title='bbox 488 4801 631 4860; x_wconf 34' lang='lat' dir='ltr'><strong>Apag.</strong></span> <span class='ocrx_word' id='word_1_667' title='bbox 658 4786 806 4860; x_wconf 50' lang='lat'><strong>@425.</strong></span> <span class='ocrx_word' id='word_1_668' title='bbox 844 4786 1104 4860; x_wconf 69' lang='lat' dir='ltr'><strong>Testatur</strong></span> <span class='ocrx_word' id='word_1_669' title='bbox 1160 4783 1330 4860; x_wconf 82' lang='lat' dir='ltr'><strong>idem_</strong></span> <span class='ocrx_word' id='word_1_670' title='bbox 1356 4782 1692 4860; x_wconf 74' lang='lat' dir='ltr'><strong>Epiphanius</strong></span> 
     </span>
    </p>
   </div>
   <div class='ocr_carea' id='block_1_94' title="bbox 115 4853 1692 4922">
    <p class='ocr_par' dir='ltr' id='par_1_94' title="bbox 115 4853 1692 4922">
     <span class='ocr_line' id='line_1_94' title="bbox 115 4853 1692 4922; baseline -0.004 -11"><span class='ocrx_word' id='word_1_671' title='bbox 115 4853 268 4912; x_wconf 67' lang='lat' dir='ltr'><strong>varia</strong></span> <span class='ocrx_word' id='word_1_672' title='bbox 315 4871 439 4911; x_wconf 89' lang='lat' dir='ltr'><strong>esse</strong></span> <span class='ocrx_word' id='word_1_673' title='bbox 479 4853 885 4910; x_wconf 81' lang='lat' dir='ltr'><strong>Catholicorum</strong></span> <span class='ocrx_word' id='word_1_674' title='bbox 919 4856 987 4910; x_wconf 92' lang='lat' dir='ltr'><strong>de</strong></span> <span class='ocrx_word' id='word_1_675' title='bbox 1021 4854 1276 4908; x_wconf 80' lang='lat' dir='ltr'><strong>Marcello</strong></span> <span class='ocrx_word' id='word_1_676' title='bbox 1310 4853 1538 4922; x_wconf 86' lang='lat' dir='ltr'><strong>judicia,</strong></span> <span class='ocrx_word' id='word_1_677' title='bbox 1569 4856 1692 4911; x_wconf 85' lang='lat' dir='ltr'><strong>aliis</strong></span> 
     </span>
    </p>
   </div>
   <div class='ocr_carea' id='block_1_95' title="bbox 115 4924 1686 4993">
    <p class='ocr_par' dir='ltr' id='par_1_95' title="bbox 115 4924 1686 4993">
     <span class='ocr_line' id='line_1_95' title="bbox 115 4924 1686 4993; baseline -0.001 -13"><span class='ocrx_word' id='word_1_678' title='bbox 115 4943 242 4980; x_wconf 91' lang='lat' dir='ltr'><strong>eum</strong></span> <span class='ocrx_word' id='word_1_679' title='bbox 278 4925 692 4989; x_wconf 88' lang='lat' dir='ltr'><strong>accusantibus,</strong></span> <span class='ocrx_word' id='word_1_680' title='bbox 734 4927 858 4981; x_wconf 90' lang='lat' dir='ltr'><strong>aliis</strong></span> <span class='ocrx_word' id='word_1_681' title='bbox 909 4924 1350 4986; x_wconf 83' lang='lat' dir='ltr'><strong>defendentibus,</strong></span> <span class='ocrx_word' id='word_1_682' title='bbox 1396 4938 1518 4993; x_wconf 78' lang='lat' dir='ltr'><strong>pag.</strong></span> <span class='ocrx_word' id='word_1_683' title='bbox 1565 4926 1686 4979; x_wconf 68' lang='grc'><strong>854.</strong></span> 
     </span>
    </p>
   </div>
   <div class='ocr_carea' id='block_1_96' title="bbox 116 4994 1692 5067">
    <p class='ocr_par' dir='ltr' id='par_1_96' title="bbox 116 4994 1692 5067">
     <span class='ocr_line' id='line_1_96' title="bbox 116 4994 1692 5067; baseline -0.002 -16"><span class='ocrx_word' id='word_1_684' title='bbox 116 4997 381 5051; x_wconf 85' lang='lat' dir='ltr'><strong>Paulinus</strong></span> <span class='ocrx_word' id='word_1_685' title='bbox 426 4995 546 5064; x_wconf 87' lang='lat' dir='ltr'><strong>ejus</strong></span> <span class='ocrx_word' id='word_1_686' title='bbox 596 4997 896 5067; x_wconf 89' lang='lat' dir='ltr'><strong>discipulos</strong></span> <span class='ocrx_word' id='word_1_687' title='bbox 939 4997 1067 5067; x_wconf 83' lang='lat' dir='ltr'><strong>sine</strong></span> <span class='ocrx_word' id='word_1_688' title='bbox 1094 4994 1416 5067; x_wconf 79' lang='lat' dir='ltr'><strong>discrimine</strong></span> <span class='ocrx_word' id='word_1_689' title='bbox 1457 4995 1692 5067; x_wconf 73' lang='lat' dir='ltr'><strong>recipie-</strong></span> 
     </span>
    </p>
   </div>
   <div class='ocr_carea' id='block_1_97' title="bbox 120 5063 1692 5136">
    <p class='ocr_par' dir='ltr' id='par_1_97' title="bbox 120 5063 1692 5136">
     <span class='ocr_line' id='line_1_97' title="bbox 120 5063 1692 5136; baseline -0.001 -15"><span class='ocrx_word' id='word_1_690' title='bbox 120 5069 234 5133; x_wconf 90' lang='lat' dir='ltr'><strong>bat,</strong></span> <span class='ocrx_word' id='word_1_691' title='bbox 260 5075 318 5119; x_wconf 90' lang='lat' dir='ltr'><strong>ut</strong></span> <span class='ocrx_word' id='word_1_692' title='bbox 353 5063 983 5136; x_wconf 67' lang='lat' dir='ltr'><strong>insuperiore&#39;epistola</strong></span> <span class='ocrx_word' id='word_1_693' title='bbox 1019 5063 1428 5136; x_wconf 12' lang='lat' dir='ltr'><strong>vidimus.7lp_se</strong></span> <span class='ocrx_word' id='word_1_694' title='bbox 1454 5065 1692 5121; x_wconf 86' lang='lat' dir='ltr'><strong>Basilius</strong></span> 
     </span>
    </p>
   </div>
   <div class='ocr_carea' id='block_1_98' title="bbox 118 5132 1691 5208">
    <p class='ocr_par' dir='ltr' id='par_1_98' title="bbox 118 5132 1691 5208">
     <span class='ocr_line' id='line_1_98' title="bbox 118 5132 1691 5208; baseline -0.001 -17"><span class='ocrx_word' id='word_1_695' title='bbox 118 5141 172 5191; x_wconf 91' lang='lat' dir='ltr'><strong>in</strong></span> <span class='ocrx_word' id='word_1_696' title='bbox 205 5132 470 5208; x_wconf 14' lang='lat' dir='ltr'><strong>epist.769</strong></span> <span class='ocrx_word' id='word_1_697' title='bbox 497 5132 744 5208; x_wconf 80' lang='lat' dir='ltr'><strong>queritur</strong></span> <span class='ocrx_word' id='word_1_698' title='bbox 769 5132 912 5208; x_wconf 74' lang='lat' dir='ltr'><strong>quod</strong></span> <span class='ocrx_word' id='word_1_699' title='bbox 943 5151 1080 5208; x_wconf 84' lang='lat' dir='ltr'><strong>eum</strong></span> <span class='ocrx_word' id='word_1_700' title='bbox 1098 5133 1338 5208; x_wconf 76' lang='lat' dir='ltr'><strong>Ecclesia</strong></span> <span class='ocrx_word' id='word_1_701' title='bbox 1363 5132 1605 5208; x_wconf 84' lang='lat' dir='ltr'><strong>Romana</strong></span> <span class='ocrx_word' id='word_1_702' title='bbox 1636 5136 1691 5190; x_wconf 93' lang='lat' dir='ltr'><strong>in</strong></span> 
     </span>
    </p>
   </div>
   <div class='ocr_carea' id='block_1_99' title="bbox 115 5203 1691 5275">
    <p class='ocr_par' dir='ltr' id='par_1_99' title="bbox 115 5203 1691 5275">
     <span class='ocr_line' id='line_1_99' title="bbox 115 5203 1691 5275; baseline -0.001 -14"><span class='ocrx_word' id='word_1_703' title='bbox 115 5203 560 5262; x_wconf 75' lang='lat' dir='ltr'><strong>communionem</strong></span> <span class='ocrx_word' id='word_1_704' title='bbox 586 5206 656 5261; x_wconf 90' lang='lat' dir='ltr'><strong>ab</strong></span> <span class='ocrx_word' id='word_1_705' title='bbox 682 5203 839 5261; x_wconf 77' lang='lat' dir='ltr'><strong>initio</strong></span> <span class='ocrx_word' id='word_1_706' title='bbox 867 5204 1220 5274; x_wconf 87' lang='lat' dir='ltr'><strong>suscepisset.</strong></span> <span class='ocrx_word' id='word_1_707' title='bbox 1251 5203 1534 5269; x_wconf 77' lang='lat' dir='ltr'><strong>Quomodo</strong></span> <span class='ocrx_word' id='word_1_708' title='bbox 1561 5222 1691 5275; x_wconf 84' lang='lat' dir='ltr'><strong>ergo</strong></span> 
     </span>
    </p>
   </div>
   <div class='ocr_carea' id='block_1_100' title="bbox 117 5275 1692 5346">
    <p class='ocr_par' dir='ltr' id='par_1_100' title="bbox 117 5275 1692 5346">
     <span class='ocr_line' id='line_1_100' title="bbox 117 5275 1692 5346; baseline -0.002 -15"><span class='ocrx_word' id='word_1_709' title='bbox 117 5278 320 5332; x_wconf 76' lang='lat' dir='ltr'><strong>exiisse</strong></span> <span class='ocrx_word' id='word_1_710' title='bbox 348 5277 548 5346; x_wconf 86' lang='lat' dir='ltr'><strong>dicitur</strong></span> <span class='ocrx_word' id='word_1_711' title='bbox 581 5291 647 5332; x_wconf 83' lang='lat' dir='ltr'><strong>ex</strong></span> <span class='ocrx_word' id='word_1_712' title='bbox 693 5275 1176 5346; x_wconf 18' lang='lat' dir='ltr'><strong>Ecclesiaiquitot</strong></span> <span class='ocrx_word' id='word_1_713' title='bbox 1216 5275 1405 5346; x_wconf 82' lang='lat' dir='ltr'><strong>habuit</strong></span> <span class='ocrx_word' id='word_1_714' title='bbox 1431 5289 1692 5346; x_wconf 86' lang='lat' dir='ltr'><strong>commu-</strong></span> 
     </span>
    </p>
   </div>
   <div class='ocr_carea' id='block_1_101' title="bbox 119 5344 1688 5402">
    <p class='ocr_par' dir='ltr' id='par_1_101' title="bbox 119 5344 1688 5402">
     <span class='ocr_line' id='line_1_101' title="bbox 119 5344 1688 5402; baseline -0.002 0"><span class='ocrx_word' id='word_1_715' title='bbox 119 5348 435 5402; x_wconf 84' lang='lat' dir='ltr'><strong>nicatores?</strong></span> <span class='ocrx_word' id='word_1_716' title='bbox 472 5345 580 5401; x_wconf 90' lang='lat' dir='ltr'><strong>Sed</strong></span> <span class='ocrx_word' id='word_1_717' title='bbox 618 5354 798 5401; x_wconf 89' lang='lat' dir='ltr'><strong>tamen</strong></span> <span class='ocrx_word' id='word_1_718' title='bbox 845 5346 904 5402; x_wconf 91' lang='lat' dir='ltr'><strong>S.</strong></span> <span class='ocrx_word' id='word_1_719' title='bbox 948 5344 1133 5400; x_wconf 85' lang='lat' dir='ltr'><strong>Basilii</strong></span> <span class='ocrx_word' id='word_1_720' title='bbox 1171 5344 1538 5398; x_wconf 89' lang='lat' dir='ltr'><strong>testimonium</strong></span> <span class='ocrx_word' id='word_1_721' title='bbox 1565 5361 1688 5400; x_wconf 91' lang='lat' dir='ltr'><strong>cum</strong></span> 
     </span>
    </p>
   </div>
   <div class='ocr_carea' id='block_1_102' title="bbox 120 5415 1691 5486">
    <p class='ocr_par' dir='ltr' id='par_1_102' title="bbox 120 5415 1691 5486">
     <span class='ocr_line' id='line_1_102' title="bbox 120 5415 1691 5486; baseline -0.003 -14"><span class='ocrx_word' id='word_1_722' title='bbox 120 5435 216 5472; x_wconf 87' lang='lat' dir='ltr'><strong>sua</strong></span> <span class='ocrx_word' id='word_1_723' title='bbox 248 5427 443 5486; x_wconf 88' lang='lat' dir='ltr'><strong>sponte</strong></span> <span class='ocrx_word' id='word_1_724' title='bbox 476 5418 655 5486; x_wconf 81' lang='lat' dir='ltr'><strong>magni</strong></span> <span class='ocrx_word' id='word_1_725' title='bbox 685 5424 770 5472; x_wconf 90' lang='lat' dir='ltr'><strong>est</strong></span> <span class='ocrx_word' id='word_1_726' title='bbox 801 5415 1062 5471; x_wconf 89' lang='lat' dir='ltr'><strong>momenti</strong></span> <span class='ocrx_word' id='word_1_727' title='bbox 1094 5421 1227 5486; x_wconf 81' lang='lat' dir='ltr'><strong>(non</strong></span> <span class='ocrx_word' id='word_1_728' title='bbox 1247 5415 1390 5486; x_wconf 88' lang='lat' dir='ltr'><strong>enim</strong></span> <span class='ocrx_word' id='word_1_729' title='bbox 1429 5422 1488 5486; x_wconf 84' lang='lat' dir='ltr'><strong>ut</strong></span> <span class='ocrx_word' id='word_1_730' title='bbox 1521 5416 1573 5468; x_wconf 92' lang='lat' dir='ltr'><strong>in</strong></span> <span class='ocrx_word' id='word_1_731' title='bbox 1603 5417 1691 5470; x_wconf 85' lang='lat' dir='ltr'><strong>di-</strong></span> 
     </span>
    </p>
   </div>
   <div class='ocr_carea' id='block_1_103' title="bbox 118 5484 1692 5558">
    <p class='ocr_par' dir='ltr' id='par_1_103' title="bbox 118 5484 1692 5558">
     <span class='ocr_line' id='line_1_103' title="bbox 118 5484 1692 5558; baseline 0 -17"><span class='ocrx_word' id='word_1_732' title='bbox 118 5484 431 5558; x_wconf 78' lang='lat' dir='ltr'><strong>iudicandis</strong></span> <span class='ocrx_word' id='word_1_733' title='bbox 464 5484 702 5540; x_wconf 66' lang='lat' dir='ltr'><strong>Marcelli</strong></span> <span class='ocrx_word' id='word_1_734' title='bbox 744 5488 986 5557; x_wconf 88' lang='lat' dir='ltr'><strong>scriptis,</strong></span> <span class='ocrx_word' id='word_1_735' title='bbox 1035 5486 1106 5558; x_wconf 82' lang='lat' dir='ltr'><strong>ita</strong></span> <span class='ocrx_word' id='word_1_736' title='bbox 1149 5484 1218 5558; x_wconf 92' lang='lat' dir='ltr'><strong>in_</strong></span> <span class='ocrx_word' id='word_1_737' title='bbox 1243 5484 1511 5553; x_wconf 89' lang='lat' dir='ltr'><strong>ejusmodi</strong></span> <span class='ocrx_word' id='word_1_738' title='bbox 1550 5486 1692 5541; x_wconf 84' lang='lat' dir='ltr'><strong>facto</strong></span> 
     </span>
    </p>
   </div>
   <div class='ocr_carea' id='block_1_104' title="bbox 123 5555 1692 5628">
    <p class='ocr_par' dir='ltr' id='par_1_104' title="bbox 123 5555 1692 5628">
     <span class='ocr_line' id='line_1_104' title="bbox 123 5555 1692 5628; baseline -0.001 -16"><span class='ocrx_word' id='word_1_739' title='bbox 123 5555 364 5628; x_wconf 85' lang='lat' dir='ltr'><strong>proclive</strong></span> <span class='ocrx_word' id='word_1_740' title='bbox 411 5558 514 5609; x_wconf 90' lang='lat' dir='ltr'><strong>fuit</strong></span> <span class='ocrx_word' id='word_1_741' title='bbox 556 5558 805 5628; x_wconf 82' lang='lat' dir='ltr'><strong>errare),</strong></span> <span class='ocrx_word' id='word_1_742' title='bbox 831 5555 946 5611; x_wconf 80' lang='lat' dir='ltr'><strong>tum</strong></span> <span class='ocrx_word' id='word_1_743' title='bbox 972 5556 1159 5628; x_wconf 6' lang='lat' dir='ltr'><strong>getiam</strong></span> <span class='ocrx_word' id='word_1_744' title='bbox 1207 5555 1323 5628; x_wconf 81' lang='lat' dir='ltr'><strong>hoc</strong></span> <span class='ocrx_word' id='word_1_745' title='bbox 1367 5566 1692 5624; x_wconf 84' lang='lat' dir='ltr'><strong>argumento</strong></span> 
     </span>
    </p>
   </div>
   <div class='ocr_carea' id='block_1_105' title="bbox 121 5624 1693 5696">
    <p class='ocr_par' dir='ltr' id='par_1_105' title="bbox 121 5624 1693 5696">
     <span class='ocr_line' id='line_1_105' title="bbox 121 5624 1693 5696; baseline -0.001 -13"><span class='ocrx_word' id='word_1_746' title='bbox 121 5624 480 5683; x_wconf 69' lang='lat' dir='ltr'><strong>confirmatur</strong></span> <span class='ocrx_word' id='word_1_747' title='bbox 523 5627 670 5696; x_wconf 87' lang='lat' dir='ltr'><strong>quod</strong></span> <span class='ocrx_word' id='word_1_748' title='bbox 720 5624 1062 5696; x_wconf 13' lang='lat' dir='ltr'><strong>Athanasius,</strong></span> <span class='ocrx_word' id='word_1_749' title='bbox 1100 5624 1359 5680; x_wconf 78' lang='lat' dir='ltr'><strong>extremis</strong></span> <span class='ocrx_word' id='word_1_750' title='bbox 1408 5629 1532 5679; x_wconf 75' lang='lat' dir='ltr'><strong>vita:</strong></span> <span class='ocrx_word' id='word_1_751' title='bbox 1579 5642 1693 5682; x_wconf 69' lang='lat' dir='ltr'><strong>sua:</strong></span> 
     </span>
    </p>
   </div>
   <div class='ocr_carea' id='block_1_106' title="bbox 127 5695 1687 5754">
    <p class='ocr_par' dir='ltr' id='par_1_106' title="bbox 127 5695 1687 5754">
     <span class='ocr_line' id='line_1_106' title="bbox 127 5695 1687 5754; baseline 0 -4"><span class='ocrx_word' id='word_1_752' title='bbox 127 5698 282 5752; x_wconf 88' lang='lat' dir='ltr'><strong>annis</strong></span> <span class='ocrx_word' id='word_1_753' title='bbox 340 5695 653 5752; x_wconf 80' lang='lat' dir='ltr'><strong>Marcellum</strong></span> <span class='ocrx_word' id='word_1_754' title='bbox 707 5713 738 5750; x_wconf 93' lang='lat' dir='ltr'><strong>a</strong></span> <span class='ocrx_word' id='word_1_755' title='bbox 793 5695 1177 5752; x_wconf 84' lang='lat' dir='ltr'><strong>communione</strong></span> <span class='ocrx_word' id='word_1_756' title='bbox 1230 5710 1328 5752; x_wconf 89' lang='lat' dir='ltr'><strong>sua</strong></span> <span class='ocrx_word' id='word_1_757' title='bbox 1381 5699 1687 5754; x_wconf 83' lang='lat' dir='ltr'><strong>removerit.</strong></span> 
     </span>
    </p>
   </div>
   <div class='ocr_carea' id='block_1_107' title="bbox 128 5768 1687 5841">
    <p class='ocr_par' dir='ltr' id='par_1_107' title="bbox 128 5768 1687 5841">
     <span class='ocr_line' id='line_1_107' title="bbox 128 5768 1687 5841; baseline -0.002 -11"><span class='ocrx_word' id='word_1_758' title='bbox 128 5768 310 5830; x_wconf 73' lang='lat' dir='ltr'><strong>Neuue</strong></span> <span class='ocrx_word' id='word_1_759' title='bbox 361 5769 528 5837; x_wconf 88' lang='lat' dir='ltr'><strong>enim,</strong></span> <span class='ocrx_word' id='word_1_760' title='bbox 579 5768 626 5825; x_wconf 87' lang='lat' dir='ltr'><strong>si</strong></span> <span class='ocrx_word' id='word_1_761' title='bbox 673 5783 888 5841; x_wconf 86' lang='lat' dir='ltr'><strong>semper</strong></span> <span class='ocrx_word' id='word_1_762' title='bbox 941 5783 1065 5825; x_wconf 87' lang='lat' dir='ltr'><strong>cum</strong></span> <span class='ocrx_word' id='word_1_763' title='bbox 1119 5781 1183 5823; x_wconf 87' lang='lat' dir='ltr'><strong>eo</strong></span> <span class='ocrx_word' id='word_1_764' title='bbox 1230 5768 1687 5826; x_wconf 74' lang='lat' dir='ltr'><strong>communicasse!</strong></span> 
     </span>
    </p>
   </div>
   <div class='ocr_carea' id='block_1_108' title="bbox 1797 4574 3368 4646">
    <p class='ocr_par' dir='ltr' id='par_1_108' title="bbox 1797 4574 3368 4646">
     <span class='ocr_line' id='line_1_108' title="bbox 1797 4574 3368 4646; baseline -0.001 -15"><span class='ocrx_word' id='word_1_765' title='bbox 1797 4586 2140 4646; x_wconf 84' lang='lat' dir='ltr'><strong>quereretur,</strong></span> <span class='ocrx_word' id='word_1_766' title='bbox 2191 4583 2248 4628; x_wconf 89' lang='lat' dir='ltr'><strong>ut</strong></span> <span class='ocrx_word' id='word_1_767' title='bbox 2299 4574 2547 4646; x_wconf 73' lang='lat' dir='ltr'><strong>videmus</strong></span> <span class='ocrx_word' id='word_1_768' title='bbox 2603 4575 2660 4646; x_wconf 84' lang='lat' dir='ltr'><strong>in</strong></span> <span class='ocrx_word' id='word_1_769' title='bbox 2715 4574 2946 4646; x_wconf 88' lang='lat' dir='ltr'><strong>epistola</strong></span> <span class='ocrx_word' id='word_1_770' title='bbox 2997 4576 3267 4642; x_wconf 89' lang='lat' dir='ltr'><strong>sequenti,</strong></span> <span class='ocrx_word' id='word_1_771' title='bbox 3322 4577 3368 4630; x_wconf 81' lang='lat' dir='ltr'><strong>si</strong></span> 
     </span>
    </p>
   </div>
   <div class='ocr_carea' id='block_1_109' title="bbox 1795 4644 3369 4717">
    <p class='ocr_par' dir='ltr' id='par_1_109' title="bbox 1795 4644 3369 4717">
     <span class='ocr_line' id='line_1_109' title="bbox 1795 4644 3369 4717; baseline -0.002 -16"><span class='ocrx_word' id='word_1_772' title='bbox 1795 4644 2090 4717; x_wconf 64' lang='lat' dir='ltr'><strong>Egyptum</strong></span> <span class='ocrx_word' id='word_1_773' title='bbox 2130 4647 2271 4717; x_wconf 78' lang='lat' dir='ltr'><strong>inter</strong></span> <span class='ocrx_word' id='word_1_774' title='bbox 2309 4659 2373 4698; x_wconf 91' lang='lat' dir='ltr'><strong>ac</strong></span> <span class='ocrx_word' id='word_1_775' title='bbox 2425 4644 2735 4699; x_wconf 85' lang='lat' dir='ltr'><strong>Marcellum</strong></span> <span class='ocrx_word' id='word_1_776' title='bbox 2785 4645 3264 4717; x_wconf 60' lang='lat' dir='ltr'><strong>ejusqueelerum</strong></span> <span class='ocrx_word' id='word_1_777' title='bbox 3315 4653 3369 4698; x_wconf 90' lang='lat' dir='ltr'><strong>et</strong></span> 
     </span>
    </p>
   </div>
   <div class='ocr_carea' id='block_1_110' title="bbox 1837 4711 3370 4784">
    <p class='ocr_par' dir='ltr' id='par_1_110' title="bbox 1837 4711 3370 4784">
     <span class='ocr_line' id='line_1_110' title="bbox 1837 4711 3370 4784; baseline -0.002 -14"><span class='ocrx_word' id='word_1_778' title='bbox 1837 4711 2008 4778; x_wconf 78' lang='lat' dir='ltr'><strong>lebem</strong></span> <span class='ocrx_word' id='word_1_779' title='bbox 2044 4730 2155 4770; x_wconf 93' lang='lat' dir='ltr'><strong>non</strong></span> <span class='ocrx_word' id='word_1_780' title='bbox 2184 4715 2378 4770; x_wconf 86' lang='lat' dir='ltr'><strong>fuisset</strong></span> <span class='ocrx_word' id='word_1_781' title='bbox 2415 4722 2575 4784; x_wconf 91' lang='lat' dir='ltr'><strong>rupta</strong></span> <span class='ocrx_word' id='word_1_782' title='bbox 2607 4711 2942 4784; x_wconf 80' lang='lat' dir='ltr'><strong>communio.</strong></span> <span class='ocrx_word' id='word_1_783' title='bbox 2981 4711 3206 4767; x_wconf 87' lang='lat' dir='ltr'><strong>Videtur</strong></span> <span class='ocrx_word' id='word_1_784' title='bbox 3241 4729 3370 4784; x_wconf 87' lang='lat' dir='ltr'><strong>ergo</strong></span> 
     </span>
    </p>
   </div>
   <div class='ocr_carea' id='block_1_111' title="bbox 1825 4783 3368 4852">
    <p class='ocr_par' dir='ltr' id='par_1_111' title="bbox 1825 4783 3368 4852">
     <span class='ocr_line' id='line_1_111' title="bbox 1825 4783 3368 4852; baseline -0.002 -12"><span class='ocrx_word' id='word_1_785' title='bbox 1825 4787 2085 4841; x_wconf 88' lang='lat' dir='ltr'><strong>lareellus</strong></span> <span class='ocrx_word' id='word_1_786' title='bbox 2125 4786 2228 4841; x_wconf 92' lang='lat' dir='ltr'><strong>sub</strong></span> <span class='ocrx_word' id='word_1_787' title='bbox 2263 4786 2425 4838; x_wconf 92' lang='lat' dir='ltr'><strong>finem</strong></span> <span class='ocrx_word' id='word_1_788' title='bbox 2475 4783 2601 4838; x_wconf 73' lang='lat' dir='ltr'><strong>vitae</strong></span> <span class='ocrx_word' id='word_1_789' title='bbox 2644 4783 2850 4852; x_wconf 87' lang='lat' dir='ltr'><strong>aliquid</strong></span> <span class='ocrx_word' id='word_1_790' title='bbox 2897 4798 3174 4852; x_wconf 88' lang='lat' dir='ltr'><strong>peccasse,</strong></span> <span class='ocrx_word' id='word_1_791' title='bbox 3222 4783 3368 4852; x_wconf 74' lang='grc' dir='ltr'>(μιοά</span> 
     </span>
    </p>
   </div>
   <div class='ocr_carea' id='block_1_112' title="bbox 1794 4853 3369 4923">
    <p class='ocr_par' dir='ltr' id='par_1_112' title="bbox 1794 4853 3369 4923">
     <span class='ocr_line' id='line_1_112' title="bbox 1794 4853 3369 4923; baseline -0.003 -13"><span class='ocrx_word' id='word_1_792' title='bbox 1794 4857 2155 4911; x_wconf 89' lang='lat' dir='ltr'><strong>Anathasium</strong></span> <span class='ocrx_word' id='word_1_793' title='bbox 2191 4856 2260 4907; x_wconf 90' lang='lat' dir='ltr'><strong>ab</strong></span> <span class='ocrx_word' id='word_1_794' title='bbox 2289 4854 2410 4923; x_wconf 89' lang='lat' dir='ltr'><strong>ejus</strong></span> <span class='ocrx_word' id='word_1_795' title='bbox 2461 4855 2846 4909; x_wconf 87' lang='lat' dir='ltr'><strong>communione</strong></span> <span class='ocrx_word' id='word_1_796' title='bbox 2885 4853 3166 4923; x_wconf 79' lang='lat' dir='ltr'><strong>discedere</strong></span> <span class='ocrx_word' id='word_1_797' title='bbox 3210 4869 3369 4923; x_wconf 84' lang='lat' dir='ltr'><strong>coge-</strong></span> 
     </span>
    </p>
   </div>
   <div class='ocr_carea' id='block_1_113' title="bbox 1796 4921 3368 4994">
    <p class='ocr_par' dir='ltr' id='par_1_113' title="bbox 1796 4921 3368 4994">
     <span class='ocr_line' id='line_1_113' title="bbox 1796 4921 3368 4994; baseline -0.002 -14"><span class='ocrx_word' id='word_1_798' title='bbox 1796 4937 1880 4982; x_wconf 89' lang='lat' dir='ltr'><strong>ret</strong></span> <span class='ocrx_word' id='word_1_799' title='bbox 1915 4947 1927 4980; x_wconf 94' lang='lat'><strong>:</strong></span> <span class='ocrx_word' id='word_1_800' title='bbox 1964 4934 2019 4981; x_wconf 90' lang='lat' dir='ltr'><strong>et</strong></span> <span class='ocrx_word' id='word_1_801' title='bbox 2046 4941 2171 4981; x_wconf 90' lang='lat' dir='ltr'><strong>cum</strong></span> <span class='ocrx_word' id='word_1_802' title='bbox 2197 4921 2516 4994; x_wconf 87' lang='lat' dir='ltr'><strong>jamdudum</strong></span> <span class='ocrx_word' id='word_1_803' title='bbox 2548 4939 2577 4976; x_wconf 88' lang='lat' dir='ltr'><strong>a</strong></span> <span class='ocrx_word' id='word_1_804' title='bbox 2605 4931 2719 4994; x_wconf 88' lang='lat' dir='ltr'><strong>toto</strong></span> <span class='ocrx_word' id='word_1_805' title='bbox 2751 4925 2863 4977; x_wconf 85' lang='lat' dir='ltr'><strong>fere</strong></span> <span class='ocrx_word' id='word_1_806' title='bbox 2893 4921 3115 4994; x_wconf 89' lang='lat' dir='ltr'><strong>Oriente</strong></span> <span class='ocrx_word' id='word_1_807' title='bbox 3143 4921 3368 4994; x_wconf 81' lang='lat' dir='ltr'><strong>damna-</strong></span> 
     </span>
    </p>
   </div>
   <div class='ocr_carea' id='block_1_114' title="bbox 1794 4993 3370 5062">
    <p class='ocr_par' dir='ltr' id='par_1_114' title="bbox 1794 4993 3370 5062">
     <span class='ocr_line' id='line_1_114' title="bbox 1794 4993 3370 5062; baseline -0.004 -10"><span class='ocrx_word' id='word_1_808' title='bbox 1794 5005 1885 5052; x_wconf 92' lang='lat' dir='ltr'><strong>tus</strong></span> <span class='ocrx_word' id='word_1_809' title='bbox 1911 5005 2076 5060; x_wconf 86' lang='lat' dir='ltr'><strong>esset,</strong></span> <span class='ocrx_word' id='word_1_810' title='bbox 2122 4996 2325 5048; x_wconf 89' lang='lat' dir='ltr'><strong>amissa</strong></span> <span class='ocrx_word' id='word_1_811' title='bbox 2353 4993 2640 5047; x_wconf 90' lang='lat' dir='ltr'><strong>Athanasii</strong></span> <span class='ocrx_word' id='word_1_812' title='bbox 2669 4993 3075 5054; x_wconf 87' lang='lat' dir='ltr'><strong>communione,</strong></span> <span class='ocrx_word' id='word_1_813' title='bbox 3099 5009 3220 5062; x_wconf 69' lang='lat' dir='ltr'><strong>quae</strong></span> <span class='ocrx_word' id='word_1_814' title='bbox 3243 4993 3370 5047; x_wconf 92' lang='lat' dir='ltr'><strong>uni-</strong></span> 
     </span>
    </p>
   </div>
   <div class='ocr_carea' id='block_1_115' title="bbox 1795 5063 3368 5132">
    <p class='ocr_par' dir='ltr' id='par_1_115' title="bbox 1795 5063 3368 5132">
     <span class='ocr_line' id='line_1_115' title="bbox 1795 5063 3368 5132; baseline -0.001 -12"><span class='ocrx_word' id='word_1_815' title='bbox 1795 5082 1920 5120; x_wconf 91' lang='lat' dir='ltr'><strong>cum</strong></span> <span class='ocrx_word' id='word_1_816' title='bbox 1953 5067 2066 5120; x_wconf 88' lang='lat' dir='ltr'><strong>fere</strong></span> <span class='ocrx_word' id='word_1_817' title='bbox 2098 5066 2245 5118; x_wconf 90' lang='lat' dir='ltr'><strong>illius</strong></span> <span class='ocrx_word' id='word_1_818' title='bbox 2269 5063 2540 5132; x_wconf 81' lang='lat' dir='ltr'><strong>refugium</strong></span> <span class='ocrx_word' id='word_1_819' title='bbox 2571 5069 2709 5125; x_wconf 88' lang='lat' dir='ltr'><strong>erat,</strong></span> <span class='ocrx_word' id='word_1_820' title='bbox 2738 5063 2988 5117; x_wconf 90' lang='lat' dir='ltr'><strong>desertus</strong></span> <span class='ocrx_word' id='word_1_821' title='bbox 3011 5065 3080 5118; x_wconf 92' lang='lat' dir='ltr'><strong>ab</strong></span> <span class='ocrx_word' id='word_1_822' title='bbox 3107 5063 3368 5119; x_wconf 88' lang='lat' dir='ltr'><strong>omnibus</strong></span> 
     </span>
    </p>
   </div>
   <div class='ocr_carea' id='block_1_116' title="bbox 1793 5133 3370 5204">
    <p class='ocr_par' dir='ltr' id='par_1_116' title="bbox 1793 5133 3370 5204">
     <span class='ocr_line' id='line_1_116' title="bbox 1793 5133 3370 5204; baseline -0.002 -14"><span class='ocrx_word' id='word_1_823' title='bbox 1793 5137 1967 5190; x_wconf 88' lang='lat' dir='ltr'><strong>videri</strong></span> <span class='ocrx_word' id='word_1_824' title='bbox 2001 5136 2210 5198; x_wconf 88' lang='lat' dir='ltr'><strong>debuit,</strong></span> <span class='ocrx_word' id='word_1_825' title='bbox 2255 5148 2357 5187; x_wconf 92' lang='lat' dir='ltr'><strong>nec</strong></span> <span class='ocrx_word' id='word_1_826' title='bbox 2387 5136 2436 5187; x_wconf 90' lang='lat' dir='ltr'><strong>ei</strong></span> <span class='ocrx_word' id='word_1_827' title='bbox 2479 5147 2621 5204; x_wconf 82' lang='lat' dir='ltr'><strong>nova</strong></span> <span class='ocrx_word' id='word_1_828' title='bbox 2635 5203 2642 5204; x_wconf 15' lang='grc' dir='ltr'>ί</span> <span class='ocrx_word' id='word_1_829' title='bbox 2669 5133 2969 5204; x_wconf 89' lang='lat' dir='ltr'><strong>ignom_inia</strong></span> <span class='ocrx_word' id='word_1_830' title='bbox 3011 5141 3198 5204; x_wconf 67' lang='lat' dir='ltr'><strong>notato</strong></span> <span class='ocrx_word' id='word_1_831' title='bbox 3239 5148 3370 5204; x_wconf 86' lang='lat' dir='ltr'><strong>pro-</strong></span> 
     </span>
    </p>
   </div>
   <div class='ocr_carea' id='block_1_117' title="bbox 1793 5200 3370 5276">
    <p class='ocr_par' dir='ltr' id='par_1_117' title="bbox 1793 5200 3370 5276">
     <span class='ocr_line' id='line_1_117' title="bbox 1793 5200 3370 5276; baseline -0.002 -15"><span class='ocrx_word' id='word_1_832' title='bbox 1793 5207 1952 5262; x_wconf 91' lang='lat' dir='ltr'><strong>desse</strong></span> <span class='ocrx_word' id='word_1_833' title='bbox 1998 5216 2210 5276; x_wconf 83' lang='lat' dir='ltr'><strong>poterat</strong></span> <span class='ocrx_word' id='word_1_834' title='bbox 2258 5217 2526 5258; x_wconf 89' lang='lat' dir='ltr'><strong>concessa</strong></span> <span class='ocrx_word' id='word_1_835' title='bbox 2573 5200 2714 5257; x_wconf 65' lang='lat' dir='ltr'><strong>olim&#39;</strong></span> <span class='ocrx_word' id='word_1_836' title='bbox 2752 5219 2784 5256; x_wconf 90' lang='lat' dir='ltr'><strong>a</strong></span> <span class='ocrx_word' id='word_1_837' title='bbox 2829 5200 3077 5257; x_wconf 80' lang='lat' dir='ltr'><strong>Romana</strong></span> <span class='ocrx_word' id='word_1_838' title='bbox 3122 5200 3370 5258; x_wconf 82' lang='lat' dir='ltr'><strong>Ecclesia</strong></span> 
     </span>
    </p>
   </div>
   <div class='ocr_carea' id='block_1_118' title="bbox 1795 5291 2130 5332">
    <p class='ocr_par' dir='ltr' id='par_1_118' title="bbox 1795 5291 2130 5332">
     <span class='ocr_line' id='line_1_118' title="bbox 1795 5291 2130 5332; baseline -0.006 0"><span class='ocrx_word' id='word_1_839' title='bbox 1795 5291 2130 5332; x_wconf 76' lang='grc' dir='ltr'>εοηιηιιιιιιο.</span> 
     </span>
    </p>
   </div>
   <div class='ocr_carea' id='block_1_119' title="bbox 1866 5340 3371 5416">
    <p class='ocr_par' dir='ltr' id='par_1_119' title="bbox 1866 5340 3371 5416">
     <span class='ocr_line' id='line_1_119' title="bbox 1866 5340 3371 5416; baseline -0.003 -16"><span class='ocrx_word' id='word_1_840' title='bbox 1866 5346 1976 5416; x_wconf 74' lang='grc'><strong>(45)</strong></span> <span class='ocrx_word' id='word_1_841' title='bbox 2012 5346 2174 5399; x_wconf 87' lang='grc' dir='ltr'>Οὕτω</span> <span class='ocrx_word' id='word_1_842' title='bbox 2197 5343 2466 5409; x_wconf 79' lang='grc' dir='ltr'>δεκτούς.</span> <span class='ocrx_word' id='word_1_843' title='bbox 2497 5340 2609 5397; x_wconf 85' lang='lat' dir='ltr'><strong>Has</strong></span> <span class='ocrx_word' id='word_1_844' title='bbox 2635 5355 2798 5397; x_wconf 88' lang='lat' dir='ltr'><strong>voces</strong></span> <span class='ocrx_word' id='word_1_845' title='bbox 2821 5341 3131 5398; x_wconf 89' lang='lat' dir='ltr'><strong>addidimus</strong></span> <span class='ocrx_word' id='word_1_846' title='bbox 3159 5359 3224 5398; x_wconf 82' lang='lat' dir='ltr'><strong>ex</strong></span> <span class='ocrx_word' id='word_1_847' title='bbox 3248 5349 3371 5398; x_wconf 90' lang='lat' dir='ltr'><strong>octo</strong></span> 
     </span>
    </p>
   </div>
   <div class='ocr_carea' id='block_1_120' title="bbox 1794 5433 1929 5472">
    <p class='ocr_par' dir='ltr' id='par_1_120' title="bbox 1794 5433 1929 5472">
     <span class='ocr_line' id='line_1_120' title="bbox 1794 5433 1929 5472; baseline -0.015 -1"><span class='ocrx_word' id='word_1_848' title='bbox 1794 5433 1929 5472; x_wconf 90' lang='lat' dir='ltr'><strong>mss.</strong></span> 
     </span>
    </p>
   </div>
   <div class='ocr_carea' id='block_1_121' title="bbox 1866 5481 3370 5558">
    <p class='ocr_par' dir='ltr' id='par_1_121' title="bbox 1866 5481 3370 5558">
     <span class='ocr_line' id='line_1_121' title="bbox 1866 5481 3370 5558; baseline -0.001 -18"><span class='ocrx_word' id='word_1_849' title='bbox 1866 5487 1979 5558; x_wconf 67' lang='lat'><strong>(46)</strong></span> <span class='ocrx_word' id='word_1_850' title='bbox 2010 5484 2097 5558; x_wconf 5' lang='grc' dir='ltr'><strong>,Τῇ</strong></span> <span class='ocrx_word' id='word_1_851' title='bbox 2137 5483 2519 5558; x_wconf 61' lang='grc' dir='ltr'>ὑγιαινζρύσῃ.</span> <span class='ocrx_word' id='word_1_852' title='bbox 2569 5481 2647 5536; x_wconf 87' lang='lat' dir='ltr'><strong>lta</strong></span> <span class='ocrx_word' id='word_1_853' title='bbox 2681 5493 2792 5538; x_wconf 88' lang='lat' dir='ltr'><strong>tres</strong></span> <span class='ocrx_word' id='word_1_854' title='bbox 2819 5482 3178 5539; x_wconf 89' lang='lat' dir='ltr'><strong>vetustissimi</strong></span> <span class='ocrx_word' id='word_1_855' title='bbox 3219 5481 3370 5538; x_wconf 90' lang='lat' dir='ltr'><strong>codi-</strong></span> 
     </span>
    </p>
   </div>
   <div class='ocr_carea' id='block_1_122' title="bbox 1793 5555 2370 5627">
    <p class='ocr_par' dir='ltr' id='par_1_122' title="bbox 1793 5555 2370 5627">
     <span class='ocr_line' id='line_1_122' title="bbox 1793 5555 2370 5627; baseline -0.012 -15"><span class='ocrx_word' id='word_1_856' title='bbox 1793 5555 1906 5614; x_wconf 75' lang='lat' dir='ltr'><strong>ces.</strong></span> <span class='ocrx_word' id='word_1_857' title='bbox 1943 5555 2086 5610; x_wconf 79' lang='lat' dir='ltr'><strong>Editi</strong></span> <span class='ocrx_word' id='word_1_858' title='bbox 2115 5559 2182 5627; x_wconf 79' lang='grc' dir='ltr'>τῇ</span> <span class='ocrx_word' id='word_1_859' title='bbox 2209 5555 2370 5627; x_wconf 64' lang='grc' dir='ltr'><strong>ὑγιεῖἶ</strong></span> 
     </span>
    </p>
   </div>
   <div class='ocr_carea' id='block_1_123' title="bbox 1867 5621 3366 5699">
    <p class='ocr_par' dir='ltr' id='par_1_123' title="bbox 1867 5621 3366 5699">
     <span class='ocr_line' id='line_1_123' title="bbox 1867 5621 3366 5699; baseline -0.005 -17"><span class='ocrx_word' id='word_1_860' title='bbox 1867 5629 1976 5699; x_wconf 73' lang='grc'><strong>(47)</strong></span> <span class='ocrx_word' id='word_1_861' title='bbox 2009 5621 2613 5699; x_wconf 27' lang='grc' dir='ltr'><strong>ιλέεόδιηίᾇωθῇ.ΛιιιιμῐίιιγιῘ</strong></span> <span class='ocrx_word' id='word_1_862' title='bbox 2633 5630 2697 5699; x_wconf 69' lang='lat' dir='ltr'><strong>et</strong></span> <span class='ocrx_word' id='word_1_863' title='bbox 2720 5621 2860 5676; x_wconf 82' lang='lat' dir='ltr'><strong>Med.</strong></span> <span class='ocrx_word' id='word_1_864' title='bbox 2877 5621 3020 5699; x_wconf 60' lang='lat' dir='ltr'><strong>Editi</strong></span> <span class='ocrx_word' id='word_1_865' title='bbox 3043 5623 3366 5699; x_wconf 60' lang='lat' dir='ltr'><strong>é6e6attgﬁrj.</strong></span> 
     </span>
    </p>
   </div>
   <div class='ocr_carea' id='block_1_124' title="bbox 1794 5691 3370 5765">
    <p class='ocr_par' dir='ltr' id='par_1_124' title="bbox 1794 5691 3370 5765">
     <span class='ocr_line' id='line_1_124' title="bbox 1794 5691 3370 5765; baseline -0.005 -12"><span class='ocrx_word' id='word_1_866' title='bbox 1794 5691 1996 5764; x_wconf 75' lang='lat' dir='ltr'><strong>ibidem</strong></span> <span class='ocrx_word' id='word_1_867' title='bbox 2045 5698 2174 5752; x_wconf 87' lang='lat' dir='ltr'><strong>editi</strong></span> <span class='ocrx_word' id='word_1_868' title='bbox 2205 5691 2498 5765; x_wconf 72' lang='grc' dir='ltr'>ὲντῇτῶν</span> <span class='ocrx_word' id='word_1_869' title='bbox 2531 5691 2739 5745; x_wconf 77' lang='grc' dir='ltr'>πολλῶν</span> <span class='ocrx_word' id='word_1_870' title='bbox 2777 5702 2829 5744; x_wconf 83' lang='lat' dir='ltr'><strong>et</strong></span> <span class='ocrx_word' id='word_1_871' title='bbox 2872 5693 3181 5753; x_wconf 78' lang='grc' dir='ltr'>διέσπαστο,</span> <span class='ocrx_word' id='word_1_872' title='bbox 3232 5691 3370 5752; x_wconf 70' lang='lat' dir='ltr'><strong>Tres</strong></span> 
     </span>
    </p>
   </div>
   <div class='ocr_carea' id='block_1_125' title="bbox 1796 5766 2772 5828">
    <p class='ocr_par' dir='ltr' id='par_1_125' title="bbox 1796 5766 2772 5828">
     <span class='ocr_line' id='line_1_125' title="bbox 1796 5766 2772 5828; baseline -0.01 -2"><span class='ocrx_word' id='word_1_873' title='bbox 1796 5769 2154 5828; x_wconf 75' lang='lat' dir='ltr'><strong>vetustissimi</strong></span> <span class='ocrx_word' id='word_1_874' title='bbox 2189 5766 2402 5823; x_wconf 82' lang='lat' dir='ltr'><strong>codices</strong></span> <span class='ocrx_word' id='word_1_875' title='bbox 2437 5773 2493 5821; x_wconf 88' lang='lat' dir='ltr'><strong>ut</strong></span> <span class='ocrx_word' id='word_1_876' title='bbox 2522 5766 2572 5818; x_wconf 91' lang='lat' dir='ltr'><strong>in</strong></span> <span class='ocrx_word' id='word_1_877' title='bbox 2606 5771 2772 5820; x_wconf 81' lang='lat' dir='ltr'><strong>textu.</strong></span> 
     </span>
    </p>
   </div>
  </div>
