3856 6224
32 258 163 316 903

945 252 1441 311 EPISTOLARUM
1478 246 1769 312 CLASSIS
1809 252 1873 311 11.
1914 254 2137 316 ειηετ.
2176 257 2429 315 CCLXVI

3223 267 3326 324 99‘

38 381 161 452 μὲν
191 378 414 448 ἀγάπης
447 376 522 448 μὴ
550 375 871 446 ὰαοστῆναι,
904 374 1006 445 τὴν
1034 375 1091 427 δὲ
1124 374 1412 446 διόρθωσιν
1441 373 1644 446 ἀναμέ-

1747 390 1863 441 eos,
1898 377 2025 448 quia
2073 377 2347 435 dissensio
2381 378 2565 451 aliqua
2619 379 2765 437 inter
2814 378 3035 449 fratres,
3069 382 3164 455 qui
3215 386 3327 443 illic

32 489 108 526 νε
118 490 169 525 ιν
200 469 355 545 παρὰ
377 469 489 524 τῶν
514 468 835 541 δυναμένων
859 468 1334 539 ἑκκλησιαστικῶς
1370 466 1638 539 ἰατρεύειν

29 565 125 619 ’τὰ
164 564 506 636 πταίσματα.
537 563 716 634 ὀπερ
765 560 956 632 ἐπειδὴ
986 559 1286 629 ἐποίησας,
1329 557 1514 623 καλῶς
1545 558 1641 612 καὶ

30 656 448 727 προσηκόντως
473 652 737 724 κινηθεὶς,
774 652 1123 724 ἐπῃνέσαμέν
1155 669 1236 716 σε,
1268 652 1362 707 καὶ
1403 653 1640 724 ηὐχαρι-

34 750 339 820 στήσαμεν
384 746 499 817 (52)
540 745 621 817 τῷ
671 745 899 817 Κυρίῳ,
951 746 1033 798 ὅτι
1085 745 1202 798 ἐστὶ
1248 745 1498 815 λείψανον
1539 745 1640 815 τῆς

32 841 298 903 παλαιάς
332 838 586 905 εὐταξίας
616 836 730 909 (55)
775 835 1086 908 σωζόμενον
1129 836 1282 907 παρὰ
1330 838 1432 901 σοι,
1472 838 1566 891 καὶ
1604 839 1637 909 ἡ

49 930 367 1001 Ἐκκλησία
413 930 513 1002 τὴν
558 931 759 1001 ἑαυτῆς
805 931 959 1001 ίσχύν
1001 931 1102 983 οὐκ
1134 928 1416 983 ἀπώλεσεν
1460 933 1517 985 ὲν
1558 930 1639 1001 τῷ

32 1020 315 1092 ἡμετέρῳ
355 1020 600 1091 διωγμῷ.
651 1021 725 1073 οὐ
772 1020 882 1091 γὰρ
932 1020 1051 1090 μεθ’
1107 1021 1266 1092 ἡμῶν
1305 1021 1638 1092 ἐδιώχθησαν

35 1114 149 1166 καὶ
185 1114 240 1166 οἱ
285 1113 531 1176 κανόνες.
578 1112 850 1175 Πολλάκις
900 1109 993 1166 οὖν
1034 1112 1280 1185 ὀχληθεις
1333 1114 1481 1184 παρὰ
1529 1113 1638 1167 τῶν

40 1205 351 1270 Γαλατῶν,
386 1205 641 1258 οὐδέποτε
685 1204 956 1275 ἠδυνήθην
989 1205 1171 1269 αὐτοῖς
1205 1204 1600 1275 ἀποκρίνασθαι
1621 1243 1635 1268 ,

35 1296 347 1368 ἀναμένων
370 1298 471 1359 τὰς
506 1295 779 1367 ὑμετέρας
817 1296 1145 1367 ἐπικρίσεις.
1186 1295 1297 1348 Καὶ
1330 1295 1446 1359 νῦν,
1480 1296 1573 1349 ἐὰν
1609 1295 1639 1348 ὁ

35 1387 258 1459 Κύριος
283 1386 377 1457 δῷ,
406 1388 501 1440 καὶ
549 1385 850 1456 θελήσωσιν
891 1384 1224 1456 ἀνασχέσθαι
1260 1388 1291 1457 ή
1304 1385 1440 1455 μῶν,
1489 1386 1639 1438 ἐλπί-

37 1481 225 1551 ζομεν
255 1480 346 1533 τὸν
370 1480 501 1533 λαὸν
546 1478 838 1550 προσάξειν
962 1478 1294 1550 Ἐκκλησία·
1333 1479 1409 1541 ὡς
1435 1478 1508 1550 μὴ
1541 1480 1641 1532 αὐ⁹

36 1574 180 1636 τοὺς
211 1574 245 1643 ἡ
256 1574 361 1643 μᾶς
389 1570 745 1635 ὀνειδίζεσθαι
782 1570 1214 1642 Μαρκελλιανοίς
1244 1586 1638 1642 προσκεχωρη-

36 1666 211 1735 κέναι
234 1665 287 1735 (5
300 1668 368 1732 i),
392 1665 508 1719 ἀλλ’
540 1665 781 1727 ἐκείνους
809 1663 946 1734 μέλη
976 1662 1228 1731 γενέσθαι
1252 1663 1346 1716 τοῦ
1386 1663 1639 1733 σώματος

1746 477 1894 535 sunt,
1947 469 2370 537 intercesserat,
2420 478 2481 526 ut
2530 480 2562 526 a
2614 472 2885 530 eharitate
2937 475 3157 546 quidem
3214 496 3326 535 non

1744 558 2055 628 discedant,
2080 561 2149 616 ab
2178 561 2248 618 iis
2278 570 2461 618 autem
2496 565 2591 635 qui
2619 564 3000 623 ecclesiaStico
3024 567 3148 637 jure
3174 585 3326 625 erra-

1745 650 1818 706 tis
1876 651 2081 706 mederi
2146 662 2415 723 possunt,
2472 663 2796 727 eXSpectent
2861 658 3325 717 emendationem.

1744 740 1902 807 Quod
1926 758 2051 797 cum
2085 745 2411 813 prazstiteris
2440 748 2707 817 praeclaro
2734 764 2800 805 ac
2826 752 3172 806 convcnienti
3200 767 3307 807 con

1746 834 1892 898 silio,
1926 835 2140 890 laudavi
2183 845 2270 901 te,
2314 852 2377 893 ac
2412 836 2644 894 Domino
2670 841 2756 912 egi
2785 845 3009 911 gratias,
3041 843 3188 912 quod
3223 845 3327 897 ali-

1745 940 1869 995 quae
1904 928 2104 982 veteris
2144 928 2451 999 disciplinae
2484 930 2725 1001 reliqui:e
2755 931 2900 1003 apud
2929 941 2982 988 te
3015 942 3323 1001 serventur,

1745 1031 1847 1072 nec
1882 1018 2127 1074 Ecclesia
2160 1034 2319 1074 suum
2355 1019 2532 1090 ipsius
2559 1022 2732 1077 robur
2766 1022 2820 1077 in
2853 1032 3043 1079 nostra
3071 1039 3327 1095 persecu-

1745 1110 1894 1164 tione
1920 1111 2188 1165 amiserit.
2229 1109 2349 1165 Non
2380 1111 2528 1165 enim
2574 1112 2860 1168 nobiscum
2892 1114 3327 1184 persecutionem

1745 1201 1897 1269 passi
1927 1208 2056 1254 sunt
2085 1208 2139 1255 et
2174 1216 2435 1257 canones.
2470 1200 2661 1273 Itaque
2707 1218 2851 1274 saepe
2897 1219 2928 1258 λ
2978 1204 3185 1262 Calatis
3216 1207 3321 1261 im-

1745 1299 1981 1363 portune
2026 1301 2283 1364 rogatus,
2333 1294 2573 1349 nondum
2618 1295 2729 1350 illis
2769 1295 2921 1366 potui
2970 1298 3323 1368 respondere,

1745 1393 1990 1439 vestrum
2022 1398 2352 1454 exspectans
2374 1386 2665 1455 judicium.
2699 1386 2767 1441 Et
2796 1404 2943 1443 nunc
2970 1389 3019 1443 si
3051 1389 3195 1445 Deus
3226 1391 3326 1446 de-

1744 1476 1908 1539 derit,
1963 1478 2232 1547 nobisque
2275 1480 2570 1547 patientem
2624 1494 2809 1533 aurem
2850 1480 3157 1549 praebeant,
3201 1497 3327 1552 spe-

1745 1581 1934 1623 ramus
1964 1583 2066 1622 nos
2100 1571 2362 1639 populum
2410 1569 2476 1624 ad
2511 1569 2813 1626 Ecclesiam
2847 1571 3201 1637 adducturos,
3249 1576 3325 1628 ita

1746 1666 1808 1712 ut
1843 1673 1953 1712 non
2001 1659 2135 1727 ipsis
2177 1660 2338 1713 nobis
2367 1659 2866 1729 exprobretur'nos
2904 1659 2973 1715 ad
3021 1660 3325 1716 Marcellia-

34 1757 155 1828 τῆς
191 1757 522 1828 Ἐκκλησίας
554 1756 645 1809 τοῦ
679 1754 919 1828 Χριστοῦ
942 1771 955 1785 ⁸
984 1753 1125 1807 ὥστε
1154 1755 1244 1808 τὸν
1275 1755 1510 1826 πονηρὸν
1547 1754 1644 1824 ψό-

1747 1767 1849 1806 nos
1887 1753 2226 1815 accessisse,
2280 1752 2374 1807 sed
2427 1752 2505 1806 illi
2541 1752 2786 1807 membra
2838 1754 3088 1823 corporis
3134 1752 3326 1809 Eccle-

36 1866 171 1917 γον,
209 1848 302 1901 τὸν
337 1847 851 1902 κατασκεδασθέντα
891 1849 955 1902 ὲκ
987 1848 1087 1918 τῆς
1118 1846 1405 1917 αἱρέσεως,
1443 1846 1643 1914 ἐναφα-

37 1941 304 2013 νισθῆναι
342 1944 408 2013 τῇ
449 1940 696 2013 ἡμετέρᾳ
726 1939 1048 2012 προσλήψει,
1085 1934 1181 1992 καὶ
1227 1938 1304 2010 μὴ
1327 1940 1476 2009 ἡμᾶς
1507 1955 1642 1991 κατ-

36 2034 411 2106 αισχυνθῆναι
450 2033 526 2096 ὡς
574 2031 983 2104 προσθεμένους
1014 2030 1217 2094 αὐτοῖς.

120 2211 179 2268 2.
235 2210 504 2281 Ἐλύπησε
538 2209 593 2263 δὲ
619 2210 767 2280 ἡμᾶς
806 2211 835 2262 ὁ
876 2206 1102 2276 ἀδελφὸς
1126 2205 1419 2277 Δωρόθεος,
1446 2204 1520 2268 ὡς
1547 2206 1646 2258 αὐ-

37 2305 145 2369 τὸς
200 2302 538 2365 ἐπέστειλας,
578 2300 653 2371 μὴ
709 2300 886 2353 πάντα
928 2297 1236 2368 προσηνῶς,
1278 2295 1409 2366 μηδὲ
1454 2296 1642 2367 πράως

39 2392 359 2464 διαλεχθεὶς
410 2394 475 2462 τῇ
547 2387 867 2460 κοσμιότητί
918 2405 1033 2441 σου.
1083 2388 1191 2440 Καὶ
1218 2386 1375 2440 τοῦτο
1426 2389 1492 2457 τῇ
1536 2386 1642 2441 τῶν

42 2486 264 2558 καιρῶν
297 2483 580 2553 λογίζομαι
612 2480 723 2552 (55)
767 2478 1047 2551 δυσκολίᾳ.
1095 2480 1383 2549 Ἑοίκαμεν
1408 2479 1519 2551 γὰρ
1562 2480 1666 2543 εἱςι

45 2579 227 2651 μηδὲν
276 2574 592 2630 εὐοδοῦσθαι
647 2573 754 2626 ὐπὸ
787 2571 895 2625 τῶν
943 2572 1227 2642 ἁμαρτιῶν
1274 2570 1453 2641 ἡμῶν,
1484 2570 1641 2642 εἴπερ

42 2673 99 2725 οἱ
138 2668 548 2723 σπουδαιότατοι
570 2665 677 2720 τῶν
708 2662 953 2733 ἀδελφῶν
980 2664 1077 2733 οὐχ
1105 2663 1450 2734 εὑρίσκονται
1478 2678 1644 2731 προσ·
1675 2668 1679 2674 ’

44 2765 225 2836 ηνετς,
269 2759 391 2814 οὐδὲ
442 2757 649 2811 εὔθετοι
685 2759 811 2820 ταῖς
860 2755 1182 2819 διακονίαις,
1215 2754 1291 2824 τῷ
1353 2753 1426 2824 μὴ
1464 2753 1643 2806 πάντα

45 2855 198 2910 κατὰ
248 2851 473 2924 γνώμην
507 2849 785 2923 ἡμετέραν
814 2847 1083 2902 ἐπιτελεῖν
1114 2846 1245 2919 (56).
1287 2848 1383 2911 Ὃς
1414 2845 1643 2899 ὲπανελ-

48 2947 166 3000 θὼν
215 2944 515 3015 διηγήσατο
572 2944 703 3015 ἡμῖν
742 2940 843 3005 τὰς
890 2940 984 2994 ἐπὶ
1025 2938 1120 2992 τοῦ
1167 2940 1497 3009 σεμνοτάτου
1530 2941 1645 2992 ἐπι-

1744 1844 1838 1899 siae
1878 1844 2086 1899 Christi
2144 1842 2274 1897 ﬁant
2309 1860 2322 1897 :
2358 1851 2414 1897 et
2470 1845 2676 1900 malum
2733 1842 3007 1908 dedecus,
3065 1844 3212 1915 quod
3254 1860 3322 1901 ex

1744 1934 1936 1989 haeresi
1991 1950 2272 2005 aspersum
2329 1943 2438 1998 est,
2483 1946 2671 1991 nostra
2720 1936 3062 2005 suscipiendi
3111 1938 3325 1994 ratione

1743 2020 2008 2085 deleatur,
2038 2037 2137 2077 nec
2160 2023 2321 2094 nobis
2350 2025 2705 2094 opprobrium
2734 2026 3007 2094 inuratur,
3028 2034 3091 2082 ut
3109 2027 3179 2083 ad
3199 2028 3325 2084 illos

1743 2115 2052 2169 translatis.

1813 2203 1867 2256 2.
1907 2202 2021 2260 Nos
2046 2213 2228 2260 autem
2262 2204 2317 2259 in
2346 2204 2631 2260 tristitiam
2662 2208 2903 2277 coniecit
2938 2207 3110 2264 frater
3145 2207 3322 2264 Doro-

1745 2295 1928 2359 theus,
1960 2297 2129 2366 quod,
2163 2305 2223 2351 ut
2265 2298 2383 2367 ipse
2414 2298 2710 2367 scripsisti,
2750 2314 2861 2354 non
2898 2301 3083 2355 omnia
3126 2301 3327 2357 leniter

1742 2393 1797 2441 et
1838 2397 2124 2443 mansuete
2156 2388 2359 2444 dixerit
2390 2389 2648 2460 dignitati
2681 2402 2806 2446 tuae.
2856 2392 3034 2462 Atque
3076 2393 3133 2448 id
3176 2395 3327 2465 equi:

1743 2476 1868 2532 dem
1921 2488 2229 2548 temporum
2274 2481 2516 2536 attribuo
2562 2481 2890 2538 difﬁcultati.
2934 2484 3137 2542 Videor
3176 2488 3325 2542 enim

1744 2572 1877 2626 mihi
1911 2573 2062 2626 nulla
2089 2573 2143 2629 in
2186 2588 2245 2629 re
2279 2573 2351 2628 ob
2380 2589 2502 2629 mea
2534 2586 2759 2644 peccata
2795 2592 3096 2648 prosperos
3122 2579 3327 2635 habere

1747 2678 2045 2719 successus
2090 2683 2102 2718 :
2138 2665 2406 2735 siquidem
2444 2665 2675 2720 fratrum
2721 2669 2911 2737 optimi
2952 2685 3061 2724 non
3107 2684 3328 2741 compe.

1743 2753 1960 2807 riuutur
1992 2754 2164 2820 lenes,
2201 2771 2381 2825 neque
2426 2756 2494 2810 ad
2547 2757 2802 2812 obeunda
2847 2773 3077 2815 munera
3118 2761 3325 2827 idonei,

1742 2860 1809 2901 eo
1840 2846 1985 2915 quod
2014 2862 2080 2902 ex
2120 2862 2238 2902 mea
2266 2848 2538 2903 sententia
2586 2862 2696 2903 non
2740 2851 2925 2904 omnia
2957 2860 3245 2921 peragunt.
3277 2852 3328 2910 Is

1743 2954 1999 2993 reversus
2046 2938 2178 2992 mihi
2222 2940 2476 2995 narravit
2525 2956 2664 3010 quos
2711 2956 2895 2998 coram
2929 2942 3166 3000 Damaso
3207 2946 3328 3017 epi-

48 3037 263 3091 σκόπου
299 3032 551 3103 Δαμάσου
599 3031 732 3103 πρὸς
776 3030 875 3100 τὴν
907 3028 1005 3100 σὴν
1033 3028 1322 3099 τιμιότητα
1345 3028 1642 3098 γενομένας

1747 3043 1913 3098 scopo
1936 3029 2398 3086 revereudissimo
2420 3046 2547 3085 cum
2574 3041 2667 3086 tua
2692 3036 3014 3103 praestantia
3043 3051 3329 3095 sermones

47 3128 206 3200 αὐτῷ
237 3091 521 3189 διαλέξεις,
554 3091 657 3177 καὶ¹
677 3091 865 3175 ἐλύπει
897 3091 1045 3192 ἡμᾶς
1079 3091 1253 3188 λέγων
1288 3091 1401 3183 eoi;
1439 3091 1643 3190 ’Ᾰρειο-

1747 3091 1906 3193 413
1939 3121 2269 3178 habuisset:
2313 3139 2380 3177 ac
2421 3124 2669 3180 dolorem
2694 3091 2843 3180 lmihi
2892 3091 3157 3184 all'erebat

52 3224 316 3296 μανίταις
344 3216 683 3289 συγκατηριθ
694 3215 897 3288 μῆσθαι
917 3214 1027 3283 (57‘)
1044 3214 1172 3276 τοὺς
1198 3212 1643 3282 θεοφιλεστάτους

48 3314 321 3383 ἀδελφοὺς
369 3309 524 3382 ἡμῶν
578 3308 704 3372 τούς
754 3305 1202 3376 συλλειτουργοὺς
1235 3304 1499 3357 Μελέτιον
1548 3304 1644 3357 καὶ

50 3405 339 3461 Εὐσέὸιον.
395 3397 495 3456 Ὧν
529 3401 577 3454 εί
628 3399 720 3453 καὶ
746 3397 911 3470 μηδὲν
943 3396 1070 3451 ἄλλο
1100 3394 1322 3466 συνίστη
1359 3394 1457 3467 τὴν
1485 3394 1643 3466 ὀρθο-

49 3499 257 3565 δοξίαν,
281 3498 310 3550 ὁ
337 3494 466 3565 γοῦν
494 3491 646 3565 παρὰ
673 3490 781 3543 τῶν
826 3486 1120 3561 Ἀρειανῶν
1160 3486 1399 3557 πόλεμος
1427 3485 1646 3539 ἀπόδει-

54 3591 143 3657 ξιν
166 3588 282 3661 ἔχει
319 3586 609 3658 ὀρθότητος
640 3582 741 3635 οὐκ
763 3579 950 3649 ὀλίγην
973 3581 1083 3642 τοῖς
1113 3578 1475 3648 εὐγνωμόνως
1495 3577 1644 3646 λογι-

51 3680 323 3750 ζομένοις.
354 3677 465 3746 Τὴν
495 3675 552 3728 δὲ
586 3672 685 3744 σὴν
720 3670 1001 3725 εὐλάϐειαν
1044 3668 1335 3722 συνάπτειν
1357 3668 1538 3731 αὐτοῖς
1564 3669 1645 3732 είς

52 3772 283 3839 ἀγάπην
338 3765 542 3836 ὀφείλει
593 3763 687 3816 καὶ
724 3763 759 3834 ἡ
790 3759 1045 3814 κοινωνία
1081 3759 1189 3812 τῶν
1221 3759 1360 3829 ὑπὲρ
1403 3757 1640 3829 Χριστοῦ

53 3859 423 3930 παθημάτων.
474 3856 682 3909 Ἐκεῖνο
733 3854 791 3907 δὲ
834 3850 1084 3913 πέπεισο,
1107 3849 1183 3914 ὡς
1213 3849 1428 3921 άληθῶς
1449 3847 1642 3919 τιμιώ-

53 3970 209 4017 τατε,
243 3952 326 4004 ὅτι
357 3950 458 4003 οὐκ
516 3947 631 4001 ἔστι
681 3963 733 3999 τι
773 3945 922 4016 ῥῆμα
958 3940 1287 4015 ὀρθοδοξίας,
1327 3940 1356 3993 ὃ
1393 3941 1468 4012 μὴ
1503 3940 1642 4010 μετὰ

54 4047 246 4116 πάσης
307 4040 619 4114 παρρησίας
672 4037 824 4110 παρὰ
884 4035 993 4088 τῶν
1041 4033 1154 4103 (58)
1189 4032 1400 4104 ἀνδρῶν
1435 4032 1640 4086 τούτων

55 4135 341 4211 ἐκηρύχθη
393 4133 498 4187 ὐπὸ
558 4131 678 4201 θεῷ
743 4129 979 4201 μάρτυρι
1019 4126 1116 4180 καὶ
1154 4126 1449 4197 ἀκροαταῖς
1484 4127 1637 4196 ἡμῖν.

56 4232 122 4285 Οἳ
175 4228 288 4283 οὐδ’
338 4225 404 4281 ἂν
451 4224 591 4295 πρὸς
636 4222 784 4292 ὥραν
824 4220 1003 4275 αὐτῶν
1044 4217 1340 4288 ἐδεξάμεθα
1372 4218 1470 4290 τὴν
1513 4234 1641 4271 συν-

129 4358 839 4436 (52)-Ηῠχαριστήσᾳμεν.
896 4354 1166 4436 Sicliarl.
1208 4364 1264 4436 et
1294 4352 1471 4436 Cuoisll.
1522 4355 1639 4436 ρι-ί-

1744 3217 1956 3270 diceret
2002 3223 2324 3272 numeratos
2364 3216 2420 3270 in
2468 3216 2693 3272 Arianis
2745 3217 2921 3273 fuisse
2973 3220 3330 3292 religiosissi-

1744 3322 1867 3362 mos
1899 3306 2105 3363 fratres
2131 3308 2544 3363 comministros
2576 3315 2802 3365 nostros
2832 3309 3107 3366 Meletium
3138 3319 3194 3367 et
3218 3311 3330 3366 Eli-

1744 3398 1979 3453 sebium.
2031 3397 2275 3464 Quorum
2341 3407 2545 3454 rectam
2587 3399 2891 3455 doctrinam
2934 3402 3153 3458 etiamsi
3190 3404 3328 3459 nihil

1744 3489 1893 3543 aliud
1929 3488 2362 3554 commendaret,
2397 3490 2592 3545 saltem
2619 3490 2832 3546 illatum
2859 3491 2929 3547 ab
2960 3492 3184 3550 Ariani:
3208 3494 3328 3550 bel-

1743 3578 1856 3633 lum
1884 3595 1996 3634 non
2025 3581 2169 3635 exile
2192 3589 2359 3635 recta:
2389 3580 2513 3637 ﬁdei
2545 3581 2811 3636 indicium
2833 3583 2978 3653 apud
3009 3598 3199 3655 aequos
3237 3600 3328 3641 re-

1742 3684 1863 3723 rum
1907 3670 2269 3725 aestimatores
2316 3669 2566 3725 haberet.
2609 3668 2783 3725 Tuam
2832 3680 3016 3728 autem
3068 3675 3326 3743 pietatem

1742 3759 2080 3830 conjungere
2128 3776 2254 3814 cum
2324 3761 2434 3817 illis
2484 3767 2551 3816 ad
2600 3762 2928 3817 charitatem
2985 3763 3148 3819 debet
3201 3765 3325 3836 ipsa

1741 3853 1906 3908 etiam
1948 3868 2320 3908 aerumnarum
2351 3868 2453 3924 pro
2482 3853 2706 3911 Christo
2745 3855 3101 3912 toleratarum
3147 3860 3325 3916 socie‘

1742 3951 1851 4005 tas.
1887 3943 2225 4001 Persuasum
2274 3955 2455 4001 autem
2493 3945 2565 4000 sit
2597 3946 2721 4011 tibi,
2755 3948 2842 4000 vir
2883 3955 3034 4003 certe
3065 3963 3325 4006 reverens

1742 4036 1993 4104 dissime,
2021 4037 2235 4092 nullum
2265 4046 2430 4093 recta:
2450 4037 2719 4093 doctrina:
2746 4038 2975 4094 verbum
3001 4055 3147 4108 esse,
3175 4043 3323 4111 quod

1744 4129 1928 4184 abhis
1957 4130 2093 4184 viris
2129 4144 2255 4184 eum
2288 4130 2437 4184 omni
2465 4129 2720 4184 libertate
2764 4145 2876 4184 non
2919 4131 3088 4185 fuerit
3125 4132 3327 4202 praedi-

1743 4229 1950 4288 catum,
1985 4220 2095 4277 Deo
2129 4230 2267 4277 teste
2307 4229 2363 4277 et
2402 4220 2759 4276 audientibus
2789 4222 2968 4277 nobis.
3010 4220 3116 4287 Qui
3147 4223 3326 4293 profe-

1747 4353 1963 4425 Arianis
2011 4352 2200 4408 fuisse.
2240 4351 2361 4407 Non
2384 4353 2535 4425 alius
2565 4369 2696 4425 ergo
2736 4356 3043 4413 collocutus
3076 4366 3159 4416 est
3194 4373 3319 4416 cum

58 4424 205 4492 mus.
231 4424 908 4502 'Editi'aiaxaptotf'capsv.
943 4425 1144 4482 Ibidem
1179 4425 1308 4480 editi
1331 4426 1413 4477 ὄτι
1443 4426 1558 4478 ἐστί
1586 4442 1641 4478 τι

60 4506 336 4550 modum.
362 4502 521 4550 Deest
552 4470 743 4550 vocula
778 4500 832 4550 in
859 4496 1048 4550 iisdem
1075 4495 1290 4549 duobus
1327 4510 1458 4548 mss.

1748 4424 2038 4487 Dorotheo,
2072 4441 2174 4479 nec
2209 4426 2349 4479 alius
2379 4424 2655 4480 Meletium
2693 4434 2747 4479 et
2776 4426 3071 4483 Eusebium
3099 4438 3208 4484 tam
3237 4433 3324 4485 in-

1748 4495 1975 4550 honeste
1996 4495 2307 4550 appellavit.
2331 4495 2424 4549 llis
2448 4496 2585 4550 adde
2608 4495 2908 4550 adhibitam
2929 4514 2958 4550 a
2982 4498 3185 4550 Basilio
3201 4517 3324 4550 one-

60 4506 336 4559 λείψανον.
362 4495 521 4557 Deest
552 4495 743 4553 vocula
778 4495 832 4551 in
859 4496 1048 4551 iisdem
1075 4495 1290 4549 duobus
1327 4510 1458 4548 mss.

131 4507 141 4558 ἰ
225 4522 336 4558 νον.
363 4506 521 4557 Deest
552 4506 743 4553 vocula
778 4506 832 4551 in
859 4506 1048 4551 iisdem
1075 4506 1290 4549 (limbus
1327 4510 1458 4548 mss.

131 4506 253 4645 (ἓ)
280 4571 598 4636 Εὐταξίας.
633 4562 776 4645 Editi
807 4566 1017 4620 addunt
1051 4566 1287 4637 ἐκείνης,
1318 4564 1464 4637 quod
1490 4564 1643 4620 nullo

62 4647 122 4700 in
141 4640 350 4701 'eodiee
380 4657 485 4697 ms.
522 4640 812 4710 reperitur.

135 4705 874 4786 (56)⁶Προσκεχώρηκέναι.
906 4705 1091 4762 Codex
1141 4705 1432 4761 Medicaeus
1468 4721 1647 4778 παρα-

64 4785 606 4926 κεῖἕὶῶηιξὲυῗᾶμαι.
628 4847 798 4926 C_oisl.
826 4843 1639 4926 primit-{et_Mei_l._):oItCép.eeq.

159 4912 253 4994 56)
304 4912 613 4994 Ἠλιετὲραν
649 4912 965 4972 ἐπιτελεῖν.
1009 4914 1160 4970 Harl.
1193 4924 1244 4971 et
1276 4912 1414 4971 Med.
1450 4912 1644 4987 ὑμετέ-

368 4992 557 5045 έλλειν.

66 4993 168 5070 ραν
201 4993 557 5049 ἐπιστέλλειν.
709 5059 736 5072 ⁸
1177 5058 1188 5068 ⁸
1479 5056 1489 5067 ¹
1572 5056 1584 5067 0

137 5068 258 5137 (57)
286 5055 1042 5137 Sumtrmwjtqo’waﬂaic
1081 5063 1353 5137 scriptura
1378 5064 1647 5137 antiquis-

65 5126 192 5197 simi
221 5126 431 5207 codicis
446 5126 624 5207 ⁸(Ξοὶεξε
634 5126 879 5207 _'videtu_r_
893 5126 1227 5207 praeferenda
1247 5126 1497 5207 .vtllgatm
1521 5142 1646 5195 συγ.

67 5198 1074 5278 καταριθμεῖσθαι.“νίκ-οτερἰιηε-οει
1096 5203 1214 5278 tam
1246 5198 1490 5278 iniquum
1513 5211 1645 5278 Oser-

68 5267 291 5334 nionem
314 5267 389 5329 ἐκ
423 5288 519 5328 ore
558 5270 707 5327 Petri
754 5268 1108 5325 Alexandrini
1154 5267 1413 5321 emissum
1453 5267 1642 5321 fuisse.

70 5348 178 5405 Sed
211 5356 397 5400 tamen
430 5342 615 5397 Basilii
644 5343 1016 5411 querelaegnorn
1042 5337 1206 5391 alium
1240 5347 1421 5407 petere
1451 5337 1646 5411 viden-

68 5428 182 5481 tur,
206 5415 462 5488 quamvis
499 5407 712 5488 len_itei'_
734 5428 847 5488 rem
887 5409 1202 5488 insinuet-et
1242 5422 1367 5488 cum
1399 5407 1647 5461 urbanis-

69 5479 496 5555 sinia'quadam
545 5483 891 5555 eireuitio_ne.
926 5481 1016 5531 Ait
1059 5479 1205 5531 enim
1250 5479 1353 5530 sibi
1387 5492 1645 5555 narrasse

69 5546 407 5615 Durotlieum
445 5568 586 5622 quos
631 5567 754 5606 cum
786 5550 946 5629 Petro
980 5562 1265 5629 sermones
1300 5562 1483 5629 coram
1511 5546 1645 5629 .Da-

72 5643 229 5683 maso
262 5617 564 5683 liabuissrt,
597 5635 765 5690 seque
807 5618 958 5690 addit
988 5619 1337 5690 vehementer
1377 5617 1642 5690 doluisse,

71 5714 198 5755 cum
229 5699 276 5752 is
304 5694 512 5751 diceret
546 5688 814 5748 Meleiium
839 5698 894 5745 et
918 5688 1210 5744 Eusebium
1238 5694 1555 5742 numeratos
1588 5688 1641 5740 in

1748 4495 1975 4550 honeste
1996 4495 2585 4570 appellavit._liis_adde
2608 4495 2908 4570 adhibitam
2929 4514 2958 4552 a
2982 4498 3185 4555 Basilio
3201 4517 3326 4570 ope-

1746 4579 1887 4625 ram,
1924 4565 2270 4639 ut_exiini_um
2313 4565 2445 4618 illud
2479 4581 2577 4635 par
2607 4566 2988 4639 episcoporum
3020 4570 3164 4639 apud
3218 4565 3321 4627 Pe-

1746 4642 1892 4706 trum
1925 4634 2364 4706 Alexandrinum
2412 4634 2623 4706 purget.
2646 4634 2657 4635 ”
2674 4634 3022 4691 Demonstrat
3055 4634 3193 4693 'eum
3236 4641 3322 4696 vel

1745 4705 1819 4779 ob
1856 4704 2027 4779 solam
2059 4705 2477 4779 persecutionis
2524 4704 2843 4779 societatem
2888 4709 3146 4779 conjungi
3194 4724 3318 4764 cum

1746 4774 1855 4829 illis
1881 4775 2014 4828 viris
2041 4774 2329 4844 debuisse;
2357 4777 2628 4844 praeterita
2661 4776 2893 4831 libenter
2921 4774 3180 4833 oblivioni
3206 4788 3323 4833 tra-

1745 4844 1845 4909 dit,
1874 4845 2036 4917 mon
2071 4843 2327 4914 deinceps
2355 4843 2567 4917 initium
2601 4845 2820 4917 aliquod
2844 4849 3128 4917 paciﬁcum
3161 4850 3322 4904 insti-

1747 4921 1955 4986 tuatur.
1994 4914 2119 4986 Hice
2151 4918 2405 4986 proiecto
2428 4916 2660 4984 probant
2683 4914 2928 4986 iniquum
2962 4919 3093 4972 illud
3126 4918 3193 4974 de
3218 4918 3322 4974 Me-

1747 4984 1878 5055 letio
1911 4990 1970 5055 et
2023 4983 2258 5040 Eusebio
2310 4983 2796 5055 judicium,quod
2850 4987 3052 5041 Basilio
3104 4995 3319 5043 tantum

1747 5054 1950 5125 inussit
1982 5054 2214 5116 doloris,
2252 5068 2281 5107 a
2308 5054 2469 5108 Petro
2499 5054 2804 5125 proleCtum
2848 5073 2991 5113 esse.
3025 5057 3220 5112 Mirum
3262 5058 3318 5113 id

1745 5124 2008 5198 dctanto
2039 5127 2160 5179 viro
2200 5140 2265 5179 ac
2292 5124 2606 5198 luctuosum
2635 5143 2649 5179 :
2685 5126 2799 5198 sed
2824 5127 2953 5181 inde
2992 5129 3321 5198 perspicitur

1746 5196 1879 5263 quid
1922 5204 2151 5265 peccent
2183 5196 2363 5251 studia
2408 5196 2667 5264 partium.
2702 5194 2972 5251 Videntur
2992 5194 3142 5253 enim
3174 5199 3319 5253 hanc

1746 5266 1910 5321 Petro
1941 5267 2251 5335 opinionem
2294 5266 2550 5332 injecisse
2601 5266 2891 5323 calidiores
2921 5266 3132 5322 Paulini
3182 5272 3319 5323 asti-

1746 5345 2045 5407 puzatores.
2080 5336 2198 5390 Non
2245 5338 2453 5410 aequior
2489 5336 2609 5410 _fuit_
2644 5337 2699 5389 in
2726 5337 3008 5410 _M_eletium
3051 5338 3324 5410 Hierony-

1746 5405 1897 5479 inus.
1923 5417 1982 5460 ut
2004 5414 2150 5479 patet
2174 5422 2240 5479 ex
2265 5408 2385 5479 ejus
2416 5405 2647 5475 epistola
2676 5406 2742 5459 ad
2773 5406 3067 5463 Damasum
3099 5405 3317 5479 papam.

1819 5477 1929 5549 (58)
1963 5474 2131 5544 Παρὰ
2153 5474 2537 5549 τᾶξγτξιιοιίσεε
2565 5480 2922 5549 vetustissimi
2947 5474 3321 5532 codices—cum

1748 5544 1995 5619 pluribus
2026 5549 2169 5621 aliis.
2216 5546 2506 5621 Editiﬁ’iﬁ)
2535 5544 2665 5621 τῷν.
2706 5547 2875 5605 l’aulo
2920 5555 3046 5621 post
3084 5557 3322 5620 quatuor

1749 5616 1881 5675 iuss.
1911 5619 2245 5674 recentiores
2273 5616 2668 5687 ὲπεδεξάμεθα.
