3856 6224
500 190 605 252 993
1397 232 1403 241 ι
1799 217 1810 244 :
1833 197 1895 253 S.
1938 194 2187 253 BASILII
2224 194 2441 252 MAGNI
3700 183 3786 237 995

501 318 593 363 cto
616 321 688 362 ne
709 304 779 360 ad
802 305 999 362 horam
1022 306 1245 378 quidem
1267 308 1689 367 admisissemus
1717 324 1912 368 eorum
1933 325 2084 367 com~

2211 313 2404 381 ιφειαν,
2442 308 2492 360 εί
2542 304 2841 370 σκάζοντας
2879 304 3077 365 αὐτοὺς
3109 302 3240 372 περὶ
3274 300 3371 371 τὴν
3400 298 3614 354 πίστιν
3639 296 3786 367 εὖρο-

501 398 843 465 munionem,
892 400 938 456 si
965 399 1097 458 illos
1125 400 1184 455 in
1213 399 1322 456 ﬁde
1353 401 1731 460 claudicantes
1774 403 2081 474 deprehen-

2211 420 2307 457 ιεν.
2356 400 2533 465 Ἀλλὰ,
2569 401 2618 452 εί
2649 398 2815 462 δοκεῖ,
2843 396 2915 450 τὰ
2955 393 3294 467 παρελθόντα
3331 392 3636 462 ἐάσωμεν,
3688 392 3785 451 τοῖς

500 491 799 548 dissemus.
832 488 963 559 Sed,
1004 493 1051 549 si
1101 493 1401 563 videbitur,
1434 494 1755 552 omittamus
1781 497 2083 566 praeterita,

2211 493 2239 545 ὲ
2262 490 2461 561 ἐφεξῆς
2481 490 2655 561 ἀρχήν
2677 506 2796 543 τινα
2814 486 2997 558 δῶμεν
3018 484 3318 557 εἰρηνικήν.
3338 481 3661 554 Χρῄζομεν
3692 480 3789 549 γὰρ

502 585 704 643 futuris
748 591 934 640 autem
982 583 1204 640 initium
1260 585 1482 656 aliquod
1536 586 1728 642 demus
1768 587 2080 658 paciﬁcum.

2211 583 2429 655 ιλλήλων
2452 581 2652 643 πάντες
2681 578 2825 633 κατά
2851 579 2951 649 τὴν
2977 576 3086 632 τῶν
3117 575 3294 648 μελῶν
3323 574 3667 637 κοινωνίαν,
3703 574 3793 625 κεί

498 673 637 731 Nam
686 676 850 733 nobis
895 676 1134 732 invicem
1182 676 1492 749 indigemus
1539 693 1732 736 omnes
1777 679 2083 736 secundum

2211 676 2421 730 ιάλιστα
2445 674 2560 740 νῦν,
2584 674 2673 726 ὅτε
2705 674 2762 726 αἱ
2792 673 2891 744 τῆς
2915 669 3203 741 Ἀνατολῆς
3249 666 3585 738 Ἐκκλησίαι
3656 666 3793 735 πρὸς

500 770 876 826 membrorum
901 771 1246 835 societatem,
1288 777 1344 825 et
1390 771 1627 827 maxime
1655 774 1911 841 praesenti
1945 779 2083 828 tem-

2211 768 2334 839 ιμᾶς
2363 766 2472 835 (59)
2510 764 2896 830 ἀποϐλέπουσι,
2945 763 3041 816 καὶ
3068 762 3168 832 τὴν
3201 760 3298 831 μὲν
3322 759 3619 830 ὑμετέραν
3660 758 3797 828 ὁμό-

502 876 658 932 pore,
688 877 798 933 quo
822 860 1062 918 Orientis
1096 861 1355 917 Ecclesiae
1407 863 1477 918 ad
1517 879 1620 921 nos
1650 865 1974 935 respiciunt,
2018 878 2083 918 ac

2214 880 2332 915 οιαν
2359 859 2611 932 ἀφορμὴν
2640 859 2721 922 εἰς
2746 854 3047 929 στηριγμδν
3084 854 3179 908 καὶ
3206 852 3542 924 βεϐαιότητα
3571 851 3799 922 λήψει-

502 959 688 1006 vestra
720 952 942 1023 quidem
987 952 1097 1009 illis
1126 952 1429 1007 concordia
1459 955 1677 1011 roboris
1718 963 1772 1011 et
1810 954 2084 1011 ﬁrmitatis

2211 971 2303 1008 ἀι’
2335 954 2431 1007 ἐὰν
2486 953 2543 1006 δὲ
2597 950 2892 1006 αἴσθωνται
2942 948 3085 1019 ὑμᾶς
3131 947 3190 1000 ἐν
3233 941 3443 1015 ὑποψίᾷ
3476 944 3587 997 τινὶ
3659 943 3800 1014 πρὸς

502 1045 609 1101 erit
646 1047 909 1113 occasio;
940 1045 1036 1102 sed
1076 1046 1124 1102 si
1154 1063 1252 1103 vos
1282 1047 1525 1103 sentiant
1554 1057 1743 1103 mutua
1770 1048 1957 1119 aliqua
1992 1063 2087 1105 su-

506 1133 758 1207 spicione
786 1135 1064 1201 laborare,
1092 1134 1441 1191 resolveutur
1468 1152 1533 1191 ac
1563 1152 1760 1193 manus
1786 1136 2087 1203 remittent,

504 1229 807 1300 quominus
836 1228 1123 1284 obsistant
1151 1226 1273 1282 fidei
1308 1227 1581 1286 hostibus.

939 1378 1279 1437 EPISTOLA
1314 1378 1592 1438 CCLXVII
1617 1381 1661 1438 ⁴.

2189 1042 2450 1115 ἀλλήλους
2474 1038 2636 1106 εἶναι,
2658 1038 3048 1110 ἐκλυθήσονται
3078 1039 3173 1091 καὶ
3197 1040 3541 1109 παρήσουσιν
3566 1033 3800 1089 ἑαυτῶν

2188 1136 2287 1201 τὰς
2319 1139 2529 1209 χεῖρας,
2549 1134 2688 1208 πρὸς
2719 1132 2783 1188 τὸ
2806 1133 2882 1206 μὴ
2920 1131 3199 1202 ἀνταίρειν
3227 1131 3341 1194 τοῖς
3366 1127 3676 1200 πολεμίοις
3693 1127 3795 1196 τῆς

2191 1227 2445 1291 πίστεως.

2704 1380 3053 1434 ΕΠΙΣΤΟΛΗ
3084 1379 3241 1434 ΣΞΖν.

508 1513 723 1567 Basilius
743 1514 910 1587 _gr_aui_
927 1517 1150 1580 corporis
1190 1514 1484 1582 inﬁrmitate,
1528 1515 1784 1581 quominus
1828 1520 2036 1587 Bagam
2054 1515 2265 1587 'invisat,
2299 1525 2356 1587 et_
2379 1516 2705 1587 Ecclesimjum
2730 1517 3115 1587 curaudetenlus,
3138 1513 3386 1587 desiderio
3420 1526 3636 1587 suo.”
3658 1512 3801 1587 lisse:

566 1588 650 1626 ras
677 1576 928 1646 satisﬁacit,
972 1576 1173 1644 lauruque
1211 1576 1351 1646 r'ogat
1392 1587 1445 1630 ut
1474 1576 1572 1644 pro
1605 1593 1656 1632 se
1690 1588 1734 1632 et
1772 1594 1864 1644 pro
1902 1581 2120 1633 Ecclesia
2160 1576 2300 1644 oret;
2325 1580 2435 1645 jam
2465 1596 2517 1633 se
2553 1583 2617 1631 ad
2639 1593 2749 1633 eum
2770 1576 3023 1642 scripsisse
3043 1578 3277 1639 declarat,
3298 1583 3343 1629 et
3378 1576 3615 1640 quaedam
3639 1576 3801 1627 mittit

566 1640 870 1690 munuscula.

755 1763 967 1834 Barsaz,
1005 1768 1246 1835 episcopo
1288 1765 1527 1834 Edessa,
1555 1768 1849 1823 exsulanti.

583 1900 850 1974 Equidem
892 1918 995 1975 pro
1027 1919 1148 1959 mea
1179 1904 1238 1959 in
1265 1911 1414 1959 tuam
1447 1881 1704 1976 pietdtem
1754 1904 1922 1960 animi
1957 1903 2090 1961 aﬁ‘e-

508 1994 694 2050 ctione
722 2003 1040 2064 exoptarem
1064 2010 1251 2050 coram
1278 1995 1497 2062 adesse,
1529 2007 1584 2053 et
1611 2010 1799 2051 veram
1829 2004 1980 2051 tuam
2004 1995 2090 2050 di-

513 2084 801 2140 lectionem
831 2099 929 2155 per
957 2099 1043 2140 me
1085 2086 1204 2156 ipse
1244 2085 1520 2155 amplecti,
1553 2100 1619 2141 ac
1649 2084 1940 2141 Dominum
1968 2085 2088 2156 glo-

514 2176 754 2243 riﬁcare,
786 2177 881 2246 qui
912 2176 969 2231 in
998 2184 1051 2232 te
1081 2175 1464 2247 magniﬁcatus
1498 2184 1604 2242 est,
1633 2190 1698 2230 ac
1724 2177 2090 2231 venerandam

515 2272 670 2320 tuam
716 2274 1055 2321 senectutem
1088 2266 1349 2322 omnibus
1382 2265 1678 2321 Dominum
1724 2267 1780 2322 in
1814 2265 2090 2323 terrarum

511 2356 650 2413 orbe
678 2357 1000 2414 timentibus
1033 2358 1301 2413 illustrem
1329 2373 1395 2414 ac
1422 2360 1779 2430 conspicuam
1817 2360 2089 2430 praistitit.

516 2447 626 2506 Sed
651 2450 781 2521 quia
810 2458 866 2507 et
900 2453 1086 2521 gravis
1114 2452 1364 2524 corporis
1402 2452 1694 2510 infirmitas
1725 2467 1812 2507 me
1845 2451 2091 2518 aﬁlictat,

514 2552 574 2597 et
606 2540 976 2598 Ecclesiarum
1020 2556 1153 2597 cura
1188 2558 1300 2598 non
1342 2542 1672 2598 enarrabilis
1703 2543 1835 2596 mihi
1878 2542 2093 2597 incum-

517 2635 618 2702 bit,
654 2650 756 2690 nec
795 2636 855 2690 in
883 2650 1002 2691 mea
1039 2635 1208 2690 situm
1247 2648 1333 2691 est
1362 2642 1653 2706 potestate,
1705 2641 1765 2688 ut
1794 2648 1904 2703 quo
1936 2633 2093 2688 velim

518 2727 870 2796 proﬁciscar,
920 2735 976 2782 et
1025 2726 1354 2799 congrediar
1399 2727 1728 2797 quibuscum
1763 2727 1958 2797 cupio;
1998 2741 2097 2796 per

517 2818 733 2876 litteras
766 2819 915 2874 lenio
958 2833 1141 2874 meum
1192 2819 1375 2885 bonis,
1422 2833 1545 2889 quae
1594 2819 1652 2872 iu
1693 2827 1747 2873 te
1778 2824 1928 2884 sunt,
1974 2833 2098 2888 per;

519 2911 739 2968 fruendi
792 2910 1128 2968 desiderium
1182 2926 1247 2967 ac
1313 2912 1575 2968 eximiam
1635 2919 1788 2966 tuam
1842 2912 2095 2982 pietatem

518 3004 803 3072 adhortor,
829 3012 891 3059 ut
915 3018 1015 3075 pro
1042 3019 1130 3059 me
1158 3019 1225 3059 ac
1246 3002 1496 3060 Ecclesia
1524 3004 1794 3074 preceris,
1827 3011 1888 3058 ut
1914 3001 2098 3057 Domi-

518 3111 629 3152 nus
662 3095 757 3151 det
792 3095 954 3151 nobis
997 3096 1119 3152 sine
1168 3094 1473 3152 offensione
1508 3096 1804 3151 decurrere
1856 3095 2098 3165 reliquos

519 3188 643 3246 dies
678 3196 775 3245 aut
807 3187 976 3244 horas
1008 3188 1476 3261 peregrinationis
1515 3197 1740 3252 nostrae,
1772 3202 1839 3244 ac
1878 3195 2100 3258 praastet

519 3282 713 3349 etiam,
740 3288 805 3338 ut
843 3282 1134 3339 videamus
1162 3296 1354 3354 pacem
1394 3280 1775 3337 Ecclesiarum
1816 3281 2013 3353 ipsius,
2048 3290 2104 3339 et

520 3380 644 3429 tum
677 3372 746 3430 de
769 3373 1001 3445 reliquis
1026 3374 1145 3429 tuis
1177 3372 1579 3430 comministris
1608 3388 1674 3429 ac
1715 3373 2104 3429 commilitoni-

522 3464 629 3522 bus
665 3464 958 3522 audiamus
998 3479 1065 3521 ea
1106 3480 1230 3537 quae
1264 3480 1577 3536 precamur,
1629 3472 1749 3520 tum
1786 3463 1857 3521 de
1903 3465 2101 3537 teipse,

521 3572 647 3628 quae
673 3556 765 3614 die
804 3572 872 3615 ac
905 3564 1069 3614 nocte
1099 3557 1287 3628 populi
1327 3557 1429 3612 tibi
1480 3557 1686 3612 subditi
1734 3556 2033 3628 eﬁlagitant
2072 3574 2104 3614 a

524 3648 761 3706 Domino
796 3651 1048 3724 iustitiae.
1091 3649 1246 3705 Scito
1296 3660 1478 3705 autem
1514 3665 1601 3704 me
1617 3648 1784 3722 414
1806 3665 1917 3706 non
1963 3666 2106 3722 sape

524 3742 748 3812 quidem
782 3742 1098 3813 scripsisse,
1129 3758 1231 3797 nec
1265 3743 1485 3812 quoties
1510 3757 1610 3812 par
1647 3741 1850 3809 fuerat,
1886 3742 1982 3799 sed
2015 3751 2096 3797 ta-
2132 3728 2133 3731 “

528 3848 657 3890 men
684 3832 980 3906 scripsisse
1010 3834 1076 3889 ad
1104 3842 1255 3889 tuam
1287 3835 1566 3905 pietatem.
1598 3833 1677 3888 Ac
1707 3833 1847 3889 forte
1875 3850 1984 3889 non
2011 3850 2108 3904 po-

528 3932 760 3981 tuerunt
815 3939 1041 3981 servare
1084 3925 1448 3980 salutationes
1490 3940 1662 3986 meas,
1716 3926 1812 3994 qui
1865 3926 2108 3982 ministe-

529 4017 674 4071 rium
697 4016 1004 4072 litterarum
1034 4022 1393 4086 susceperant
1416 4014 1641 4071 fratres.
1674 4013 1783 4069 Sed
1807 4030 1959 4070 nunc
1980 4031 2108 4070 cura

531 4109 693 4180 copia
728 4110 803 4165 sit
830 4109 964 4164 mihi
998 4108 1367 4180 quorumdam
1389 4123 1422 4164 e
1450 4110 1660 4164 nostris
1685 4107 1752 4162 ad
1782 4115 1934 4163 tuam
1970 4123 2104 4180 pne-

531 4198 791 4256 stantiam
838 4199 1330 4270 proﬁciscentium,
1380 4207 1438 4254 et
1472 4197 1688 4252 litteras
1729 4197 1813 4253 eis
1857 4198 2108 4253 commisi

531 4292 785 4358 libenter,
816 4299 872 4349 et
901 4292 1029 4348 misi
1067 4293 1354 4353 nonnulla.
1386 4305 1510 4361 quae
1538 4291 1764 4360 dignare
1796 4304 1828 4345 a
1855 4306 1975 4346 mea
2009 4290 2110 4346 hu-

531 4382 765 4438 militate
807 4383 1089 4452 suscipere
1140 4382 1262 4438 sine
1297 4381 1541 4444 fastidio.
1588 4396 1653 4436 ac
1698 4381 1833 4436 mihi
1860 4383 2110 4453 exemplo

2122 1781 2168 1837 Β
2265 1767 2494 1838 Βὰρσῃ,
2526 1767 2836 1831 ἐπισκόπφ
2883 1765 3193 1834 Ἐδέσσης,
3213 1764 3284 1818 ἐν
3316 1762 3530 1833 ἐξορίᾳ
3558 1763 3723 1817 ὄντι.

2275 1905 2418 1976 Ἐγὼ
2447 1905 2547 1976 τῆς
2589 1903 2881 1967 διαθέσεως
2906 1902 3007 1975 μὲν
3038 1901 3246 1965 ἕνεκεν,
3270 1895 3339 1971 ἧς
3377 1899 3493 1971 ἔχω
3521 1900 3655 1971 περὶ
3687 1900 3801 1969 τὴν

2195 1998 2294 2071 σὴν
2314 1996 2646 2062 θεοσέϐειαν,
2673 1995 2979 2067 ἐπεθύμουν
3018 1995 3181 2059 αὐτὸς
3209 1993 3647 2065 παραγενέσθαι,
3696 1994 3801 2046 καὶ

2194 2093 2261 2146 δι’
2297 2089 2536 2163 ἐμαυτοῦ
2585 2089 3017 2162 περιπτύξασθαί
3069 2105 3164 2142 σου
3196 2089 3296 2160 τήν
3336 2087 3608 2158 ἀληθινὴν
3647 2086 3804 2154 ἀγά-

2195 2197 2326 2253 πην,
2375 2181 2471 2234 καὶ
2515 2179 2737 2246 δοξάσαι
2791 2179 2883 2233 τὸν
2933 2180 3138 2251 Κύριον
3166 2176 3260 2232 τὸν
3293 2179 3352 2231 ἐν
3387 2179 3470 2230 σοὶ
3506 2176 3799 2247 μεγαλυν-

2197 2274 2381 2336 θέντα,
2412 2273 2507 2328 καὶ
2538 2273 2599 2328 τὸ
2634 2272 2814 2344 τίμιόν
2843 2288 2937 2325 σου
2967 2271 3143 2343 γῆρας
3176 2268 3477 2342 περιφανὲς
3503 2269 3801 2339 κατακτή-

2200 2383 2368 2421 σαντα
2407 2367 2539 2419 πᾶσι
2570 2368 2683 2428 τοῖς
2716 2367 2772 2419 ἐν
2796 2368 2864 2436 τῇ
2888 2364 3179 2435 οἰκουμένῃ
3211 2362 3569 2434 φοϐουμένοις
3597 2362 3796 2415 αὐτόν·

2199 2458 2385 2529 ἐπειδὴ
2413 2458 2471 2511 δὲ
2502 2459 2598 2512 καὶ
2653 2457 2906 2511 ἀσθένεια
2935 2456 3029 2510 τοῦ
3083 2454 3334 2526 σώματος
3364 2453 3566 2525 βαρεῖα
3617 2470 3802 2507 κατα-

2200 2553 2354 2603 πονεί
2379 2550 2577 2620 με,καὶ
2602 2550 2824 2621 φροντὶς
2848 2547 3182 2620 Ἐκκλησιῶν
3214 2545 3488 2600 ἐπίκειταί
3526 2562 3624 2616 μοι
3648 2544 3807 2615 ἀμύυ

2201 2643 2386 2713 θητος,
2426 2642 2519 2697 καὶ
2548 2642 2648 2695 οὐκ
2693 2641 2810 2713 εἰμὶ
2841 2639 3078 2712 ἐμαυτοῦ
3116 2637 3306 2711 κύριος
3334 2637 3472 2709 πρὸς
3488 2637 3552 2690 τὸ
3580 2636 3801 2707 ἀποδη-

2205 2737 2326 2805 μεῖν
2358 2735 2492 2787 ὅπου
2523 2728 2814 2804 βούλομαι,
2852 2732 2949 2785 καὶ
2977 2729 3366 2801 συντυγχάνειν
3399 2722 3482 2790 οἷς
3505 2727 3798 2798 ἐπιθυμῶ,

2201 2827 2289 2881 διὰ
2318 2825 2411 2880 τοῦ
2456 2826 2783 2899 γράμματος
2816 2823 3080 2878 ἀναπαύω
3123 2821 3215 2877 τὸν
3253 2820 3417 2874 πόθον
3450 2819 3515 2873 δν
3542 2820 3662 2891 ἔχω
3702 2819 3794 2872 ἐπὶ

2203 2919 2268 2988 τῇ
2301 2917 2596 2970 ἀπολαύσει
2645 2915 2753 2970 τῶν
2782 2917 2841 2968 ἐν
2892 2913 2976 2968 σοὶ
2997 2912 3198 2979 καλῶν,
3223 2912 3319 2965 καὶ
3354 2910 3674 2984 παρακαλῶ
3697 2914 3795 2979 τὴν

2204 3006 2613 3078 ἀνυπέρϐλητόν
2644 3023 2738 3060 σου
2762 3005 3049 3060 εὐλάϐειαν
3071 3000 3325 3074 εῦχεσθαι
3351 3001 3494 3074 ὑπὲρ
3527 2999 3673 3072 ἐμοῦ
3701 3000 3791 3053 καὶ

2202 3098 2304 3169 τῆς
2343 3097 2685 3167 Ἐκκλησίας,
2716 3097 2805 3152 ῐνα
2845 3099 2875 3150 ό
2914 3094 3117 3167 Κύριος
3143 3094 3219 3166 δῷ
3251 3095 3382 3165 ἡμῖν
3415 3092 3795 3163 ἀπροσκόπως

2200 3189 2490 3261 παρελθεῖν
2512 3189 2609 3252 τὰς
2634 3187 2978 3259 λυπουμένας
2998 3186 3216 3260 ἡμέρας
3264 3187 3298 3258 ἢ
3332 3185 3484 3259 ὥρας
3506 3187 3612 3257 τῆς
3647 3201 3793 3257 πειρ⁴

2202 3281 2495 3353 επιδημίας
2533 3279 2689 3354 ἡμῶν
2714 3298 2730 3312 ο
2786 3282 3059 3353 παράσχοι
3110 3279 3169 3333 δὲ
3209 3281 3342 3351 ἡμῖν
3370 3279 3467 3332 καὶ
3520 3278 3658 3332 ἰδεῖν
3698 3278 3796 3348 τὴν

2202 3373 2425 3445 εἰρήνην
2451 3372 2561 3427 τῶν
2590 3372 2925 3445 Ἐκκλησιῶν
2957 3371 3146 3440 αὑτοῦ,
3185 3372 3281 3425 καὶ
3305 3370 3539 3426 ἀκοῦσαι
3566 3371 3709 3442 περί
3735 3387 3793 3423 τε

2202 3467 2310 3521 τῶν
2335 3466 2536 3523 λοιπῶν
2576 3466 2850 3520 συλλειτω
2859 3464 3006 3536 ργῶν
3042 3482 3136 3519 σου
3176 3464 3273 3518 καὶ
3298 3462 3406 3518 τῶν
3435 3463 3797 3535 συναθλητῶν

2202 3559 2240 3617 ἃ
2271 3558 2560 3631 εὐχόμεθα,
2591 3558 2687 3612 καὶ⁹
2714 3556 2844 3628 περὶ
2874 3555 2969 3610 σοῦ
3026 3554 3217 3618 αὑτοῦ,
3251 3553 3287 3609 ἃ
3326 3553 3520 3617 νυκτὸς
3552 3552 3674 3625 (60)
3702 3556 3793 3606 καὶ

2204 3655 2420 3724 ἡμέρας
2438 3654 2488 3706 οἱ
2517 3651 2623 3704 ὑπὸ
2646 3650 2706 3704 σὲ
2731 3650 2850 3704 λαοὶ
2872 3647 3093 3718 ζητοῦσι
3133 3647 3285 3719 παρά
3310 3646 3402 3702 τοῦ
3445 3647 3664 3718 Κυρίου
3700 3649 3793 3717 τῆς

2204 3744 2570 3815 δικαιοσύνης.
2617 3742 2857 3796 Γίνωσκε
2884 3740 2962 3807 δὲ,
2986 3742 3069 3796 ὅτι
3091 3740 3350 3805 πολλάκις
3401 3740 3504 3812 μὲν
3528 3742 3639 3796 οὐκ
3697 3744 3793 3795 ἑπ-

2205 3835 2523 3906 εστείλαμεν
2552 3873 2569 3898 ,
2617 3832 2740 3888 οὐδὲ
2795 3833 2984 3896 ὁσάκις
3028 3830 3374 3903 ὀφειλόμενον
3418 3827 3509 3903 ἦν,
3542 3832 3800 3886 ἐπεστεξο

2205 3928 2378 4000 λαμεν
2433 3927 2492 3982 δὲ
2537 3928 2688 3998 ὅμως
2723 3929 2789 3998 τῇ
2851 3925 3131 3997 θεοσεϐείᾳ
3179 3943 3294 3981 σου.
3343 3928 3455 3981 Καὶ
3504 3929 3657 3998 τάχα
3700 3930 3801 3981 οὐκ

2206 4017 2551 4089 ἠδυνήθησαν
2594 4016 2854 4071 διασῶσαι
2894 4017 2994 4081 τὰς
3027 4017 3396 4091 προσηγορίας
3423 4020 3584 4091 ήμῶν
3619 4022 3676 4073 oi
3712 4038 3800 4073 πι-

2210 4109 2525 4174 στευθέντες
2559 4109 2660 4181 τὴν
2695 4108 2971 4163 διακονίαν
3008 4109 3118 4163 τῶν
3165 4111 3510 4183 γραμμάτων
3548 4111 3797 4183 ἀδελφοί.

2221 4201 2382 4255 ’Λλλά
2412 4201 2529 4267 νῦν,
2582 4200 2770 4272 ἐπειδὴ
2820 4200 3157 4274 ἐπετύχομεν
3200 4201 3486 4274 ἡμετέρων
3515 4203 3631 4258 τῶν
3658 4204 3797 4257 ὁδοι-

2210 4293 2521 4367 πορούντων
2561 4294 2698 4366 πρὸς
2739 4292 2839 4365 τὴν
2894 4294 2995 4366 σὴν
3032 4293 3340 4365 τιμιότητα,
3372 4296 3472 4347 καὶ
3502 4294 3577 4347 τὰ
3608 4296 3797 4366 γράμ-

2213 4403 2361 4457 ματα
2392 4386 2576 4449 αὐτοῖς
2595 4385 3005 4457 ἐνεχειρίσαμεν
3053 4385 3370 4458 προθύμως,
3405 4385 3503 4439 καὶ
3535 4386 3801 4441 ἀπεστεί-

532 4471 685 4526 lsaac
712 4470 1038 4541 patriarchae
1066 4470 1395 4526 benedicere
1412 4470 1479 4527 ⁸⁸.
1509 4469 1665 4536 Quod
1687 4470 1732 4525 si
1759 4470 1888 4540 quid
1919 4473 2101 4537 etiam.

2212 4477 2381 4548 λαμὲν
2428 4475 2541 4548 (61)
2583 4493 2725 4540 τινα,
2760 4475 2798 4530 ά
2838 4474 3175 4541 καταξίωσον
3220 4474 3586 4542 ὑποδέξασθαι
3645 4479 3796 4548 παρὰ

535 4568 596 4617 ut
616 4561 870 4632 occupati
914 4561 1268 4632 animumque
1294 4577 1552 4616 curarum
1574 4561 1924 4619 multitudine
1943 4563 2110 4618 obru-

535 4662 652 4708 tum
679 4652 967 4718 habentes,
1005 4652 1195 4707 decori
1243 4651 1607 4723 negleximus,
1643 4652 1779 4706 mihi
1816 4668 1887 4708 ne
1932 4654 2113 4724 impu-

536 4744 761 4808 taveris,
802 4758 981 4815 neque
1011 4743 1267 4800 aﬁiciaris
1300 4743 1572 4799 tristitia:
1599 4743 1695 4799 sed
1726 4752 1877 4798 tuam
1908 4746 1964 4799 in
1991 4761 2110 4801 om-

539 4835 701 4890 nibus
734 4833 1122 4905 perfectionem
1159 4835 1379 4890 imitare
1412 4853 1428 4890 :
1457 4841 1519 4890 ut
1546 4841 1602 4889 ct
1643 4848 1744 4890 nos
1783 4836 1985 4890 virtute
2014 4843 2111 4890 tua

542 4922 907 4996 perfruamur,
943 4926 1402 4997 quemadmodum
1429 4936 1484 4982 et
1513 4927 1713 4999 reliqui
1758 4942 1971 4984 omnes.
2012 4927 2112 4983 Sa-

613 5084 663 5117 “
680 5080 818 5141 Gen.
850 5082 1139 5153 xxvn,,27.

613 5245 634 5263 "
664 5240 815 5294 Alias
859 5234 1204 5295 CCCXXV".
1255 5236 1470 5307 Scripta
1547 5236 1759 5292 videtur
1810 5251 1955 5293 anno
2008 5235 2115 5291 577

540 5319 792 5373 exeunte,
817 5317 910 5364 aut
937 5308 1043 5364 378
1080 5309 1322 5364 ineunte.

613 5379 726 5451 (59)
752 5378 926 5451 Πρὸςί
957 5377 1153 5451 ἡμᾶς,
1182 5378 1360 5438 Harl..
1394 5376 1592 5451 _Coisl._
1630 5377 1894 5451 primus._
1910 5374 2114 5447 Regius

542 5444 776 5519 primus,
798 5444 1074 5520 'Parisfet
1094 5444 1277 5520 ‘Bigot.
1312 5447 1449 5520 προς
1476 5444 1649 5520 ἡμᾷςζ
1679 5446 1823 5501 Infra
1860 5444 2114 5520 Βεεξεε-

543 5465 776 5519 primus,
806 5465 983 5536 rarts.
1018 5465 1074 5503 et
1102 5465 1277 5518 uiget.
1312 5465 1449 5520 προς
1476 5465 1644 5570 ημξις.
1679 5465 1823 5501 uura
1860 5465 1992 5516 neg.
2027 5465 2114 5501 se-

543 5520 839 5659 ggpgtisaét
859 5519 1027 5576 Lonsl.
1059 5518 1333 5575 secundus
1357 5517 1456 5589 τὴν
1481 5520 1561 5588 ήμ
1591 5517 1775 5587 τέραν,
1809 5528 1862 5573 et
1886 5515 2115 5571 αἴσθων-

544 5600 633 5641 ται
658 5600 824 5659 ημᾶς.

2211 4569 2313 4639 τῆς
2327 4566 2601 4640 ἡμετέρας
2616 4568 2997 4633 ταπεινώσεως
3027 4568 3485 4640 άνυπερηφάνως,
3513 4569 3617 4623 καὶ
3640 4569 3798 4622 εὐλο-

2211 4660 2381 4730 γῆσαι
2434 4660 2586 4729 ἡμᾶς
2628 4658 2769 4713 πατά
2801 4660 3032 4731 μίμησιν
3056 4658 3150 4714 τοῦ
3190 4660 3537 4733 πατριάρχου
3585 4661 3795 4715 Ἰσαάκ.

2213 4750 2277 4803 Εἰ
2333 4749 2393 4803 δέ
2444 4765 2520 4813 τι,
2568 4749 2662 4802 καὶ
2702 4749 2778 4815 ὡς
2819 4750 3239 4822 άσχολούμενοι,,
3279 4750 3375 4804 καὶ
3410 4750 3517 4804 ὑπὸ
3554 4750 3798 4822 πλήθους

2215 4836 2510 4909 φροντίδων
2536 4837 2629 4892 τὸν
2651 4837 2776 4893 νοῦν
2807 4837 3175 4910 βαπισμένον
3190 4838 3426 4911 ἔχοντες,
3458 4841 3791 4912 παρείδομεν

2212 4928 2321 4982 τῶν
2364 4927 2707 4999 πρεπόντων,
2767 4929 2842 5002 μὴ
2888 4929 3080 5004 λογίσῃ
3121 4932 3275 5003 ἡμῖν,
3333 4930 3468 5003 μηδὲ
3502 4931 3750 5004 λυπηθῇς
3772 4948 3789 4963 ·

2285 5234 2399 5306 (60)
2428 5237 2498 5289 Ἃ
2530 5237 2772 5303 νυκτός.
2807 5235 2953 5291 Editi
2998 5235 3036 5306 ά
3066 5237 3160 5290 καὶ
3205 5235 3416 5306 νυκτός,
3464 5233 3625 5291 Deest
3664 5251 3789 5291 con-

2210 5304 2424 5388 iunctio
2457 5307 2514 5360 in
2542 5307 2817 5378 plerisque
2849 5322 2983 5362 mss.
3013 5305 3185 5363 Paulo
3218 5316 3344 5360 ante
3373 5305 3545 5362 Coisl.
3582 5306 3788 5378 primus

2214 5374 2928 5518 ἀθῖθὶῗῗῖλπεστείλαμεν.
2960 5444 3211 5518 Quinque
3231 5445 3451 5518 codices
3479 5445 3784 5518 ἐπεστείλα-

2217 5514 2617 5651 ἓιξζὸαίέυειυοι·
2658 5514 2996 5589 ἐστείλαμεν.
3043 5514 3161 5571 Mox
3188 5517 3359 5573 codex
3394 5515 3683 5572 Mediqu
3704 5514 3781 5568 δέ·
