3856 6224
129 257 280 315 997'

1089 252 1583 310 EPISTULABUM
1615 251 1905 308 (ZLASSIS
1941 252 2007 310 II.
2048 251 2272 312 EPIS’I‘.
2311 254 2634 313 CCLXVIII.

3311 258 3414 317 998

129 374 281 429 άλλά
309 373 551 446 μίμησαι
606 371 708 444 τὴν
757 371 991 427 σεαυτοῦ
1022 372 1082 426 ἐν
1110 374 1247 426 πᾶσι
1272 372 1609 445 τελειότητα,
1642 370 1730 424 ἵνα

1843 388 1962 439 nus,
2001 374 2057 428 in
2087 373 2322 430 Domino
2352 375 2535 440 laetus.
2581 389 2648 430 ac
2678 389 2775 445 pro
2805 389 2892 431 me
2921 388 3110 440 orans,
3151 377 3412 435 conceda-

130 468 239 522 καὶ
294 467 457 538 ήμεῖς
518 464 920 536 ἀπολαύσωμεν
979 481 1072 519 σου
1115 466 1215 537 τῆς
1273 465 1497 537 ἀρετῆς,
1531 464 1608 527 ὡς
1642 462 1737 518 καὶ

1845 464 1921 520 ris
1950 466 2086 521 mihi
2117 475 2172 521 et
2203 466 2298 523 Dei
2324 466 2611 525 Ecclesiae.

128 562 187 616 οῖ
230 563 433 617 λοιποὶι
460 561 684 626 πάντες,
744 561 1109 634 Ἐρρωμένος,
1160 561 1399 634 εὔθυμος
1429 560 1542 631 (62)
1594 561 1653 614 ἐν
1693 559 1906 632 Κυρίῳ,
1968 563 2403 636 ὐπερευχόμενός
2443 581 2568 636 μου,
2600 563 2918 638 χαρισθείης
2950 580 3040 637 μοι
3076 562 3171 619 καὶ
3197 566 3267 637 τῇ
3323 561 3416 619 τοῦ

130 653 276 708 Θεοῦ
318 653 617 726 Ἐκκλησία

662 766 1015 821 ΕΠΙΣΤΟΛΗ
1041 768 1206 822 ΣΞΗ’.

2245 765 2597 824 EPISTOLA
2636 765 2943 823 CCLXVIII
2966 774 3004 824 ‘.

133 887 344 955 Eusebio
358 885 658 955 mirabiliter
680 893 874 955 servato
894 887 1187 955 gratulatur,
1207 886 1408 953 ejusque
1444 886 1658 955 reditum
1681 890 1846 955 sperat
1868 885 2199 955 Ecclesiarmu
2229 886 2454 955 precibus
2493 900 2773 955 concessum
2799 886 2884 939 iri.
2912 890 2987 955 De
2997 890 3165 955 rebus
3179 885 3332 955 iliius
3357 900 3419 955 ea:

201 949 398 1002 Libanio
419 951 625 1001 diacono
654 948 870 1009 edoctus,
894 947 1081 1001 'caztera
1103 947 1243 1000 scire'
1264 947 1388 1010 avet,
1423 956 1508 1010 aut
1530 947 1692 1005 citius,
1706 947 1796 996 aut
1822 948 1993 1010 saltem

2128 948 2342 1013 Paulum
2379 950 2731 1013 presbyterum,
2764 962 2875 999 cum
2898 950 3093 1013 redibit.
3121 949 3262 1002 Nihil
3284 949 3332 1001 ei
3368 948 3420 999 in

197 1026 372 1063 manus
403 1011 600 1078 tradere
621 1024 770 1061 ausus
790 1003 868 1062 est
880 1025 898 1071 ;
921 1025 978 1062 eo
994 1009 1124 1078 quod
1146 1011 1241 1078 vim
1259 1003 1530 1078 latronibus
1547 1016 1592 1060 et
1615 1003 1942 1078 desertoribus
1963 1003 2127 1073 pl'ana:
2158 1008 2269 1061 sint.
2294 1003 2553 1062 Exercitus
2574 1003 2784 1062 adventu
2806 1010 3025 1064 nuntiato
3062 1017 3231 1078 sperat
3260 1020 3417 1063 modi.

198 1087 310 1124 cam
327 1071 724 1139 tranquillitatem
746 1086 766 1135 ;
787 1070 979 1140 tantque
1002 1070 1151 1123 mittet
1171 1071 1380 1134 aliquem
1403 1085 1429 1123 e
1454 1072 1556 1123 suis
1573 1074 1635 1121 ad
1657 1070 1931 1121 Eusebium.

527 1198 803 1263 Εὐσεϐίῳ
838 1197 910 1252 ἐν
940 1196 1147 1266 ἐξορίᾳ
1189 1196 1340 1251 ὄντι.

212 1307 426 1374 Ἐδειξε
461 1307 559 1361 καὶ
612 1306 697 1377 ἐφ’
731 1306 892 1378 ἡμῶν
920 1308 949 1361 ὁ
976 1307 1204 1379 Κύριος,
1231 1308 1314 1361 ὅτι
1357 1308 1459 1362 οὐκ
1490 1309 1727 1377 ἐγκατα-

130 1402 313 1455 λείπει
364 1400 492 1465 τοὺς
551 1400 734 1464 ὁσίους
790 1398 983 1465 αὐτοῦ,
1015 1402 1081 1471 τῇ
1112 1400 1326 1472 μεγάλῃ
1354 1400 1450 1454 καὶ
1490 1402 1729 1472 κραταιᾷ

130 1491 284 1563 χειρὶ
329 1490 492 1544 αὑτοῦ
545 1489 957 1563 περισκεπάσας
998 1489 1097 1561 τὴν
1142 1489 1287 1561 ζωὴν
1315 1491 1414 1561 τῆς
1450 1491 1729 1561 ὁσιότητός

133 1601 257 1638 σου.
304 1583 498 1655 Σχεδὸν
521 1581 630 1654 γὰρ
666 1582 1048 1653 παραπλήσιον
1086 1582 1244 1636 τοῦτο
1268 1583 1530 1654 τιθέμεθα
1557 1583 1637 1653 τῷ
1670 1586 1728 1638 ἐν

130 1673 317 1743 κοιλίᾳ
368 1674 569 1743 κήτους
613 1671 803 1742 ἀπαθῆ
863 1671 1136 1742 διαμεῖναι
1177 1673 1269 1726 τὸν
1324 1674 1499 1742 ἅγιον,
1534 1673 1630 1727 καὶ
1668 1675 1728 1728 ἐν

2395 1198 2628 1256 Eusebio
2656 1201 2849 1256 exsuli.

1903 1307 2102 1364 Docuit
2126 1317 2319 1367 nostra
2343 1312 2511 1367 etiam
2540 1294 2703 1369 aetate
2729 1312 3016 1379 Dominus,
3044 1322 3267 1370 sanctos
3289 1328 3422 1369 suos

1833 1414 1864 1454 a
1892 1416 1951 1456 se
1979 1416 2091 1456 non
2122 1402 2324 1471 deseri,
2362 1403 2495 1459 dum
2534 1420 2734 1477 magna
2765 1415 2819 1460 et
2863 1406 3074 1477 potenti
3112 1420 3281 1460 manu
3320 1421 3421 1462 sua

1833 1493 2002 1548 vitam
2035 1496 2350 1556 sanctitatis
2384 1505 2493 1553 tua:
2522 1499 2779 1569 protexit.
2816 1497 2952 1555 Fere
2976 1499 3125 1554 enim
3157 1498 3336 1554 simile
3365 1498 3421 1553 id

1833 1585 2090 1644 ducimus
2124 1603 2189 1643 ac
2226 1589 2282 1643 in
2308 1598 2500 1646 ventre
2529 1592 2634 1645 ceti
2668 1591 2899 1646 illaesum
2936 1606 3262 1662 permanere
3291 1605 3422 1646 san-

1834 1683 2005 1741 ctum,
2038 1685 2092 1733 et
2122 1677 2177 1733 in
2220 1679 2526 1734 vehementi
2559 1679 2774 1734 ﬂamma
2819 1683 2958 1736 citra
2994 1681 3257 1737 damnum
3297 1697 3421 1736 ver-

132 1766 275 1838 πυρὶ
327 1765 514 1836 λάϐρῳ
552 1763 807 1828 ἀϐλαϐῶς
829 1764 1137 1818 διαιτᾶσθαι
1179 1766 1308 1830 τοὺς
1357 1766 1728 1837 φοϐουμένους

1843 1769 1947 1823 sari
2004 1770 2256 1827 homines
2291 1770 2580 1826 Dominum
2624 1774 2923 1839 timentes;
2975 1772 3422 1844 quandoquidem

131 1858 232 1912 τὸν
261 1858 467 1930 Κύριον
488 1875 503 1888 ·
528 1859 664 1912 ὅπου
691 1874 758 1926 γε
796 1857 894 1910 καὶ
920 1857 1021 1929 τὴν
1050 1858 1150 1929 σὴν
1180 1857 1489 1914 θεοσέϐειαν
1522 1876 1728 1914 παντα-

133 1951 298 2022 χόθεν
321 1952 470 2022 ὑμῖν,
514 1950 590 2014 ῶς
630 1950 836 2011 ἀκούω,
890 1949 988 2003 τοῦ
1029 1950 1265 2022 πολέμου
1318 1951 1726 2024 περιχυθέντος,

132 2041 352 2114 ἀϐλαϐῆ
375 2039 682 2110 διεφύλαξε.
717 2042 830 2096 Καὶ
855 2040 1111 2110 φυλάξειέ
1146 2042 1328 2113 γε(65)
1347 2043 1484 2114 πρὸς
1504 2043 1565 2096 τὸ
1601 2045 1727 2114 ἑξῆς

133 2134 167 2186 ὁ
196 2130 422 2196 δυνατὸς
453 2130 587 2195 Θεὸς
616 2133 768 2202 ἡμῖν,
793 2131 887 2184 ἐὰν
910 2131 990 2184 ἔτι
1032 2131 1216 2204 ζῶμεν
1243 2132 1377 2204 (64),
1399 2133 1460 2186 τὸ
1500 2133 1731 2188 πολύευ-

134 2214 270 2279 κτον
299 2222 507 2295 θέαμω
531 2221 565 2295 ἢ
605 2225 717 2288 τοῖς
744 2222 876 2292 γοῦν
901 2223 1104 2286 ἄλλοις,
1127 2223 1177 2275 οἳ
1207 2224 1308 2294 τὴν
1344 2222 1444 2295 σὴν
1472 2224 1730 2278 ἐπάνοδον

133 2313 317 2379 οὕτως
368 2314 751 2387 ἀναμένουσιν,
801 2315 878 2379 ὼς
922 2316 1130 2369 οἰκείαν
1158 2316 1372 2370 ἑαυτῶν
1409 2317 1687 2387 σωτηρίαν
1708 2357 1722 2371 .

134 2407 453 2480 Πέπεισμαι
489 2406 622 2479 γάρ,
661 2408 744 2461 ὅτι
797 2410 910 2471 τοῖς
940 2408 1171 2480 δάκρυσι
1209 2407 1320 2462 τῶν
1358 2409 1722 2480 Ἐκκλησιῶν,

134 2500 241 2555 καὶ
263 2502 376 2564 τοῖς
414 2501 742 2570 στεναγμοῖς
785 2494 868 2564 οἷς
901 2498 995 2554 ἐπὶ
1029 2500 1114 2553 σοὶ
1164 2499 1276 2570 (65)
1307 2501 1510 2566 πάντες
1542 2502 1732 2557 στενά-

136 2590 295 2655 ζουσι
329 2587 584 2662 προσχὼν
606 2590 634 2641 ὁ
660 2588 1065 2661 φιλάνθρωπος,
1087 2579 1403 2659 διαφυλάξει
1426 2607 1485 2644 σε
1510 2590 1588 2662 τῷ
1607 2590 1729 2663 βίῳ,

135 2684 249 2747 ἕως
275 2684 343 2737 ἀν
385 2681 461 2755 δῶ
506 2683 606 2755 τὴν
626 2682 787 2755 χάριν
813 2686 926 2747 τοῖς
962 2683 1157 2748 νυκτὸς
1189 2684 1284 2737 καὶ
1310 2684 1523 2756 ἡμέρας
1550 2684 1734 2756 δεομέ-

139 2792 260 2839 νοις
298 2775 486 2830 αύτοῦ.
549 2775 631 2830 Τὰ
688 2777 787 2848 μὲν
839 2771 934 2831 οῦν
978 2776 1141 2848 μέχρι
1174 2777 1275 2848 τῆς
1310 2776 1603 2849 ἐπιδημίας
1633 2777 1730 2830 τοῦ

137 2867 431 2940 ἀγαπητοῦ
466 2868 696 2939 ἀδελφοῦ
728 2868 887 2941 ἡμῶν
946 2868 1204 2923 Λιϐανίου
1249 2867 1346 2922 τοῦ
1382 2868 1729 2923 συνδιακόνου

139 2961 513 3033 πεπραγμένα
564 2961 688 3016 καθ’
746 2961 903 3032 ὑμῶν
942 2960 1054 3033 (66)
1101 2960 1170 3014 δι’
1210 2960 1378 3015 αὑτοῦ
1441 2960 1583 3015 κατά
1630 2960 1732 3033 τὴν

136 3053 381 3127 πάροδον
412 3052 613 3117 ἱκανῶς
645 3052 1005 3125 ἐδιδάχθημεν
1031 3064 1048 3083 ⁵
1092 3052 1162 3107 τά
1188 3051 1248 3107 δέ
1268 3052 1366 3106 ἀπ’
1392 3052 1602 3107 ἐκείνου
1635 3050 1731 3106 τοῦ

1835 1861 2091 1932 pietatem
2130 1871 2279 1917 tuam
2322 1863 2468 1919 bello
2518 1863 2779 1935 undique,
2831 1871 2891 1919 ut
2937 1865 3122 1930 audio,
3163 1880 3260 1921 vos
3306 1865 3422 1919 cir-

1834 1960 2166 2019 cumstante,
2204 1955 2535 2011 incolumem
2587 1957 2849 2012 servavit.
2892 1956 2960 2011 Et
2987 1958 3197 2011 utinam
3241 1964 3422 2013 servet

1835 2046 2184 2116 omnipotens
2207 2045 2351 2102 Deus
2384 2047 2565 2112 nobis,
2598 2048 2988 2115 sivixerimus,
3022 2051 3423 2120 peroptandum

1837 2137 2238 2207 spectaculum,
2290 2146 2381 2193 aut
2428 2139 2625 2195 saltem
2674 2140 2817 2207 aliis,
2854 2141 2948 2212 qui
2981 2148 3137 2196 tuum
3183 2142 3422 2198 reditum

1836 2227 2065 2297 perinde
2088 2236 2409 2297 exspectant
2435 2235 2496 2281 ut
2526 2242 2684 2283 suam
2710 2229 2957 2298 ipsorum
2982 2230 3251 2284 salutem!
3283 2228 3423 2284 Nam

1836 2316 2083 2372 futurum
2111 2318 2247 2372 mihi
2291 2318 2616 2389 persuadeo,
2651 2326 2713 2372 ut
2752 2318 3125 2374 Ecclesiarum
3161 2320 3423 2392 lacrymis

1835 2418 1892 2466 et
1919 2411 2236 2480 gemitibus,
2268 2427 2407 2481 quos
2436 2421 2530 2466 tua
2572 2426 2741 2468 causa
2769 2428 2963 2471 omnes
2995 2412 3303 2482 eifundunt,
3341 2424 3427 2470 at-

1838 2509 2024 2560 tentus
2070 2503 2393 2561 misericors
2443 2503 2586 2560 Deus
2634 2505 2969 2560 incolumem
3025 2514 3077 2561 te
3119 2507 3421 2574 custodiat,

1838 2595 2016 2651 donec
2041 2603 2250 2650 annuat
2288 2595 2381 2663 iis,
2415 2595 2509 2666 qui
2550 2612 2678 2652 eum
2709 2604 2880 2652 noctu
2919 2613 2985 2653 ac
3019 2596 3257 2655 interdiu
3299 2615 3426 2671 pre-

1838 2695 2054 2742 cantur.
2089 2686 2354 2758 Equidem
2395 2703 2518 2759 quae
2561 2704 2738 2760 usque
2767 2688 2836 2744 ad
2872 2688 3062 2746 dilecti
3102 2690 3293 2750 fratris
3332 2708 3427 2748 no-

1838 2781 1940 2835 stri
1971 2779 2193 2836 Libanii
2236 2781 2566 2837 condiaconi
2610 2781 2908 2839 adventum
2939 2790 3134 2840 contra
3159 2799 3260 2843 vos
3300 2794 3427 2842 acta

1839 2880 1991 2939 sunt,
2029 2873 2168 2929 satis
2190 2888 2260 2929 ex
2293 2873 2416 2943 ipso
2448 2882 2771 2931 transeunte
2798 2875 2983 2932 edocti
3020 2892 3217 2935 sumus
3251 2895 3266 2935 :
3301 2893 3428 2951 qua

1837 2978 1971 3020 vero
2015 2964 2085 3019 ab
2131 2963 2228 3019 illo
2269 2971 2517 3035 tempore
2564 2966 2952 3037 contigerunt,
2998 2966 3218 3025 discere
3265 2970 3429 3042 cupi-

1839 3070 1986 3111 mus.
2033 3053 2240 3127 Majora
2290 3056 2440 3111 enim
2472 3056 2766 3127 interiecto
2793 3065 3042 3129 tempore
3087 3068 3143 3117 et
3170 3063 3428 3134 graviora

137 3146 341 3218 χρόνου
395 3144 627 3217 δεόμεθα
657 3143 869 3216 μαθεῖν.
912 3142 1153 3209 Μείζονα
1180 3144 1292 3217 γὰρ
1325 3144 1386 3197 ἐν
1419 3143 1501 3215 τῷ
1531 3142 1735 3214 μεταξὺ

1843 3148 2097 3204 audimus
2130 3147 2277 3203 mala
2302 3148 2431 3205 istic
2462 3148 2719 3206 evenisse
2749 3167 2763 3205 :
2790 3165 2914 3222 quae
2944 3152 3188 3223 quidem,
3223 3154 3270 3210 si
3306 3155 3426 3211 fieri

139 3240 244 3295 καὶ
296 3237 656 3310 χαλεπώτερα
695 3236 968 3309 ἀκούομεν
1015 3237 1347 3308 γεγενῆσθαι
1411 3236 1558 3310 πάθη
1594 3236 1735 3308 ’περὶ⁸

137 3333 273 3396 τοὺς
293 3332 494 3396 τόπους
518 3330 632 3402 (67)
660 3346 675 3361 ο
705 3329 873 3402 ἀπερ,
905 3330 1001 3385 ἐὰν
1031 3324 1178 3401 μένῇ
1203 3329 1450 3394 δυνατὸν,
1480 3331 1577 3384 καὶ
1606 3329 1737 3384 θᾶτ-

137 3441 237 3479 τον
259 3423 392 3495 (68),
419 3425 468 3477 εί
512 3422 571 3477 δὲ
621 3422 717 3494 μὴ,
746 3421 837 3477 διὰ
858 3419 991 3491 γοῦν
1023 3419 1120 3474 τοῦ
1154 3422 1555 3478 εὐλαϐεστάτου
1580 3424 1734 3478 ἀδελ-

140 3517 252 3588 φοῦ
281 3515 498 3571 Παύλου
549 3515 644 3569 τοῦ
685 3514 1173 3588 συμπρεσϐυτέρου
1194 3515 1512 3579 ἐπανιόντος
1544 3515 1737 3587 μάθοι-

146 3627 276 3681 μεν,
313 3609 390 3674 ὡς
436 3608 731 3680 εὐχόμεθα,
780 3607 864 3661 ὅτι
896 3605 1137 3679 ἀϐλαϐὴς
1180 3608 1277 3661 καὶ
1327 3607 1737 3679 ἀνεπηρέαστος

145 3702 309 3775 ὑμῶν
368 3701 696 3773 φυλάττεται
731 3702 767 3773 ἠ
792 3698 930 3772 ζωή.
963 3698 1064 3753 Διά
1108 3699 1166 3753 δὲ
1198 3698 1261 3752 τὸ
1291 3699 1526 3754 ἀκοῦσαι
1555 3699 1736 3755 πάντα

145 3780 375 3871 λῃστῶν’
410 3794 508 3850 καὶ
554 3793 895 3866 δησερτόρων
944 3791 1052 3865 (69)
1111 3791 1502 3864 πεπληρῶσθαι
1545 3791 1615 3845 τὰ
1637 3793 1737 3864 τῆς

142 3887 297 3953 ὁδοῦ,
320 3885 670 3959 ἐφοϐήθημεν
696 3902 748 3938 τι
773 3886 854 3949 είς
877 3886 1069 3956 χεῖρας
1088 3882 1344 3955 ἐμϐαλεῖν
1366 3883 1461 3937 τοῦ
1481 3881 1735 3953 ἀδελφοῦ,

150 3981 231 4054 μὴ
262 3981 356 4035 καὶ
383 3979 532 4051 αὐτῷ
560 3978 672 4051 (70)
696 3976 975 4050 παραίτιοι
992 3975 1226 4031 θανάτου
1255 3974 1565 4048 γενώμεθα.
1607 3975 1736 4030 Ἐὰν

142 4074 207 4129 δὲ
250 4072 328 4144 δῷ
375 4075 404 4127 ὁ
448 4071 655 4144 Κύριος
683 4070 913 4144 μετρίαν
941 4068 1207 4140 γαλήνην,
1234 4068 1311 4132 ὡς
1337 4068 1608 4139 ἀκούομεν
1638 4067 1736 4122 τοῦ

147 4164 522 4238 στρατοπέδου
589 4163 690 4235 τὴν
733 4160 990 4234 πάροδον,
1045 4159 1420 4231 σπουδάσομεν
1482 4160 1579 4214 καὶ¹
1626 4159 1737 4214 τῶν

143 4250 442 4325 ἡμετέρων
500 4247 784 4320 ἐκπέμψαι
835 4245 979 4311 τινὰ,
1017 4246 1111 4299 τὸν
1149 4244 1585 4316 ἐπισκεψόμενον
1645 4245 1739 4299 καὶ

144 4346 362 4399 ἕκαστα
384 4344 516 4416 ἡμῖν
533 4340 644 4395 τῶν
660 4340 792 4412 παρ’
820 4339 947 4410 ὑμῖν
982 4337 1094 4410 (7i)
1117 4336 1543 4406 ἀναγγέλλοντα.

243 4526 339 4599 62)
371 4525 664 4599 Εὔθυμος.
696 4517 842 4573 Editi
869 4516 964 4571 καὶ
1010 4515 1268 4587 εῦθυμος.
1315 4515 1477 4572 Deest
1504 4517 1737 4589 conjun-
1766 4530 1814 4588 υ

145 4600 268 4656 ctio
287 4594 353 4652 in
380 4594 814 4666 plerisque‘mss.

221 4668 338 4739 (65)
362 4655 1128 4739 Πανταχόθεν-Ἥρυλάξειέ
1150 4673 1236 4739 γε.
1264 4655 1348 4739 Ita
1373 4665 1584 4739 veteres
1607 4656 1735 4739 libri

144 4727 372 4798 summo
407 4727 703 4791 consensu.
735 4728 881 4785 Editi
929 4727 1258 4798 πανταχόσε,
1303 4736 1357 4783 et
1402 4729 1564 4798 paulo
1610 4734 1737 4799 post

146 4805 609 4879 δωφρλάξειέγεο
750 4868 770 4879 -
851 4876 861 4879 _
1056 4875 1064 4879 _
1145 4866 1182 4879 Α.
1252 4866 1263 4879 .
1329 4867 1341 4879 .
1452 4866 1487 4879 ..

222 4820 498 4879 ιφυλαξειε
522 4820 609 4936 ἔς.
1169 4866 1182 4878 .
1252 4866 1263 4879 ,
1474 4866 1487 4878 .

222 4878 340 4952 (ϐξ)
371 4878 528 4952 Ἔτι.-
548 4868 830 4952 magna?
846 4876 966 4952 tres
983 4867 1345 4924 vetustnssrmi
1366 4866 1588 4923 codices
1609 4881 1737 4921 cum

148 4940 409 5024 pluribus
424 4940 606 5024 .aliis._’
619 4941 766 5024 Editi
784 4940 1101 5024 ξπιςῶμεν,

225 5004 343 5094 (65)
377 5012 609 5094 algent
632 5011 753 5067 σοι.
784 5004 1038 5094 Plerique
1066 5004 1324 5094 niss._oi);
1346 5006 1570 5094 ⁶σοί.
1603 5005 1740 5063 Har-

150 5076 366 5149 tzeanus
400 5076 764 5143 et’Medicasus
790 5076 1146 5136 consentiunt
1178 5076 1521 5149 cuinieditis.

226 5160 342 5232 (66)
376 5157 517 5213 Καθ’
549 5152 736 5232 ήμῶν.
770 5150 924 5232 Multi
954 5149 1172 5232 codices
1204 5146 1327 5232 καθ’
1357 5147 1523 5232 ὑμᾶς.

226 5216 340 5306 i675
366 5216 739 5306 ζεγξννῖῐσθαι
788 5220 951 5306 πιιςθη
1000 5216 1618 5306 εἱερέἰοῆςὶἐίίφέλςι
1648 5216 1738 5306 ."F

148 5285 338 5366 Ποῖ-1.,
367 5285 538 5354 Coisl.
569 5285 833 5366 uterque,
852 5285 974 5366 νει.
994 5296 1059 5366 _ct
1088 5285 1223 5366 Reg.
1256 5288 1535 5366 secundus
1566 5295 1622 5343 et
1647 5304 1740 5366 ve:

148 5356 337 5434 ἱῐιέιεέ
362 5370 650 5427 editiones.
711 5356 1040 5418 Parisiensis
1102 5356 1347 5427 γίνεσθαι
1406 5357 1554 5430 πάθη
1610 5358 1741 5429 περὶ

150 5443 403 5505 ἐκείνους
432 5436 923 5513 τρὺς,τόπους;1.
1043 5501 1079 5513 _.
1578 5500 1590 5513 .

226 5497 345 5586 (68)
521 5497 1119 5586 ᾷᾶττονζρρηίιιιιοιω
1163 5497 1348 5586 adjdita
1369 5514 1458 5586 er
1494 5500 1743 5586 quinque

149 5569 298 5643 mss.
326 5569 574 5639 'melioris
600 5587 761 5633 noue.
797 5573 892 5628 Sic
906 5569 1081 5629 etiam
1115 5569 1335 5643 eosdem
1360 5569 1532 5643 secuti
1563 5569 1744 5626 muta-

152 5640 341 5711 vimus
363 5652 508 5725 quod
540 5647 682 5706 infra
710 5646 990 5719 legebatur
1021 5644 1075 5698 in
1105 5640 1267 5698 editis
1294 5640 1742 5709 διαφυλάττονται

157 5727 330 5795 ὑμῶν.

1838 3242 2034 3311 possit,
2067 3241 2235 3297 etiam
2260 3240 2452 3306 citius,
2490 3241 2578 3297 sin
2606 3244 2814 3309 minus,
2856 3244 3049 3302 saltem
3071 3261 3169 3317 per
3206 3247 3429 3320 religio-

1837 3332 2120 3389 sissimum
2169 3332 2398 3388 fratrem
2450 3331 2683 3388 Paulum
2718 3334 3250 3406 compresbyterum,
3292 3351 3425 3395 cum

1838 3432 2169 3491 revertetur,
2198 3425 2480 3482 discamus
2510 3425 2586 3480 ita
2605 3440 2752 3493 esse,
2788 3434 2850 3481 ut
2879 3442 3194 3498 precamur,
3229 3445 3427 3501 nempe

1836 3518 2007 3573 vitam
2042 3526 2194 3572 tuam
2230 3518 2565 3573 incolumem
2594 3524 2650 3574 et
2681 3518 2912 3575 illaesum
2944 3520 3236 3576 custodiri.
3271 3519 3425 3587 Quo-

1836 3612 1989 3667 niam
2016 3618 2199 3666 autem
2237 3610 2552 3666 audivimus
2578 3617 2811 3668 cunctas
2838 3611 3195 3682 praedonibus
3236 3627 3301 3668 ac
3326 3614 3422 3670 de-

1839 3703 2150 3760 sertoribus
2190 3702 2427 3759 refertas
2475 3718 2598 3760 esse
2637 3703 2793 3771 vias,
2847 3704 3007 3760 veriti
3033 3702 3200 3778 ‘15
3230 3721 3427 3764 sumus

1837 3796 2139 3867 quidquam
2186 3795 2244 3849 in
2294 3793 2484 3850 fratris
2529 3809 2729 3851 manus
2759 3794 2999 3860 tradere,
3036 3812 3109 3853 ne
3154 3797 3207 3853 ei
3254 3799 3425 3854 etiam

1837 3887 2036 3944 mortis
2068 3901 2238 3943 causa
2272 3886 2469 3942 simus.
2512 3884 2669 3954 Quod
2701 3886 2747 3943 si
2773 3886 2986 3944 dederit
3013 3887 3281 3947 Dominus
3305 3906 3426 3947 mo-

1836 3978 2018 4035 dicam
2071 3977 2537 4049 tranquillitatem
2593 3978 2889 4051 (siquidem
2938 3981 3219 4038 excrcitus
3266 3982 3426 4039 audi-

1836 4086 1962 4128 mus
1999 4070 2345 4139 adventum),
2382 4069 2708 4127 curabimus
2734 4077 2790 4127 et
2835 4080 3152 4129 nostrorum
3184 4073 3424 4146 aliquem

1837 4163 2077 4230 mittere,
2131 4162 2227 4234 qui
2274 4178 2375 4220 vos
2415 4163 2642 4231 invisat,
2692 4171 2750 4221 et
2796 4164 3012 4238 singula
3052 4181 3174 4238 quae
3215 4167 3284 4223 ad
3323 4183 3423 4224 vos

1837 4265 2116 4330 spectant,
2154 4256 2320 4314 nobis
2347 4257 2586 4315 nuntiet.

1911 4522 2022 4597 (69)
2042 4522 2153 4597 Kal
2174 4520 2572 4597 ϐησερτόρῳν.
2594 4517 2672 4574 Ita
2702 4518 2874 4597 code;
2889 4518 3189 4597 vaticanus
3212 4540 3267 4579 .n
3290 4523 3428 4597 duo-

1841 4590 1947 4653 bus
1981 4590 2157 4661 locis;
2190 4592 2287 4662 bis
2315 4590 2462 4647 enim
2494 4591 2611 4662 haec
2654 4590 2889 4662 epistola
2930 4593 2987 4647 in
3013 4595 3208 4650 eodem
3236 4590 3428 4651 codice

1840 4660 2149 4749 reperituIL.’
2181 4660 2272 4717 Sic
2302 4662 2466 4749 etiam
2507 4660 3198 4749 codex'glarohmontanus.
3223 4662 3426 4749 Regius

1841 4730 2055 4808 primus
2097 4732 2484 4805 δησαρτόρων·
2537 4730 2811 4786 secundus
2862 4732 3208 4805 δισερτόρων.
3251 4730 3426 4790 Coisl.

1842 4807 2053 4874 primus
2075 4803 2406 4874 δισεκτόρων
2426 4818 2441 4833 ·
2473 4802 2747 4857 secundus
2761 4801 3111 4874 δισερτέρων.
3138 4803 3427 4861 Μθόίοωυε

1881 4824 2053 4861 rimus
2075 4824 2402 4874 οισεκτορων
2427 4824 2441 4833 “
2473 4824 2747 4857 δευυιιυυε
2761 4824 3111 4874 οισερτερων.
3138 4824 3427 4861 1180108118

1842 4824 2179 4949 ἓυσερτύρων
2203 4872 2445 4949 secunda
2462 4886 2627 4949 manu
2648 4880 2743 4949 ;_at
2769 4874 2944 4949 prima
2968 4874 3233 4949 scripturn
3256 4875 3428 4949 fuisse

1843 4942 2178 5018 δεσερτόρων
2211 4943 2437 5018 conjicit
2467 4942 2826 5018 doctissimus
2854 4942 3152 5018 Salvinius.
3189 4943 3428 5018 Harlaaa-

1844 5031 1953 5073 nus
1971 5011 2130 5069 'nunc
2155 5011 2323 5068 habet
2346 5020 2405 5066 ut
2438 5012 2568 5067 editi
2609 5011 2929 5094 διακτόρων,
2966 5022 3022 5068 at
3050 5015 3178 5069 olim
3210 5016 3428 5072 videtur

1845 5086 2106 5141 habuisse
2145 5082 2493 5141 δισερτόρων.
2523 5079 2645 5136 Νοη
2679 5082 2905 5138 dubium
2940 5092 3026 5138 est
3054 5086 3190 5141 quin
3242 5086 3430 5141 leuen-

1845 5086 2106 5141 habuisse
2145 5084 2493 5155 δισερτόρων.
2523 5084 2645 5136 Non
2679 5084 2905 5138 dubium
2940 5092 3026 5138 est
3054 5086 3190 5154 quin
3242 5086 3428 5157 legen-

1845 5156 1976 5237 dum
2002 5156 2087 5237 sit
2114 5152 2478 5237 δησερτόρῶν,
2513 5151 2996 5237 νεὶμδεσεειόρῳν,
3029 5170 3155 5209 cum
3210 5165 3428 5237 constet

1845 5234 1980 5282 tunc
2002 5215 2315 5288 Thraciam,
2348 5215 2439 5278 ubi
2464 5222 2753 5278 exsulabat
2772 5215 3069 5290 Eusebius,
3096 5225 3426 5295 gravissimo

1845 5296 2261 5375 δειὶίῑβεξίξεεο.
2322 5362 2349 5375 ..
2416 5362 2452 5375 ,.
2537 5363 2550 5375 .
2670 5362 2706 5375 -.

1942 5366 2030 5432 70)
2061 5366 2172 5421 Kal
2194 5362 2377 5430 αὐτῷ.
2412 5362 2745 5432 Coniunctio
2772 5361 2961 5418 addita
2997 5380 3065 5420 ex
3096 5379 3193 5421 sex
3218 5380 3355 5423 mss.

1942 5368 2008 5422 70
2061 5368 2172 5421 Kal
2194 5368 2377 5430 αὐτῷ.
2412 5368 2745 5432 Conjunctio
2772 5368 2961 5418 addita
2997 5380 3065 5420 ex
3096 5379 3193 5421 sex
3218 5380 3355 5423 mss.

1916 5368 2031 5509 (7i;
2069 5433 2419 5514 Παιδί-ὑγιῆἒ
2452 5432 2828 5514 _Co_nser_t_tiunt
2861 5433 2918 5514 in
2960 5435 3066 5514 liae
3111 5451 3275 5514 voce_
3300 5436 3429 5492 libri

1847 5502 2084 5567 veteres.
2111 5505 2258 5560 Editi
2290 5502 2419 5575 παρ’
2444 5502 2619 5573 ὑμῶν.
2650 5502 2854 5575 [bidem
2875 5504 3047 5561 Coisl.
3069 5505 3347 5563 secundus
3375 5514 3431 5563 et

1847 5580 1982 5649 Reg.
2002 5575 2387 5649 secundus_fcbu
2402 5575 2498 5627 καὶ
2513 5575 2942 5649 ἐπισκεξιρμενον
2957 5577 3053 5631 καὶ
3072 5577 3428 5647 ἀγγελοῦντα.

1922 5595 1982 5649 τε.
2002 5576 2280 5634 secundus
2295 5572 2386 5628 τὸν
2402 5572 2498 5627 καὶ
2513 5577 2705 5627 ὲπισκε

1922 5656 1937 5673 ”
1972 5648 2119 5703 Alias
2143 5645 2235 5701 1x.
2269 5646 2488 5716 Scripta
2524 5659 2671 5700 anno
