  <div class='ocr_page' id='page_1' title='image "/cluster/home/n/w/nwhite01/storage/ocr_20150623/32/nnc1.0046978879/577.png"; bbox 0 0 3856 6224; ppageno 0'>
   <div class='ocr_carea' id='block_1_1' title="bbox 445 228 551 288">
    <p class='ocr_par' dir='ltr' id='par_1_1' title="bbox 445 228 551 288">
     <span class='ocr_line' id='line_1_1' title="bbox 445 228 551 288; baseline 0 0"><span class='ocrx_word' id='word_1_1' title='bbox 445 228 551 288; x_wconf 79' lang='lat'><strong><em>999</em></strong></span> 
     </span>
    </p>
   </div>
   <div class='ocr_carea' id='block_1_2' title="bbox 882 367 1585 429">
    <p class='ocr_par' dir='ltr' id='par_1_2' title="bbox 882 367 1585 429">
     <span class='ocr_line' id='line_1_2' title="bbox 882 367 1585 429; baseline 0.007 -6"><span class='ocrx_word' id='word_1_2' title='bbox 882 367 1226 427; x_wconf 81' lang='lat' dir='ltr'><strong><em>EPISTOLA</em></strong></span> <span class='ocrx_word' id='word_1_3' title='bbox 1263 369 1525 429; x_wconf 81' lang='lat' dir='ltr'><strong>CCLXIX</strong></span> <span class='ocrx_word' id='word_1_4' title='bbox 1548 374 1585 428; x_wconf 79' lang='lat'><strong><em>‘.</em></strong></span> 
     </span>
    </p>
   </div>
   <div class='ocr_carea' id='block_1_3' title="bbox 1735 236 2336 298">
    <p class='ocr_par' dir='ltr' id='par_1_3' title="bbox 1735 236 2336 298">
     <span class='ocr_line' id='line_1_3' title="bbox 1735 236 2336 298; baseline 0.008 -7"><span class='ocrx_word' id='word_1_5' title='bbox 1735 236 1793 293; x_wconf 82' lang='lat' dir='ltr'><strong><em>S.</em></strong></span> <span class='ocrx_word' id='word_1_6' title='bbox 1836 236 2084 294; x_wconf 57' lang='lat' dir='ltr'><strong><em>BASlLil</em></strong></span> <span class='ocrx_word' id='word_1_7' title='bbox 2120 239 2336 298; x_wconf 75' lang='lat' dir='ltr'><strong>MAGNI</strong></span> 
     </span>
    </p>
   </div>
   <div class='ocr_carea' id='block_1_4' title="bbox 3590 254 3742 311">
    <p class='ocr_par' dir='ltr' id='par_1_4' title="bbox 3590 254 3742 311">
     <span class='ocr_line' id='line_1_4' title="bbox 3590 254 3742 311; baseline 0.013 -2"><span class='ocrx_word' id='word_1_8' title='bbox 3590 254 3742 311; x_wconf 69' lang='lat'><strong><em>1000</em></strong></span> 
     </span>
    </p>
   </div>
   <div class='ocr_carea' id='block_1_5' title="bbox 2657 379 3213 434">
    <p class='ocr_par' dir='ltr' id='par_1_5' title="bbox 2657 379 3213 434">
     <span class='ocr_line' id='line_1_5' title="bbox 2657 379 3213 434; baseline 0.005 -3"><span class='ocrx_word' id='word_1_9' title='bbox 2657 379 3008 434; x_wconf 81' lang='grc' dir='ltr'><strong><em>ΕΙΠΣΤΟΛΗ</em></strong></span> <span class='ocrx_word' id='word_1_10' title='bbox 3041 379 3182 434; x_wconf 72' lang='grc' dir='ltr'><strong><em>ΣΞΘ*</em></strong></span> <span class='ocrx_word' id='word_1_11' title='bbox 3197 403 3213 415; x_wconf 70' lang='grc' dir='ltr'><strong><em>ο</em></strong></span> 
     </span>
    </p>
   </div>
   <div class='ocr_carea' id='block_1_6' title="bbox 445 476 3735 565">
    <p class='ocr_par' dir='ltr' id='par_1_6' title="bbox 445 476 3735 565">
     <span class='ocr_line' id='line_1_6' title="bbox 445 476 3735 565; baseline 0.005 -34"><span class='ocrx_word' id='word_1_12' title='bbox 445 476 682 565; x_wconf 66' lang='grc' dir='ltr'><strong><em>Δνξηιίιωὶ</em></strong></span> <span class='ocrx_word' id='word_1_13' title='bbox 712 480 889 565; x_wconf 59' lang='lat' dir='ltr'><strong><em>mortui:</em></strong></span> <span class='ocrx_word' id='word_1_14' title='bbox 907 495 1110 565; x_wconf 47' lang='lat' dir='ltr'><strong><em>angorem</em></strong></span> <span class='ocrx_word' id='word_1_15' title='bbox 1133 482 1409 565; x_wconf 51' lang='lat' dir='ltr'><strong><em>consolJatur</em></strong></span> <span class='ocrx_word' id='word_1_16' title='bbox 1433 483 1825 565; x_wconf 58' lang='lat' dir='ltr'><strong><em>Bdsilius,_eiqtte</em></strong></span> <span class='ocrx_word' id='word_1_17' title='bbox 1851 492 2022 565; x_wconf 52' lang='lat' dir='ltr'><strong><em>auctor</em></strong></span> <span class='ocrx_word' id='word_1_18' title='bbox 2042 494 2131 565; x_wconf 58' lang='lat' dir='ltr'><strong><em>est,</em></strong></span> <span class='ocrx_word' id='word_1_19' title='bbox 2151 493 2204 565; x_wconf 70' lang='grc' dir='ltr'><strong><em>ιιι</em></strong></span> <span class='ocrx_word' id='word_1_20' title='bbox 2222 495 2267 565; x_wconf 75' lang='lat' dir='ltr'><strong><em>et</em></strong></span> <span class='ocrx_word' id='word_1_21' title='bbox 2289 497 2455 565; x_wconf 62' lang='lat' dir='ltr'><strong><em>rerum</em></strong></span> <span class='ocrx_word' id='word_1_22' title='bbox 2473 488 2796 565; x_wconf 71' lang='lat' dir='ltr'><strong><em>humanarum</em></strong></span> <span class='ocrx_word' id='word_1_23' title='bbox 2815 488 3105 562; x_wconf 79' lang='lat' dir='ltr'><strong><em>conditionis</em></strong></span> <span class='ocrx_word' id='word_1_24' title='bbox 3125 500 3396 565; x_wconf 33' lang='lat' dir='ltr'><strong><em>memory-et</em></strong></span> <span class='ocrx_word' id='word_1_25' title='bbox 3418 495 3594 565; x_wconf 72' lang='lat' dir='ltr'><strong><em>mariti</em></strong></span> <span class='ocrx_word' id='word_1_26' title='bbox 3632 504 3735 549; x_wconf 70' lang='lat' dir='ltr'><strong><em>tam</em></strong></span> 
     </span>
    </p>
   </div>
   <div class='ocr_carea' id='block_1_7' title="bbox 508 539 3735 624">
    <p class='ocr_par' dir='ltr' id='par_1_7' title="bbox 508 539 3735 624">
     <span class='ocr_line' id='line_1_7' title="bbox 508 539 3735 624; baseline 0.006 -32"><span class='ocrx_word' id='word_1_27' title='bbox 508 539 559 624; x_wconf 64' lang='lat' dir='ltr'><strong><em>in</em></strong></span> <span class='ocrx_word' id='word_1_28' title='bbox 574 541 664 624; x_wconf 51' lang='lat' dir='ltr'><strong><em>Et:</em></strong></span> <span class='ocrx_word' id='word_1_29' title='bbox 695 542 792 593; x_wconf 80' lang='lat' dir='ltr'><strong><em>vita</em></strong></span> <span class='ocrx_word' id='word_1_30' title='bbox 812 544 1119 624; x_wconf 65' lang='lat' dir='ltr'><strong><em>splendprern</em></strong></span> <span class='ocrx_word' id='word_1_31' title='bbox 1137 547 1470 624; x_wconf 57' lang='lat' dir='ltr'><strong><em>eopsiderarrs,</em></strong></span> <span class='ocrx_word' id='word_1_32' title='bbox 1498 555 1599 597; x_wconf 78' lang='lat' dir='ltr'><strong><em>tum</em></strong></span> <span class='ocrx_word' id='word_1_33' title='bbox 1618 539 1765 618; x_wconf 65' lang='lat' dir='ltr'><strong><em>etimit</em></strong></span> <span class='ocrx_word' id='word_1_34' title='bbox 1788 546 1841 598; x_wconf 80' lang='lat' dir='ltr'><strong><em>in</em></strong></span> <span class='ocrx_word' id='word_1_35' title='bbox 1857 550 2014 624; x_wconf 63' lang='lat' dir='ltr'><strong><em>altera</em></strong></span> <span class='ocrx_word' id='word_1_36' title='bbox 2037 539 2397 624; x_wconf 63' lang='lat' dir='ltr'><strong><em>felicitatemob</em></strong></span> <span class='ocrx_word' id='word_1_37' title='bbox 2419 539 2697 614; x_wconf 71' lang='lat' dir='ltr'><strong><em>susceptum</em></strong></span> <span class='ocrx_word' id='word_1_38' title='bbox 2717 539 3392 618; x_wconf 51' lang='lat' dir='ltr'><strong><em>biiiii&#39;uiaﬁiisa&#39;</em></strong></span> 
     </span>
    </p>
   </div>
   <div class='ocr_carea' id='block_1_8' title="bbox 505 603 2487 676">
    <p class='ocr_par' dir='ltr' id='par_1_8' title="bbox 505 603 2487 676">
     <span class='ocr_line' id='line_1_8' title="bbox 505 603 2487 676; baseline 0.005 -22"><span class='ocrx_word' id='word_1_39' title='bbox 505 609 554 654; x_wconf 79' lang='lat' dir='ltr'><strong><em>et</em></strong></span> <span class='ocrx_word' id='word_1_40' title='bbox 570 603 637 654; x_wconf 79' lang='lat' dir='ltr'><strong><em>ad</em></strong></span> <span class='ocrx_word' id='word_1_41' title='bbox 659 603 955 670; x_wconf 71' lang='lat' dir='ltr'><strong><em>promissam</em></strong></span> <span class='ocrx_word' id='word_1_42' title='bbox 977 607 1223 671; x_wconf 75' lang='lat' dir='ltr'><strong><em>patientiae</em></strong></span> <span class='ocrx_word' id='word_1_43' title='bbox 1240 612 1513 659; x_wconf 78' lang='lat' dir='ltr'><strong><em>mercedem</em></strong></span> <span class='ocrx_word' id='word_1_44' title='bbox 1536 609 1822 674; x_wconf 78' lang='lat' dir='ltr'><strong><em>respiciens,</em></strong></span> <span class='ocrx_word' id='word_1_45' title='bbox 1847 609 2011 662; x_wconf 82' lang='lat' dir='ltr'><strong><em>dolori</em></strong></span> <span class='ocrx_word' id='word_1_46' title='bbox 2033 603 2233 662; x_wconf 73' lang='lat' dir='ltr'><strong><em>inodum</em></strong></span> <span class='ocrx_word' id='word_1_47' title='bbox 2256 612 2487 676; x_wconf 85' lang='lat' dir='ltr'><strong><em>imponat.</em></strong></span> 
     </span>
    </p>
   </div>
   <div class='ocr_carea' id='block_1_9' title="bbox 611 736 1850 812">
    <p class='ocr_par' dir='ltr' id='par_1_9' title="bbox 611 736 1850 812">
     <span class='ocr_line' id='line_1_9' title="bbox 611 736 1850 812; baseline 0.006 -19"><span class='ocrx_word' id='word_1_48' title='bbox 611 736 696 793; x_wconf 83' lang='lat' dir='ltr'><strong><em>Ad</em></strong></span> <span class='ocrx_word' id='word_1_49' title='bbox 717 740 991 812; x_wconf 85' lang='lat' dir='ltr'><strong><em>conjugem</em></strong></span> <span class='ocrx_word' id='word_1_50' title='bbox 1012 742 1276 798; x_wconf 73' lang='lat' dir='ltr'><strong><em>Arinthaei</em></strong></span> <span class='ocrx_word' id='word_1_51' title='bbox 1297 742 1448 797; x_wconf 72' lang='lat' dir='ltr'><strong><em>dacis</em></strong></span> <span class='ocrx_word' id='word_1_52' title='bbox 1471 744 1850 800; x_wconf 73' lang='lat' dir='ltr'><strong><em>consolatorie.</em></strong></span> 
     </span>
    </p>
   </div>
   <div class='ocr_carea' id='block_1_10' title="bbox 514 913 2029 990">
    <p class='ocr_par' dir='ltr' id='par_1_10' title="bbox 514 913 2029 990">
     <span class='ocr_line' id='line_1_10' title="bbox 514 913 2029 990; baseline 0.007 -21"><span class='ocrx_word' id='word_1_53' title='bbox 514 915 567 969; x_wconf 76' lang='grc' dir='ltr'>Ι.</span> <span class='ocrx_word' id='word_1_54' title='bbox 609 913 1050 973; x_wconf 87' lang='lat' dir='ltr'><strong><em>Consentaneum</em></strong></span> <span class='ocrx_word' id='word_1_55' title='bbox 1084 918 1305 990; x_wconf 89' lang='lat' dir='ltr'><strong><em>quidem</em></strong></span> <span class='ocrx_word' id='word_1_56' title='bbox 1338 928 1460 975; x_wconf 90' lang='lat' dir='ltr'><strong><em>erat</em></strong></span> <span class='ocrx_word' id='word_1_57' title='bbox 1487 927 1542 976; x_wconf 90' lang='lat' dir='ltr'><strong><em>et</em></strong></span> <span class='ocrx_word' id='word_1_58' title='bbox 1579 919 1826 977; x_wconf 82' lang='lat' dir='ltr'><strong><em>debitum</em></strong></span> <span class='ocrx_word' id='word_1_59' title='bbox 1861 924 2029 980; x_wconf 86' lang='lat' dir='ltr'><strong><em>animi</em></strong></span> 
     </span>
    </p>
   </div>
   <div class='ocr_carea' id='block_1_11' title="bbox 443 1005 2026 1084">
    <p class='ocr_par' dir='ltr' id='par_1_11' title="bbox 443 1005 2026 1084">
     <span class='ocr_line' id='line_1_11' title="bbox 443 1005 2026 1084; baseline 0.008 -26"><span class='ocrx_word' id='word_1_60' title='bbox 443 1005 523 1061; x_wconf 91' lang='lat' dir='ltr'><strong><em>tui</em></strong></span> <span class='ocrx_word' id='word_1_61' title='bbox 551 1008 740 1073; x_wconf 89' lang='lat' dir='ltr'><strong><em>statui,</em></strong></span> <span class='ocrx_word' id='word_1_62' title='bbox 766 1018 825 1062; x_wconf 91' lang='lat' dir='ltr'><strong><em>ut</em></strong></span> <span class='ocrx_word' id='word_1_63' title='bbox 855 1008 972 1078; x_wconf 89' lang='lat' dir='ltr'><strong><em>ipse</em></strong></span> <span class='ocrx_word' id='word_1_64' title='bbox 993 1024 1181 1065; x_wconf 89' lang='lat' dir='ltr'><strong><em>coram</em></strong></span> <span class='ocrx_word' id='word_1_65' title='bbox 1210 1012 1461 1067; x_wconf 80' lang='lat' dir='ltr'><strong><em>adessem</em></strong></span> <span class='ocrx_word' id='word_1_66' title='bbox 1488 1020 1543 1067; x_wconf 88' lang='lat' dir='ltr'><strong><em>et</em></strong></span> <span class='ocrx_word' id='word_1_67' title='bbox 1569 1027 1762 1067; x_wconf 89' lang='lat' dir='ltr'><strong><em>eorum</em></strong></span> <span class='ocrx_word' id='word_1_68' title='bbox 1789 1029 1910 1084; x_wconf 69' lang='lat' dir='ltr'><strong><em>quae</em></strong></span> <span class='ocrx_word' id='word_1_69' title='bbox 1933 1031 2026 1070; x_wconf 89' lang='lat' dir='ltr'><strong><em>ac-</em></strong></span> 
     </span>
    </p>
   </div>
   <div class='ocr_carea' id='block_1_12' title="bbox 442 1096 2027 1171">
    <p class='ocr_par' dir='ltr' id='par_1_12' title="bbox 442 1096 2027 1171">
     <span class='ocr_line' id='line_1_12' title="bbox 442 1096 2027 1171; baseline 0.008 -21"><span class='ocrx_word' id='word_1_70' title='bbox 442 1096 692 1152; x_wconf 90' lang='lat' dir='ltr'><strong><em>ciderant</em></strong></span> <span class='ocrx_word' id='word_1_71' title='bbox 743 1101 1019 1171; x_wconf 83' lang='lat' dir='ltr'><strong><em>particeps</em></strong></span> <span class='ocrx_word' id='word_1_72' title='bbox 1072 1103 1278 1157; x_wconf 86' lang='lat' dir='ltr'><strong><em>fierem.</em></strong></span> <span class='ocrx_word' id='word_1_73' title='bbox 1336 1102 1430 1159; x_wconf 86' lang='lat' dir='ltr'><strong><em>Sic</em></strong></span> <span class='ocrx_word' id='word_1_74' title='bbox 1493 1103 1639 1159; x_wconf 90' lang='lat' dir='ltr'><strong><em>enim</em></strong></span> <span class='ocrx_word' id='word_1_75' title='bbox 1680 1112 1735 1159; x_wconf 89' lang='lat' dir='ltr'><strong><em>et</em></strong></span> <span class='ocrx_word' id='word_1_76' title='bbox 1782 1105 2027 1162; x_wconf 84' lang='lat' dir='ltr'><strong><em>dolorem</em></strong></span> 
     </span>
    </p>
   </div>
   <div class='ocr_carea' id='block_1_13' title="bbox 441 1188 2029 1262">
    <p class='ocr_par' dir='ltr' id='par_1_13' title="bbox 441 1188 2029 1262">
     <span class='ocr_line' id='line_1_13' title="bbox 441 1188 2029 1262; baseline 0.008 -23"><span class='ocrx_word' id='word_1_77' title='bbox 441 1201 623 1241; x_wconf 88' lang='lat' dir='ltr'><strong><em>meum</em></strong></span> <span class='ocrx_word' id='word_1_78' title='bbox 655 1188 956 1255; x_wconf 89' lang='lat' dir='ltr'><strong><em>leniissem,</em></strong></span> <span class='ocrx_word' id='word_1_79' title='bbox 990 1200 1046 1247; x_wconf 90' lang='lat' dir='ltr'><strong><em>et</em></strong></span> <span class='ocrx_word' id='word_1_80' title='bbox 1085 1193 1229 1262; x_wconf 90' lang='lat' dir='ltr'><strong><em>apud</em></strong></span> <span class='ocrx_word' id='word_1_81' title='bbox 1265 1202 1416 1247; x_wconf 89' lang='lat' dir='ltr'><strong><em>tuam</em></strong></span> <span class='ocrx_word' id='word_1_82' title='bbox 1456 1194 1783 1262; x_wconf 79' lang='lat' dir='ltr'><strong><em>dignitatem</em></strong></span> <span class='ocrx_word' id='word_1_83' title='bbox 1824 1211 2029 1252; x_wconf 84' lang='lat' dir='ltr'><strong><em>conso—</em></strong></span> 
     </span>
    </p>
   </div>
   <div class='ocr_carea' id='block_1_14' title="bbox 439 1276 2025 1357">
    <p class='ocr_par' dir='ltr' id='par_1_14' title="bbox 439 1276 2025 1357">
     <span class='ocr_line' id='line_1_14' title="bbox 439 1276 2025 1357; baseline 0.008 -27"><span class='ocrx_word' id='word_1_84' title='bbox 439 1276 665 1335; x_wconf 88' lang='lat' dir='ltr'><strong><em>lationis</em></strong></span> <span class='ocrx_word' id='word_1_85' title='bbox 706 1278 940 1334; x_wconf 79' lang='lat' dir='ltr'><strong><em>oﬂicium</em></strong></span> <span class='ocrx_word' id='word_1_86' title='bbox 991 1282 1387 1353; x_wconf 87' lang='lat' dir='ltr'><strong><em>implevissem.</em></strong></span> <span class='ocrx_word' id='word_1_87' title='bbox 1440 1283 1548 1339; x_wconf 90' lang='lat' dir='ltr'><strong><em>Sed</em></strong></span> <span class='ocrx_word' id='word_1_88' title='bbox 1588 1285 1717 1354; x_wconf 89' lang='lat' dir='ltr'><strong><em>quia</em></strong></span> <span class='ocrx_word' id='word_1_89' title='bbox 1759 1302 1869 1340; x_wconf 92' lang='lat' dir='ltr'><strong><em>non</em></strong></span> <span class='ocrx_word' id='word_1_90' title='bbox 1910 1293 2025 1357; x_wconf 83' lang='lat' dir='ltr'><strong><em>jam</em></strong></span> 
     </span>
    </p>
   </div>
   <div class='ocr_carea' id='block_1_15' title="bbox 440 1367 2027 1446">
    <p class='ocr_par' dir='ltr' id='par_1_15' title="bbox 440 1367 2027 1446">
     <span class='ocr_line' id='line_1_15' title="bbox 440 1367 2027 1446; baseline 0.008 -25"><span class='ocrx_word' id='word_1_91' title='bbox 440 1367 547 1423; x_wconf 90' lang='lat' dir='ltr'><strong><em>fert</em></strong></span> <span class='ocrx_word' id='word_1_92' title='bbox 569 1370 805 1439; x_wconf 87' lang='lat' dir='ltr'><strong><em>amplius</em></strong></span> <span class='ocrx_word' id='word_1_93' title='bbox 836 1387 1036 1443; x_wconf 90' lang='lat' dir='ltr'><strong><em>corpus</em></strong></span> <span class='ocrx_word' id='word_1_94' title='bbox 1074 1390 1252 1429; x_wconf 89' lang='lat' dir='ltr'><strong><em>meum</em></strong></span> <span class='ocrx_word' id='word_1_95' title='bbox 1280 1376 1557 1446; x_wconf 80' lang='lat' dir='ltr'><strong><em>longiores</em></strong></span> <span class='ocrx_word' id='word_1_96' title='bbox 1592 1385 1795 1441; x_wconf 87' lang='lat' dir='ltr'><strong><em>motus,</em></strong></span> <span class='ocrx_word' id='word_1_97' title='bbox 1827 1393 1894 1433; x_wconf 91' lang='lat' dir='ltr'><strong><em>eo</em></strong></span> <span class='ocrx_word' id='word_1_98' title='bbox 1939 1395 2027 1434; x_wconf 89' lang='lat' dir='ltr'><strong><em>re-</em></strong></span> 
     </span>
    </p>
   </div>
   <div class='ocr_carea' id='block_1_16' title="bbox 439 1458 2029 1535">
    <p class='ocr_par' dir='ltr' id='par_1_16' title="bbox 439 1458 2029 1535">
     <span class='ocr_line' id='line_1_16' title="bbox 439 1458 2029 1535; baseline 0.009 -23"><span class='ocrx_word' id='word_1_99' title='bbox 439 1458 636 1515; x_wconf 90' lang='lat' dir='ltr'><strong><em>dactus</em></strong></span> <span class='ocrx_word' id='word_1_100' title='bbox 660 1477 781 1516; x_wconf 90' lang='lat' dir='ltr'><strong><em>sum</em></strong></span> <span class='ocrx_word' id='word_1_101' title='bbox 815 1471 875 1517; x_wconf 89' lang='lat' dir='ltr'><strong><em>ut</em></strong></span> <span class='ocrx_word' id='word_1_102' title='bbox 905 1473 1083 1519; x_wconf 91' lang='lat' dir='ltr'><strong><em>tecum</em></strong></span> <span class='ocrx_word' id='word_1_103' title='bbox 1115 1481 1211 1535; x_wconf 91' lang='lat' dir='ltr'><strong><em>per</em></strong></span> <span class='ocrx_word' id='word_1_104' title='bbox 1236 1467 1450 1522; x_wconf 81' lang='lat' dir='ltr'><strong><em>litteras</em></strong></span> <span class='ocrx_word' id='word_1_105' title='bbox 1475 1466 1780 1535; x_wconf 88' lang='lat' dir='ltr'><strong><em>colloquar,</em></strong></span> <span class='ocrx_word' id='word_1_106' title='bbox 1815 1485 1881 1524; x_wconf 88' lang='lat' dir='ltr'><strong><em>ne</em></strong></span> <span class='ocrx_word' id='word_1_107' title='bbox 1909 1485 2029 1525; x_wconf 84' lang='lat' dir='ltr'><strong><em>om-</em></strong></span> 
     </span>
    </p>
   </div>
   <div class='ocr_carea' id='block_1_17' title="bbox 439 1552 2029 1629">
    <p class='ocr_par' dir='ltr' id='par_1_17' title="bbox 439 1552 2029 1629">
     <span class='ocr_line' id='line_1_17' title="bbox 439 1552 2029 1629; baseline 0.01 -25"><span class='ocrx_word' id='word_1_108' title='bbox 439 1552 572 1605; x_wconf 86' lang='lat' dir='ltr'><strong><em>nino</em></strong></span> <span class='ocrx_word' id='word_1_109' title='bbox 594 1552 782 1608; x_wconf 88' lang='lat' dir='ltr'><strong><em>videar</em></strong></span> <span class='ocrx_word' id='word_1_110' title='bbox 809 1555 986 1610; x_wconf 88' lang='lat' dir='ltr'><strong><em>aliena</em></strong></span> <span class='ocrx_word' id='word_1_111' title='bbox 1024 1557 1345 1613; x_wconf 83' lang='lat' dir='ltr'><strong><em>existimare</em></strong></span> <span class='ocrx_word' id='word_1_112' title='bbox 1375 1576 1495 1629; x_wconf 79' lang='lat' dir='ltr'><strong><em>qua:</em></strong></span> <span class='ocrx_word' id='word_1_113' title='bbox 1525 1559 1866 1615; x_wconf 88' lang='lat' dir='ltr'><strong><em>acciderunt.</em></strong></span> <span class='ocrx_word' id='word_1_114' title='bbox 1893 1561 2029 1628; x_wconf 85' lang='lat' dir='ltr'><strong><em>Quis</em></strong></span> 
     </span>
    </p>
   </div>
   <div class='ocr_carea' id='block_1_18' title="bbox 436 1644 2028 1725">
    <p class='ocr_par' dir='ltr' id='par_1_18' title="bbox 436 1644 2028 1725">
     <span class='ocr_line' id='line_1_18' title="bbox 436 1644 2028 1725; baseline 0.009 -29"><span class='ocrx_word' id='word_1_115' title='bbox 436 1657 569 1713; x_wconf 84' lang='lat' dir='ltr'><strong><em>ergo</em></strong></span> <span class='ocrx_word' id='word_1_116' title='bbox 602 1644 779 1699; x_wconf 87' lang='lat' dir='ltr'><strong><em>virum</em></strong></span> <span class='ocrx_word' id='word_1_117' title='bbox 815 1646 969 1700; x_wconf 90' lang='lat' dir='ltr'><strong><em>illum</em></strong></span> <span class='ocrx_word' id='word_1_118' title='bbox 1001 1648 1208 1718; x_wconf 88' lang='lat' dir='ltr'><strong><em>gemitu</em></strong></span> <span class='ocrx_word' id='word_1_119' title='bbox 1243 1664 1352 1703; x_wconf 91' lang='lat' dir='ltr'><strong><em>non</em></strong></span> <span class='ocrx_word' id='word_1_120' title='bbox 1384 1665 1713 1722; x_wconf 84' lang='lat' dir='ltr'><strong><em>prosecutus</em></strong></span> <span class='ocrx_word' id='word_1_121' title='bbox 1743 1657 1866 1713; x_wconf 88' lang='lat' dir='ltr'><strong><em>est?</em></strong></span> <span class='ocrx_word' id='word_1_122' title='bbox 1898 1657 2028 1725; x_wconf 85' lang='lat' dir='ltr'><strong><em>quis</em></strong></span> 
     </span>
    </p>
   </div>
   <div class='ocr_carea' id='block_1_19' title="bbox 438 1734 2026 1811">
    <p class='ocr_par' dir='ltr' id='par_1_19' title="bbox 438 1734 2026 1811">
     <span class='ocr_line' id='line_1_19' title="bbox 438 1734 2026 1811; baseline 0.007 -23"><span class='ocrx_word' id='word_1_123' title='bbox 438 1734 576 1789; x_wconf 87' lang='lat' dir='ltr'><strong><em>adeo</em></strong></span> <span class='ocrx_word' id='word_1_124' title='bbox 618 1735 783 1792; x_wconf 89' lang='lat' dir='ltr'><strong><em>corde</em></strong></span> <span class='ocrx_word' id='word_1_125' title='bbox 821 1737 1061 1808; x_wconf 86' lang='lat' dir='ltr'><strong><em>lapideo,</em></strong></span> <span class='ocrx_word' id='word_1_126' title='bbox 1092 1752 1151 1794; x_wconf 88' lang='lat' dir='ltr'><strong><em>ut</em></strong></span> <span class='ocrx_word' id='word_1_127' title='bbox 1200 1741 1375 1811; x_wconf 89' lang='lat' dir='ltr'><strong><em>ipsius</em></strong></span> <span class='ocrx_word' id='word_1_128' title='bbox 1422 1759 1590 1801; x_wconf 88' lang='lat' dir='ltr'><strong><em>causa</em></strong></span> <span class='ocrx_word' id='word_1_129' title='bbox 1623 1748 1898 1803; x_wconf 85' lang='lat' dir='ltr'><strong><em>ferventes</em></strong></span> <span class='ocrx_word' id='word_1_130' title='bbox 1942 1749 2026 1800; x_wconf 78' lang='lat' dir='ltr'><strong><em>la-</em></strong></span> 
     </span>
    </p>
   </div>
   <div class='ocr_carea' id='block_1_20' title="bbox 438 1829 2025 1913">
    <p class='ocr_par' dir='ltr' id='par_1_20' title="bbox 438 1829 2025 1913">
     <span class='ocr_line' id='line_1_20' title="bbox 438 1829 2025 1913; baseline 0.011 -33"><span class='ocrx_word' id='word_1_131' title='bbox 438 1840 658 1897; x_wconf 82' lang='lat' dir='ltr'><strong><em>crymas</em></strong></span> <span class='ocrx_word' id='word_1_132' title='bbox 686 1845 794 1882; x_wconf 89' lang='lat' dir='ltr'><strong><em>non</em></strong></span> <span class='ocrx_word' id='word_1_133' title='bbox 819 1829 1214 1904; x_wconf 68' lang='lat' dir='ltr'><strong><em>profunderet?</em></strong></span> <span class='ocrx_word' id='word_1_134' title='bbox 1244 1833 1326 1889; x_wconf 81' lang='lat' dir='ltr'><strong><em>Me</em></strong></span> <span class='ocrx_word' id='word_1_135' title='bbox 1352 1852 1479 1893; x_wconf 89' lang='lat' dir='ltr'><strong><em>vero</em></strong></span> <span class='ocrx_word' id='word_1_136' title='bbox 1501 1841 1727 1896; x_wconf 85' lang='lat' dir='ltr'><strong><em>tristitia</em></strong></span> <span class='ocrx_word' id='word_1_137' title='bbox 1755 1843 2025 1913; x_wconf 81' lang='lat' dir='ltr'><strong><em>singulari</em></strong></span> 
     </span>
    </p>
   </div>
   <div class='ocr_carea' id='block_1_21' title="bbox 437 1917 2023 2001">
    <p class='ocr_par' dir='ltr' id='par_1_21' title="bbox 437 1917 2023 2001">
     <span class='ocr_line' id='line_1_21' title="bbox 437 1917 2023 2001; baseline 0.011 -30"><span class='ocrx_word' id='word_1_138' title='bbox 437 1917 706 1988; x_wconf 85' lang='lat' dir='ltr'><strong><em>implevit,</em></strong></span> <span class='ocrx_word' id='word_1_139' title='bbox 737 1928 851 1974; x_wconf 90' lang='lat' dir='ltr'><strong><em>tum</em></strong></span> <span class='ocrx_word' id='word_1_140' title='bbox 892 1921 1151 1985; x_wconf 82' lang='lat' dir='ltr'><strong><em>honores.</em></strong></span> <span class='ocrx_word' id='word_1_141' title='bbox 1181 1941 1323 1995; x_wconf 88' lang='lat' dir='ltr'><strong><em>quos</em></strong></span> <span class='ocrx_word' id='word_1_142' title='bbox 1362 1930 1496 1984; x_wconf 89' lang='lat' dir='ltr'><strong><em>mihi</em></strong></span> <span class='ocrx_word' id='word_1_143' title='bbox 1524 1933 1779 2001; x_wconf 82' lang='lat' dir='ltr'><strong><em>privatim</em></strong></span> <span class='ocrx_word' id='word_1_144' title='bbox 1809 1934 2023 1998; x_wconf 86' lang='lat' dir='ltr'><strong><em>habuit,</em></strong></span> 
     </span>
    </p>
   </div>
   <div class='ocr_carea' id='block_1_22' title="bbox 435 2012 2024 2081">
    <p class='ocr_par' dir='ltr' id='par_1_22' title="bbox 435 2012 2024 2081">
     <span class='ocr_line' id='line_1_22' title="bbox 435 2012 2024 2081; baseline 0.008 -15"><span class='ocrx_word' id='word_1_145' title='bbox 435 2012 917 2077; x_wconf 88' lang='lat' dir='ltr'><strong><em>considerantem,</em></strong></span> <span class='ocrx_word' id='word_1_146' title='bbox 977 2025 1091 2069; x_wconf 89' lang='lat' dir='ltr'><strong><em>tum</em></strong></span> <span class='ocrx_word' id='word_1_147' title='bbox 1153 2033 1444 2077; x_wconf 85' lang='lat' dir='ltr'><strong><em>commune</em></strong></span> <span class='ocrx_word' id='word_1_148' title='bbox 1505 2022 1877 2081; x_wconf 80' lang='lat' dir='ltr'><strong><em>Ecclesiarum</em></strong></span> <span class='ocrx_word' id='word_1_149' title='bbox 1928 2025 2024 2081; x_wconf 88' lang='lat' dir='ltr'><strong><em>Dei</em></strong></span> 
     </span>
    </p>
   </div>
   <div class='ocr_carea' id='block_1_23' title="bbox 2057 744 3733 832">
    <p class='ocr_par' dir='ltr' id='par_1_23' title="bbox 2057 744 3733 832">
     <span class='ocr_line' id='line_1_23' title="bbox 2057 744 3733 832; baseline 0.002 -32"><span class='ocrx_word' id='word_1_150' title='bbox 2057 754 2102 808; x_wconf 82' lang='grc' dir='ltr'>Α</span> <span class='ocrx_word' id='word_1_151' title='bbox 2138 744 2218 815; x_wconf 75' lang='grc' dir='ltr'><strong><em>Τῇ</em></strong></span> <span class='ocrx_word' id='word_1_152' title='bbox 2257 746 2519 818; x_wconf 80' lang='grc' dir='ltr'>ὀμοζύγῳ</span> <span class='ocrx_word' id='word_1_153' title='bbox 2562 747 2889 832; x_wconf 72' lang='grc' dir='ltr'>Ἀρινθαὶου</span> <span class='ocrx_word' id='word_1_154' title='bbox 2937 748 3354 832; x_wconf 63' lang='grc' dir='ltr'>στρατηλάτου</span> <span class='ocrx_word' id='word_1_155' title='bbox 3390 748 3507 819; x_wconf 70' lang='grc'><strong>(72)</strong></span> <span class='ocrx_word' id='word_1_156' title='bbox 3537 767 3733 821; x_wconf 72' lang='grc' dir='ltr'>παρα-</span> 
     </span>
    </p>
   </div>
   <div class='ocr_carea' id='block_1_24' title="bbox 2762 821 3087 886">
    <p class='ocr_par' dir='ltr' id='par_1_24' title="bbox 2762 821 3087 886">
     <span class='ocr_line' id='line_1_24' title="bbox 2762 821 3087 886; baseline 0.006 -15"><span class='ocrx_word' id='word_1_157' title='bbox 2762 821 3087 886; x_wconf 83' lang='grc' dir='ltr'>μυθητική.</span> 
     </span>
    </p>
   </div>
   <div class='ocr_carea' id='block_1_25' title="bbox 2201 924 3732 1003">
    <p class='ocr_par' dir='ltr' id='par_1_25' title="bbox 2201 924 3732 1003">
     <span class='ocr_line' id='line_1_25' title="bbox 2201 924 3732 1003; baseline 0.003 -21"><span class='ocrx_word' id='word_1_158' title='bbox 2201 928 2252 982; x_wconf 78' lang='grc'>1.</span> <span class='ocrx_word' id='word_1_159' title='bbox 2284 927 2357 981; x_wconf 82' lang='grc' dir='ltr'>Τὸ</span> <span class='ocrx_word' id='word_1_160' title='bbox 2414 927 2514 998; x_wconf 79' lang='grc' dir='ltr'>μὲν</span> <span class='ocrx_word' id='word_1_161' title='bbox 2576 927 2869 983; x_wconf 84' lang='grc' dir='ltr'>ἀκόλουθον</span> <span class='ocrx_word' id='word_1_162' title='bbox 2899 924 2967 1000; x_wconf 86' lang='grc' dir='ltr'>ἦν</span> <span class='ocrx_word' id='word_1_163' title='bbox 3001 930 3097 983; x_wconf 75' lang='grc' dir='ltr'>καὶ</span> <span class='ocrx_word' id='word_1_164' title='bbox 3143 929 3494 1002; x_wconf 81' lang='grc' dir='ltr'>ὀφειλόμενόν</span> <span class='ocrx_word' id='word_1_165' title='bbox 3528 948 3628 986; x_wconf 80' lang='grc' dir='ltr'><strong><em>σου</em></strong></span> <span class='ocrx_word' id='word_1_166' title='bbox 3661 935 3732 1003; x_wconf 74' lang='grc' dir='ltr'><strong><em>τῇ</em></strong></span> 
     </span>
    </p>
   </div>
   <div class='ocr_carea' id='block_1_26' title="bbox 2128 1017 3734 1095">
    <p class='ocr_par' dir='ltr' id='par_1_26' title="bbox 2128 1017 3734 1095">
     <span class='ocr_line' id='line_1_26' title="bbox 2128 1017 3734 1095; baseline 0.004 -24"><span class='ocrx_word' id='word_1_167' title='bbox 2128 1017 2388 1081; x_wconf 85' lang='grc' dir='ltr'>διαθέσει,</span> <span class='ocrx_word' id='word_1_168' title='bbox 2447 1021 2595 1091; x_wconf 75' lang='grc' dir='ltr'>ἡμᾶς</span> <span class='ocrx_word' id='word_1_169' title='bbox 2648 1021 2845 1084; x_wconf 79' lang='grc' dir='ltr'>αὐτοὺς</span> <span class='ocrx_word' id='word_1_170' title='bbox 2900 1024 3174 1093; x_wconf 79' lang='grc' dir='ltr'>παρεῖναι.</span> <span class='ocrx_word' id='word_1_171' title='bbox 3227 1025 3322 1077; x_wconf 75' lang='grc' dir='ltr'>καὶ</span> <span class='ocrx_word' id='word_1_172' title='bbox 3356 1025 3734 1095; x_wconf 77' lang='grc' dir='ltr'><strong><em>συμμετέχειν</em></strong></span> 
     </span>
    </p>
   </div>
   <div class='ocr_carea' id='block_1_27' title="bbox 2128 1108 3734 1188">
    <p class='ocr_par' dir='ltr' id='par_1_27' title="bbox 2128 1108 3734 1188">
     <span class='ocr_line' id='line_1_27' title="bbox 2128 1108 3734 1188; baseline 0.004 -26"><span class='ocrx_word' id='word_1_173' title='bbox 2128 1108 2237 1162; x_wconf 83' lang='grc' dir='ltr'>τῶν</span> <span class='ocrx_word' id='word_1_174' title='bbox 2290 1110 2610 1180; x_wconf 78' lang='grc' dir='ltr'><strong><em>γινομένων.</em></strong></span> <span class='ocrx_word' id='word_1_175' title='bbox 2645 1110 2803 1164; x_wconf 80' lang='grc' dir='ltr'>υῦτω</span> <span class='ocrx_word' id='word_1_176' title='bbox 2830 1110 2941 1182; x_wconf 82' lang='grc' dir='ltr'><strong><em>γὰρ</em></strong></span> <span class='ocrx_word' id='word_1_177' title='bbox 2982 1111 3049 1165; x_wconf 87' lang='grc' dir='ltr'>ἂν</span> <span class='ocrx_word' id='word_1_178' title='bbox 3079 1112 3289 1167; x_wconf 79' lang='grc' dir='ltr'>ἑαυτῶν</span> <span class='ocrx_word' id='word_1_179' title='bbox 3321 1131 3380 1167; x_wconf 89' lang='grc' dir='ltr'><strong><em>τε</em></strong></span> <span class='ocrx_word' id='word_1_180' title='bbox 3403 1114 3503 1185; x_wconf 81' lang='grc' dir='ltr'>τὴν</span> <span class='ocrx_word' id='word_1_181' title='bbox 3543 1115 3734 1188; x_wconf 63' lang='grc' dir='ltr'>λύην</span> 
     </span>
    </p>
   </div>
   <div class='ocr_carea' id='block_1_28' title="bbox 2128 1201 3731 1279">
    <p class='ocr_par' dir='ltr' id='par_1_28' title="bbox 2128 1201 3731 1279">
     <span class='ocr_line' id='line_1_28' title="bbox 2128 1201 3731 1279; baseline 0.005 -26"><span class='ocrx_word' id='word_1_182' title='bbox 2128 1201 2613 1273; x_wconf 74' lang='grc' dir='ltr'>κατεπραΰναμεν,</span> <span class='ocrx_word' id='word_1_183' title='bbox 2643 1203 2740 1257; x_wconf 80' lang='grc' dir='ltr'>καὶ</span> <span class='ocrx_word' id='word_1_184' title='bbox 2758 1205 2823 1274; x_wconf 82' lang='grc' dir='ltr'><strong><em>τῇ</em></strong></span> <span class='ocrx_word' id='word_1_185' title='bbox 2851 1220 2909 1255; x_wconf 90' lang='grc' dir='ltr'><strong><em>σε</em></strong></span> <span class='ocrx_word' id='word_1_186' title='bbox 2918 1203 3143 1274; x_wconf 88' lang='grc' dir='ltr'>μνότητί</span> <span class='ocrx_word' id='word_1_187' title='bbox 3169 1221 3263 1258; x_wconf 86' lang='grc' dir='ltr'><strong><em>σου</em></strong></span> <span class='ocrx_word' id='word_1_188' title='bbox 3295 1202 3407 1277; x_wconf 84' lang='grc'><strong>(75)</strong></span> <span class='ocrx_word' id='word_1_189' title='bbox 3428 1207 3531 1277; x_wconf 81' lang='grc' dir='ltr'>τῆς</span> <span class='ocrx_word' id='word_1_190' title='bbox 3549 1225 3731 1279; x_wconf 82' lang='grc' dir='ltr'>παρα-</span> 
     </span>
    </p>
   </div>
   <div class='ocr_carea' id='block_1_29' title="bbox 2128 1291 3733 1367">
    <p class='ocr_par' dir='ltr' id='par_1_29' title="bbox 2128 1291 3733 1367">
     <span class='ocr_line' id='line_1_29' title="bbox 2128 1291 3733 1367; baseline 0.006 -23"><span class='ocrx_word' id='word_1_191' title='bbox 2128 1291 2374 1364; x_wconf 89' lang='grc' dir='ltr'>κλήσεως</span> <span class='ocrx_word' id='word_1_192' title='bbox 2396 1293 2459 1346; x_wconf 83' lang='grc' dir='ltr'>τὸ</span> <span class='ocrx_word' id='word_1_193' title='bbox 2509 1293 2658 1358; x_wconf 83' lang='grc' dir='ltr'>είκδς</span> <span class='ocrx_word' id='word_1_194' title='bbox 2702 1293 3205 1367; x_wconf 85' lang='grc' dir='ltr'>ἁπεπληρώσαμεν.</span> <span class='ocrx_word' id='word_1_195' title='bbox 3247 1297 3402 1351; x_wconf 77' lang='grc' dir='ltr'>Ἐπεὶ</span> <span class='ocrx_word' id='word_1_196' title='bbox 3449 1297 3507 1351; x_wconf 86' lang='grc' dir='ltr'>δὲ</span> <span class='ocrx_word' id='word_1_197' title='bbox 3533 1300 3733 1353; x_wconf 78' lang='grc' dir='ltr'>οὐκέτι</span> 
     </span>
    </p>
   </div>
   <div class='ocr_carea' id='block_1_30' title="bbox 2131 1385 3734 1461">
    <p class='ocr_par' dir='ltr' id='par_1_30' title="bbox 2131 1385 3734 1461">
     <span class='ocr_line' id='line_1_30' title="bbox 2131 1385 3734 1461; baseline 0.004 -23"><span class='ocrx_word' id='word_1_198' title='bbox 2131 1402 2234 1456; x_wconf 90' lang='grc' dir='ltr'><strong><em>μου</em></strong></span> <span class='ocrx_word' id='word_1_199' title='bbox 2290 1386 2448 1458; x_wconf 78' lang='grc' dir='ltr'>φέρει</span> <span class='ocrx_word' id='word_1_200' title='bbox 2507 1385 2572 1439; x_wconf 87' lang='grc' dir='ltr'><strong><em>τδ</em></strong></span> <span class='ocrx_word' id='word_1_201' title='bbox 2629 1385 2788 1457; x_wconf 85' lang='grc' dir='ltr'>σῶμα</span> <span class='ocrx_word' id='word_1_202' title='bbox 2823 1385 2921 1449; x_wconf 80' lang='grc' dir='ltr'>τὰς</span> <span class='ocrx_word' id='word_1_203' title='bbox 2955 1387 3300 1458; x_wconf 82' lang='grc' dir='ltr'>μακροτέρας</span> <span class='ocrx_word' id='word_1_204' title='bbox 3334 1389 3608 1461; x_wconf 78' lang='grc' dir='ltr'><strong><em>κινήσεις,</em></strong></span> <span class='ocrx_word' id='word_1_205' title='bbox 3635 1392 3734 1444; x_wconf 63' lang='grc' dir='ltr'>ἐστι</span> 
     </span>
    </p>
   </div>
   <div class='ocr_carea' id='block_1_31' title="bbox 2126 1477 3733 1551">
    <p class='ocr_par' dir='ltr' id='par_1_31' title="bbox 2126 1477 3733 1551">
     <span class='ocr_line' id='line_1_31' title="bbox 2126 1477 3733 1551; baseline 0.003 -21"><span class='ocrx_word' id='word_1_206' title='bbox 2126 1479 2225 1548; x_wconf 83' lang='grc' dir='ltr'>τὴν</span> <span class='ocrx_word' id='word_1_207' title='bbox 2257 1478 2348 1532; x_wconf 79' lang='grc' dir='ltr'><strong><em>διὰ</em></strong></span> <span class='ocrx_word' id='word_1_208' title='bbox 2378 1477 2474 1531; x_wconf 79' lang='grc' dir='ltr'><strong><em>τοῦ</em></strong></span> <span class='ocrx_word' id='word_1_209' title='bbox 2512 1478 2840 1549; x_wconf 81' lang='grc' dir='ltr'><strong><em>γράμματος</em></strong></span> <span class='ocrx_word' id='word_1_210' title='bbox 2867 1477 3103 1548; x_wconf 71' lang='grc' dir='ltr'>ἤλθομεν</span> <span class='ocrx_word' id='word_1_211' title='bbox 3138 1479 3250 1550; x_wconf 73' lang='grc'><strong>(74)</strong></span> <span class='ocrx_word' id='word_1_212' title='bbox 3275 1480 3513 1551; x_wconf 80' lang='grc' dir='ltr'><strong><em>ὁμιλίαν,</em></strong></span> <span class='ocrx_word' id='word_1_213' title='bbox 3553 1481 3638 1544; x_wconf 82' lang='grc' dir='ltr'>ὡς</span> <span class='ocrx_word' id='word_1_214' title='bbox 3663 1481 3733 1535; x_wconf 79' lang='grc' dir='ltr'>ἂν</span> 
     </span>
    </p>
   </div>
   <div class='ocr_carea' id='block_1_32' title="bbox 2131 1570 3734 1644">
    <p class='ocr_par' dir='ltr' id='par_1_32' title="bbox 2131 1570 3734 1644">
     <span class='ocr_line' id='line_1_32' title="bbox 2131 1570 3734 1644; baseline 0.002 -22"><span class='ocrx_word' id='word_1_215' title='bbox 2131 1570 2206 1641; x_wconf 86' lang='grc' dir='ltr'><strong><em>μὴ</em></strong></span> <span class='ocrx_word' id='word_1_216' title='bbox 2256 1570 2572 1623; x_wconf 85' lang='grc' dir='ltr'>παντάπασι</span> <span class='ocrx_word' id='word_1_217' title='bbox 2625 1570 2881 1641; x_wconf 78' lang='grc' dir='ltr'><strong><em>δόξαιμεν</em></strong></span> <span class='ocrx_word' id='word_1_218' title='bbox 2936 1571 3235 1643; x_wconf 77' lang='grc' dir='ltr'><strong><em>ἀλλοτρίως</em></strong></span> <span class='ocrx_word' id='word_1_219' title='bbox 3287 1571 3430 1642; x_wconf 78' lang='grc' dir='ltr'>ἔχειν</span> <span class='ocrx_word' id='word_1_220' title='bbox 3472 1573 3620 1644; x_wconf 68' lang='grc' dir='ltr'>πρὸς</span> <span class='ocrx_word' id='word_1_221' title='bbox 3660 1572 3734 1625; x_wconf 78' lang='grc' dir='ltr'>τὰ</span> 
     </span>
    </p>
   </div>
   <div class='ocr_carea' id='block_1_33' title="bbox 2129 1657 3734 1732">
    <p class='ocr_par' dir='ltr' id='par_1_33' title="bbox 2129 1657 3734 1732">
     <span class='ocr_line' id='line_1_33' title="bbox 2129 1657 3734 1732; baseline -0.001 -17"><span class='ocrx_word' id='word_1_222' title='bbox 2129 1662 2433 1732; x_wconf 75' lang='grc' dir='ltr'>συμϐάντα.</span> <span class='ocrx_word' id='word_1_223' title='bbox 2484 1662 2581 1725; x_wconf 89' lang='grc' dir='ltr'>Τίς</span> <span class='ocrx_word' id='word_1_224' title='bbox 2611 1661 2710 1732; x_wconf 77' lang='grc' dir='ltr'><strong><em>μὲν</em></strong></span> <span class='ocrx_word' id='word_1_225' title='bbox 2751 1657 2845 1715; x_wconf 78' lang='grc' dir='ltr'><strong><em>οὖν</em></strong></span> <span class='ocrx_word' id='word_1_226' title='bbox 2868 1660 2963 1715; x_wconf 85' lang='grc' dir='ltr'>τὸν</span> <span class='ocrx_word' id='word_1_227' title='bbox 2994 1662 3164 1732; x_wconf 85' lang='grc' dir='ltr'>ἄνδρα</span> <span class='ocrx_word' id='word_1_228' title='bbox 3197 1662 3406 1716; x_wconf 83' lang='grc' dir='ltr'>ἐκεῖνον</span> <span class='ocrx_word' id='word_1_229' title='bbox 3431 1662 3537 1716; x_wconf 77' lang='grc' dir='ltr'>οὐκ</span> <span class='ocrx_word' id='word_1_230' title='bbox 3569 1662 3734 1715; x_wconf 84' lang='grc' dir='ltr'><strong><em>ὲστέ-</em></strong></span> 
     </span>
    </p>
   </div>
   <div class='ocr_carea' id='block_1_34' title="bbox 2126 1750 3733 1824">
    <p class='ocr_par' dir='ltr' id='par_1_34' title="bbox 2126 1750 3733 1824">
     <span class='ocr_line' id='line_1_34' title="bbox 2126 1750 3733 1824; baseline 0.001 -20"><span class='ocrx_word' id='word_1_231' title='bbox 2126 1751 2288 1817; x_wconf 60' lang='lat' dir='ltr'><strong><em>vage;</em></strong></span> <span class='ocrx_word' id='word_1_232' title='bbox 2323 1752 2408 1815; x_wconf 89' lang='grc' dir='ltr'><strong><em>τίς</em></strong></span> <span class='ocrx_word' id='word_1_233' title='bbox 2430 1751 2489 1804; x_wconf 84' lang='grc' dir='ltr'>δὲ</span> <span class='ocrx_word' id='word_1_234' title='bbox 2538 1750 2682 1804; x_wconf 71' lang='grc' dir='ltr'>οὕτω</span> <span class='ocrx_word' id='word_1_235' title='bbox 2715 1751 2916 1815; x_wconf 88' lang='grc' dir='ltr'>λίθινος</span> <span class='ocrx_word' id='word_1_236' title='bbox 2959 1751 3057 1824; x_wconf 82' lang='grc' dir='ltr'>τὴν</span> <span class='ocrx_word' id='word_1_237' title='bbox 3082 1751 3330 1823; x_wconf 81' lang='grc' dir='ltr'><strong><em>καρδίαν,</em></strong></span> <span class='ocrx_word' id='word_1_238' title='bbox 3363 1752 3440 1816; x_wconf 83' lang='grc' dir='ltr'>ὡς</span> <span class='ocrx_word' id='word_1_239' title='bbox 3470 1754 3552 1824; x_wconf 80' lang='grc' dir='ltr'><strong>μὴ</strong></span> <span class='ocrx_word' id='word_1_240' title='bbox 3592 1753 3733 1824; x_wconf 84' lang='grc' dir='ltr'>θερ-</span> 
     </span>
    </p>
   </div>
   <div class='ocr_carea' id='block_1_35' title="bbox 2130 1843 3734 1917">
    <p class='ocr_par' dir='ltr' id='par_1_35' title="bbox 2130 1843 3734 1917">
     <span class='ocr_line' id='line_1_35' title="bbox 2130 1843 3734 1917; baseline 0.002 -20"><span class='ocrx_word' id='word_1_241' title='bbox 2130 1844 2229 1915; x_wconf 80' lang='grc' dir='ltr'><strong><em>μὸν</em></strong></span> <span class='ocrx_word' id='word_1_242' title='bbox 2281 1844 2370 1897; x_wconf 77' lang='grc' dir='ltr'><strong><em>ἐπ’</em></strong></span> <span class='ocrx_word' id='word_1_243' title='bbox 2427 1843 2578 1915; x_wconf 81' lang='grc' dir='ltr'>αὐτῷ</span> <span class='ocrx_word' id='word_1_244' title='bbox 2628 1844 2741 1915; x_wconf 82' lang='grc'><strong>(75)</strong></span> <span class='ocrx_word' id='word_1_245' title='bbox 2792 1845 3012 1914; x_wconf 83' lang='grc' dir='ltr'>ἀφεῖναι</span> <span class='ocrx_word' id='word_1_246' title='bbox 3063 1845 3337 1917; x_wconf 87' lang='grc' dir='ltr'>δάκρυον;</span> <span class='ocrx_word' id='word_1_247' title='bbox 3384 1845 3597 1916; x_wconf 81' lang='grc' dir='ltr'>Ἐμὲδὲ</span> <span class='ocrx_word' id='word_1_248' title='bbox 3632 1849 3734 1900; x_wconf 80' lang='grc' dir='ltr'>καὶ</span> 
     </span>
    </p>
   </div>
   <div class='ocr_carea' id='block_1_36' title="bbox 2125 1936 3730 2009">
    <p class='ocr_par' dir='ltr' id='par_1_36' title="bbox 2125 1936 3730 2009">
     <span class='ocr_line' id='line_1_36' title="bbox 2125 1936 3730 2009; baseline 0.002 -20"><span class='ocrx_word' id='word_1_249' title='bbox 2125 1936 2490 2008; x_wconf 81' lang='grc' dir='ltr'><strong><em>διαφερόντως</em></strong></span> <span class='ocrx_word' id='word_1_250' title='bbox 2524 1937 2831 2007; x_wconf 77' lang='grc' dir='ltr'>κατηφείας</span> <span class='ocrx_word' id='word_1_251' title='bbox 2861 1938 2996 2008; x_wconf 80' lang='grc' dir='ltr'>ὲπλή</span> <span class='ocrx_word' id='word_1_252' title='bbox 3008 1955 3167 2007; x_wconf 84' lang='grc' dir='ltr'>ρωσε,</span> <span class='ocrx_word' id='word_1_253' title='bbox 3199 1938 3300 2002; x_wconf 88' lang='grc' dir='ltr'><strong><em>τάς</em></strong></span> <span class='ocrx_word' id='word_1_254' title='bbox 3331 1955 3390 1992; x_wconf 87' lang='grc' dir='ltr'><strong><em>τε</em></strong></span> <span class='ocrx_word' id='word_1_255' title='bbox 3415 1938 3555 2001; x_wconf 81' lang='grc' dir='ltr'>ἰδίας</span> <span class='ocrx_word' id='word_1_256' title='bbox 3584 1941 3730 2009; x_wconf 82' lang='grc' dir='ltr'>περὶ</span> 
     </span>
    </p>
   </div>
   <div class='ocr_carea' id='block_1_37' title="bbox 2126 2025 3729 2101">
    <p class='ocr_par' dir='ltr' id='par_1_37' title="bbox 2126 2025 3729 2101">
     <span class='ocr_line' id='line_1_37' title="bbox 2126 2025 3729 2101; baseline 0.002 -23"><span class='ocrx_word' id='word_1_257' title='bbox 2126 2027 2226 2097; x_wconf 79' lang='grc' dir='ltr'><strong><em>ἐμὲ</em></strong></span> <span class='ocrx_word' id='word_1_258' title='bbox 2275 2025 2441 2097; x_wconf 76' lang='grc' dir='ltr'>τιμὰς</span> <span class='ocrx_word' id='word_1_259' title='bbox 2494 2026 2587 2079; x_wconf 80' lang='grc' dir='ltr'>τοῦ</span> <span class='ocrx_word' id='word_1_260' title='bbox 2634 2026 2828 2098; x_wconf 79' lang='grc' dir='ltr'>ἀνδρὸς</span> <span class='ocrx_word' id='word_1_261' title='bbox 2859 2026 3226 2099; x_wconf 80' lang='grc' dir='ltr'><strong><em>λογιζόμενον,</em></strong></span> <span class='ocrx_word' id='word_1_262' title='bbox 3271 2028 3366 2083; x_wconf 74' lang='grc' dir='ltr'>καὶ</span> <span class='ocrx_word' id='word_1_263' title='bbox 3404 2028 3507 2099; x_wconf 80' lang='grc' dir='ltr'>τὴν</span> <span class='ocrx_word' id='word_1_264' title='bbox 3528 2030 3729 2101; x_wconf 78' lang='grc' dir='ltr'>κοινὴν</span> 
     </span>
    </p>
   </div>
   <div class='ocr_carea' id='block_1_38' title="bbox 435 2105 2018 2189">
    <p class='ocr_par' dir='ltr' id='par_1_38' title="bbox 435 2105 2018 2172">
     <span class='ocr_line' id='line_1_38' title="bbox 435 2105 2018 2172; baseline 0.011 -17"><span class='ocrx_word' id='word_1_265' title='bbox 435 2105 826 2172; x_wconf 83' lang='lat' dir='ltr'><strong><em>patrocinium.</em></strong></span> <span class='ocrx_word' id='word_1_266' title='bbox 877 2105 987 2161; x_wconf 91' lang='lat' dir='ltr'><strong><em>Sed</em></strong></span> <span class='ocrx_word' id='word_1_267' title='bbox 1020 2115 1204 2163; x_wconf 89' lang='lat' dir='ltr'><strong><em>tamen</em></strong></span> <span class='ocrx_word' id='word_1_268' title='bbox 1240 2112 1374 2165; x_wconf 92' lang='lat' dir='ltr'><strong><em>mihi</em></strong></span> <span class='ocrx_word' id='word_1_269' title='bbox 1410 2114 1464 2167; x_wconf 87' lang='lat' dir='ltr'><strong><em>in</em></strong></span> <span class='ocrx_word' id='word_1_270' title='bbox 1501 2124 1738 2170; x_wconf 86' lang='lat' dir='ltr'><strong><em>mentem</em></strong></span> <span class='ocrx_word' id='word_1_271' title='bbox 1774 2119 1927 2172; x_wconf 83' lang='lat' dir='ltr'><strong><em>venit</em></strong></span> <span class='ocrx_word' id='word_1_272' title='bbox 1964 2119 2018 2172; x_wconf 85' lang='lat' dir='ltr'><strong><em>il-</em></strong></span> 
     </span>
    </p>
   </div>
   <div class='ocr_carea' id='block_1_39' title="bbox 2135 2105 3731 2189">
    <p class='ocr_par' dir='ltr' id='par_1_39' title="bbox 2135 2114 3731 2189">
     <span class='ocr_line' id='line_1_39' title="bbox 2135 2114 3731 2189; baseline 0.004 -22"><span class='ocrx_word' id='word_1_273' title='bbox 2135 2114 2230 2167; x_wconf 73' lang='grc' dir='ltr'>ιῶν</span> <span class='ocrx_word' id='word_1_274' title='bbox 2268 2114 2613 2184; x_wconf 78' lang='grc' dir='ltr'>Ἐκκλησιῶν</span> <span class='ocrx_word' id='word_1_275' title='bbox 2645 2114 2741 2168; x_wconf 80' lang='grc' dir='ltr'><strong><em>τοῦ</em></strong></span> <span class='ocrx_word' id='word_1_276' title='bbox 2804 2115 2941 2168; x_wconf 79' lang='grc' dir='ltr'>Θεοῦ</span> <span class='ocrx_word' id='word_1_277' title='bbox 2997 2118 3354 2189; x_wconf 80' lang='grc' dir='ltr'><strong><em>προστασίαν.</em></strong></span> <span class='ocrx_word' id='word_1_278' title='bbox 3396 2118 3541 2172; x_wconf 86' lang='grc' dir='ltr'>Ἀλλ’</span> <span class='ocrx_word' id='word_1_279' title='bbox 3569 2119 3731 2189; x_wconf 79' lang='grc' dir='ltr'>ὅμως</span> 
     </span>
    </p>
   </div>
   <div class='ocr_carea' id='block_1_40' title="bbox 434 2193 2020 2264">
    <p class='ocr_par' dir='ltr' id='par_1_40' title="bbox 434 2193 2020 2264">
     <span class='ocr_line' id='line_1_40' title="bbox 434 2193 2020 2264; baseline 0.011 -17"><span class='ocrx_word' id='word_1_280' title='bbox 434 2193 571 2259; x_wconf 86' lang='lat' dir='ltr'><strong><em>lum,</em></strong></span> <span class='ocrx_word' id='word_1_281' title='bbox 603 2209 728 2249; x_wconf 90' lang='lat' dir='ltr'><strong><em>cum</em></strong></span> <span class='ocrx_word' id='word_1_282' title='bbox 777 2197 942 2252; x_wconf 88' lang='lat' dir='ltr'><strong><em>homo</em></strong></span> <span class='ocrx_word' id='word_1_283' title='bbox 968 2206 1116 2253; x_wconf 89' lang='lat' dir='ltr'><strong><em>esset</em></strong></span> <span class='ocrx_word' id='word_1_284' title='bbox 1170 2216 1234 2256; x_wconf 89' lang='lat' dir='ltr'><strong><em>ac</em></strong></span> <span class='ocrx_word' id='word_1_285' title='bbox 1271 2206 1624 2260; x_wconf 85' lang='lat' dir='ltr'><strong><em>convenienti</em></strong></span> <span class='ocrx_word' id='word_1_286' title='bbox 1663 2209 1718 2262; x_wconf 92' lang='lat' dir='ltr'><strong><em>in</em></strong></span> <span class='ocrx_word' id='word_1_287' title='bbox 1766 2209 1870 2264; x_wconf 87' lang='lat' dir='ltr'><strong><em>hac</em></strong></span> <span class='ocrx_word' id='word_1_288' title='bbox 1910 2211 2020 2264; x_wconf 88' lang='lat' dir='ltr'><strong><em>vita</em></strong></span> 
     </span>
    </p>
   </div>
   <div class='ocr_carea' id='block_1_41' title="bbox 433 2291 2022 2370">
    <p class='ocr_par' dir='ltr' id='par_1_41' title="bbox 433 2291 2022 2370">
     <span class='ocr_line' id='line_1_41' title="bbox 433 2291 2022 2370; baseline 0.011 -29"><span class='ocrx_word' id='word_1_289' title='bbox 433 2303 664 2343; x_wconf 85' lang='lat' dir='ltr'><strong><em>munere</em></strong></span> <span class='ocrx_word' id='word_1_290' title='bbox 722 2301 873 2346; x_wconf 87' lang='lat' dir='ltr'><strong><em>esset</em></strong></span> <span class='ocrx_word' id='word_1_291' title='bbox 926 2291 1297 2361; x_wconf 81' lang='lat' dir='ltr'><strong><em>perfunctus,</em></strong></span> <span class='ocrx_word' id='word_1_292' title='bbox 1359 2301 1625 2367; x_wconf 82' lang='lat' dir='ltr'><strong><em>congruis</em></strong></span> <span class='ocrx_word' id='word_1_293' title='bbox 1681 2302 2022 2370; x_wconf 87' lang='lat' dir='ltr'><strong><em>temporibus</em></strong></span> 
     </span>
    </p>
   </div>
   <div class='ocr_carea' id='block_1_42' title="bbox 432 2381 2020 2450">
    <p class='ocr_par' dir='ltr' id='par_1_42' title="bbox 432 2381 2020 2450">
     <span class='ocr_line' id='line_1_42' title="bbox 432 2381 2020 2450; baseline 0.009 -15"><span class='ocrx_word' id='word_1_294' title='bbox 432 2395 629 2436; x_wconf 73' lang='grc' dir='ltr'>ιἰνιειιε</span> <span class='ocrx_word' id='word_1_295' title='bbox 649 2397 681 2435; x_wconf 87' lang='lat' dir='ltr'><strong><em>a</em></strong></span> <span class='ocrx_word' id='word_1_296' title='bbox 708 2381 818 2438; x_wconf 79' lang='lat' dir='ltr'><strong><em>DCO</em></strong></span> <span class='ocrx_word' id='word_1_297' title='bbox 851 2399 1036 2438; x_wconf 87' lang='lat' dir='ltr'><strong><em>rerum</em></strong></span> <span class='ocrx_word' id='word_1_298' title='bbox 1074 2394 1389 2441; x_wconf 87' lang='lat' dir='ltr'><strong><em>nostrarum</em></strong></span> <span class='ocrx_word' id='word_1_299' title='bbox 1419 2391 1768 2449; x_wconf 84' lang='lat' dir='ltr'><strong><em>moderatore</em></strong></span> <span class='ocrx_word' id='word_1_300' title='bbox 1798 2409 2020 2450; x_wconf 88' lang='lat' dir='ltr'><strong><em>assum-</em></strong></span> 
     </span>
    </p>
   </div>
   <div class='ocr_carea' id='block_1_43' title="bbox 432 2471 2025 2554">
    <p class='ocr_par' dir='ltr' id='par_1_43' title="bbox 432 2471 2025 2554">
     <span class='ocr_line' id='line_1_43' title="bbox 432 2471 2025 2554; baseline 0.01 -31"><span class='ocrx_word' id='word_1_301' title='bbox 432 2478 585 2541; x_wconf 90' lang='lat' dir='ltr'><strong><em>ptum</em></strong></span> <span class='ocrx_word' id='word_1_302' title='bbox 629 2471 822 2529; x_wconf 87' lang='lat' dir='ltr'><strong><em>fuisse.</em></strong></span> <span class='ocrx_word' id='word_1_303' title='bbox 864 2473 998 2540; x_wconf 59' lang='lat' dir='ltr'><strong><em>Quae</em></strong></span> <span class='ocrx_word' id='word_1_304' title='bbox 1039 2477 1261 2547; x_wconf 91' lang='lat' dir='ltr'><strong><em>quidem</em></strong></span> <span class='ocrx_word' id='word_1_305' title='bbox 1298 2488 1356 2533; x_wconf 92' lang='lat' dir='ltr'><strong><em>ut</em></strong></span> <span class='ocrx_word' id='word_1_306' title='bbox 1392 2488 1486 2534; x_wconf 89' lang='lat' dir='ltr'><strong><em>tua</em></strong></span> <span class='ocrx_word' id='word_1_307' title='bbox 1532 2484 1696 2538; x_wconf 90' lang='lat' dir='ltr'><strong><em>etiam</em></strong></span> <span class='ocrx_word' id='word_1_308' title='bbox 1729 2486 2025 2554; x_wconf 70' lang='lat' dir='ltr'><strong><em>prudentia</em></strong></span> 
     </span>
    </p>
   </div>
   <div class='ocr_carea' id='block_1_44' title="bbox 432 2565 2016 2643">
    <p class='ocr_par' dir='ltr' id='par_1_44' title="bbox 432 2565 2016 2643">
     <span class='ocr_line' id='line_1_44' title="bbox 432 2565 2016 2643; baseline 0.009 -26"><span class='ocrx_word' id='word_1_309' title='bbox 432 2565 817 2633; x_wconf 85' lang='lat' dir='ltr'><strong><em>considerans,</em></strong></span> <span class='ocrx_word' id='word_1_310' title='bbox 871 2582 1063 2622; x_wconf 89' lang='lat' dir='ltr'><strong><em>casum</em></strong></span> <span class='ocrx_word' id='word_1_311' title='bbox 1102 2571 1286 2624; x_wconf 87' lang='lat' dir='ltr'><strong><em>animo</em></strong></span> <span class='ocrx_word' id='word_1_312' title='bbox 1335 2587 1492 2642; x_wconf 63' lang='lat' dir='ltr'><strong><em>aequo</em></strong></span> <span class='ocrx_word' id='word_1_313' title='bbox 1526 2573 1665 2630; x_wconf 86' lang='lat' dir='ltr'><strong><em>ferat</em></strong></span> <span class='ocrx_word' id='word_1_314' title='bbox 1710 2577 2016 2643; x_wconf 85' lang='lat' dir='ltr'><strong><em>hortamur,</em></strong></span> 
     </span>
    </p>
   </div>
   <div class='ocr_carea' id='block_1_45' title="bbox 433 2655 2023 2726">
    <p class='ocr_par' dir='ltr' id='par_1_45' title="bbox 433 2655 2023 2726">
     <span class='ocr_line' id='line_1_45' title="bbox 433 2655 2023 2726; baseline 0.009 -20"><span class='ocrx_word' id='word_1_315' title='bbox 433 2660 512 2719; x_wconf 90' lang='lat' dir='ltr'><strong><em>et,</em></strong></span> <span class='ocrx_word' id='word_1_316' title='bbox 545 2662 811 2723; x_wconf 85' lang='lat' dir='ltr'><strong><em>quantum</em></strong></span> <span class='ocrx_word' id='word_1_317' title='bbox 851 2655 969 2711; x_wconf 83' lang='lat' dir='ltr'><strong><em>fieri</em></strong></span> <span class='ocrx_word' id='word_1_318' title='bbox 995 2666 1509 2726; x_wconf 68' lang='lat' dir='ltr'><strong><em>potest,aarumnam</em></strong></span> <span class='ocrx_word' id='word_1_319' title='bbox 1541 2663 1822 2720; x_wconf 88' lang='lat' dir='ltr'><strong><em>moderate</em></strong></span> <span class='ocrx_word' id='word_1_320' title='bbox 1854 2668 2023 2723; x_wconf 89' lang='lat' dir='ltr'><strong><em>susti-</em></strong></span> 
     </span>
    </p>
   </div>
   <div class='ocr_carea' id='block_1_46' title="bbox 430 2744 2023 2821">
    <p class='ocr_par' dir='ltr' id='par_1_46' title="bbox 430 2744 2023 2821">
     <span class='ocr_line' id='line_1_46' title="bbox 430 2744 2023 2821; baseline 0.011 -24"><span class='ocrx_word' id='word_1_321' title='bbox 430 2754 576 2801; x_wconf 86' lang='lat' dir='ltr'><strong><em>neat.</em></strong></span> <span class='ocrx_word' id='word_1_322' title='bbox 610 2744 869 2801; x_wconf 89' lang='lat' dir='ltr'><strong><em>ldoneum</em></strong></span> <span class='ocrx_word' id='word_1_323' title='bbox 902 2748 1122 2817; x_wconf 89' lang='lat' dir='ltr'><strong><em>quidem</em></strong></span> <span class='ocrx_word' id='word_1_324' title='bbox 1156 2758 1211 2805; x_wconf 88' lang='lat' dir='ltr'><strong><em>et</em></strong></span> <span class='ocrx_word' id='word_1_325' title='bbox 1252 2759 1491 2821; x_wconf 89' lang='lat' dir='ltr'><strong><em>tempus,</em></strong></span> <span class='ocrx_word' id='word_1_326' title='bbox 1538 2762 1599 2809; x_wconf 90' lang='lat' dir='ltr'><strong><em>ut</em></strong></span> <span class='ocrx_word' id='word_1_327' title='bbox 1627 2771 1725 2810; x_wconf 89' lang='lat' dir='ltr'><strong><em>cor</em></strong></span> <span class='ocrx_word' id='word_1_328' title='bbox 1754 2766 1906 2813; x_wconf 89' lang='lat' dir='ltr'><strong><em>tuum</em></strong></span> <span class='ocrx_word' id='word_1_329' title='bbox 1947 2760 2023 2814; x_wconf 81' lang='lat' dir='ltr'><strong><em>le-</em></strong></span> 
     </span>
    </p>
   </div>
   <div class='ocr_carea' id='block_1_47' title="bbox 431 2835 2022 2919">
    <p class='ocr_par' dir='ltr' id='par_1_47' title="bbox 431 2835 2022 2919">
     <span class='ocr_line' id='line_1_47' title="bbox 431 2835 2022 2919; baseline 0.009 -29"><span class='ocrx_word' id='word_1_330' title='bbox 431 2835 569 2903; x_wconf 84' lang='lat' dir='ltr'><strong><em>niat,</em></strong></span> <span class='ocrx_word' id='word_1_331' title='bbox 611 2847 666 2890; x_wconf 89' lang='lat' dir='ltr'><strong><em>ct</em></strong></span> <span class='ocrx_word' id='word_1_332' title='bbox 703 2836 887 2891; x_wconf 89' lang='lat' dir='ltr'><strong><em>locum</em></strong></span> <span class='ocrx_word' id='word_1_333' title='bbox 924 2837 1016 2893; x_wconf 90' lang='lat' dir='ltr'><strong><em>det</em></strong></span> <span class='ocrx_word' id='word_1_334' title='bbox 1067 2841 1271 2895; x_wconf 87' lang='lat' dir='ltr'><strong><em>rationi</em></strong></span> <span class='ocrx_word' id='word_1_335' title='bbox 1305 2861 1319 2897; x_wconf 91' lang='lat'><strong>:</strong></span> <span class='ocrx_word' id='word_1_336' title='bbox 1355 2844 1450 2898; x_wconf 89' lang='lat' dir='ltr'><strong><em>sed</em></strong></span> <span class='ocrx_word' id='word_1_337' title='bbox 1501 2852 1683 2901; x_wconf 86' lang='lat' dir='ltr'><strong><em>tamen</em></strong></span> <span class='ocrx_word' id='word_1_338' title='bbox 1730 2861 2022 2919; x_wconf 88' lang='lat' dir='ltr'><strong><em>suspectus</em></strong></span> 
     </span>
    </p>
   </div>
   <div class='ocr_carea' id='block_1_48' title="bbox 430 2925 2023 2998">
    <p class='ocr_par' dir='ltr' id='par_1_48' title="bbox 430 2925 2023 2998">
     <span class='ocr_line' id='line_1_48' title="bbox 430 2925 2023 2998; baseline 0.011 -20"><span class='ocrx_word' id='word_1_339' title='bbox 430 2925 567 2979; x_wconf 88' lang='lat' dir='ltr'><strong><em>mihi</em></strong></span> <span class='ocrx_word' id='word_1_340' title='bbox 612 2936 697 2981; x_wconf 88' lang='lat' dir='ltr'><strong><em>est</em></strong></span> <span class='ocrx_word' id='word_1_341' title='bbox 734 2927 929 2998; x_wconf 86' lang='lat' dir='ltr'><strong><em>ingens</em></strong></span> <span class='ocrx_word' id='word_1_342' title='bbox 961 2936 1089 2985; x_wconf 91' lang='lat' dir='ltr'><strong><em>tuus</em></strong></span> <span class='ocrx_word' id='word_1_343' title='bbox 1126 2932 1308 2985; x_wconf 87' lang='lat' dir='ltr'><strong><em>mariti</em></strong></span> <span class='ocrx_word' id='word_1_344' title='bbox 1355 2948 1532 2996; x_wconf 89' lang='lat' dir='ltr'><strong><em>amor,</em></strong></span> <span class='ocrx_word' id='word_1_345' title='bbox 1576 2951 1640 2990; x_wconf 88' lang='lat' dir='ltr'><strong><em>ac</em></strong></span> <span class='ocrx_word' id='word_1_346' title='bbox 1679 2945 1773 2991; x_wconf 93' lang='lat' dir='ltr'><strong><em>tua</em></strong></span> <span class='ocrx_word' id='word_1_347' title='bbox 1807 2940 1864 2993; x_wconf 91' lang='lat' dir='ltr'><strong><em>in</em></strong></span> <span class='ocrx_word' id='word_1_348' title='bbox 1901 2955 2023 2994; x_wconf 84' lang='lat' dir='ltr'><strong><em>om-</em></strong></span> 
     </span>
    </p>
   </div>
   <div class='ocr_carea' id='block_1_49' title="bbox 430 3017 2022 3093">
    <p class='ocr_par' dir='ltr' id='par_1_49' title="bbox 430 3017 2022 3093">
     <span class='ocr_line' id='line_1_49' title="bbox 430 3017 2022 3093; baseline 0.009 -22"><span class='ocrx_word' id='word_1_349' title='bbox 430 3030 530 3072; x_wconf 88' lang='lat' dir='ltr'><strong><em>nes</em></strong></span> <span class='ocrx_word' id='word_1_350' title='bbox 564 3017 904 3088; x_wconf 86' lang='lat' dir='ltr'><strong><em>benignitas;</em></strong></span> <span class='ocrx_word' id='word_1_351' title='bbox 938 3036 1007 3075; x_wconf 91' lang='lat' dir='ltr'><strong><em>ne</em></strong></span> <span class='ocrx_word' id='word_1_352' title='bbox 1035 3021 1173 3076; x_wconf 88' lang='lat' dir='ltr'><strong><em>forte</em></strong></span> <span class='ocrx_word' id='word_1_353' title='bbox 1208 3025 1432 3078; x_wconf 61' lang='lat' dir='ltr'><strong><em>maerori</em></strong></span> <span class='ocrx_word' id='word_1_354' title='bbox 1462 3034 1513 3078; x_wconf 92' lang='lat' dir='ltr'><strong><em>te</em></strong></span> <span class='ocrx_word' id='word_1_355' title='bbox 1540 3026 1734 3093; x_wconf 81' lang='lat' dir='ltr'><strong><em>dedas,</em></strong></span> <span class='ocrx_word' id='word_1_356' title='bbox 1780 3031 1852 3084; x_wconf 92' lang='lat' dir='ltr'><strong><em>ob</em></strong></span> <span class='ocrx_word' id='word_1_357' title='bbox 1886 3032 2022 3086; x_wconf 87' lang='lat' dir='ltr'><strong><em>sim-</em></strong></span> 
     </span>
    </p>
   </div>
   <div class='ocr_carea' id='block_1_50' title="bbox 431 3107 2023 3190">
    <p class='ocr_par' dir='ltr' id='par_1_50' title="bbox 431 3107 2023 3190">
     <span class='ocr_line' id='line_1_50' title="bbox 431 3107 2023 3190; baseline 0.011 -30"><span class='ocrx_word' id='word_1_358' title='bbox 431 3107 735 3178; x_wconf 84' lang='lat' dir='ltr'><strong><em>plieitatem</em></strong></span> <span class='ocrx_word' id='word_1_359' title='bbox 779 3126 992 3165; x_wconf 89' lang='lat' dir='ltr'><strong><em>morum</em></strong></span> <span class='ocrx_word' id='word_1_360' title='bbox 1020 3111 1351 3181; x_wconf 82' lang='lat' dir='ltr'><strong><em>profundam</em></strong></span> <span class='ocrx_word' id='word_1_361' title='bbox 1380 3118 1661 3186; x_wconf 88' lang='lat' dir='ltr'><strong><em>accipiens</em></strong></span> <span class='ocrx_word' id='word_1_362' title='bbox 1688 3121 1898 3190; x_wconf 82' lang='lat' dir='ltr'><strong><em>plagam</em></strong></span> <span class='ocrx_word' id='word_1_363' title='bbox 1922 3123 2023 3177; x_wconf 89' lang='lat' dir='ltr'><strong><em>do-</em></strong></span> 
     </span>
    </p>
   </div>
   <div class='ocr_carea' id='block_1_51' title="bbox 429 3198 2020 3279">
    <p class='ocr_par' dir='ltr' id='par_1_51' title="bbox 429 3198 2020 3279">
     <span class='ocr_line' id='line_1_51' title="bbox 429 3198 2020 3279; baseline 0.011 -28"><span class='ocrx_word' id='word_1_364' title='bbox 429 3198 590 3253; x_wconf 90' lang='lat' dir='ltr'><strong><em>loris.</em></strong></span> <span class='ocrx_word' id='word_1_365' title='bbox 627 3198 707 3253; x_wconf 85' lang='lat' dir='ltr'><strong><em>Ac</em></strong></span> <span class='ocrx_word' id='word_1_366' title='bbox 748 3215 969 3271; x_wconf 88' lang='lat' dir='ltr'><strong><em>semper</em></strong></span> <span class='ocrx_word' id='word_1_367' title='bbox 1004 3204 1223 3272; x_wconf 86' lang='lat' dir='ltr'><strong><em>quidem</em></strong></span> <span class='ocrx_word' id='word_1_368' title='bbox 1276 3206 1430 3261; x_wconf 90' lang='lat' dir='ltr'><strong><em>utilis</em></strong></span> <span class='ocrx_word' id='word_1_369' title='bbox 1465 3207 1880 3279; x_wconf 71' lang='lat' dir='ltr'><strong><em>Scripturarum</em></strong></span> <span class='ocrx_word' id='word_1_370' title='bbox 1919 3213 2020 3269; x_wconf 85' lang='lat' dir='ltr'><strong><em>do-</em></strong></span> 
     </span>
    </p>
   </div>
   <div class='ocr_carea' id='block_1_52' title="bbox 424 3292 2020 3370">
    <p class='ocr_par' dir='ltr' id='par_1_52' title="bbox 424 3292 2020 3370">
     <span class='ocr_line' id='line_1_52' title="bbox 424 3292 2020 3370; baseline 0.011 -25"><span class='ocrx_word' id='word_1_371' title='bbox 424 3293 630 3355; x_wconf 86' lang='lat' dir='ltr'><strong><em>ctrina,</em></strong></span> <span class='ocrx_word' id='word_1_372' title='bbox 663 3292 759 3349; x_wconf 89' lang='lat' dir='ltr'><strong><em>sed</em></strong></span> <span class='ocrx_word' id='word_1_373' title='bbox 792 3295 1032 3350; x_wconf 79' lang='lat' dir='ltr'><strong><em>maxime</em></strong></span> <span class='ocrx_word' id='word_1_374' title='bbox 1052 3296 1328 3366; x_wconf 86' lang='lat' dir='ltr'><strong><em>ejusmodi</em></strong></span> <span class='ocrx_word' id='word_1_375' title='bbox 1362 3302 1721 3370; x_wconf 86' lang='lat' dir='ltr'><strong><em>temporibus.</em></strong></span> <span class='ocrx_word' id='word_1_376' title='bbox 1749 3303 2020 3363; x_wconf 79' lang='lat' dir='ltr'><strong><em>Memento</em></strong></span> 
     </span>
    </p>
   </div>
   <div class='ocr_carea' id='block_1_53' title="bbox 429 3381 2017 3465">
    <p class='ocr_par' dir='ltr' id='par_1_53' title="bbox 429 3381 2017 3465">
     <span class='ocr_line' id='line_1_53' title="bbox 429 3381 2017 3465; baseline 0.01 -31"><span class='ocrx_word' id='word_1_377' title='bbox 429 3381 598 3453; x_wconf 87' lang='lat' dir='ltr'><strong><em>igitur</em></strong></span> <span class='ocrx_word' id='word_1_378' title='bbox 633 3384 756 3438; x_wconf 69' lang='lat' dir='ltr'><strong><em>latae</em></strong></span> <span class='ocrx_word' id='word_1_379' title='bbox 789 3400 820 3438; x_wconf 88' lang='lat' dir='ltr'><strong>a</strong></span> <span class='ocrx_word' id='word_1_380' title='bbox 844 3384 1108 3441; x_wconf 86' lang='lat' dir='ltr'><strong><em>Creatore</em></strong></span> <span class='ocrx_word' id='word_1_381' title='bbox 1159 3396 1353 3443; x_wconf 89' lang='lat' dir='ltr'><strong><em>nostro</em></strong></span> <span class='ocrx_word' id='word_1_382' title='bbox 1383 3393 1694 3459; x_wconf 66' lang='lat' dir='ltr'><strong><em>sententiae,</em></strong></span> <span class='ocrx_word' id='word_1_383' title='bbox 1728 3408 1828 3464; x_wconf 88' lang='lat' dir='ltr'><strong><em>per</em></strong></span> <span class='ocrx_word' id='word_1_384' title='bbox 1852 3412 2017 3465; x_wconf 92' lang='lat' dir='ltr'><strong><em>quam</em></strong></span> 
     </span>
    </p>
   </div>
   <div class='ocr_carea' id='block_1_54' title="bbox 429 3479 2018 3547">
    <p class='ocr_par' dir='ltr' id='par_1_54' title="bbox 429 3479 2018 3547">
     <span class='ocr_line' id='line_1_54' title="bbox 429 3479 2018 3547; baseline 0.009 -20"><span class='ocrx_word' id='word_1_385' title='bbox 429 3481 696 3547; x_wconf 91' lang='lat' dir='ltr'><strong><em>quotquot</em></strong></span> <span class='ocrx_word' id='word_1_386' title='bbox 736 3491 807 3531; x_wconf 80' lang='lat' dir='ltr'><strong><em>ex</em></strong></span> <span class='ocrx_word' id='word_1_387' title='bbox 834 3484 983 3532; x_wconf 89' lang='lat' dir='ltr'><strong><em>terra</em></strong></span> <span class='ocrx_word' id='word_1_388' title='bbox 1018 3479 1124 3533; x_wconf 91' lang='lat' dir='ltr'><strong><em>orti</em></strong></span> <span class='ocrx_word' id='word_1_389' title='bbox 1165 3494 1380 3542; x_wconf 89' lang='lat' dir='ltr'><strong><em>sumus,</em></strong></span> <span class='ocrx_word' id='word_1_390' title='bbox 1437 3481 1491 3535; x_wconf 91' lang='lat' dir='ltr'><strong><em>in</em></strong></span> <span class='ocrx_word' id='word_1_391' title='bbox 1535 3490 1741 3538; x_wconf 87' lang='lat' dir='ltr'><strong><em>terram</em></strong></span> <span class='ocrx_word' id='word_1_392' title='bbox 1787 3487 2018 3540; x_wconf 88' lang='lat' dir='ltr'><strong><em>reverti-</em></strong></span> 
     </span>
    </p>
   </div>
   <div class='ocr_carea' id='block_1_55' title="bbox 430 3566 2015 3642">
    <p class='ocr_par' dir='ltr' id='par_1_55' title="bbox 430 3566 2015 3642">
     <span class='ocr_line' id='line_1_55' title="bbox 430 3566 2015 3642; baseline 0.008 -23"><span class='ocrx_word' id='word_1_393' title='bbox 430 3582 555 3619; x_wconf 90' lang='lat' dir='ltr'><strong><em>mur</em></strong></span> <span class='ocrx_word' id='word_1_394' title='bbox 575 3566 618 3597; x_wconf 76' lang='lat'>“</span> <span class='ocrx_word' id='word_1_395' title='bbox 655 3586 668 3621; x_wconf 89' lang='lat'><strong><em>:</em></strong></span> <span class='ocrx_word' id='word_1_396' title='bbox 704 3582 807 3622; x_wconf 92' lang='lat' dir='ltr'><strong><em>nec</em></strong></span> <span class='ocrx_word' id='word_1_397' title='bbox 836 3569 1130 3639; x_wconf 90' lang='lat' dir='ltr'><strong><em>quisquam</em></strong></span> <span class='ocrx_word' id='word_1_398' title='bbox 1167 3570 1239 3624; x_wconf 88' lang='lat' dir='ltr'><strong><em>ita</em></strong></span> <span class='ocrx_word' id='word_1_399' title='bbox 1274 3585 1528 3642; x_wconf 87' lang='lat' dir='ltr'><strong><em>magnus,</em></strong></span> <span class='ocrx_word' id='word_1_400' title='bbox 1567 3580 1626 3627; x_wconf 91' lang='lat' dir='ltr'><strong><em>ut</em></strong></span> <span class='ocrx_word' id='word_1_401' title='bbox 1662 3574 2015 3632; x_wconf 89' lang='lat' dir='ltr'><strong><em>dissolutioni</em></strong></span> 
     </span>
    </p>
   </div>
   <div class='ocr_carea' id='block_1_56' title="bbox 428 3659 967 3717">
    <p class='ocr_par' dir='ltr' id='par_1_56' title="bbox 428 3659 967 3717">
     <span class='ocr_line' id='line_1_56' title="bbox 428 3659 967 3717; baseline 0.002 -4"><span class='ocrx_word' id='word_1_402' title='bbox 428 3673 540 3713; x_wconf 89' lang='lat' dir='ltr'><strong><em>non</em></strong></span> <span class='ocrx_word' id='word_1_403' title='bbox 567 3659 639 3714; x_wconf 90' lang='lat' dir='ltr'><strong><em>sit</em></strong></span> <span class='ocrx_word' id='word_1_404' title='bbox 669 3659 967 3717; x_wconf 73' lang='lat' dir='ltr'><strong><em>obnoxius.</em></strong></span> 
     </span>
    </p>
   </div>
   <div class='ocr_carea' id='block_1_57' title="bbox 496 3830 2016 3911">
    <p class='ocr_par' dir='ltr' id='par_1_57' title="bbox 496 3830 2016 3911">
     <span class='ocr_line' id='line_1_57' title="bbox 496 3830 2016 3911; baseline 0.006 -24"><span class='ocrx_word' id='word_1_405' title='bbox 496 3832 552 3888; x_wconf 78' lang='lat'><strong><em>2.</em></strong></span> <span class='ocrx_word' id='word_1_406' title='bbox 593 3830 968 3890; x_wconf 81' lang='lat' dir='ltr'><strong><em>Admirandus</em></strong></span> <span class='ocrx_word' id='word_1_407' title='bbox 1013 3835 1105 3891; x_wconf 91' lang='lat' dir='ltr'><strong><em>ille</em></strong></span> <span class='ocrx_word' id='word_1_408' title='bbox 1140 3837 1225 3890; x_wconf 87' lang='lat' dir='ltr'><strong><em>vir</em></strong></span> <span class='ocrx_word' id='word_1_409' title='bbox 1253 3845 1374 3893; x_wconf 85' lang='lat' dir='ltr'><strong><em>erat</em></strong></span> <span class='ocrx_word' id='word_1_410' title='bbox 1418 3840 1640 3911; x_wconf 87' lang='lat' dir='ltr'><strong><em>quidem</em></strong></span> <span class='ocrx_word' id='word_1_411' title='bbox 1684 3840 1921 3898; x_wconf 82' lang='lat' dir='ltr'><strong><em>eximius</em></strong></span> <span class='ocrx_word' id='word_1_412' title='bbox 1961 3849 2016 3897; x_wconf 92' lang='lat' dir='ltr'><strong><em>et</em></strong></span> 
     </span>
    </p>
   </div>
   <div class='ocr_carea' id='block_1_58' title="bbox 427 3927 2015 4000">
    <p class='ocr_par' dir='ltr' id='par_1_58' title="bbox 427 3927 2015 4000">
     <span class='ocr_line' id='line_1_58' title="bbox 427 3927 2015 4000; baseline 0.006 -21"><span class='ocrx_word' id='word_1_413' title='bbox 427 3938 682 3996; x_wconf 83' lang='lat' dir='ltr'><strong><em>magnus,</em></strong></span> <span class='ocrx_word' id='word_1_414' title='bbox 730 3932 785 3980; x_wconf 88' lang='lat' dir='ltr'><strong><em>et</em></strong></span> <span class='ocrx_word' id='word_1_415' title='bbox 828 3927 1084 3997; x_wconf 89' lang='lat' dir='ltr'><strong><em>corporis</em></strong></span> <span class='ocrx_word' id='word_1_416' title='bbox 1116 3928 1304 3982; x_wconf 87' lang='lat' dir='ltr'><strong><em>robori</em></strong></span> <span class='ocrx_word' id='word_1_417' title='bbox 1348 3945 1536 4000; x_wconf 91' lang='lat' dir='ltr'><strong><em>parem</em></strong></span> <span class='ocrx_word' id='word_1_418' title='bbox 1588 3932 1800 3988; x_wconf 87' lang='lat' dir='ltr'><strong><em>habens</em></strong></span> <span class='ocrx_word' id='word_1_419' title='bbox 1844 3935 2015 3989; x_wconf 88' lang='lat' dir='ltr'><strong><em>animi</em></strong></span> 
     </span>
    </p>
   </div>
   <div class='ocr_carea' id='block_1_59' title="bbox 426 4015 2016 4093">
    <p class='ocr_par' dir='ltr' id='par_1_59' title="bbox 426 4015 2016 4093">
     <span class='ocr_line' id='line_1_59' title="bbox 426 4015 2016 4093; baseline 0.008 -26"><span class='ocrx_word' id='word_1_420' title='bbox 426 4015 707 4083; x_wconf 76' lang='lat' dir='ltr'><strong><em>virtutem,</em></strong></span> <span class='ocrx_word' id='word_1_421' title='bbox 751 4015 927 4072; x_wconf 90' lang='lat' dir='ltr'><strong><em>fateor</em></strong></span> <span class='ocrx_word' id='word_1_422' title='bbox 967 4024 1023 4072; x_wconf 87' lang='lat' dir='ltr'><strong><em>et</em></strong></span> <span class='ocrx_word' id='word_1_423' title='bbox 1072 4033 1194 4087; x_wconf 87' lang='lat' dir='ltr'><strong><em>ego,</em></strong></span> <span class='ocrx_word' id='word_1_424' title='bbox 1244 4021 1452 4075; x_wconf 88' lang='lat' dir='ltr'><strong><em>nemini</em></strong></span> <span class='ocrx_word' id='word_1_425' title='bbox 1498 4038 1632 4077; x_wconf 89' lang='lat' dir='ltr'><strong><em>sane</em></strong></span> <span class='ocrx_word' id='word_1_426' title='bbox 1681 4024 1737 4077; x_wconf 91' lang='lat' dir='ltr'><strong><em>in</em></strong></span> <span class='ocrx_word' id='word_1_427' title='bbox 1781 4033 2016 4093; x_wconf 88' lang='lat' dir='ltr'><strong><em>utroque</em></strong></span> 
     </span>
    </p>
   </div>
   <div class='ocr_carea' id='block_1_60' title="bbox 428 4108 2012 4182">
    <p class='ocr_par' dir='ltr' id='par_1_60' title="bbox 428 4108 2012 4182">
     <span class='ocr_line' id='line_1_60' title="bbox 428 4108 2012 4182; baseline 0.007 -23"><span class='ocrx_word' id='word_1_428' title='bbox 428 4108 743 4176; x_wconf 88' lang='lat' dir='ltr'><strong><em>secundus;</em></strong></span> <span class='ocrx_word' id='word_1_429' title='bbox 777 4108 873 4163; x_wconf 91' lang='lat' dir='ltr'><strong><em>sed</em></strong></span> <span class='ocrx_word' id='word_1_430' title='bbox 917 4117 1103 4167; x_wconf 89' lang='lat' dir='ltr'><strong><em>tamen</em></strong></span> <span class='ocrx_word' id='word_1_431' title='bbox 1139 4114 1304 4168; x_wconf 90' lang='lat' dir='ltr'><strong><em>homo</em></strong></span> <span class='ocrx_word' id='word_1_432' title='bbox 1355 4122 1495 4175; x_wconf 88' lang='lat' dir='ltr'><strong><em>erat.</em></strong></span> <span class='ocrx_word' id='word_1_433' title='bbox 1539 4122 1593 4168; x_wconf 78' lang='lat' dir='ltr'><strong><em>et</em></strong></span> <span class='ocrx_word' id='word_1_434' title='bbox 1631 4126 1877 4171; x_wconf 87' lang='lat' dir='ltr'><strong><em>mortuus</em></strong></span> <span class='ocrx_word' id='word_1_435' title='bbox 1907 4126 2012 4182; x_wconf 92' lang='lat' dir='ltr'><strong><em>est,</em></strong></span> 
     </span>
    </p>
   </div>
   <div class='ocr_carea' id='block_1_61' title="bbox 427 4198 2011 4275">
    <p class='ocr_par' dir='ltr' id='par_1_61' title="bbox 427 4198 2011 4275">
     <span class='ocr_line' id='line_1_61' title="bbox 427 4198 2011 4275; baseline 0.008 -23"><span class='ocrx_word' id='word_1_436' title='bbox 427 4206 489 4252; x_wconf 89' lang='lat' dir='ltr'><strong><em>ut</em></strong></span> <span class='ocrx_word' id='word_1_437' title='bbox 512 4198 707 4263; x_wconf 86' lang='lat' dir='ltr'><strong><em>Adam,</em></strong></span> <span class='ocrx_word' id='word_1_438' title='bbox 743 4206 802 4252; x_wconf 91' lang='lat' dir='ltr'><strong><em>ut</em></strong></span> <span class='ocrx_word' id='word_1_439' title='bbox 833 4201 992 4264; x_wconf 86' lang='lat' dir='ltr'><strong><em>Abel,</em></strong></span> <span class='ocrx_word' id='word_1_440' title='bbox 1032 4211 1091 4256; x_wconf 92' lang='lat' dir='ltr'><strong><em>ut</em></strong></span> <span class='ocrx_word' id='word_1_441' title='bbox 1124 4202 1258 4268; x_wconf 85' lang='lat' dir='ltr'><strong><em>Noe,</em></strong></span> <span class='ocrx_word' id='word_1_442' title='bbox 1295 4211 1356 4258; x_wconf 92' lang='lat' dir='ltr'><strong><em>ut</em></strong></span> <span class='ocrx_word' id='word_1_443' title='bbox 1385 4202 1685 4269; x_wconf 82' lang='lat' dir='ltr'><strong><em>Abraham,</em></strong></span> <span class='ocrx_word' id='word_1_444' title='bbox 1723 4217 1783 4261; x_wconf 94' lang='lat' dir='ltr'><strong><em>ut</em></strong></span> <span class='ocrx_word' id='word_1_445' title='bbox 1814 4208 2011 4275; x_wconf 85' lang='lat' dir='ltr'><strong><em>Moses,</em></strong></span> 
     </span>
    </p>
   </div>
   <div class='ocr_carea' id='block_1_62' title="bbox 426 4290 2012 4370">
    <p class='ocr_par' dir='ltr' id='par_1_62' title="bbox 426 4290 2012 4370">
     <span class='ocr_line' id='line_1_62' title="bbox 426 4290 2012 4370; baseline 0.006 -26"><span class='ocrx_word' id='word_1_446' title='bbox 426 4298 488 4344; x_wconf 91' lang='lat' dir='ltr'><strong><em>ut</em></strong></span> <span class='ocrx_word' id='word_1_447' title='bbox 510 4290 653 4346; x_wconf 89' lang='lat' dir='ltr'><strong><em>alius</em></strong></span> <span class='ocrx_word' id='word_1_448' title='bbox 683 4292 886 4360; x_wconf 87' lang='lat' dir='ltr'><strong><em>quivis,</em></strong></span> <span class='ocrx_word' id='word_1_449' title='bbox 923 4309 1088 4362; x_wconf 90' lang='lat' dir='ltr'><strong><em>quem</em></strong></span> <span class='ocrx_word' id='word_1_450' title='bbox 1138 4293 1388 4365; x_wconf 88' lang='lat' dir='ltr'><strong><em>ejusdem</em></strong></span> <span class='ocrx_word' id='word_1_451' title='bbox 1442 4305 1652 4351; x_wconf 63' lang='lat' dir='ltr'><strong><em>natura:</em></strong></span> <span class='ocrx_word' id='word_1_452' title='bbox 1688 4299 2012 4370; x_wconf 89' lang='lat' dir='ltr'><strong><em>participem</em></strong></span> 
     </span>
    </p>
   </div>
   <div class='ocr_carea' id='block_1_63' title="bbox 426 4378 2013 4459">
    <p class='ocr_par' dir='ltr' id='par_1_63' title="bbox 426 4378 2013 4459">
     <span class='ocr_line' id='line_1_63' title="bbox 426 4378 2013 4459; baseline 0.008 -25"><span class='ocrx_word' id='word_1_453' title='bbox 426 4378 822 4437; x_wconf 88' lang='lat' dir='ltr'><strong><em>nominaveris.</em></strong></span> <span class='ocrx_word' id='word_1_454' title='bbox 858 4381 979 4438; x_wconf 88' lang='lat' dir='ltr'><strong><em>Non</em></strong></span> <span class='ocrx_word' id='word_1_455' title='bbox 1009 4385 1179 4455; x_wconf 83' lang='lat' dir='ltr'><strong><em>igitur</em></strong></span> <span class='ocrx_word' id='word_1_456' title='bbox 1210 4388 1357 4456; x_wconf 88' lang='lat' dir='ltr'><strong><em>quod</em></strong></span> <span class='ocrx_word' id='word_1_457' title='bbox 1386 4386 1435 4441; x_wconf 90' lang='lat' dir='ltr'><strong><em>is</em></strong></span> <span class='ocrx_word' id='word_1_458' title='bbox 1477 4397 1701 4459; x_wconf 86' lang='lat' dir='ltr'><strong><em>ereptus</em></strong></span> <span class='ocrx_word' id='word_1_459' title='bbox 1728 4389 1892 4445; x_wconf 77' lang='lat' dir='ltr'><strong><em>fuerit</em></strong></span> <span class='ocrx_word' id='word_1_460' title='bbox 1929 4393 2013 4445; x_wconf 89' lang='lat' dir='ltr'><strong><em>in-</em></strong></span> 
     </span>
    </p>
   </div>
   <div class='ocr_carea' id='block_1_64' title="bbox 426 4467 2011 4550">
    <p class='ocr_par' dir='ltr' id='par_1_64' title="bbox 426 4467 2011 4550">
     <span class='ocr_line' id='line_1_64' title="bbox 426 4467 2011 4550; baseline 0.006 -22"><span class='ocrx_word' id='word_1_461' title='bbox 426 4473 718 4545; x_wconf 88' lang='lat' dir='ltr'><strong><em>dignemur</em></strong></span> <span class='ocrx_word' id='word_1_462' title='bbox 750 4492 763 4529; x_wconf 92' lang='lat'>:</span> <span class='ocrx_word' id='word_1_463' title='bbox 798 4475 894 4530; x_wconf 90' lang='lat' dir='ltr'><strong><em>sed</em></strong></span> <span class='ocrx_word' id='word_1_464' title='bbox 926 4474 1093 4548; x_wconf 59' lang='lat'><strong><em>516</em></strong></span> <span class='ocrx_word' id='word_1_465' title='bbox 1117 4477 1266 4548; x_wconf 90' lang='lat' dir='ltr'><strong><em>quod</em></strong></span> <span class='ocrx_word' id='word_1_466' title='bbox 1290 4478 1358 4533; x_wconf 90' lang='lat' dir='ltr'><strong><em>ab</em></strong></span> <span class='ocrx_word' id='word_1_467' title='bbox 1377 4478 1536 4534; x_wconf 90' lang='lat' dir='ltr'><strong><em>initio</em></strong></span> <span class='ocrx_word' id='word_1_468' title='bbox 1570 4467 1850 4550; x_wconf 86' lang='lat' dir='ltr'><strong><em>conjuncti</em></strong></span> <span class='ocrx_word' id='word_1_469' title='bbox 1887 4498 2011 4539; x_wconf 88' lang='lat' dir='ltr'><strong><em>cum</em></strong></span> 
     </span>
    </p>
   </div>
   <div class='ocr_carea' id='block_1_65' title="bbox 526 4603 949 4673">
    <p class='ocr_par' dir='ltr' id='par_1_65' title="bbox 526 4603 949 4673">
     <span class='ocr_line' id='line_1_65' title="bbox 526 4603 949 4673; baseline 0.012 -15"><span class='ocrx_word' id='word_1_470' title='bbox 526 4606 541 4637; x_wconf 86' lang='grc'>¹</span> <span class='ocrx_word' id='word_1_471' title='bbox 565 4603 705 4662; x_wconf 89' lang='lat' dir='ltr'><strong><em>Gen.</em></strong></span> <span class='ocrx_word' id='word_1_472' title='bbox 743 4621 828 4673; x_wconf 90' lang='grc' dir='ltr'>ιιι,</span> <span class='ocrx_word' id='word_1_473' title='bbox 860 4604 949 4663; x_wconf 80' lang='grc'><strong><em>19.</em></strong></span> 
     </span>
    </p>
   </div>
   <div class='ocr_carea' id='block_1_66' title="bbox 553 4730 1631 4810">
    <p class='ocr_par' dir='ltr' id='par_1_66' title="bbox 553 4730 1631 4810">
     <span class='ocr_line' id='line_1_66' title="bbox 553 4730 1631 4810; baseline 0.01 -22"><span class='ocrx_word' id='word_1_474' title='bbox 553 4736 705 4810; x_wconf 31' lang='lat' dir='ltr'><strong><em>alias</em></strong></span> <span class='ocrx_word' id='word_1_475' title='bbox 733 4730 1065 4810; x_wconf 70' lang='lat' dir='ltr'><strong><em>CLXXXVI.</em></strong></span> <span class='ocrx_word' id='word_1_476' title='bbox 1097 4737 1309 4810; x_wconf 74' lang='lat' dir='ltr'><strong><em>Scripta</em></strong></span> <span class='ocrx_word' id='word_1_477' title='bbox 1343 4757 1487 4798; x_wconf 90' lang='lat' dir='ltr'><strong><em>anno</em></strong></span> <span class='ocrx_word' id='word_1_478' title='bbox 1509 4743 1631 4799; x_wconf 77' lang='grc'><strong><em>578.</em></strong></span> 
     </span>
    </p>
   </div>
   <div class='ocr_carea' id='block_1_67' title="bbox 498 4804 2014 4877">
    <p class='ocr_par' dir='ltr' id='par_1_67' title="bbox 498 4804 2014 4877">
     <span class='ocr_line' id='line_1_67' title="bbox 498 4804 2014 4877; baseline 0.011 -19"><span class='ocrx_word' id='word_1_479' title='bbox 498 4804 612 4877; x_wconf 78' lang='lat'><strong><em>(72)</em></strong></span> <span class='ocrx_word' id='word_1_480' title='bbox 641 4807 1078 4874; x_wconf 65' lang='lat' dir='ltr'><strong><em>Etpamldtov.</em></strong></span> <span class='ocrx_word' id='word_1_481' title='bbox 1108 4804 1257 4864; x_wconf 78' lang='lat' dir='ltr'><strong><em>Hanc</em></strong></span> <span class='ocrx_word' id='word_1_482' title='bbox 1280 4827 1465 4867; x_wconf 88' lang='lat' dir='ltr'><strong><em>vocem</em></strong></span> <span class='ocrx_word' id='word_1_483' title='bbox 1489 4814 1801 4873; x_wconf 85' lang='lat' dir='ltr'><strong><em>addidimus</em></strong></span> <span class='ocrx_word' id='word_1_484' title='bbox 1830 4833 1897 4873; x_wconf 81' lang='lat' dir='ltr'><strong><em>ex</em></strong></span> <span class='ocrx_word' id='word_1_485' title='bbox 1920 4819 2014 4874; x_wconf 88' lang='lat' dir='ltr'><strong><em>tri-</em></strong></span> 
     </span>
    </p>
   </div>
   <div class='ocr_carea' id='block_1_68' title="bbox 428 4877 1307 4944">
    <p class='ocr_par' dir='ltr' id='par_1_68' title="bbox 428 4877 1307 4944">
     <span class='ocr_line' id='line_1_68' title="bbox 428 4877 1307 4944; baseline 0 -13"><span class='ocrx_word' id='word_1_486' title='bbox 428 4877 532 4931; x_wconf 88' lang='lat' dir='ltr'><strong><em>bus</em></strong></span> <span class='ocrx_word' id='word_1_487' title='bbox 565 4878 966 4944; x_wconf 83' lang='lat' dir='ltr'><strong><em>antiquissimis</em></strong></span> <span class='ocrx_word' id='word_1_488' title='bbox 999 4878 1307 4936; x_wconf 84' lang='lat' dir='ltr'><strong><em>codicibus.</em></strong></span> 
     </span>
    </p>
   </div>
   <div class='ocr_carea' id='block_1_69' title="bbox 500 4942 2007 5028">
    <p class='ocr_par' dir='ltr' id='par_1_69' title="bbox 500 4942 2007 5028">
     <span class='ocr_line' id='line_1_69' title="bbox 500 4942 2007 5028; baseline 0.012 -31"><span class='ocrx_word' id='word_1_489' title='bbox 634 4942 1085 5028; x_wconf 46' lang='grc' dir='ltr'>’Τῇ-σεμνότητι</span> <span class='ocrx_word' id='word_1_490' title='bbox 1119 4965 1256 5004; x_wconf 88' lang='grc' dir='ltr'>σου.</span> <span class='ocrx_word' id='word_1_491' title='bbox 1292 4948 1384 5005; x_wconf 83' lang='lat' dir='ltr'><strong><em>Sic</em></strong></span> <span class='ocrx_word' id='word_1_492' title='bbox 1428 4952 1589 5009; x_wconf 85' lang='lat' dir='ltr'><strong><em>iidem</em></strong></span> <span class='ocrx_word' id='word_1_493' title='bbox 1623 4963 1734 5012; x_wconf 77' lang='lat' dir='ltr'><strong><em>tres</em></strong></span> <span class='ocrx_word' id='word_1_494' title='bbox 1768 4956 2007 5015; x_wconf 86' lang='lat' dir='ltr'><strong><em>codices.</em></strong></span> 
     </span>
    </p>
   </div>
   <div class='ocr_carea' id='block_1_70' title="bbox 427 5015 1109 5089">
    <p class='ocr_par' dir='ltr' id='par_1_70' title="bbox 427 5015 1109 5089">
     <span class='ocr_line' id='line_1_70' title="bbox 427 5015 1109 5089; baseline 0.001 -20"><span class='ocrx_word' id='word_1_495' title='bbox 427 5015 664 5089; x_wconf 47' lang='lat' dir='ltr'><strong><em>Editikﬁ</em></strong></span> <span class='ocrx_word' id='word_1_496' title='bbox 701 5019 765 5086; x_wconf 78' lang='grc' dir='ltr'>σῇ</span> <span class='ocrx_word' id='word_1_497' title='bbox 801 5015 1109 5089; x_wconf 79' lang='grc' dir='ltr'>σεμνότητι.</span> 
     </span>
    </p>
   </div>
   <div class='ocr_carea' id='block_1_71' title="bbox 499 5086 2008 5169">
    <p class='ocr_par' dir='ltr' id='par_1_71' title="bbox 499 5086 2008 5169">
     <span class='ocr_line' id='line_1_71' title="bbox 499 5086 2008 5169; baseline 0.009 -31"><span class='ocrx_word' id='word_1_498' title='bbox 499 5086 613 5169; x_wconf 71' lang='grc'><strong>(74)</strong></span> <span class='ocrx_word' id='word_1_499' title='bbox 638 5086 944 5169; x_wconf 47' lang='grc' dir='ltr'>ἶῌᾼᾷομεγ.</span> <span class='ocrx_word' id='word_1_500' title='bbox 976 5086 1049 5139; x_wconf 82' lang='lat' dir='ltr'><strong><em>Ita</em></strong></span> <span class='ocrx_word' id='word_1_501' title='bbox 1071 5099 1182 5169; x_wconf 72' lang='lat' dir='ltr'><strong><em>tres</em></strong></span> <span class='ocrx_word' id='word_1_502' title='bbox 1204 5088 1367 5169; x_wconf 57' lang='lat' dir='ltr'><strong><em>iidem</em></strong></span> <span class='ocrx_word' id='word_1_503' title='bbox 1396 5092 1635 5169; x_wconf 82' lang='lat' dir='ltr'><strong><em>codices.</em></strong></span> <span class='ocrx_word' id='word_1_504' title='bbox 1666 5094 1805 5151; x_wconf 80' lang='lat' dir='ltr'><strong><em>Etliti</em></strong></span> <span class='ocrx_word' id='word_1_505' title='bbox 1824 5093 2008 5169; x_wconf 80' lang='grc' dir='ltr'>ἦλθον.</span> 
     </span>
    </p>
   </div>
   <div class='ocr_carea' id='block_1_72' title="bbox 426 5152 2009 5232">
    <p class='ocr_par' dir='ltr' id='par_1_72' title="bbox 426 5152 2009 5232">
     <span class='ocr_line' id='line_1_72' title="bbox 426 5152 2009 5232; baseline 0.01 -25"><span class='ocrx_word' id='word_1_506' title='bbox 426 5152 1256 5232; x_wconf 55' lang='lat' dir='ltr'><strong><em>lbiilentCoisprrimusnich.</em></strong></span> <span class='ocrx_word' id='word_1_507' title='bbox 1280 5159 1429 5217; x_wconf 81' lang='lat' dir='ltr'><strong><em>llarl.</em></strong></span> <span class='ocrx_word' id='word_1_508' title='bbox 1452 5166 1624 5232; x_wconf 87' lang='lat' dir='ltr'><strong><em>prima</em></strong></span> <span class='ocrx_word' id='word_1_509' title='bbox 1644 5182 1807 5220; x_wconf 88' lang='lat' dir='ltr'><strong><em>manu</em></strong></span> <span class='ocrx_word' id='word_1_510' title='bbox 1826 5152 2009 5225; x_wconf 70' lang='grc' dir='ltr'>παντί.</span> 
     </span>
    </p>
   </div>
   <div class='ocr_carea' id='block_1_73' title="bbox 524 5224 1899 5307">
    <p class='ocr_par' dir='ltr' id='par_1_73' title="bbox 524 5224 1899 5307">
     <span class='ocr_line' id='line_1_73' title="bbox 524 5224 1899 5307; baseline 0.01 -32"><span class='ocrx_word' id='word_1_511' title='bbox 652 5224 997 5307; x_wconf 38' lang='grc' dir='ltr'><strong><em>ζζὶςιεχιιῠζῷι</em></strong></span> <span class='ocrx_word' id='word_1_512' title='bbox 1021 5227 1094 5281; x_wconf 81' lang='lat' dir='ltr'><strong><em>Ita</em></strong></span> <span class='ocrx_word' id='word_1_513' title='bbox 1127 5224 1264 5285; x_wconf 79' lang='lat' dir='ltr'><strong><em>mss.</em></strong></span> <span class='ocrx_word' id='word_1_514' title='bbox 1297 5247 1412 5307; x_wconf 70' lang='lat' dir='ltr'><strong><em>sex.</em></strong></span> <span class='ocrx_word' id='word_1_515' title='bbox 1445 5224 1585 5307; x_wconf 81' lang='lat' dir='ltr'><strong><em>Editi</em></strong></span> <span class='ocrx_word' id='word_1_516' title='bbox 1615 5236 1709 5307; x_wconf 45' lang='lat' dir='ltr'><strong><em>ira?</em></strong></span> <span class='ocrx_word' id='word_1_517' title='bbox 1731 5239 1899 5307; x_wconf 77' lang='grc' dir='ltr'>αὐτῷ.</span> 
     </span>
    </p>
   </div>
   <div class='ocr_carea' id='block_1_74' title="bbox 499 5233 2009 5365">
    <p class='ocr_par' dir='ltr' id='par_1_74' title="bbox 499 5233 2009 5365">
     <span class='ocr_line' id='line_1_74' title="bbox 524 5233 1899 5292; baseline 0.009 -15"><span class='ocrx_word' id='word_1_518' title='bbox 524 5233 612 5291; x_wconf 79' lang='grc'><strong>75)</strong></span> <span class='ocrx_word' id='word_1_519' title='bbox 656 5233 780 5280; x_wconf 78' lang='grc' dir='ltr'><strong><em>Ἐπ’</em></strong></span> <span class='ocrx_word' id='word_1_520' title='bbox 809 5233 988 5292; x_wconf 81' lang='grc' dir='ltr'>αὐτῷ.</span> <span class='ocrx_word' id='word_1_521' title='bbox 1021 5233 1094 5281; x_wconf 82' lang='lat' dir='ltr'><strong><em>Ita</em></strong></span> <span class='ocrx_word' id='word_1_522' title='bbox 1127 5245 1264 5285; x_wconf 92' lang='lat' dir='ltr'><strong><em>mss.</em></strong></span> <span class='ocrx_word' id='word_1_523' title='bbox 1297 5247 1412 5285; x_wconf 81' lang='lat' dir='ltr'><strong><em>sex.</em></strong></span> <span class='ocrx_word' id='word_1_524' title='bbox 1445 5233 1585 5287; x_wconf 75' lang='lat' dir='ltr'><strong><em>Etilll</em></strong></span> <span class='ocrx_word' id='word_1_525' title='bbox 1615 5236 1706 5288; x_wconf 73' lang='grc' dir='ltr'><strong><em>ὑπ’</em></strong></span> <span class='ocrx_word' id='word_1_526' title='bbox 1731 5239 1899 5290; x_wconf 77' lang='grc' dir='ltr'>αὐτῶ.</span> 
     </span>
     <span class='ocr_line' id='line_1_75' title="bbox 499 5233 2009 5365; baseline 0.011 -19"><span class='ocrx_word' id='word_1_527' title='bbox 499 5233 612 5365; x_wconf 80' lang='grc'><strong>(76)</strong></span> <span class='ocrx_word' id='word_1_528' title='bbox 634 5295 808 5365; x_wconf 84' lang='grc' dir='ltr'><strong><em>Παρὰ</em></strong></span> <span class='ocrx_word' id='word_1_529' title='bbox 825 5298 953 5351; x_wconf 85' lang='grc' dir='ltr'>τοῦ.</span> <span class='ocrx_word' id='word_1_530' title='bbox 980 5295 1057 5350; x_wconf 91' lang='lat' dir='ltr'><strong><em>lta</em></strong></span> <span class='ocrx_word' id='word_1_531' title='bbox 1082 5307 1192 5353; x_wconf 91' lang='lat' dir='ltr'><strong><em>tres</em></strong></span> <span class='ocrx_word' id='word_1_532' title='bbox 1214 5303 1571 5360; x_wconf 86' lang='lat' dir='ltr'><strong><em>vetustissimi</em></strong></span> <span class='ocrx_word' id='word_1_533' title='bbox 1596 5306 1834 5363; x_wconf 83' lang='lat' dir='ltr'><strong><em>codices.</em></strong></span> <span class='ocrx_word' id='word_1_534' title='bbox 1853 5292 2009 5363; x_wconf 48' lang='lat' dir='ltr'><strong><em>&#39;Editi</em></strong></span> 
     </span>
    </p>
   </div>
   <div class='ocr_carea' id='block_1_75' title="bbox 428 5364 2008 5487">
    <p class='ocr_par' dir='ltr' id='par_1_75' title="bbox 428 5364 2008 5487">
     <span class='ocr_line' id='line_1_76' title="bbox 428 5364 2008 5451; baseline 0.009 -33"><span class='ocrx_word' id='word_1_535' title='bbox 428 5364 534 5418; x_wconf 77' lang='grc' dir='ltr'><strong><em>ὑπὸ</em></strong></span> <span class='ocrx_word' id='word_1_536' title='bbox 564 5364 677 5418; x_wconf 78' lang='grc' dir='ltr'>τοῦ.</span> <span class='ocrx_word' id='word_1_537' title='bbox 708 5365 826 5419; x_wconf 82' lang='lat' dir='ltr'><strong><em>Mox</em></strong></span> <span class='ocrx_word' id='word_1_538' title='bbox 858 5370 1043 5437; x_wconf 84' lang='lat' dir='ltr'><strong><em>plures</em></strong></span> <span class='ocrx_word' id='word_1_539' title='bbox 1071 5370 1293 5427; x_wconf 84' lang='lat' dir='ltr'><strong><em>codices</em></strong></span> <span class='ocrx_word' id='word_1_540' title='bbox 1326 5389 1435 5427; x_wconf 87' lang='lat' dir='ltr'><strong><em>non</em></strong></span> <span class='ocrx_word' id='word_1_541' title='bbox 1461 5377 1833 5445; x_wconf 85' lang='lat' dir='ltr'><strong><em>antiquissimi</em></strong></span> <span class='ocrx_word' id='word_1_542' title='bbox 1870 5380 2008 5451; x_wconf 87' lang='grc' dir='ltr'>πρὸς</span> 
     </span>
     <span class='ocr_line' id='line_1_77' title="bbox 428 5434 750 5487; baseline -0.006 0"><span class='ocrx_word' id='word_1_543' title='bbox 428 5434 490 5487; x_wconf 74' lang='grc' dir='ltr'>τὸ</span> <span class='ocrx_word' id='word_1_544' title='bbox 522 5434 750 5487; x_wconf 80' lang='grc' dir='ltr'>συμϐάν.</span> 
     </span>
    </p>
   </div>
   <div class='ocr_carea' id='block_1_76' title="bbox 427 5447 750 5503">
    <p class='ocr_par' dir='ltr' id='par_1_76' title="bbox 427 5447 750 5503">
     <span class='ocr_line' id='line_1_78' title="bbox 427 5447 750 5503; baseline -0.006 -16"><span class='ocrx_word' id='word_1_545' title='bbox 427 5447 490 5487; x_wconf 83' lang='grc' dir='ltr'><strong><em>το</em></strong></span> <span class='ocrx_word' id='word_1_546' title='bbox 522 5449 583 5503; x_wconf 79' lang='grc' dir='ltr'><strong><em>συ</em></strong></span> <span class='ocrx_word' id='word_1_547' title='bbox 592 5447 750 5503; x_wconf 76' lang='grc' dir='ltr'>μοαν.</span> 
     </span>
    </p>
   </div>
   <div class='ocr_carea' id='block_1_77' title="bbox 499 5502 2005 5572">
    <p class='ocr_par' dir='ltr' id='par_1_77' title="bbox 499 5502 2005 5572">
     <span class='ocr_line' id='line_1_79' title="bbox 499 5502 2005 5572; baseline 0.013 -19"><span class='ocrx_word' id='word_1_548' title='bbox 499 5502 612 5572; x_wconf 84' lang='lat'><strong><em>(77)</em></strong></span> <span class='ocrx_word' id='word_1_549' title='bbox 650 5502 918 5572; x_wconf 74' lang='grc' dir='ltr'>Καρδίαν</span> <span class='ocrx_word' id='word_1_550' title='bbox 948 5522 1086 5563; x_wconf 88' lang='grc' dir='ltr'>σου.</span> <span class='ocrx_word' id='word_1_551' title='bbox 1122 5508 1328 5567; x_wconf 85' lang='lat' dir='ltr'><strong><em>Vocula</em></strong></span> <span class='ocrx_word' id='word_1_552' title='bbox 1376 5512 1558 5567; x_wconf 89' lang='lat' dir='ltr'><strong><em>addita</em></strong></span> <span class='ocrx_word' id='word_1_553' title='bbox 1581 5530 1645 5568; x_wconf 81' lang='lat' dir='ltr'><strong><em>ex</em></strong></span> <span class='ocrx_word' id='word_1_554' title='bbox 1682 5515 1872 5572; x_wconf 89' lang='lat' dir='ltr'><strong><em>iisdem</em></strong></span> <span class='ocrx_word' id='word_1_555' title='bbox 1905 5518 2005 5572; x_wconf 50' lang='lat' dir='ltr'><strong><em>tri.</em></strong></span> 
     </span>
    </p>
   </div>
   <div class='ocr_carea' id='block_1_78' title="bbox 428 5571 2011 5657">
    <p class='ocr_par' dir='ltr' id='par_1_78' title="bbox 428 5571 2011 5657">
     <span class='ocr_line' id='line_1_80' title="bbox 428 5571 2011 5657; baseline 0.011 -32"><span class='ocrx_word' id='word_1_556' title='bbox 428 5571 533 5657; x_wconf 64' lang='lat' dir='ltr'><strong><em>bus</em></strong></span> <span class='ocrx_word' id='word_1_557' title='bbox 563 5571 692 5657; x_wconf 58' lang='lat' dir='ltr'><strong><em>mss.</em></strong></span> <span class='ocrx_word' id='word_1_558' title='bbox 724 5571 891 5657; x_wconf 57' lang='lat' dir='ltr'><strong><em>Paulo</em></strong></span> <span class='ocrx_word' id='word_1_559' title='bbox 918 5587 1040 5657; x_wconf 85' lang='lat' dir='ltr'><strong><em>post</em></strong></span> <span class='ocrx_word' id='word_1_560' title='bbox 1064 5580 1193 5657; x_wconf 77' lang='lat' dir='ltr'><strong><em>editi</em></strong></span> <span class='ocrx_word' id='word_1_561' title='bbox 1226 5582 1359 5657; x_wconf 60' lang='grc' dir='ltr'>περι</span> <span class='ocrx_word' id='word_1_562' title='bbox 1382 5584 1578 5657; x_wconf 76' lang='grc' dir='ltr'>πάντα.</span> <span class='ocrx_word' id='word_1_563' title='bbox 1597 5585 1761 5657; x_wconf 83' lang='lat' dir='ltr'><strong><em>_Harl.</em></strong></span> <span class='ocrx_word' id='word_1_564' title='bbox 1796 5571 1849 5641; x_wconf 84' lang='lat' dir='ltr'><strong><em>et</em></strong></span> <span class='ocrx_word' id='word_1_565' title='bbox 1873 5571 2011 5657; x_wconf 84' lang='lat' dir='ltr'><strong><em>qua—</em></strong></span> 
     </span>
    </p>
   </div>
   <div class='ocr_carea' id='block_1_79' title="bbox 430 5642 2008 5727">
    <p class='ocr_par' dir='ltr' id='par_1_79' title="bbox 430 5642 2008 5727">
     <span class='ocr_line' id='line_1_81' title="bbox 430 5642 2008 5727; baseline 0.013 -32"><span class='ocrx_word' id='word_1_566' title='bbox 430 5648 555 5696; x_wconf 89' lang='lat' dir='ltr'><strong><em>tuor</em></strong></span> <span class='ocrx_word' id='word_1_567' title='bbox 584 5642 674 5696; x_wconf 86' lang='lat' dir='ltr'><strong><em>alii</em></strong></span> <span class='ocrx_word' id='word_1_568' title='bbox 705 5653 758 5698; x_wconf 93' lang='lat' dir='ltr'><strong><em>ut</em></strong></span> <span class='ocrx_word' id='word_1_569' title='bbox 797 5646 852 5700; x_wconf 92' lang='lat' dir='ltr'><strong><em>in</em></strong></span> <span class='ocrx_word' id='word_1_570' title='bbox 881 5642 1048 5702; x_wconf 82' lang='lat' dir='ltr'><strong><em>textu.</em></strong></span> <span class='ocrx_word' id='word_1_571' title='bbox 1076 5642 1452 5709; x_wconf 70' lang='lat' dir='ltr'><strong><em>Ibidem&#39;Med.</em></strong></span> <span class='ocrx_word' id='word_1_572' title='bbox 1488 5662 1543 5709; x_wconf 88' lang='lat' dir='ltr'><strong><em>et</em></strong></span> <span class='ocrx_word' id='word_1_573' title='bbox 1582 5655 1751 5711; x_wconf 87' lang='lat' dir='ltr'><strong><em>Coisl.</em></strong></span> <span class='ocrx_word' id='word_1_574' title='bbox 1796 5642 2008 5727; x_wconf 75' lang='lat' dir='ltr'><strong><em>primus</em></strong></span> 
     </span>
    </p>
   </div>
   <div class='ocr_carea' id='block_1_80' title="bbox 2122 2205 3730 2282">
    <p class='ocr_par' dir='ltr' id='par_1_80' title="bbox 2122 2205 3730 2282">
     <span class='ocr_line' id='line_1_82' title="bbox 2122 2205 3730 2282; baseline 0.003 -24"><span class='ocrx_word' id='word_1_575' title='bbox 2122 2205 2509 2276; x_wconf 73' lang='grc' dir='ltr'>ἐλογισάμεθα,</span> <span class='ocrx_word' id='word_1_576' title='bbox 2557 2208 2662 2270; x_wconf 82' lang='grc' dir='ltr'>ὅτι,</span> <span class='ocrx_word' id='word_1_577' title='bbox 2715 2206 3000 2279; x_wconf 86' lang='grc' dir='ltr'>ἄνθρωπος</span> <span class='ocrx_word' id='word_1_578' title='bbox 3049 2207 3146 2275; x_wconf 83' lang='grc' dir='ltr'>ὢν,</span> <span class='ocrx_word' id='word_1_579' title='bbox 3196 2210 3291 2263; x_wconf 79' lang='grc' dir='ltr'>καὶ</span> <span class='ocrx_word' id='word_1_580' title='bbox 3323 2210 3730 2282; x_wconf 78' lang='grc' dir='ltr'>λειτουργήσας</span> 
     </span>
    </p>
   </div>
   <div class='ocr_carea' id='block_1_81' title="bbox 2120 2296 3731 2377">
    <p class='ocr_par' dir='ltr' id='par_1_81' title="bbox 2120 2296 3731 2377">
     <span class='ocr_line' id='line_1_83' title="bbox 2120 2296 3731 2377; baseline 0.007 -30"><span class='ocrx_word' id='word_1_581' title='bbox 2120 2297 2198 2367; x_wconf 82' lang='grc' dir='ltr'><strong><em>τῷ</em></strong></span> <span class='ocrx_word' id='word_1_582' title='bbox 2222 2296 2321 2368; x_wconf 83' lang='grc' dir='ltr'>βίῳ</span> <span class='ocrx_word' id='word_1_583' title='bbox 2374 2297 2551 2368; x_wconf 85' lang='grc' dir='ltr'>τούτῳ</span> <span class='ocrx_word' id='word_1_584' title='bbox 2588 2298 2657 2352; x_wconf 75' lang='grc' dir='ltr'>τὰ</span> <span class='ocrx_word' id='word_1_585' title='bbox 2698 2300 3080 2365; x_wconf 76' lang='grc' dir='ltr'>ἐπιϐάλλοντα,</span> <span class='ocrx_word' id='word_1_586' title='bbox 3105 2305 3218 2367; x_wconf 84' lang='grc' dir='ltr'>τοῖς</span> <span class='ocrx_word' id='word_1_587' title='bbox 3250 2302 3556 2374; x_wconf 80' lang='grc' dir='ltr'>καθήκουσι</span> <span class='ocrx_word' id='word_1_588' title='bbox 3594 2305 3731 2377; x_wconf 81' lang='grc' dir='ltr'>χρό-</span> 
     </span>
    </p>
   </div>
   <div class='ocr_carea' id='block_1_82' title="bbox 2121 2389 3727 2468">
    <p class='ocr_par' dir='ltr' id='par_1_82' title="bbox 2121 2389 3727 2468">
     <span class='ocr_line' id='line_1_84' title="bbox 2121 2389 3727 2468; baseline 0.004 -25"><span class='ocrx_word' id='word_1_589' title='bbox 2121 2406 2234 2452; x_wconf 88' lang='grc' dir='ltr'>νοις</span> <span class='ocrx_word' id='word_1_590' title='bbox 2264 2389 2426 2443; x_wconf 75' lang='grc' dir='ltr'>πὰλιν</span> <span class='ocrx_word' id='word_1_591' title='bbox 2462 2390 2614 2462; x_wconf 83' lang='grc' dir='ltr'>παρὰ</span> <span class='ocrx_word' id='word_1_592' title='bbox 2642 2391 2737 2444; x_wconf 76' lang='grc' dir='ltr'>τοῦ</span> <span class='ocrx_word' id='word_1_593' title='bbox 2775 2392 2886 2463; x_wconf 89' lang='grc'><strong>(76)</strong></span> <span class='ocrx_word' id='word_1_594' title='bbox 2931 2394 3343 2466; x_wconf 82' lang='grc' dir='ltr'>οίκονομοῦντος</span> <span class='ocrx_word' id='word_1_595' title='bbox 3367 2395 3436 2449; x_wconf 81' lang='grc' dir='ltr'>τὰ</span> <span class='ocrx_word' id='word_1_596' title='bbox 3468 2397 3727 2468; x_wconf 82' lang='grc' dir='ltr'>ἡμέτερα</span> 
     </span>
    </p>
   </div>
   <div class='ocr_carea' id='block_1_83' title="bbox 2121 2478 3728 2559">
    <p class='ocr_par' dir='ltr' id='par_1_83' title="bbox 2121 2478 3728 2559">
     <span class='ocr_line' id='line_1_85' title="bbox 2121 2478 3728 2559; baseline 0.006 -28"><span class='ocrx_word' id='word_1_597' title='bbox 2121 2478 2254 2532; x_wconf 83' lang='grc' dir='ltr'>Θεοῦ</span> <span class='ocrx_word' id='word_1_598' title='bbox 2306 2479 2679 2552; x_wconf 84' lang='grc' dir='ltr'>προσελήφθη.</span> <span class='ocrx_word' id='word_1_599' title='bbox 2722 2483 2790 2535; x_wconf 76' lang='grc' dir='ltr'><strong>Ἀ</strong></span> <span class='ocrx_word' id='word_1_600' title='bbox 2822 2484 2918 2537; x_wconf 76' lang='grc' dir='ltr'><strong><em>καὶ</em></strong></span> <span class='ocrx_word' id='word_1_601' title='bbox 2952 2484 3051 2556; x_wconf 81' lang='grc' dir='ltr'>τὴν</span> <span class='ocrx_word' id='word_1_602' title='bbox 3100 2485 3199 2557; x_wconf 80' lang='grc' dir='ltr'>σὴν</span> <span class='ocrx_word' id='word_1_603' title='bbox 3243 2486 3509 2559; x_wconf 82' lang='grc' dir='ltr'>φρόνησιν</span> <span class='ocrx_word' id='word_1_604' title='bbox 3559 2488 3728 2541; x_wconf 71' lang='grc' dir='ltr'>ὲνθυο</span> 
     </span>
    </p>
   </div>
   <div class='ocr_carea' id='block_1_84' title="bbox 2125 2571 3726 2650">
    <p class='ocr_par' dir='ltr' id='par_1_84' title="bbox 2125 2571 3726 2650">
     <span class='ocr_line' id='line_1_86' title="bbox 2125 2571 3726 2650; baseline 0.007 -28"><span class='ocrx_word' id='word_1_605' title='bbox 2125 2571 2399 2641; x_wconf 80' lang='grc' dir='ltr'>μουμένην</span> <span class='ocrx_word' id='word_1_606' title='bbox 2453 2572 2645 2642; x_wconf 84' lang='grc' dir='ltr'>πράως</span> <span class='ocrx_word' id='word_1_607' title='bbox 2692 2572 2838 2644; x_wconf 75' lang='grc' dir='ltr'>ἔχειν</span> <span class='ocrx_word' id='word_1_608' title='bbox 2886 2576 2981 2628; x_wconf 68' lang='grc' dir='ltr'><strong><em>ἐπὶ</em></strong></span> <span class='ocrx_word' id='word_1_609' title='bbox 3042 2575 3121 2648; x_wconf 82' lang='grc' dir='ltr'>τῷ</span> <span class='ocrx_word' id='word_1_610' title='bbox 3160 2578 3429 2648; x_wconf 71' lang='grc' dir='ltr'>ωμὸάντι</span> <span class='ocrx_word' id='word_1_611' title='bbox 3463 2596 3726 2650; x_wconf 82' lang='grc' dir='ltr'>παρακα-</span> 
     </span>
    </p>
   </div>
   <div class='ocr_carea' id='block_1_85' title="bbox 2121 2657 3725 2741">
    <p class='ocr_par' dir='ltr' id='par_1_85' title="bbox 2121 2657 3725 2741">
     <span class='ocr_line' id='line_1_87' title="bbox 2121 2657 3725 2741; baseline 0.007 -29"><span class='ocrx_word' id='word_1_612' title='bbox 2121 2660 2341 2732; x_wconf 77' lang='grc' dir='ltr'>λοῦμεν,</span> <span class='ocrx_word' id='word_1_613' title='bbox 2385 2662 2500 2726; x_wconf 75' lang='grc' dir='ltr'>καὶ,</span> <span class='ocrx_word' id='word_1_614' title='bbox 2536 2662 2611 2726; x_wconf 87' lang='grc' dir='ltr'>ὼς</span> <span class='ocrx_word' id='word_1_615' title='bbox 2638 2657 2750 2718; x_wconf 75' lang='grc' dir='ltr'>οἷόν</span> <span class='ocrx_word' id='word_1_616' title='bbox 2773 2682 2855 2731; x_wconf 91' lang='grc' dir='ltr'><strong><em>τε,</em></strong></span> <span class='ocrx_word' id='word_1_617' title='bbox 2893 2665 3133 2738; x_wconf 80' lang='grc' dir='ltr'>μετρίως</span> <span class='ocrx_word' id='word_1_618' title='bbox 3156 2667 3342 2740; x_wconf 78' lang='grc' dir='ltr'>φέρειν</span> <span class='ocrx_word' id='word_1_619' title='bbox 3370 2668 3471 2741; x_wconf 81' lang='grc' dir='ltr'>τὴν</span> <span class='ocrx_word' id='word_1_620' title='bbox 3508 2687 3725 2741; x_wconf 84' lang='grc' dir='ltr'>συμφο-</span> 
     </span>
    </p>
   </div>
   <div class='ocr_carea' id='block_1_86' title="bbox 2123 2751 3726 2834">
    <p class='ocr_par' dir='ltr' id='par_1_86' title="bbox 2123 2751 3726 2834">
     <span class='ocr_line' id='line_1_88' title="bbox 2123 2751 3726 2834; baseline 0.007 -29"><span class='ocrx_word' id='word_1_621' title='bbox 2123 2753 2243 2825; x_wconf 88' lang='grc' dir='ltr'>ράν.</span> <span class='ocrx_word' id='word_1_622' title='bbox 2289 2754 2495 2817; x_wconf 84' lang='grc' dir='ltr'>Ἱκανὸς</span> <span class='ocrx_word' id='word_1_623' title='bbox 2520 2754 2621 2825; x_wconf 84' lang='grc' dir='ltr'>μὲν</span> <span class='ocrx_word' id='word_1_624' title='bbox 2658 2751 2752 2808; x_wconf 71' lang='grc' dir='ltr'><strong><em>οὖν</em></strong></span> <span class='ocrx_word' id='word_1_625' title='bbox 2786 2758 2883 2810; x_wconf 75' lang='grc' dir='ltr'>καὶ</span> <span class='ocrx_word' id='word_1_626' title='bbox 2906 2757 2934 2808; x_wconf 82' lang='grc' dir='ltr'>ὁ</span> <span class='ocrx_word' id='word_1_627' title='bbox 2963 2759 3154 2830; x_wconf 82' lang='grc' dir='ltr'>χρόνος</span> <span class='ocrx_word' id='word_1_628' title='bbox 3178 2760 3415 2831; x_wconf 78' lang='grc' dir='ltr'>μαλάξαι</span> <span class='ocrx_word' id='word_1_629' title='bbox 3448 2762 3552 2833; x_wconf 77' lang='grc' dir='ltr'>τὴν</span> <span class='ocrx_word' id='word_1_630' title='bbox 3590 2780 3726 2834; x_wconf 86' lang='grc' dir='ltr'>καρ-</span> 
     </span>
    </p>
   </div>
   <div class='ocr_carea' id='block_1_87' title="bbox 2120 2843 3718 2924">
    <p class='ocr_par' dir='ltr' id='par_1_87' title="bbox 2120 2843 3718 2924">
     <span class='ocr_line' id='line_1_89' title="bbox 2120 2843 3718 2924; baseline 0.007 -28"><span class='ocrx_word' id='word_1_631' title='bbox 2120 2843 2240 2897; x_wconf 86' lang='grc' dir='ltr'>δίαν</span> <span class='ocrx_word' id='word_1_632' title='bbox 2278 2860 2371 2897; x_wconf 92' lang='grc' dir='ltr'><strong><em>σου</em></strong></span> <span class='ocrx_word' id='word_1_633' title='bbox 2419 2846 2553 2917; x_wconf 88' lang='grc'><strong>(77),</strong></span> <span class='ocrx_word' id='word_1_634' title='bbox 2579 2846 2677 2899; x_wconf 71' lang='grc' dir='ltr'><strong><em>καὶ</em></strong></span> <span class='ocrx_word' id='word_1_635' title='bbox 2729 2847 2964 2919; x_wconf 85' lang='grc' dir='ltr'>πάροδον</span> <span class='ocrx_word' id='word_1_636' title='bbox 3007 2850 3192 2904; x_wconf 76' lang='grc' dir='ltr'>δοῦναι</span> <span class='ocrx_word' id='word_1_637' title='bbox 3238 2854 3351 2914; x_wconf 84' lang='grc' dir='ltr'>τοῖς</span> <span class='ocrx_word' id='word_1_638' title='bbox 3399 2852 3718 2924; x_wconf 80' lang='grc' dir='ltr'>λογισμοῖς·</span> 
     </span>
    </p>
   </div>
   <div class='ocr_carea' id='block_1_88' title="bbox 2120 2936 3722 3015">
    <p class='ocr_par' dir='ltr' id='par_1_88' title="bbox 2120 2936 3722 3015">
     <span class='ocr_line' id='line_1_90' title="bbox 2120 2936 3722 3015; baseline 0.007 -25"><span class='ocrx_word' id='word_1_639' title='bbox 2120 2936 2235 2990; x_wconf 89' lang='grc' dir='ltr'>ἀλλ’</span> <span class='ocrx_word' id='word_1_640' title='bbox 2264 2939 2415 3010; x_wconf 87' lang='grc' dir='ltr'>ὅμως</span> <span class='ocrx_word' id='word_1_641' title='bbox 2474 2938 2715 2994; x_wconf 79' lang='grc' dir='ltr'>ὕποπτον</span> <span class='ocrx_word' id='word_1_642' title='bbox 2766 2943 2899 3012; x_wconf 83' lang='grc' dir='ltr'>ἡμῖν</span> <span class='ocrx_word' id='word_1_643' title='bbox 2958 2943 3077 2996; x_wconf 71' lang='grc' dir='ltr'>ἐστι</span> <span class='ocrx_word' id='word_1_644' title='bbox 3118 2944 3181 2997; x_wconf 88' lang='grc' dir='ltr'>τὸ</span> <span class='ocrx_word' id='word_1_645' title='bbox 3223 2945 3366 3014; x_wconf 80' lang='grc' dir='ltr'>ἄγαν</span> <span class='ocrx_word' id='word_1_646' title='bbox 3394 2961 3490 2999; x_wconf 88' lang='grc' dir='ltr'><strong><em>σου</em></strong></span> <span class='ocrx_word' id='word_1_647' title='bbox 3527 2946 3722 3015; x_wconf 59' lang='grc' dir='ltr'>φίλανς</span> 
     </span>
    </p>
   </div>
   <div class='ocr_carea' id='block_1_89' title="bbox 2119 3028 3721 3107">
    <p class='ocr_par' dir='ltr' id='par_1_89' title="bbox 2119 3028 3721 3107">
     <span class='ocr_line' id='line_1_91' title="bbox 2119 3028 3721 3107; baseline 0.006 -26"><span class='ocrx_word' id='word_1_648' title='bbox 2119 3028 2267 3099; x_wconf 84' lang='grc' dir='ltr'>δρον,</span> <span class='ocrx_word' id='word_1_649' title='bbox 2316 3029 2411 3082; x_wconf 82' lang='grc' dir='ltr'>καὶ</span> <span class='ocrx_word' id='word_1_650' title='bbox 2468 3030 2597 3101; x_wconf 75' lang='grc' dir='ltr'>περὶ</span> <span class='ocrx_word' id='word_1_651' title='bbox 2642 3031 2849 3096; x_wconf 82' lang='grc' dir='ltr'>πάντας</span> <span class='ocrx_word' id='word_1_652' title='bbox 2896 3034 3153 3104; x_wconf 80' lang='grc' dir='ltr'>χρηστὸν,</span> <span class='ocrx_word' id='word_1_653' title='bbox 3206 3037 3282 3107; x_wconf 82' lang='grc' dir='ltr'><strong><em>μή</em></strong></span> <span class='ocrx_word' id='word_1_654' title='bbox 3327 3053 3460 3090; x_wconf 85' lang='grc' dir='ltr'>ποτε</span> <span class='ocrx_word' id='word_1_655' title='bbox 3498 3037 3721 3090; x_wconf 68' lang='grc' dir='ltr'>ἔκδοτον</span> 
     </span>
    </p>
   </div>
   <div class='ocr_carea' id='block_1_90' title="bbox 2119 3118 3719 3199">
    <p class='ocr_par' dir='ltr' id='par_1_90' title="bbox 2119 3118 3719 3199">
     <span class='ocr_line' id='line_1_92' title="bbox 2119 3118 3719 3199; baseline 0.006 -27"><span class='ocrx_word' id='word_1_656' title='bbox 2119 3118 2226 3190; x_wconf 79' lang='grc' dir='ltr'>δῷς</span> <span class='ocrx_word' id='word_1_657' title='bbox 2256 3120 2490 3191; x_wconf 82' lang='grc' dir='ltr'>σεαυτὴν</span> <span class='ocrx_word' id='word_1_658' title='bbox 2518 3121 2597 3192; x_wconf 83' lang='grc' dir='ltr'>τῷ</span> <span class='ocrx_word' id='word_1_659' title='bbox 2652 3122 2841 3187; x_wconf 87' lang='grc' dir='ltr'>πάθει,</span> <span class='ocrx_word' id='word_1_660' title='bbox 2867 3125 2935 3177; x_wconf 88' lang='grc' dir='ltr'><strong><em>δι’</em></strong></span> <span class='ocrx_word' id='word_1_661' title='bbox 2987 3126 3267 3195; x_wconf 74' lang='grc' dir='ltr'>ἁπλότητα</span> <span class='ocrx_word' id='word_1_662' title='bbox 3308 3127 3461 3196; x_wconf 78' lang='grc' dir='ltr'>ἠθῶν</span> <span class='ocrx_word' id='word_1_663' title='bbox 3490 3128 3719 3199; x_wconf 80' lang='grc' dir='ltr'>βαθεῖαν</span> 
     </span>
    </p>
   </div>
   <div class='ocr_carea' id='block_1_91' title="bbox 2119 3211 3722 3292">
    <p class='ocr_par' dir='ltr' id='par_1_91' title="bbox 2119 3211 3722 3292">
     <span class='ocr_line' id='line_1_93' title="bbox 2119 3211 3722 3292; baseline 0.008 -29"><span class='ocrx_word' id='word_1_664' title='bbox 2119 3211 2220 3283; x_wconf 85' lang='grc' dir='ltr'>τὴν</span> <span class='ocrx_word' id='word_1_665' title='bbox 2257 3212 2368 3283; x_wconf 90' lang='grc'><strong>(78)</strong></span> <span class='ocrx_word' id='word_1_666' title='bbox 2403 3212 2622 3285; x_wconf 78' lang='grc' dir='ltr'>πληγὴν</span> <span class='ocrx_word' id='word_1_667' title='bbox 2668 3213 2937 3287; x_wconf 82' lang='grc' dir='ltr'>δεξαμένη</span> <span class='ocrx_word' id='word_1_668' title='bbox 2968 3218 3069 3287; x_wconf 77' lang='grc' dir='ltr'>τῆς</span> <span class='ocrx_word' id='word_1_669' title='bbox 3101 3217 3297 3292; x_wconf 86' lang='grc' dir='ltr'>λύπης.</span> <span class='ocrx_word' id='word_1_670' title='bbox 3332 3221 3572 3275; x_wconf 81' lang='grc' dir='ltr'>Πάντοτε</span> <span class='ocrx_word' id='word_1_671' title='bbox 3618 3222 3722 3291; x_wconf 76' lang='grc' dir='ltr'><strong><em>μὲν</em></strong></span> 
     </span>
    </p>
   </div>
   <div class='ocr_carea' id='block_1_92' title="bbox 2119 3300 3721 3383">
    <p class='ocr_par' dir='ltr' id='par_1_92' title="bbox 2119 3300 3721 3383">
     <span class='ocr_line' id='line_1_94' title="bbox 2119 3300 3721 3383; baseline 0.008 -26"><span class='ocrx_word' id='word_1_672' title='bbox 2119 3300 2214 3358; x_wconf 79' lang='grc' dir='ltr'>οὖν</span> <span class='ocrx_word' id='word_1_673' title='bbox 2248 3305 2519 3376; x_wconf 81' lang='grc' dir='ltr'>χρήσιμον</span> <span class='ocrx_word' id='word_1_674' title='bbox 2540 3305 2601 3359; x_wconf 90' lang='grc' dir='ltr'><strong><em>τὸ</em></strong></span> <span class='ocrx_word' id='word_1_675' title='bbox 2616 3305 2726 3361; x_wconf 85' lang='grc' dir='ltr'><strong><em>τῶν</em></strong></span> <span class='ocrx_word' id='word_1_676' title='bbox 2749 3307 2984 3379; x_wconf 84' lang='grc' dir='ltr'>Γραφῶν</span> <span class='ocrx_word' id='word_1_677' title='bbox 3010 3309 3354 3365; x_wconf 77' lang='grc' dir='ltr'>διδασκάλων</span> <span class='ocrx_word' id='word_1_678' title='bbox 3385 3311 3524 3383; x_wconf 86' lang='grc'><strong>(79),</strong></span> <span class='ocrx_word' id='word_1_679' title='bbox 3554 3312 3721 3383; x_wconf 67' lang='grc' dir='ltr'>μάλι-</span> 
     </span>
    </p>
   </div>
   <div class='ocr_carea' id='block_1_93' title="bbox 2120 3394 3720 3475">
    <p class='ocr_par' dir='ltr' id='par_1_93' title="bbox 2120 3394 3720 3475">
     <span class='ocr_line' id='line_1_95' title="bbox 2120 3394 3720 3475; baseline 0.01 -29"><span class='ocrx_word' id='word_1_680' title='bbox 2120 3411 2221 3447; x_wconf 87' lang='grc' dir='ltr'><strong><em>στα</em></strong></span> <span class='ocrx_word' id='word_1_681' title='bbox 2263 3394 2319 3447; x_wconf 80' lang='grc' dir='ltr'>δὲ</span> <span class='ocrx_word' id='word_1_682' title='bbox 2365 3395 2598 3449; x_wconf 79' lang='grc' dir='ltr'>ἐπὶτῶν</span> <span class='ocrx_word' id='word_1_683' title='bbox 2630 3397 2889 3451; x_wconf 86' lang='grc' dir='ltr'>τοιούτων</span> <span class='ocrx_word' id='word_1_684' title='bbox 2927 3400 3156 3472; x_wconf 83' lang='grc' dir='ltr'>καιρῶν.</span> <span class='ocrx_word' id='word_1_685' title='bbox 3214 3403 3503 3475; x_wconf 86' lang='grc' dir='ltr'>Μνήσθητι</span> <span class='ocrx_word' id='word_1_686' title='bbox 3537 3406 3720 3461; x_wconf 76' lang='grc' dir='ltr'>τοίνυν</span> 
     </span>
    </p>
   </div>
   <div class='ocr_carea' id='block_1_94' title="bbox 2120 3485 3719 3566">
    <p class='ocr_par' dir='ltr' id='par_1_94' title="bbox 2120 3485 3719 3566">
     <span class='ocr_line' id='line_1_96' title="bbox 2120 3485 3719 3566; baseline 0.009 -29"><span class='ocrx_word' id='word_1_687' title='bbox 2120 3485 2223 3555; x_wconf 82' lang='grc' dir='ltr'><strong><em>τῆς</em></strong></span> <span class='ocrx_word' id='word_1_688' title='bbox 2244 3485 2338 3539; x_wconf 78' lang='grc' dir='ltr'><strong><em>τοῦ</em></strong></span> <span class='ocrx_word' id='word_1_689' title='bbox 2373 3487 2659 3552; x_wconf 87' lang='grc' dir='ltr'>κτίσαντος</span> <span class='ocrx_word' id='word_1_690' title='bbox 2686 3490 2834 3561; x_wconf 82' lang='grc' dir='ltr'>ἡμᾶς</span> <span class='ocrx_word' id='word_1_691' title='bbox 2858 3490 3207 3561; x_wconf 82' lang='grc' dir='ltr'>ἀποφάσεως,</span> <span class='ocrx_word' id='word_1_692' title='bbox 3234 3494 3303 3548; x_wconf 85' lang='grc' dir='ltr'><strong><em>δι’</em></strong></span> <span class='ocrx_word' id='word_1_693' title='bbox 3334 3490 3402 3564; x_wconf 76' lang='grc' dir='ltr'>ἧς</span> <span class='ocrx_word' id='word_1_694' title='bbox 3435 3496 3550 3566; x_wconf 86' lang='lat'><strong><em>(80)</em></strong></span> <span class='ocrx_word' id='word_1_695' title='bbox 3579 3498 3719 3551; x_wconf 80' lang='grc' dir='ltr'>πάν-</span> 
     </span>
    </p>
   </div>
   <div class='ocr_carea' id='block_1_95' title="bbox 2120 3578 3716 3659">
    <p class='ocr_par' dir='ltr' id='par_1_95' title="bbox 2120 3578 3716 3659">
     <span class='ocr_line' id='line_1_97' title="bbox 2120 3578 3716 3659; baseline 0.009 -31"><span class='ocrx_word' id='word_1_696' title='bbox 2120 3593 2210 3639; x_wconf 89' lang='grc' dir='ltr'><strong><em>τες</em></strong></span> <span class='ocrx_word' id='word_1_697' title='bbox 2235 3578 2285 3629; x_wconf 78' lang='grc' dir='ltr'>οἰ</span> <span class='ocrx_word' id='word_1_698' title='bbox 2331 3578 2397 3630; x_wconf 81' lang='grc' dir='ltr'>ἐκ</span> <span class='ocrx_word' id='word_1_699' title='bbox 2433 3578 2533 3648; x_wconf 84' lang='grc' dir='ltr'>τῆς</span> <span class='ocrx_word' id='word_1_700' title='bbox 2570 3580 2672 3650; x_wconf 82' lang='grc' dir='ltr'><strong><em>γῆς</em></strong></span> <span class='ocrx_word' id='word_1_701' title='bbox 2708 3580 2906 3650; x_wconf 79' lang='grc' dir='ltr'>φύντες</span> <span class='ocrx_word' id='word_1_702' title='bbox 2937 3583 3099 3638; x_wconf 85' lang='grc' dir='ltr'>πάλιν</span> <span class='ocrx_word' id='word_1_703' title='bbox 3132 3586 3214 3648; x_wconf 86' lang='grc' dir='ltr'><strong><em>είς</em></strong></span> <span class='ocrx_word' id='word_1_704' title='bbox 3247 3585 3354 3655; x_wconf 76' lang='grc' dir='ltr'>γῆν</span> <span class='ocrx_word' id='word_1_705' title='bbox 3382 3587 3716 3659; x_wconf 63' lang='grc' dir='ltr'>ὑποστρέφον-</span> 
     </span>
    </p>
   </div>
   <div class='ocr_carea' id='block_1_96' title="bbox 2125 3669 3716 3755">
    <p class='ocr_par' dir='ltr' id='par_1_96' title="bbox 2125 3669 3716 3755">
     <span class='ocr_line' id='line_1_98' title="bbox 2125 3669 3716 3755; baseline 0.013 -36"><span class='ocrx_word' id='word_1_706' title='bbox 2125 3685 2225 3738; x_wconf 86' lang='grc' dir='ltr'><strong><em>μεν</em></strong></span> <span class='ocrx_word' id='word_1_707' title='bbox 2248 3686 2262 3699; x_wconf 78' lang='grc' dir='ltr'><strong>ο</strong></span> <span class='ocrx_word' id='word_1_708' title='bbox 2295 3669 2391 3722; x_wconf 75' lang='grc' dir='ltr'>καὶ</span> <span class='ocrx_word' id='word_1_709' title='bbox 2432 3670 2606 3734; x_wconf 74' lang='grc' dir='ltr'>οὐδεὶς</span> <span class='ocrx_word' id='word_1_710' title='bbox 2631 3670 2776 3726; x_wconf 75' lang='grc' dir='ltr'>οὕτω</span> <span class='ocrx_word' id='word_1_711' title='bbox 2826 3674 3021 3745; x_wconf 74' lang='grc' dir='ltr'>μέγας,</span> <span class='ocrx_word' id='word_1_712' title='bbox 3056 3675 3198 3731; x_wconf 81' lang='grc' dir='ltr'>ὥστε</span> <span class='ocrx_word' id='word_1_713' title='bbox 3222 3678 3448 3748; x_wconf 78' lang='grc' dir='ltr'>βελτίων</span> <span class='ocrx_word' id='word_1_714' title='bbox 3476 3684 3716 3755; x_wconf 78' lang='grc' dir='ltr'>φανῆναι</span> 
     </span>
    </p>
   </div>
   <div class='ocr_carea' id='block_1_97' title="bbox 2120 3760 2560 3831">
    <p class='ocr_par' dir='ltr' id='par_1_97' title="bbox 2120 3760 2560 3831">
     <span class='ocr_line' id='line_1_99' title="bbox 2120 3760 2560 3831; baseline 0.009 -18"><span class='ocrx_word' id='word_1_715' title='bbox 2120 3760 2218 3831; x_wconf 79' lang='grc' dir='ltr'>τῆς</span> <span class='ocrx_word' id='word_1_716' title='bbox 2242 3760 2560 3826; x_wconf 88' lang='grc' dir='ltr'>διαλύσεως.</span> 
     </span>
    </p>
   </div>
   <div class='ocr_carea' id='block_1_98' title="bbox 2190 3849 3717 3939">
    <p class='ocr_par' dir='ltr' id='par_1_98' title="bbox 2190 3849 3717 3939">
     <span class='ocr_line' id='line_1_100' title="bbox 2190 3849 3717 3939; baseline 0.011 -33"><span class='ocrx_word' id='word_1_717' title='bbox 2190 3852 2245 3907; x_wconf 73' lang='grc'>2.</span> <span class='ocrx_word' id='word_1_718' title='bbox 2295 3854 2475 3918; x_wconf 85' lang='grc' dir='ltr'>Καλὸς</span> <span class='ocrx_word' id='word_1_719' title='bbox 2527 3855 2627 3925; x_wconf 82' lang='grc' dir='ltr'><strong><em>μὲν</em></strong></span> <span class='ocrx_word' id='word_1_720' title='bbox 2683 3849 2776 3931; x_wconf 59' lang='grc' dir='ltr'>οὖν</span> <span class='ocrx_word' id='word_1_721' title='bbox 2812 3856 2907 3910; x_wconf 78' lang='grc' dir='ltr'>καὶ</span> <span class='ocrx_word' id='word_1_722' title='bbox 2951 3858 3129 3929; x_wconf 80' lang='grc' dir='ltr'>μέγας</span> <span class='ocrx_word' id='word_1_723' title='bbox 3169 3864 3199 3915; x_wconf 87' lang='grc' dir='ltr'><strong><em>ό</em></strong></span> <span class='ocrx_word' id='word_1_724' title='bbox 3245 3863 3561 3935; x_wconf 77' lang='grc' dir='ltr'>θαυμαστὸς</span> <span class='ocrx_word' id='word_1_725' title='bbox 3600 3868 3717 3939; x_wconf 82' lang='grc'><strong>(81)</strong></span> 
     </span>
    </p>
   </div>
   <div class='ocr_carea' id='block_1_99' title="bbox 2121 3944 3716 4034">
    <p class='ocr_par' dir='ltr' id='par_1_99' title="bbox 2121 3944 3716 4034">
     <span class='ocr_line' id='line_1_101' title="bbox 2121 3944 3716 4034; baseline 0.013 -38"><span class='ocrx_word' id='word_1_726' title='bbox 2121 3944 2348 4010; x_wconf 76' lang='grc' dir='ltr'>ἐκεῖνος,</span> <span class='ocrx_word' id='word_1_727' title='bbox 2395 3946 2490 3999; x_wconf 77' lang='grc' dir='ltr'>καὶ</span> <span class='ocrx_word' id='word_1_728' title='bbox 2526 3945 2822 4016; x_wconf 76' lang='grc' dir='ltr'>ἐφάμιλλος</span> <span class='ocrx_word' id='word_1_729' title='bbox 2866 3951 2932 4020; x_wconf 76' lang='grc' dir='ltr'>τῇ</span> <span class='ocrx_word' id='word_1_730' title='bbox 2976 3950 3137 4026; x_wconf 76' lang='grc' dir='ltr'><strong><em>ῥώμῃ</em></strong></span> <span class='ocrx_word' id='word_1_731' title='bbox 3168 3954 3263 4008; x_wconf 84' lang='grc' dir='ltr'>τοῦ</span> <span class='ocrx_word' id='word_1_732' title='bbox 3304 3956 3560 4028; x_wconf 83' lang='grc' dir='ltr'>σώματος</span> <span class='ocrx_word' id='word_1_733' title='bbox 3612 3963 3716 4034; x_wconf 74' lang='grc' dir='ltr'>τὴν</span> 
     </span>
    </p>
   </div>
   <div class='ocr_carea' id='block_1_100' title="bbox 2120 4035 3714 4125">
    <p class='ocr_par' dir='ltr' id='par_1_100' title="bbox 2120 4035 3714 4125">
     <span class='ocr_line' id='line_1_102' title="bbox 2120 4035 3714 4125; baseline 0.015 -40"><span class='ocrx_word' id='word_1_734' title='bbox 2120 4035 2220 4103; x_wconf 80' lang='grc' dir='ltr'>τῆς</span> <span class='ocrx_word' id='word_1_735' title='bbox 2251 4035 2430 4107; x_wconf 79' lang='grc' dir='ltr'>ψυχῆς</span> <span class='ocrx_word' id='word_1_736' title='bbox 2456 4040 2680 4110; x_wconf 85' lang='grc' dir='ltr'>ἀρετὴν,</span> <span class='ocrx_word' id='word_1_737' title='bbox 2710 4042 2854 4113; x_wconf 76' lang='grc' dir='ltr'>φημὶ</span> <span class='ocrx_word' id='word_1_738' title='bbox 2880 4043 3055 4113; x_wconf 84' lang='grc' dir='ltr'>κάγὼ,</span> <span class='ocrx_word' id='word_1_739' title='bbox 3075 4047 3339 4116; x_wconf 81' lang='grc' dir='ltr'>οὐμενοῦν</span> <span class='ocrx_word' id='word_1_740' title='bbox 3373 4049 3512 4120; x_wconf 76' lang='grc' dir='ltr'>ἔχων</span> <span class='ocrx_word' id='word_1_741' title='bbox 3540 4053 3714 4125; x_wconf 78' lang='grc' dir='ltr'>ὑπερ-</span> 
     </span>
    </p>
   </div>
   <div class='ocr_carea' id='block_1_101' title="bbox 2120 4124 3716 4218">
    <p class='ocr_par' dir='ltr' id='par_1_101' title="bbox 2120 4124 3716 4218">
     <span class='ocr_line' id='line_1_103' title="bbox 2120 4124 3716 4218; baseline 0.013 -41"><span class='ocrx_word' id='word_1_742' title='bbox 2120 4124 2283 4198; x_wconf 73' lang='grc' dir='ltr'>δολὴν</span> <span class='ocrx_word' id='word_1_743' title='bbox 2308 4129 2387 4192; x_wconf 90' lang='grc' dir='ltr'><strong><em>εἰς</em></strong></span> <span class='ocrx_word' id='word_1_744' title='bbox 2419 4129 2699 4203; x_wconf 80' lang='grc' dir='ltr'>ἑκάτερον,</span> <span class='ocrx_word' id='word_1_745' title='bbox 2728 4133 2844 4187; x_wconf 82' lang='grc' dir='ltr'>ἀλλ’</span> <span class='ocrx_word' id='word_1_746' title='bbox 2876 4135 3026 4205; x_wconf 88' lang='grc' dir='ltr'>ὅμως</span> <span class='ocrx_word' id='word_1_747' title='bbox 3059 4137 3367 4207; x_wconf 82' lang='grc' dir='ltr'>ἄνθρωπος,</span> <span class='ocrx_word' id='word_1_748' title='bbox 3394 4143 3491 4199; x_wconf 66' lang='grc' dir='ltr'>καὶ</span> <span class='ocrx_word' id='word_1_749' title='bbox 3519 4124 3716 4218; x_wconf 73' lang='grc' dir='ltr'>τέθνηο</span> 
     </span>
    </p>
   </div>
   <div class='ocr_carea' id='block_1_102' title="bbox 2121 4218 3713 4306">
    <p class='ocr_par' dir='ltr' id='par_1_102' title="bbox 2121 4218 3713 4306">
     <span class='ocr_line' id='line_1_104' title="bbox 2121 4218 3713 4306; baseline 0.015 -37"><span class='ocrx_word' id='word_1_750' title='bbox 2121 4234 2239 4282; x_wconf 90' lang='grc' dir='ltr'>κεν,</span> <span class='ocrx_word' id='word_1_751' title='bbox 2263 4218 2339 4283; x_wconf 88' lang='grc' dir='ltr'>ὼς</span> <span class='ocrx_word' id='word_1_752' title='bbox 2374 4218 2566 4291; x_wconf 81' lang='grc' dir='ltr'>Ἀδάμ,</span> <span class='ocrx_word' id='word_1_753' title='bbox 2590 4222 2665 4287; x_wconf 83' lang='grc' dir='ltr'>ὼς</span> <span class='ocrx_word' id='word_1_754' title='bbox 2697 4225 2885 4288; x_wconf 73' lang='grc' dir='ltr'>Ἅϐελ,</span> <span class='ocrx_word' id='word_1_755' title='bbox 2917 4225 2992 4290; x_wconf 88' lang='grc' dir='ltr'>ὼς</span> <span class='ocrx_word' id='word_1_756' title='bbox 3021 4228 3168 4292; x_wconf 82' lang='grc' dir='ltr'>Νῶε,</span> <span class='ocrx_word' id='word_1_757' title='bbox 3210 4230 3287 4293; x_wconf 87' lang='grc' dir='ltr'>ὼς</span> <span class='ocrx_word' id='word_1_758' title='bbox 3327 4232 3601 4306; x_wconf 66' lang='grc' dir='ltr'>Ἀϐραὰμ.</span> <span class='ocrx_word' id='word_1_759' title='bbox 3635 4238 3713 4295; x_wconf 82' lang='grc' dir='ltr'>ὡς</span> 
     </span>
    </p>
   </div>
   <div class='ocr_carea' id='block_1_103' title="bbox 2118 4310 3715 4396">
    <p class='ocr_par' dir='ltr' id='par_1_103' title="bbox 2118 4310 3715 4396">
     <span class='ocr_line' id='line_1_105' title="bbox 2118 4310 3715 4396; baseline 0.013 -33"><span class='ocrx_word' id='word_1_760' title='bbox 2118 4310 2344 4380; x_wconf 81' lang='grc' dir='ltr'>Μωσῆς,</span> <span class='ocrx_word' id='word_1_761' title='bbox 2377 4311 2451 4375; x_wconf 87' lang='grc' dir='ltr'>ὡς</span> <span class='ocrx_word' id='word_1_762' title='bbox 2487 4312 2668 4368; x_wconf 83' lang='grc' dir='ltr'>ὅντινα</span> <span class='ocrx_word' id='word_1_763' title='bbox 2714 4315 2781 4369; x_wconf 82' lang='grc' dir='ltr'>ἂν</span> <span class='ocrx_word' id='word_1_764' title='bbox 2816 4317 2990 4382; x_wconf 78' lang='grc' dir='ltr'>εἴποις</span> <span class='ocrx_word' id='word_1_765' title='bbox 3037 4318 3145 4373; x_wconf 86' lang='grc' dir='ltr'>τῶν</span> <span class='ocrx_word' id='word_1_766' title='bbox 3176 4322 3277 4392; x_wconf 82' lang='grc' dir='ltr'>τῆς</span> <span class='ocrx_word' id='word_1_767' title='bbox 3301 4325 3474 4396; x_wconf 80' lang='grc' dir='ltr'>αὐτῆς</span> <span class='ocrx_word' id='word_1_768' title='bbox 3495 4328 3715 4396; x_wconf 84' lang='grc' dir='ltr'>φύσεως</span> 
     </span>
    </p>
   </div>
   <div class='ocr_carea' id='block_1_104' title="bbox 2122 4403 3710 4489">
    <p class='ocr_par' dir='ltr' id='par_1_104' title="bbox 2122 4403 3710 4489">
     <span class='ocr_line' id='line_1_106' title="bbox 2122 4403 3710 4489; baseline 0.014 -36"><span class='ocrx_word' id='word_1_769' title='bbox 2122 4403 2501 4473; x_wconf 83' lang='grc' dir='ltr'>μετασχόντων</span> <span class='ocrx_word' id='word_1_770' title='bbox 2519 4405 2652 4478; x_wconf 69' lang='grc'><strong>(82).</strong></span> <span class='ocrx_word' id='word_1_771' title='bbox 2676 4408 2768 4479; x_wconf 87' lang='grc' dir='ltr'><strong><em>Μὴ</em></strong></span> <span class='ocrx_word' id='word_1_772' title='bbox 2793 4404 2906 4467; x_wconf 85' lang='grc' dir='ltr'>οὖν.</span> <span class='ocrx_word' id='word_1_773' title='bbox 2930 4411 3116 4484; x_wconf 78' lang='grc' dir='ltr'>ἐπειδὴ</span> <span class='ocrx_word' id='word_1_774' title='bbox 3138 4414 3386 4488; x_wconf 77' lang='grc' dir='ltr'>ἀφῃρέθη</span> <span class='ocrx_word' id='word_1_775' title='bbox 3396 4435 3495 4489; x_wconf 87' lang='grc' dir='ltr'><strong><em>μεν</em></strong></span> <span class='ocrx_word' id='word_1_776' title='bbox 3525 4422 3710 4485; x_wconf 78' lang='grc' dir='ltr'>αὑτὸν,</span> 
     </span>
    </p>
   </div>
   <div class='ocr_carea' id='block_1_105' title="bbox 2118 4495 3712 4585">
    <p class='ocr_par' dir='ltr' id='par_1_105' title="bbox 2118 4495 3712 4585">
     <span class='ocr_line' id='line_1_107' title="bbox 2118 4495 3712 4585; baseline 0.014 -39"><span class='ocrx_word' id='word_1_777' title='bbox 2118 4495 2553 4567; x_wconf 85' lang='grc' dir='ltr'>ἀγανακτῶμεν·</span> <span class='ocrx_word' id='word_1_778' title='bbox 2625 4498 2740 4553; x_wconf 84' lang='grc' dir='ltr'>ἀλλ’</span> <span class='ocrx_word' id='word_1_779' title='bbox 2797 4502 2881 4555; x_wconf 83' lang='grc' dir='ltr'>ὅτι</span> <span class='ocrx_word' id='word_1_780' title='bbox 2927 4503 3025 4573; x_wconf 82' lang='grc' dir='ltr'>τὴν</span> <span class='ocrx_word' id='word_1_781' title='bbox 3088 4505 3265 4578; x_wconf 78' lang='grc' dir='ltr'>ἀρχὴν</span> <span class='ocrx_word' id='word_1_782' title='bbox 3312 4513 3712 4585; x_wconf 75' lang='grc' dir='ltr'>σννῳκήσαμεν</span> 
     </span>
    </p>
   </div>
   <div class='ocr_carea' id='block_1_106' title="bbox 2118 4753 3254 4840">
    <p class='ocr_par' dir='ltr' id='par_1_106' title="bbox 2118 4753 3254 4840">
     <span class='ocr_line' id='line_1_108' title="bbox 2118 4753 3254 4840; baseline 0.015 -33"><span class='ocrx_word' id='word_1_783' title='bbox 2118 4753 2466 4840; x_wconf 40' lang='grc' dir='ltr'><strong><em>δεξιῇ-..σαυτὴνΔ</em></strong></span> <span class='ocrx_word' id='word_1_784' title='bbox 2481 4757 2578 4840; x_wconf 50' lang='grc' dir='ltr'>τίς).</span> <span class='ocrx_word' id='word_1_785' title='bbox 2609 4759 2761 4840; x_wconf 74' lang='lat' dir='ltr'><strong><em>Harl.</em></strong></span> <span class='ocrx_word' id='word_1_786' title='bbox 2894 4769 3126 4840; x_wconf 82' lang='grc' dir='ltr'>σεαυτῆς</span> <span class='ocrx_word' id='word_1_787' title='bbox 3157 4770 3254 4840; x_wconf 84' lang='grc' dir='ltr'><strong><em>τῷ.</em></strong></span> 
     </span>
    </p>
   </div>
   <div class='ocr_carea' id='block_1_107' title="bbox 2042 4813 3705 4903">
    <p class='ocr_par' dir='ltr' id='par_1_107' title="bbox 2042 4813 3705 4903">
     <span class='ocr_line' id='line_1_109' title="bbox 2042 4813 3705 4903; baseline 0.015 -25"><span class='ocrx_word' id='word_1_788' title='bbox 2042 4813 2087 4867; x_wconf 90' lang='lat' dir='ltr'><strong>D</strong></span> <span class='ocrx_word' id='word_1_789' title='bbox 2119 4813 2302 4903; x_wconf 50' lang='grc' dir='ltr'><strong><em>Δχιιι)</em></strong></span> <span class='ocrx_word' id='word_1_790' title='bbox 2345 4813 2765 4903; x_wconf 37' lang='lat' dir='ltr'><strong><em>praestiterit};</em></strong></span> <span class='ocrx_word' id='word_1_791' title='bbox 2793 4813 3325 4898; x_wconf 45' lang='lat'><strong><em>33535220113...</em></strong></span> <span class='ocrx_word' id='word_1_792' title='bbox 3366 4851 3516 4900; x_wconf 88' lang='lat' dir='ltr'><strong><em>octo.</em></strong></span> <span class='ocrx_word' id='word_1_793' title='bbox 3559 4842 3705 4903; x_wconf 81' lang='lat' dir='ltr'><strong><em>Editi</em></strong></span> 
     </span>
    </p>
   </div>
   <div class='ocr_carea' id='block_1_108' title="bbox 2116 4892 2499 4966">
    <p class='ocr_par' dir='ltr' id='par_1_108' title="bbox 2116 4892 2499 4966">
     <span class='ocr_line' id='line_1_110' title="bbox 2116 4892 2499 4966; baseline 0.013 -18"><span class='ocrx_word' id='word_1_794' title='bbox 2116 4892 2271 4965; x_wconf 83' lang='grc' dir='ltr'>βάθει</span> <span class='ocrx_word' id='word_1_795' title='bbox 2285 4892 2291 4895; x_wconf 58' lang='grc'>⁷</span> <span class='ocrx_word' id='word_1_796' title='bbox 2304 4897 2499 4966; x_wconf 77' lang='grc' dir='ltr'>αὐτήν.</span> 
     </span>
    </p>
   </div>
   <div class='ocr_carea' id='block_1_109' title="bbox 2188 4966 3357 5038">
    <p class='ocr_par' dir='ltr' id='par_1_109' title="bbox 2188 4966 3357 5038">
     <span class='ocr_line' id='line_1_111' title="bbox 2188 4966 3357 5038; baseline 0.018 -23"><span class='ocrx_word' id='word_1_797' title='bbox 2188 4966 2300 5038; x_wconf 68' lang='grc'><strong>(79)</strong></span> <span class='ocrx_word' id='word_1_798' title='bbox 2335 4968 2760 5038; x_wconf 64' lang='grc' dir='ltr'>Διδασκὰλιον.</span> <span class='ocrx_word' id='word_1_799' title='bbox 2790 4972 2943 5032; x_wconf 84' lang='lat' dir='ltr'><strong><em>Harl.</em></strong></span> <span class='ocrx_word' id='word_1_800' title='bbox 2971 4978 3357 5038; x_wconf 83' lang='grc' dir='ltr'>διδασκαλεῖον.</span> 
     </span>
    </p>
   </div>
   <div class='ocr_carea' id='block_1_110' title="bbox 2189 5034 3705 5111">
    <p class='ocr_par' dir='ltr' id='par_1_110' title="bbox 2189 5034 3705 5111">
     <span class='ocr_line' id='line_1_112' title="bbox 2189 5034 3705 5111; baseline 0.017 -25"><span class='ocrx_word' id='word_1_801' title='bbox 2189 5034 2301 5111; x_wconf 76' lang='lat' dir='ltr'><strong>(8_U)</strong></span> <span class='ocrx_word' id='word_1_802' title='bbox 2336 5038 2414 5111; x_wconf 56' lang='grc' dir='ltr'><strong><em>ρι’</em></strong></span> <span class='ocrx_word' id='word_1_803' title='bbox 2448 5034 2542 5111; x_wconf 79' lang='grc' dir='ltr'>ἧς.</span> <span class='ocrx_word' id='word_1_804' title='bbox 2581 5038 2660 5094; x_wconf 82' lang='lat' dir='ltr'><strong><em>ita</em></strong></span> <span class='ocrx_word' id='word_1_805' title='bbox 2708 5051 2823 5099; x_wconf 86' lang='lat' dir='ltr'><strong><em>tres</em></strong></span> <span class='ocrx_word' id='word_1_806' title='bbox 2856 5049 3219 5104; x_wconf 83' lang='lat' dir='ltr'><strong><em>vetustissimi</em></strong></span> <span class='ocrx_word' id='word_1_807' title='bbox 3274 5034 3523 5110; x_wconf 74' lang='lat' dir='ltr'><strong><em>codices.</em></strong></span> <span class='ocrx_word' id='word_1_808' title='bbox 3562 5054 3705 5111; x_wconf 84' lang='lat' dir='ltr'><strong><em>Editi</em></strong></span> 
     </span>
    </p>
   </div>
   <div class='ocr_carea' id='block_1_111' title="bbox 2114 5104 3706 5230">
    <p class='ocr_par' dir='ltr' id='par_1_111' title="bbox 2114 5104 3706 5230">
     <span class='ocr_line' id='line_1_113' title="bbox 2114 5104 3706 5230; baseline 0.019 -78"><span class='ocrx_word' id='word_1_809' title='bbox 2114 5104 2183 5229; x_wconf 56' lang='lat' dir='ltr'><strong><em>ﬁt;</em></strong></span> <span class='ocrx_word' id='word_1_810' title='bbox 2203 5105 2311 5228; x_wconf 56' lang='grc' dir='ltr'><strong><em>ἰῇ.νί</em></strong></span> <span class='ocrx_word' id='word_1_811' title='bbox 2336 5104 2505 5230; x_wconf 57' lang='lat' dir='ltr'><strong><em>Paulo</em></strong></span> <span class='ocrx_word' id='word_1_812' title='bbox 2535 5118 2656 5178; x_wconf 79' lang='lat' dir='ltr'><strong><em>post</em></strong></span> <span class='ocrx_word' id='word_1_813' title='bbox 2689 5114 2819 5168; x_wconf 84' lang='lat' dir='ltr'><strong><em>editi</em></strong></span> <span class='ocrx_word' id='word_1_814' title='bbox 2853 5104 3297 5190; x_wconf 65' lang='grc' dir='ltr'>ἀποπρέφομεν.</span> 
     </span>
     <span class='ocr_line' id='line_1_114' title="bbox 2314 5193 2463 5230; baseline 0.007 -1"><span class='ocrx_word' id='word_1_815' title='bbox 2314 5193 2378 5230; x_wconf 67' lang='lat' dir='ltr'><strong><em>ex</em></strong></span> <span class='ocrx_word' id='word_1_816' title='bbox 2409 5195 2463 5230; x_wconf 93' lang='lat' dir='ltr'><strong><em>u.</em></strong></span> 
     </span>
    </p>
   </div>
   <div class='ocr_carea' id='block_1_112' title="bbox 2116 5187 2463 5232">
    <p class='ocr_par' dir='ltr' id='par_1_112' title="bbox 2116 5187 2463 5232">
     <span class='ocr_line' id='line_1_115' title="bbox 2116 5187 2463 5232; baseline 0.014 -4"><span class='ocrx_word' id='word_1_817' title='bbox 2116 5187 2177 5229; x_wconf 86' lang='grc' dir='ltr'><strong><em>ιιι</em></strong></span> <span class='ocrx_word' id='word_1_818' title='bbox 2204 5190 2257 5227; x_wconf 87' lang='grc' dir='ltr'>ιη</span> <span class='ocrx_word' id='word_1_819' title='bbox 2293 5187 2463 5232; x_wconf 67' lang='lat' dir='ltr'><strong><em>textu.</em></strong></span> 
     </span>
    </p>
   </div>
   <div class='ocr_carea' id='block_1_113' title="bbox 2189 5245 3705 5325">
    <p class='ocr_par' dir='ltr' id='par_1_113' title="bbox 2189 5245 3705 5325">
     <span class='ocr_line' id='line_1_116' title="bbox 2189 5245 3705 5325; baseline 0.015 -28"><span class='ocrx_word' id='word_1_820' title='bbox 2189 5245 2312 5325; x_wconf 41' lang='grc'><strong><em>(8.1).</em></strong></span> <span class='ocrx_word' id='word_1_821' title='bbox 2335 5245 2397 5325; x_wconf 79' lang='grc' dir='ltr'><strong><em>’ρ</em></strong></span> <span class='ocrx_word' id='word_1_822' title='bbox 2421 5250 2783 5325; x_wconf 68' lang='grc' dir='ltr'>θαυμαστός.</span> <span class='ocrx_word' id='word_1_823' title='bbox 2810 5250 2902 5310; x_wconf 89' lang='lat' dir='ltr'><strong><em>Sic</em></strong></span> <span class='ocrx_word' id='word_1_824' title='bbox 2924 5262 3040 5313; x_wconf 79' lang='lat' dir='ltr'><strong><em>tres</em></strong></span> <span class='ocrx_word' id='word_1_825' title='bbox 3072 5259 3434 5318; x_wconf 83' lang='lat' dir='ltr'><strong><em>vetustissimi</em></strong></span> <span class='ocrx_word' id='word_1_826' title='bbox 3460 5264 3705 5323; x_wconf 84' lang='lat' dir='ltr'><strong><em>codices.</em></strong></span> 
     </span>
    </p>
   </div>
   <div class='ocr_carea' id='block_1_114' title="bbox 2116 5310 2668 5386">
    <p class='ocr_par' dir='ltr' id='par_1_114' title="bbox 2116 5310 2668 5386">
     <span class='ocr_line' id='line_1_117' title="bbox 2116 5310 2668 5386; baseline 0.014 -20"><span class='ocrx_word' id='word_1_827' title='bbox 2116 5310 2266 5386; x_wconf 72' lang='lat' dir='ltr'><strong><em>Editi</em></strong></span> <span class='ocrx_word' id='word_1_828' title='bbox 2284 5310 2318 5368; x_wconf 71' lang='grc' dir='ltr'><strong><em>’ὁ</em></strong></span> <span class='ocrx_word' id='word_1_829' title='bbox 2351 5315 2450 5386; x_wconf 79' lang='grc' dir='ltr'><strong><em>θαυ</em></strong></span> <span class='ocrx_word' id='word_1_830' title='bbox 2458 5310 2668 5386; x_wconf 64' lang='grc' dir='ltr'>μὰσιος.</span> 
     </span>
    </p>
   </div>
   <div class='ocr_carea' id='block_1_115' title="bbox 2187 5383 3702 5461">
    <p class='ocr_par' dir='ltr' id='par_1_115' title="bbox 2187 5383 3702 5461">
     <span class='ocr_line' id='line_1_118' title="bbox 2187 5383 3702 5461; baseline 0.017 -27"><span class='ocrx_word' id='word_1_831' title='bbox 2187 5383 2298 5461; x_wconf 57' lang='grc' dir='ltr'><strong>(ξε)</strong></span> <span class='ocrx_word' id='word_1_832' title='bbox 2335 5383 2526 5461; x_wconf 60' lang='grc' dir='ltr'>Τῶφέ...</span> <span class='ocrx_word' id='word_1_833' title='bbox 2567 5393 3017 5461; x_wconf 51' lang='grc' dir='ltr'>μετασχόντων.</span> <span class='ocrx_word' id='word_1_834' title='bbox 3052 5395 3132 5451; x_wconf 90' lang='lat' dir='ltr'><strong><em>lta</em></strong></span> <span class='ocrx_word' id='word_1_835' title='bbox 3179 5406 3293 5456; x_wconf 91' lang='lat' dir='ltr'><strong><em>tres</em></strong></span> <span class='ocrx_word' id='word_1_836' title='bbox 3337 5404 3702 5461; x_wconf 85' lang='lat' dir='ltr'><strong><em>vetustissimi</em></strong></span> 
     </span>
    </p>
   </div>
   <div class='ocr_carea' id='block_1_116' title="bbox 2115 5455 3705 5539">
    <p class='ocr_par' dir='ltr' id='par_1_116' title="bbox 2115 5455 3705 5539">
     <span class='ocr_line' id='line_1_119' title="bbox 2115 5455 3705 5539; baseline 0.014 -33"><span class='ocrx_word' id='word_1_837' title='bbox 2115 5455 2335 5539; x_wconf 85' lang='lat' dir='ltr'><strong><em>codices</em></strong></span> <span class='ocrx_word' id='word_1_838' title='bbox 2353 5455 2604 5539; x_wconf 67' lang='lat' dir='ltr'><strong><em>etnigqt.</em></strong></span> <span class='ocrx_word' id='word_1_839' title='bbox 2628 5455 2956 5539; x_wconf 56' lang='lat' dir='ltr'><strong><em>naM-av...</em></strong></span> <span class='ocrx_word' id='word_1_840' title='bbox 2993 5455 3352 5539; x_wconf 70' lang='grc' dir='ltr'>μετασχόντα.</span> <span class='ocrx_word' id='word_1_841' title='bbox 3382 5455 3705 5530; x_wconf 39' lang='lat' dir='ltr'><strong><em>iniiinii:</em></strong></span> 
     </span>
    </p>
   </div>
   <div class='ocr_carea' id='block_1_117' title="bbox 2115 5528 3701 5603">
    <p class='ocr_par' dir='ltr' id='par_1_117' title="bbox 2115 5528 3701 5603">
     <span class='ocr_line' id='line_1_120' title="bbox 2115 5528 3701 5603; baseline 0.015 -27"><span class='ocrx_word' id='word_1_842' title='bbox 2115 5538 2207 5603; x_wconf 71' lang='lat' dir='ltr'><strong><em>ces</em></strong></span> <span class='ocrx_word' id='word_1_843' title='bbox 2238 5533 2473 5603; x_wconf 66' lang='lat' dir='ltr'><strong><em>quatubr</em></strong></span> <span class='ocrx_word' id='word_1_844' title='bbox 2495 5528 2611 5603; x_wconf 51' lang='lat'><strong><em>76.);1_</em></strong></span> <span class='ocrx_word' id='word_1_845' title='bbox 2634 5528 3006 5603; x_wconf 78' lang='grc' dir='ltr'>μετεχόντων.“</span> <span class='ocrx_word' id='word_1_846' title='bbox 3027 5535 3149 5593; x_wconf 78' lang='lat' dir='ltr'><strong><em>Mox</em></strong></span> <span class='ocrx_word' id='word_1_847' title='bbox 3171 5528 3505 5601; x_wconf 60' lang='lat' dir='ltr'><strong><em>&#39;Harlaeanus</em></strong></span> <span class='ocrx_word' id='word_1_848' title='bbox 3528 5528 3701 5600; x_wconf 81' lang='lat' dir='ltr'><strong><em>codex</em></strong></span> 
     </span>
    </p>
   </div>
   <div class='ocr_carea' id='block_1_118' title="bbox 2115 5594 3699 5687">
    <p class='ocr_par' dir='ltr' id='par_1_118' title="bbox 2115 5594 3699 5687">
     <span class='ocr_line' id='line_1_121' title="bbox 2115 5594 3699 5687; baseline 0.013 -42"><span class='ocrx_word' id='word_1_849' title='bbox 2115 5594 2276 5687; x_wconf 50' lang='grc' dir='ltr'>ἕάριν</span> <span class='ocrx_word' id='word_1_850' title='bbox 2305 5594 2749 5687; x_wconf 46' lang='grc' dir='ltr'>ἔχομεει.ρΡΙιιι·εε</span> <span class='ocrx_word' id='word_1_851' title='bbox 2767 5594 2863 5659; x_wconf 64' lang='lat' dir='ltr'><strong><em>alii</em></strong></span> <span class='ocrx_word' id='word_1_852' title='bbox 2902 5623 3011 5663; x_wconf 89' lang='lat' dir='ltr'><strong><em>non</em></strong></span> <span class='ocrx_word' id='word_1_853' title='bbox 3044 5594 3699 5687; x_wconf 59' lang='grc' dir='ltr'>εηιίᾳυίεείιιιῖσυνῷκῆῖ</span> 
     </span>
    </p>
   </div>
   <div class='ocr_carea' id='block_1_119' title="bbox 2118 5667 2764 5739">
    <p class='ocr_par' dir='ltr' id='par_1_119' title="bbox 2118 5667 2764 5739">
     <span class='ocr_line' id='line_1_122' title="bbox 2118 5667 2764 5739; baseline 0.017 -24"><span class='ocrx_word' id='word_1_854' title='bbox 2118 5679 2313 5733; x_wconf 85' lang='grc' dir='ltr'>σαμεν,</span> <span class='ocrx_word' id='word_1_855' title='bbox 2345 5668 2503 5736; x_wconf 85' lang='grc' dir='ltr'>χάριν</span> <span class='ocrx_word' id='word_1_856' title='bbox 2534 5667 2764 5739; x_wconf 83' lang='grc' dir='ltr'>ἔχωμεν.</span> 
     </span>
    </p>
   </div>
  </div>
