3856 6224
173 403 299 457 ιῡοι

1082 388 1565 462 EPISTOLARUM
1603 405 1889 462 CLASSIS
1921 405 1986 462 ll.
2027 406 2244 464 EPIST.
2283 410 2534 467 CCLXX.

3274 412 3415 467 ἰθθὲ

169 518 332 590 αὑτῷ,
364 519 522 591 χάριν
548 520 758 591 ἔχωμεν
780 508 858 592 τῷ
892 523 1229 588 συζεύξαντι.
1255 525 1329 578 To
1357 525 1455 596 μὲν
1493 526 1602 598 γὰρ
1624 524 1737 597 (85)

1849 525 1962 596 ipso
2009 524 2329 593 vixerimus,
2366 529 2575 599 gratias
2619 542 2847 599 agamus
2876 528 2927 583 ei
2967 528 3067 598 qui
3104 527 3415 598 conjunxit.

171 613 492 685 στερηθῆναι
527 613 717 684 ἀνδρὸς
762 614 940 669 κοινόν
966 632 1049 669 σοι
1070 615 1208 687 πρὸς
1235 616 1336 681 τὰς
1366 616 1529 681 ἄλλας
1555 620 1740 685 γυναῖ-

170 719 298 767 κας·
358 703 451 756 ἐπὶ
503 703 562 756 δὲ
616 704 840 777 τοιαύτῃ
886 707 1198 778 συνοικήσει
1242 708 1342 761 οὑκ
1380 703 1535 775 οἶμαι
1574 707 1739 779 ἄλλην

168 793 436 860 γυναικῶν
492 794 561 847 τὰ
615 795 702 848 ἴσα
758 795 903 866 ἔχειν
948 796 1330 868 σεμνύνεσθαι.
1389 797 1486 852 Ἓν
1516 799 1625 869 γὰρ
1662 798 1740 870 τῷ

167 884 279 935 ὄντι
315 884 618 955 ὑπόδειγμα
676 887 774 957 τῆς
806 887 1155 959 ἀνθρωπείας
1189 888 1404 958 φύσεως
1434 889 1528 942 τὸν
1573 888 1741 959 ἄνδρα

167 975 373 1028 ἐκεῖνον
401 978 429 1029 ὁ
461 977 653 1040 κτίσας
682 979 827 1048 ἡμᾶς
863 977 1297 1051 ἐδημιούργησεν
1322 996 1337 1012 ο
1367 978 1508 1033 ὥστε
1542 978 1742 1041 πάντες

173 1067 270 1136 μὲν
294 1066 559 1138 ὀφθαλμοὶ
582 1068 715 1138 πρὸς
750 1069 912 1123 αὑτὸν
955 1070 1232 1142 ἐφέροντο,
1266 1072 1418 1124 πᾶσα
1444 1069 1501 1124 δὲ
1522 1069 1742 1139 γλῶσσα

167 1160 238 1211 τά
266 1159 383 1212 κατ’
407 1160 568 1213 αὑτὸν
619 1160 818 1232 διεξῄει
847 1177 860 1189 ’
898 1165 1132 1232 γραφεῖς
1161 1162 1219 1216 δὲ
1245 1162 1340 1215 καὶ
1390 1161 1622 1215 πλάσται
1643 1160 1744 1230 τῆς

170 1248 327 1315 ἀξίας
355 1250 789 1321 ἀπελιμπάνοντο
811 1269 828 1282 σ
874 1236 1139 1324 ἱστορικοὶ
1168 1252 1224 1305 δὲ
1262 1252 1474 1324 ἄνδρες,
1500 1250 1569 1305 τὰ
1603 1251 1743 1306 κατά

169 1342 295 1403 τοὺς
318 1340 585 1411 πολέμους
612 1343 1075 1415 ἀνδραγαθήματα
1097 1344 1461 1417 διηγούμενοι,
1485 1346 1618 1417 πρὸς
1645 1346 1744 1417 τὴν

166 1432 280 1485 τῶν
323 1432 507 1503 μύθων
571 1435 923 1489 ἐκπίπτουσιν
970 1438 1249 1493 ἀπιστίαν.
1292 1437 1455 1493 Ὅθεν
1500 1439 1621 1492 οὐδὲ
1665 1457 1746 1492 πι-

164 1523 385 1593 στεύειν
409 1525 685 1596 ἠνείχοντο
713 1528 761 1580 oi
797 1526 984 1581 πολλοὶ
1002 1531 1070 1601 τῇ
1103 1531 1259 1602 φήμῃ
1291 1530 1390 1600 τὴν
1418 1528 1745 1602 σκυθρωπὴν

168 1616 387 1686 ἐκείνην
402 1616 661 1685 ἀγγελίαν
676 1618 1033 1692 περιαγούσῃ,
1050 1619 1170 1672 οὑδὲ
1184 1618 1566 1689 καταδέχεσθαι
1587 1620 1743 1683 ὅλως,

163 1705 519 1775 ὂτιτέθνηκεν
535 1707 852 1778 Ἀρινθαῖος.
871 1709 1009 1762 Ἀλλ’
1026 1711 1173 1780 ὅμως
1188 1709 1450 1762 πέπονθεν
1473 1708 1509 1763 ἀ
1531 1709 1745 1781 οὐρανῷ

164 1795 266 1848 καὶ
303 1795 438 1866 ἡλίῳ
484 1797 579 1849 καὶ
616 1800 686 1868 γῇ
734 1798 1096 1870 συμϐήσεται.
1156 1801 1378 1870 Οἴχεται
1438 1800 1747 1864 καταλύσας

161 1886 471 1959 λαμπρῶς,
525 1889 600 1960 μὴ
778 1867 963 1963 γήρως
1000 1867 1432 1963 κατακαμφθεὶς,
1490 1895 1564 1965 μὴ
1611 1893 1744 1949 καθ·
1776 1867 1818 1922 Β

165 1979 328 2047 υφείς
377 1978 490 2050 (ει)
540 1998 593 2034 τι
625 1980 725 2052 τῆς
780 1983 1169 2054 περιφανείαςο
1222 1985 1395 2055 μέγας
1432 1986 1527 2056 μὲν
1566 1988 1622 2038 ὲν
1665 1984 1743 2056 τῷ

163 2072 397 2143 παρόντι
426 2069 546 2142 βίῳ,
577 2071 751 2143 μέγας
780 2073 834 2127 δὲ
858 2076 914 2127 ὲν
934 2073 1011 2146 τῷ
1041 2074 1286 2146 μέλλοντι
1305 2093 1318 2105 ·
1349 2076 1515 2147 μηδὲν
1550 2079 1614 2131 ὲκ
1645 2077 1742 2148 τῆς

162 2164 449 2236 παρούσης
496 2165 877 2236 λαμπρότητος
909 2167 1045 2238 πρὸς
1065 2167 1159 2239 τὴν
1200 2167 1558 2239 ἐλπιζομένην
1588 2168 1744 2233 δόξαν

162 2254 486 2326 ζημιωθεὶς,
510 2257 599 2312 διά
639 2259 701 2311 τὸ
727 2260 905 2312 πᾶσαν
935 2258 1127 2331 κηλῖδα
1155 2260 1253 2330 τῆς
1273 2259 1452 2331 ψυχῆς
1479 2260 1613 2332 πρὸς
1648 2260 1745 2313 αὑ-

157 2349 286 2410 ταῖς
305 2350 425 2411 ταῖς
452 2348 563 2419 (85)
594 2348 795 2415 ἐξόδοις
819 2349 912 2403 τοῦ
937 2350 1053 2421 βίου
1077 2349 1155 2422 τῷ
1183 2350 1393 2423 λουτρῷ
1417 2351 1519 2422 τῆς
1547 2350 1744 2420 παλιγ-

159 2440 418 2506 γενεσίας
471 2440 946 2514 ἀποκαθήρασθαι.
973 2437 1074 2496 Ὧν
1123 2441 1261 2512 αὑτὴ
1306 2442 1566 2513 πρόξενος
1597 2444 1745 2516 αὑτῷ

159 2531 262 2584 καὶ
285 2531 545 2602 συνεργὸς
578 2535 866 2605 γενομένη,
902 2534 1167 2605 μεγίστην
1207 2533 1320 2604 ἔχει
1358 2533 1741 2605 παραμυθίανο

161 2620 262 2674 καὶ
299 2622 531 2693 μετάθες
578 2623 679 2695 τὴν
705 2625 883 2696 ψυχὴν
916 2624 1024 2678 ἀπὸ
1053 2624 1161 2677 τῶν
1207 2624 1491 2698 παρόντων
1517 2626 1610 2678 ἐπὶ
1645 2626 1745 2695 τὴν

156 2713 276 2767 τῶν
343 2714 644 2784 μελλόντων
696 2716 998 2788 μέριμναν,
1055 2716 1195 2769 ὥστε
1238 2715 1638 2788 καταξιωθῆναι
1678 2717 1744 2771 δι’

160 2804 347 2876 ἔργων
394 2805 615 2876 ἀγαθῶν
668 2807 758 2860 τὸν
798 2808 981 2878 ὅμοιον
1039 2807 1189 2879 αὑτῷ
1237 2808 1337 2878 τῆς
1384 2807 1745 2872 ἀναπαύσεως

161 2897 332 2950 τόπον
378 2896 722 2953 καταλαϐεῖν.
771 2898 958 2953 Φείδου
1005 2898 1211 2970 μητρὸς
1255 2901 1514 2970 γηραιοῖς,
1561 2899 1742 2967 φείδου

162 2988 439 3061 θυγατρὸς
493 2992 714 3062 νεαρᾶς,
757 2984 846 3053 αἷς
875 2989 1010 3061 μόνη
1040 2991 1175 3062 πρὸς
1199 2989 1548 3061 παραμυθίαν
1579 2989 1748 3042 λέλει-

157 3080 283 3150 ψαι.
307 3080 470 3134 Γενοῦ
501 3082 807 3152 ὑπόδειγμα
840 3082 1091 3152 ἀνδρείας
1113 3084 1238 3145 ταῖς
1269 3081 1481 3144 λοιπαῖς
1496 3080 1742 3149 γυναιξί·

160 3173 263 3225 καὶ
290 3171 433 3225 οὑτω
459 3173 520 3225 τὸ
541 3171 712 3237 πάθος
765 3173 1059 3245 μέτρησον,
1084 3173 1159 3236 ὡς
1189 3174 1327 3244 μήτε
1366 3172 1615 3227 ἐκϐαλεῖν
1643 3172 1745 3242 τῆς

158 3263 414 3336 καρδίας,
461 3266 600 3335 μήτε
657 3266 1030 3337 καταποθῆναι
1083 3265 1189 3319 ὑπὸ
1235 3266 1336 3335 τῆς
1378 3265 1572 3337 λύπης.
1625 3265 1748 3318 Ἐπὶ

158 3357 302 3409 πᾶσι
335 3355 471 3426 πρὸς
498 3356 589 3417 τὸν
624 3357 798 3427 μέγαν
828 3357 929 3427 τῆς
971 3357 1248 3426 ὑπομονῆς
1290 3355 1479 3427 μισθὸν
1516 3355 1741 3410 ἀπόϐλει

156 3448 287 3516 ψον,
313 3447 408 3499 τὸν
436 3446 586 3518 παρὰ
622 3447 718 3499 τοῦ
765 3447 973 3520 Κυρίου
999 3445 1154 3517 ἡμῶν
1192 3446 1366 3517 Ἰησοῦ
1414 3446 1650 3518 Χριστοῦ
1686 3446 1746 3500 ὲν

158 3540 231 3609 τῇ
253 3536 603 3591 ἀνταποδόσει
630 3538 738 3591 τῶν
770 3536 1114 3609 βεϐιωμένων
1151 3539 1282 3608 ἡμῖν
1313 3536 1739 3609 ἐπηγγελμένον.

693 3694 1037 3748 ΕΠΙΣΤΟΛΗ
1088 3694 1204 3749 ΣΟ⁹.

1842 616 2055 672 Etenim
2089 619 2212 674 viro
2239 620 2448 684 orbari,
2483 621 2587 675 tibi
2619 634 2743 674 cum
2770 619 2896 675 aliis
2913 618 3236 675 mulieribus
3259 634 3416 674 com~

1842 724 2010 764 mune
2038 717 2121 765 est
2155 729 2167 764 :
2200 710 2298 766 sed
2324 710 2393 767 de
2417 712 2516 766 tali
2548 711 2806 781 conjugio
2839 724 2952 764 non
2978 709 3216 764 arbitror
3250 709 3413 764 aliam

1842 801 2127 857 mulierem
2169 817 2327 872 atque
2349 817 2514 872 posse
2545 800 2794 874 gloriari.
2833 798 3013 855 Unum
3038 800 3187 855 enim
3224 814 3413 855 revera

1841 894 2121 964 exemplar
2179 903 2391 950 natura:
2442 896 2695 951 humanae
2733 894 2915 949 virum
2954 893 3107 948 illum
3151 891 3414 946 Conditor

1844 996 2033 1042 noster
2062 995 2370 1052 creaverat,
2398 988 2543 1044 unde
2581 1003 2774 1044 omnes
2801 987 2858 1041 in
2888 1001 3013 1041 eum
3042 982 3415 1053 conjicieban-

1844 1082 1936 1129 tur
1972 1077 2141 1142 oculi,
2177 1086 2231 1132 et
2264 1078 2448 1149 lingua
2486 1079 2667 1134 onmis
2716 1093 2808 1134 res
2857 1077 3006 1131 illius
3040 1075 3413 1146 praedicabat:

1847 1167 2095 1239 pictores
2127 1178 2313 1224 autem
2355 1177 2410 1225 et
2459 1171 2713 1225 statuarii
2742 1168 2929 1224 forma:
2968 1168 3286 1239 dignitatem
3327 1182 3417 1222 as-

1846 1257 2003 1327 sequi
2035 1274 2145 1312 non
2176 1267 2430 1329 poterant
2460 1278 2474 1314 :
2511 1259 2760 1315 historici
2805 1272 2958 1321 vero,
2982 1258 3112 1312 dum
3155 1271 3244 1312 res
3276 1264 3417 1327 pra:-

1845 1350 1992 1405 clare
2024 1352 2076 1405 in
2112 1351 2254 1406 bello
2281 1359 2463 1423 gestas
2500 1349 2765 1417 referunt,
2804 1348 2858 1403 in
2896 1348 3203 1404 fabularum
3237 1347 3417 1401 incre-

1845 1442 2094 1497 dibilium
2127 1442 2532 1497 incommodum
2572 1441 2839 1495 incidunt.
2887 1438 3066 1506 Quare
3113 1454 3182 1493 ne
3217 1437 3415 1493 adduci

1845 1533 2064 1604 quidem
2110 1534 2358 1604 plerique
2409 1539 2663 1604 poterant
2717 1539 2776 1585 ut
2803 1530 2960 1585 fama!
2998 1531 3207 1585 tristem
3261 1529 3419 1583 illum

1847 1625 2100 1681 nuntium
2133 1624 2545 1681 circumferenti
2570 1625 2880 1687 crederent,
2903 1634 2996 1678 aut
3018 1623 3242 1678 omnino
3270 1637 3419 1678 mor-

1848 1724 2003 1771 tuum
2042 1732 2168 1772 esse
2192 1716 2534 1771 Arinthacum
2569 1715 2895 1771 faterentur.
2939 1713 3047 1769 Sed
3087 1726 3268 1770 tamen
3292 1729 3419 1784 per-

1848 1822 2043 1877 pessus
2074 1814 2181 1871 est,
2204 1822 2326 1877 quae
2357 1814 2413 1863 et
2445 1808 2588 1862 ctelo
2619 1816 2674 1862 et
2718 1807 2822 1863 soli
2853 1813 2908 1862 et
2950 1815 3109 1860 teme
3147 1804 3415 1861 accident.

1848 1898 1998 1953 Abiit
2026 1898 2375 1968 splendidum
2402 1907 2597 1955 nactus
2619 1898 2847 1963 exitum,
2877 1912 2987 1952 non
3009 1898 3165 1953 senio
3187 1896 3416 1964 fractus,

1848 1990 2103 2047 claritate
2126 1991 2263 2046 nihil
2298 1990 2585 2045 imminuta
2614 2010 2628 2045 :
2658 2005 2890 2061 magnus
2920 1992 2976 2045 in
3005 1991 3259 2061 praesenti
3282 1989 3415 2051 vita,

1850 2098 2082 2153 magnus
2118 2083 2286 2138 etiam
2329 2083 2387 2136 in
2435 2081 2656 2147 futura;
2696 2096 2798 2137 nec
2827 2097 2893 2138 ex
2943 2081 3200 2153 prmsenti
3245 2081 3421 2152 splen-

1848 2171 1984 2227 dore
2034 2171 2422 2225 detrimentum
2472 2170 2642 2225 ullum
2691 2185 2890 2241 passus
2933 2177 3261 2241 exspectata:
3297 2169 3419 2241 glo-

1850 2262 1947 2317 ria:
1978 2280 1993 2316 :
2019 2277 2086 2317 eo
2112 2261 2257 2331 quod
2301 2276 2521 2317 omnem
2562 2263 2762 2318 anima:
2796 2262 3064 2317 maculam
3099 2261 3156 2316 in
3185 2263 3307 2332 ipso
3336 2259 3421 2315 vi-

1852 2361 1917 2407 ta!
1946 2352 2093 2406 exitu
2122 2350 2340 2405 lavacro
2366 2351 2801 2422 regenerationis
2850 2350 3242 2422 repurgaverit.
3279 2349 3421 2416 Quo-

1850 2458 1971 2498 rum
2001 2443 2078 2497 illi
2122 2443 2469 2498 conciliatrix
2503 2458 2630 2499 cum
2657 2442 2830 2500 fueris
2864 2453 2918 2499 et
2955 2443 3220 2514 adjutrix,
3248 2443 3423 2497 maxi-

1850 2551 1999 2590 mum
2058 2535 2199 2589 habe
2279 2536 2570 2600 solatium,
2653 2550 2717 2591 ac
2781 2535 3021 2590 transfer
3080 2534 3321 2589 animum
3387 2549 3421 2589 a

1849 2625 2210 2695 praesentibus
2254 2623 2323 2679 ad
2378 2623 2690 2680 futurorum
2736 2639 2948 2688 curam,
2994 2631 3054 2679 ut
3107 2624 3272 2695 digna
3318 2624 3420 2678 ha-

1850 2715 2052 2782 bearis,
2079 2730 2202 2785 quae
2230 2732 2325 2786 per
2351 2716 2492 2771 bona
2524 2730 2691 2786 opera
2725 2731 2912 2787 parem
2943 2731 3008 2771 ac
3041 2716 3132 2771 ille
3157 2712 3422 2786 requietis

1850 2805 2031 2861 locum
2079 2820 2441 2876 consequare.
2490 2804 2665 2862 Parce
2721 2806 2885 2861 matri
2926 2806 3081 2862 senio
3132 2804 3421 2872 confecta),

1852 2912 2017 2968 parce
2040 2898 2165 2952 tiliae
2200 2906 2422 2964 lenem,
2446 2896 2649 2967 quibus
2680 2898 2798 2951 sola
2838 2896 2906 2952 ad
2942 2897 3201 2953 solatium
3232 2897 3426 2953 relicta

1851 3005 1932 3045 es.
1969 2988 2058 3045 Sis
2082 2989 2395 3060 exemplum
2431 2987 2776 3045 fortitudinis
2816 2990 3029 3044 caeteris
3066 2988 3419 3055 mulieribus;

1851 3089 1907 3138 et
1932 3081 2010 3135 ita
2041 3081 2219 3136 dolori
2243 3080 2551 3145 moderare,
2578 3088 2638 3134 ut
2673 3095 2852 3150 neque
2879 3080 3031 3134 illum
3072 3079 3257 3133 animo
3296 3094 3423 3149 pro-

1847 3174 2033 3245 jicias,
2058 3189 2233 3244 neque
2264 3188 2297 3227 a
2326 3172 2550 3229 tristitia
2578 3172 2947 3228 absorbearis.
2972 3170 3033 3226 ln
3067 3170 3326 3226 omnibus
3353 3169 3423 3224 ad

1853 3281 2106 3338 magnam
2155 3267 2431 3337 patientiae
2463 3264 2772 3320 mercedem
2804 3264 3039 3334 respice,
3084 3277 3207 3333 quae
3251 3278 3282 3317 a
3315 3261 3425 3317 Do-

1852 3357 2004 3412 mino
2030 3364 2224 3413 nostro
2250 3356 2382 3412 Jesu
2412 3356 2636 3412 Christo
2669 3355 2727 3410 in
2760 3354 2887 3410 vitae
2908 3371 2940 3409 a
2971 3353 3130 3410 nobis
3169 3360 3305 3410 actae
3333 3368 3422 3410 re-

1851 3453 2234 3507 muneratione
2259 3450 2532 3522 promissa
2560 3455 2666 3505 est.

2290 3686 2633 3743 EPISTOLA
2669 3685 2900 3743 CCLXX
2920 3691 2963 3743 '.

156 3827 511 3894 Presbyterum
548 3824 755 3894 aliquem
795 3822 1008 3894 Basilius
1039 3821 1089 3875 in
1123 3822 1377 3894 puniendis
1418 3821 1701 3894 raptor-inus
1723 3822 1992 3894 segniorem
2021 3821 2242 3894 objurth
2269 3834 2292 3894 ς
2327 3835 2386 3871 ac
2409 3827 2561 3894 sancit
2597 3829 2648 3871 ut
2676 3820 2840 3885 puella
2871 3818 3148 3894 parentibus
3179 3818 3420 3894 .restitua-

226 3881 1084 3952 turfqraptor_a_p'recibu§ejiciatur_,
1119 3881 1165 3937 et
1198 3881 1636 3952 exconzmwiicatus
1669 3881 1992 3941 demintietur,
2015 3881 2119 3948 ejits
2141 3881 2389 3952 adjutores
2411 3896 2497 3952 per
2518 3890 2614 3933 tres
2634 3881 2783 3933 annos
2816 3881 2927 3952 eam
2947 3887 3044 3952 tota
3065 3895 3157 3932 sua
3171 3881 3360 3948 familia
3386 3896 3421 3933 α

220 3943 451 4015 precibus
487 3943 775 4015 ejicianlar._
801 3943 974 3998 To'tum
1010 3945 1155 3999 etiam
1193 3961 1389 4013 pagunt,
1411 3946 1495 4011 qui
1517 3952 1709 4010 raptam
1744 3952 2008 4009 receperat,
2030 3943 2114 3995 aut
2146 3943 2457 4003 mistadierat,
2476 3953 2558 3994 aut
2580 3958 2672 4007 pro
2692 3958 2751 3996 ea
2773 3943 3024 3995 retinenda
3045 3943 3362 4012 pugnaverat,
3384 3958 3419 3995 α

219 4007 448 4080 precibus
465 4007 648 4075 pariter
663 4007 810 4075 ejicit.

463 4116 901 4186 Ἂνεπίπραφος,
962 4112 1115 4182 ὑπὲρ
1166 4110 1459 4183 ἁρπαγῆς.

230 4231 387 4286 Πάνυ
415 4228 710 4301 λυποῦμαι,
747 4229 829 4282 ὅτι
865 4228 963 4299 οὑχ
1000 4227 1238 4299 εὑρίσκω
1293 4227 1438 4298 ὑμᾶς
1489 4226 1581 4278 ἐπὶ
1629 4228 1739 4290 τοῖς

157 4322 632 4394 ἀπηγορευμένοις
673 4320 797 4375 οὔτε
840 4318 1303 4389 ἀγανακτοῦντας,
1344 4317 1468 4371 οὕτε
1508 4318 1741 4388 δυναμέ-

157 4433 290 4479 νους
322 4412 652 4481 λογίζεσθαι,
679 4414 760 4466 ὃτι
798 4414 876 4475 είς
909 4410 1072 4464 αὑτὸν
1095 4409 1183 4463 τὸν
1216 4410 1328 4480 βίον
1353 4410 1447 4461 καὶ
1471 4407 1569 4479 τὴν
1596 4407 1741 4479 ζωὴν

2229 4108 2354 4165 Sine
2380 4108 2744 4178 inscriptione,
2776 4107 2840 4164 de
2865 4118 3038 4178 raptu.

1923 4222 2089 4279 Valde
2111 4223 2294 4291 doleo,
2323 4223 2470 4294 quod
2507 4237 2603 4278 vos
2648 4222 2705 4276 in
2737 4222 2918 4278 vetitis
2962 4220 3128 4277 rebus
3150 4235 3252 4276 nec
3279 4219 3423 4276 indi-

1848 4317 2005 4387 gnari
2041 4318 2333 4386 reperiam,
2362 4330 2466 4370 nec
2505 4314 2809 4385 intelligere
2834 4328 2997 4383 posse
3029 4313 3083 4367 in
3113 4312 3289 4382 ipsam
3321 4312 3422 4368 ho-

1850 4410 2061 4464 minum
2092 4410 2260 4464 vitam
2297 4416 2353 4465 et
2386 4409 2442 4463 in
2474 4408 2770 4462 humanum
2803 4421 2975 4477 genus
3000 4405 3182 4461 scelus
3209 4418 3333 4459 esse
3355 4419 3421 4459 ac

159 4510 266 4579 τὴν
316 4506 664 4577 ἀνθρωπίνην
714 4503 1029 4576 παρανομία
1086 4502 1202 4555 ἐστὶ
1249 4502 1345 4554 καὶ
1397 4502 1650 4573 τυραννὶς
1706 4501 1741 4571 ἡ

1852 4501 2217 4572 tyrannidem,
2260 4500 2618 4556 commissum
2654 4499 2805 4553 illum
2853 4507 3090 4568 raptum,
3125 4506 3181 4552 et
3220 4496 3420 4550 factam

160 4598 425 4669 γινομένη
465 4597 603 4668 αῦτη
629 4595 873 4669 ἁρπαγὴ,
906 4596 1002 4648 καὶ
1029 4593 1185 4665 ῦ6ρις
1218 4592 1359 4647 κατά
1391 4593 1498 4646 τῶν
1526 4591 1742 4647 ἐλευθέ-

166 4708 302 4761 ρων.
329 4685 460 4744 Οἷδα
486 4689 614 4760 γὰρ,
639 4689 739 4753 ὃτι,
776 4688 824 4741 εἰ
860 4685 1112 4756 τοιαύτην
1151 4683 1326 4755 εἴχετε
1352 4682 1577 4754 γνώμην
1602 4683 1742 4737 πάν-

158 4798 278 4845 τες,
314 4780 465 4833 οὐδὲν
491 4778 692 4832 ἐκώλυε
740 4777 907 4830 πάλαι
950 4775 1044 4829 τοῦ
1095 4775 1267 4829 κακοῦ
1306 4774 1406 4846 τὴν
1453 4773 1741 4845 συνήθειαν

157 4871 355 4924 τούτου
402 4869 718 4940 ἐξελαθῆναι
779 4868 881 4938 τῆς
934 4865 1185 4938 πατρίδος
1241 4864 1419 4936 ἡμῶν.
1480 4863 1740 4917 Ἀνάλαὸε

158 4962 344 5015 τοίνυν
379 4962 472 5014 ἐπὶ
499 4960 594 5014 τοῦ
633 4959 900 5031 παρόντος
925 4958 1084 5028 ζῆλον
1116 4955 1449 5028 Χριστιανοῦ
1469 4973 1483 4986 ο
1534 4955 1624 5008 καὶ
1653 4972 1739 5008 κι-

155 5053 357 5127 νήθητι
385 5053 549 5118 ἀξίως
586 5052 680 5105 τοῦ
726 5051 1091 5122 ἀδικήματος.ι
1132 5050 1242 5104 Καὶ
1292 5049 1391 5119 τὴν
1423 5049 1520 5114 μὲν
1551 5048 1737 5114 παῖδα,

156 5147 409 5217 ὅπουπερ
438 5145 504 5198 ἂν
543 5144 729 5216 εὑρης,
762 5142 1094 5213 ἀφελόμενος
1136 5142 1286 5211 πάσῃ
1334 5140 1566 5211 εὐτονίᾳ,
1601 5141 1738 5193 ἀπο-

157 5238 509 5308 κατάστησον
540 5239 650 5300 τοῖς
679 5233 897 5306 γονεῦσι
923 5251 935 5263 ·
973 5234 1067 5287 καὶ
1106 5233 1270 5286 αὑτὸν
1306 5232 1365 5285 δὲ
1405 5234 1611 5286 ἐκεῖνον
1649 5232 1738 5297 ἐξ-

155 5332 348 5402 όρισον
365 5328 475 5381 τῶν
497 5328 692 5398 εὐχῶν,
727 5327 822 5380 καὶ
842 5327 1180 5398 ὲκκήρυκτον
1203 5324 1428 5396 ποίησον
1448 5340 1463 5354 ο
1494 5323 1738 5386 καὶτοὺς

156 5534 165 5541 ,
234 5478 367 5552 (85)-
388 5479 467 5552 Τὸ,
482 5477 599 5547 μὲν
625 5477 752 5552 γάρ.
784 5476 1069 5552 Postrema
1096 5478 1288 5552 vocula
1315 5476 1497 5552 addita
1518 5492 1586 5533 ex
1612 5485 1739 5552 octo

156 5547 301 5606 mss.
337 5549 508 5602 Paulo
534 5558 656 5618 post
700 5549 891 5603 iisdem
922 5549 1043 5618 freti
1089 5548 1372 5603 codicibus
1423 5547 1737 5618 immutavi-

155 5638 289 5676 mus
328 5619 474 5687 quod
504 5616 623 5673 erat
654 5618 711 5671 in
746 5618 909 5672 editis
946 5617 1112 5689 ἀλλην
1140 5621 1392 5689 γυναῖκα.
1421 5616 1533 5671 Nec
1564 5618 1738 5689 longe

154 5692 297 5747 editi
327 5686 734 5761 δημιουργήσας
764 5690 909 5759 ἡμᾶς
938 5687 1168 5741 ἔκτισεν.
1203 5686 1339 5745 Tres
1375 5686 1737 5745 vetustissimi

152 5759 389 5817 codices
405 5759 472 5812 nt
501 5759 557 5812 in
590 5764 760 5811 textu.

238 5830 350 5903 (84)
384 5829 486 5894 Μὴ
517 5829 821 5895 ωθυφὲὶς.
874 5825 1045 5882 Coisl.
1094 5828 1306 5897 primus
1348 5843 1474 5886 cum
1509 5828 1620 5884 alio
1660 5827 1734 5899 μὴ

442 5924 715 5984 Pauor”
749 5922 865 5983 Gn.
893 5922 1162 5987 XXXII.

1848 4592 2035 4649 liberis
2063 4593 2345 4663 injuriam.
2383 4584 2511 4647 Scio
2564 4592 2731 4657 enim,
2783 4591 2830 4647 si
2863 4591 2919 4646 id
2967 4590 3123 4646 vobis
3163 4589 3419 4646 omnibus

1844 4693 1994 4738 esset
2053 4683 2374 4748 sententiae,
2439 4682 2764 4753 jamdudum
2827 4680 2964 4736 nihil
3015 4679 3419 4750 prohibiturum

1845 4771 2038 4838 fuisse,
2065 4773 2362 4842 quominus
2404 4772 2535 4826 mali
2570 4772 2719 4828 illius
2752 4756 3095 4826 consuetudo
3135 4786 3202 4825 ex
3244 4768 3419 4839 patria

1844 4872 2036 4919 nostra
2090 4864 2405 4933 pelleretur.
2451 4863 2688 4919 Assume
2734 4863 2901 4934 igitur
2953 4862 3010 4916 in
3057 4877 3117 4916 re
3160 4861 3419 4932 praesenti

1845 4954 2021 5009 zelum
2043 4952 2369 5019 Christiani,
2387 4962 2443 5009 et
2461 4969 2560 5025 pro
2577 4953 2803 5009 sceleris
2828 4952 3023 5007 merito
3046 4967 3413 5008 commovere.

1844 5047 1923 5101 Ac
1962 5045 2200 5115 puellam
2242 5045 2501 5114 quidem,
2551 5044 2863 5115 ubicunque
2912 5044 3223 5110 inveneris,
3267 5044 3417 5099 omni

1844 5138 2156 5201 constantia
2206 5137 2504 5201 auferens,
2566 5138 2797 5193 restitue
2842 5138 3165 5207 parentibus
3206 5153 3222 5191 :
3268 5137 3417 5190 hunc

1841 5231 2022 5302 ipsum
2060 5238 2242 5286 autem
2273 5245 2403 5285 arce
2437 5244 2469 5284 a
2508 5228 2787 5300 precibus,
2822 5243 3057 5300 eumque
3099 5242 3416 5283 excommu—

1841 5323 2085 5378 nicatum
2126 5322 2430 5379 denuntia:
2462 5331 2626 5392 atque
2669 5336 2769 5377 eos
2811 5321 3001 5389 etiam,
3047 5318 3143 5391 qui
3183 5335 3306 5376 cum
3347 5333 3415 5375 eo

1840 5475 2147 5549 xaeucgtsic.
2190 5474 2394 5532 Ibidem
2421 5475 2580 5531 multi
2621 5474 2843 5532 codices
2882 5492 2994 5533 non
3044 5476 3414 5549 antiquissimi

1804 5619 1808 5623 .
1841 5546 2132 5623 καιεεεθεὲςο

1911 5614 2024 5683 (85)
2054 5616 2211 5686 Πρὸς
2259 5615 2469 5683 αὑταῖς
2514 5615 2666 5685 ταῖς.
2716 5614 2798 5672 Ita
2847 5629 3038 5673 omnes
3074 5633 3211 5676 mss.
3267 5615 3410 5675 Ε’Δίιὶ

1840 5688 1989 5759 πρὸς
2013 5690 2151 5759 ταῖς.

1912 5761 1933 5781 ⁴
1966 5758 2116 5815 Alias
2150 5755 2427 5816 CCXLIV.
2451 5755 2669 5830 Scripta
2689 5765 2815 5829 post
2848 5772 3051 5815 annum
3074 5758 3201 5815 574.

3062 5924 3140 5987 82
