3852 6224
143 297 261 357 985

1091 309 1580 372 EPISTOLARUM
1618 314 1903 377 CLASSIS
1938 321 2003 381 II.
2042 322 2261 381 EPIST.
2299 324 2546 381 CCLXV.

3319 328 3423 387 986

143 414 256 513 τῆς
289 412 504 513 ἀγαθῆς
544 414 967 513 μερίδος-ὐμῶν,
1004 421 1098 473 καὶ
1135 422 1368 493 συνάψαι
1402 426 1629 491 ἑαυτοὺς
1653 425 1743 480 διὰ

1845 431 2014 505 409
2043 450 2139 505 per
2167 435 2454 506 epistolam
2485 450 2611 490 cum
2659 443 2841 492 vestra
2891 437 3091 509 pietate
3123 439 3425 513 conjunge-

146 504 249 558 τοῦ
280 505 612 576 γράμματος
639 508 706 582 τῇ
756 507 1001 581 ὑμετέρᾳ
1044 511 1324 586 εὐλαϐείᾳ.
1358 510 1543 589 Οὐπερ
1579 517 1741 571 ἕνεκα

146 596 564 669 ἀπεστείλαμεν
617 599 713 652 καὶ
759 598 852 653 τὸν
881 600 1265 659 ποθεινότατον
1309 606 1424 660 υἱὸν
1459 607 1617 678 ήμῶν
1646 607 1741 662 καὶ

149 689 506 745 συνδιάκονον
547 691 835 757 Ἑλπίδιον,
866 693 1005 765 ὁμοῦ
1047 694 1147 766 μὲν
1174 696 1276 767 τὴν
1308 699 1597 768 ἐπιστολὴν
1625 700 1743 752 δια-

148 782 478 855 κομίζοντα,
504 783 643 856 ὁμοῦ
669 784 728 838 δὲ
748 785 844 839 καὶ
871 787 1003 859 παρ’
1028 787 1222 842 ἑαυτοῦ
1245 789 1541 861 δυνάμενον
1563 791 1742 859 άπαγ-

145 874 334 944 γεῖλαι
362 876 492 946 ὑμῖν
520 876 624 933 ὅσα
656 877 756 949 τὴν
796 879 862 932 ἐκ
889 878 986 932 τοῦ
1018 879 1351 953 γράμματος
1380 883 1597 956 ἐκφύγῃ
1627 883 1738 955 (26)

147 964 534 1023 διδασκαλίαν.

226 1058 284 1114 2.
340 1058 586 1117 Μάλιστα
623 1059 678 1115 δὲ
710 1062 859 1133 qua;
897 1062 1182 1136 ἐπέρρωσε
1228 1064 1368 1136 πρὸς
1407 1064 1505 1137 τὴν
1550 1066 1740 1120 ἐπιθυ-

151 1152 290 1224 μίαν
316 1153 418 1223 τῆς
442 1153 738 1224 συναφείας
766 1154 919 1227 ὑμῶν
950 1156 984 1228 ή
1017 1155 1155 1227 ἀκοὴ
1184 1157 1279 1211 τοῦ
1310 1159 1440 1230 περὶ
1461 1157 1558 1230 τὴν
1586 1157 1741 1230 ὀρθό-

144 1261 295 1317 τητα
340 1245 503 1317 ζήλου
548 1248 649 1318 τῆς
695 1248 977 1313 εὐσεϐείας
1017 1249 1202 1320 ὑμῶν’
1237 1251 1322 1304 ὃτι
1373 1250 1497 1305 οὐτε
1542 1250 1738 1324 πλήθει

150 1338 556 1409 συνταγμάτων
574 1377 589 1403 ,
650 1338 776 1393 οὐτε
861 1339 1106 1413 ποικιλίᾳ
1177 1342 1528 1413 σοφισμάτων
1592 1360 1738 1415 παρ-

145 1430 356 1502 ηνέχθη
380 1430 535 1503 ὑμῶν
567 1432 628 1485 τὸ
661 1432 889 1505 στερρὸν
916 1433 1016 1504 τῆς
1043 1434 1290 1506 καρδίας·
1316 1436 1433 1489 ἀλλ’
1460 1437 1736 1506 ἐπέγνωτε

150 1524 258 1593 μὲν
292 1523 422 1593 τοὺς
475 1524 619 1580 κατὰ
649 1523 757 1579 τῶν
799 1526 1174 1579 ἀποπολικῶν
1221 1526 1509 1598 δογμάτων
1550 1545 1735 1582 καινο-

143 1613 492 1686 τομοῦντας,
525 1619 705 1688 σιωπῇ
746 1616 803 1671 δὲ
851 1620 1147 1688 κατασχεῖν
1185 1620 1287 1690 τὴν
1337 1618 1736 1689 ἐνεργουμένην

146 1710 284 1780 παρ’
316 1708 494 1763 αὐτῶν
546 1708 753 1781 βλάϐην
799 1711 863 1764 οὐ
921 1709 1306 1775 κατεδέξασθε.
1353 1712 1464 1765 Καὶ
1507 1710 1616 1782 γὰρ
1657 1709 1736 1780 τῷ

143 1800 267 1855 ὄντι
299 1800 501 1870 πολλὴν
541 1800 778 1873 εὕρομεν
814 1800 993 1872 λύπην
1021 1802 1175 1875 παρὰ
1213 1805 1348 1858 πᾶσι
1375 1805 1487 1867 τοῖς
1512 1804 1734 1875 ὰντεχο-
1761 1792 1805 1847 Β

146 1892 340 1963 μένοις
370 1891 471 1962 τῆς
525 1892 622 1947 τοῦ
663 1892 870 1966 Κυρίου
922 1894 1147 1965 εἰρήνης
1179 1894 1273 1948 ἐπὶ
1316 1898 1438 1959 ταῖς
1474 1912 1735 1966 νεωτερο-

145 1982 358 2047 ποιίαις
397 1984 516 2047 ταῖς
558 1984 932 2049 παντοδαπαῖς
980 1985 1360 2057 Ἀπολιναρίου
1405 1986 1501 2038 τοῦ
1542 1986 1734 2039 Λαοδι-

145 2075 324 2138 κέως·
358 2074 419 2139 ὃς
445 2074 686 2147 τοσούτῳ
718 2075 879 2130 πλέον
907 2076 1182 2148 ἐλύπησεν
1211 2079 1382 2149 ἡμᾶς,
1411 2080 1524 2149 ὅσῳ
1555 2079 1734 2145 ἔδοξεν

136 2167 291 2227 εἶναι
328 2163 388 2231 ἐξ
417 2165 576 2237 ἡμῶν
613 2166 728 2239 (27)
773 2167 833 2220 τὸ
873 2166 934 2232 ἐξ
972 2168 1169 2240 ἀρχῆς.
1201 2168 1274 2223 Τὸ
1306 2170 1405 2239 μὲν
1441 2169 1551 2240 γὰρ
1583 2169 1734 2241 παρὰ

143 2256 388 2331 φανεροῦ
432 2258 694 2330 πολεμίου
743 2258 937 2314 παθεῖν
983 2277 1075 2326 τι,
1135 2259 1238 2314 κᾶν
1290 2260 1604 2332 ὑπερϐάλλῃ
1654 2260 1733 2332 τῷ

143 2337 809 2424 ὰλγεινῷ,’φορητόνπώς
838 2354 954 2407 ἐστι
982 2353 1060 2425 τῷ
1091 2354 1573 2426 καταπονουμένῳ,
1602 2354 1734 2409 καθ-

144 2444 228 2510 ὼς
271 2444 602 2517 γέγραπται,
655 2444 740 2498 ὅτι
797 2445 864 2500 El
906 2448 939 2499 ό
1011 2446 1233 2516 ἐχθρὸς
1305 2445 1580 2500 ὠνείδισέ
1631 2464 1729 2516 με,

142 2536 465 2607 ὑπήνεγκα
515 2535 625 2591 ἄν’
672 2537 735 2590 τὸ
781 2538 841 2591 δὲ
890 2539 1022 2611 παρ’
1072 2537 1352 2609 ὀμοψύχου
1388 2538 1484 2591 καλ⁵
1530 2539 1731 2592 οἰκείου

145 2629 357 2701 βλάϐης
379 2628 525 2694 τινὸς
562 2628 913 2700 πειραθῆναι,
945 2629 1103 2683 τοῦτο
1134 2629 1402 2702 δύσφορον
1428 2628 1728 2695 παντελῶς,

143 2726 244 2782 καὶ
272 2724 525 2796 οὐδεμίαν
567 2723 690 2795 ἔχον
718 2725 1094 2796 παραμυθίαν.
1133 2728 1230 2779 Ὃν
1260 2725 1370 2797 γὰρ
1403 2724 1733 2796 προσεδοκή-

145 2834 325 2888 σαμεν
366 2817 737 2888 συνασπιστὴν
779 2816 921 2883 ἕξειν
953 2817 1064 2887 (28)
1093 2817 1193 2888 τῆς
1231 2816 1513 2888 ἀληθείας,
1543 2815 1732 2870 τοῦτον

143 2908 382 2982 εὕρομεν
404 2908 500 2963 νῦν
523 2910 580 2962 ἐν
602 2908 817 2973 πολλοῖς
852 2908 1215 2979 ἐμποδίζοντα
1240 2911 1351 2971 τοῖς
1380 2906 1727 2977 σωζομένοις,

142 3002 212 3056 ἐκ
240 3001 335 3054 τοῦ
383 3002 692 3074 περιέλκειν
726 3001 908 3055 αὐτῶν
936 3002 1027 3057 τὸν
1057 3000 1183 3055 νοῦν
1219 3002 1314 3055 κα)⁸
1349 3002 1602 3071 ἀποσπᾷν
1630 3000 1730 3069 τῆς

141 3091 440 3161 εὐθύτητος
485 3091 594 3145 τῶν
642 3091 948 3162 δογμάτων.
991 3091 1058 3153 Τί
1103 3092 1213 3163 γὰρ
1265 3093 1322 3146 ἐν
1368 3091 1550 3163 ἔργοις
1598 3092 1727 3162 παρ’

141 3184 314 3238 αὐτοῦ
347 3184 617 3255 τολμηρὸν
656 3186 753 3239 καὶ
787 3184 990 3258 θερμὸν
1011 3186 1112 3239 οὐκ
1140 3185 1421 3258 ἐπράχθη;
1468 3185 1532 3237 Τί
1564 3184 1621 3237 δὲ
1668 3187 1727 3237 ἐν

140 3277 327 3346 λόγοις
363 3276 426 3329 οὐ
453 3275 837 3348 παρεπενοήθη
877 3275 1140 3348 νεώτερον
1174 3276 1269 3330 καὶ⁸
1295 3276 1730 3330 ἐπικεκινδυνευ-

144 3371 342 3441 μένον;
378 3369 454 3421 Οὐ
484 3370 635 3422 πᾶσα
669 3369 767 3439 μέν
796 3368 1092 3438 Ἐκκλησία
1118 3372 1184 3439 ἐφ
1217 3371 1414 3441 ἐαυτὴν
1440 3370 1726 3441 ἐμερίσθη,

144 3458 385 3532 μάλιστα
424 3458 482 3510 δὲ
513 3460 635 3521 ταῖς
675 3458 781 3511 ὐπὸ
814 3458 921 3512 τῶν
960 3459 1074 3531 (29)
1126 3458 1421 3531 ὀρθοδὸξων
1456 3459 1728 3530 κυϐερνω-

118 3551 339 3622 .μέναις
370 3548 830 3620 ἐπιπεμφθέντων
874 3553 1005 3622 παρ’
1038 3550 1205 3605 αὐτοῦ
1245 3550 1383 3624 πρὸς
1420 3551 1482 3605 τὸ
1523 3550 1725 3621 σχίσαι,

142 3642 242 3696 καὶ
295 3641 433 3695 ἰδίαν
497 3639 622 3693 τινὰ
674 3641 1156 3713 παρασυναγωγὴν
1220 3642 1540 3713 ἐκδικῆσαις
1590 3642 1727 3712 Οὐχὶ

141 3732 369 3801 γελᾶται
418 3731 480 3785 τὸ
515 3731 657 3803 μέγα
689 3732 787 3803 τῆς
819 3733 1105 3797 εὐσεϐείας
1145 3735 1465 3805 μυστήριον,
1494 3736 1569 3799 ὡς
1596 3736 1725 3789 ἄνευ

140 3823 276 3885 λαοῦ
308 3824 404 3876 καὶ⁵
430 3823 630 3895 κλήρου
655 3824 970 3879 ἐπισκόπων
997 3829 1457 3898 περιερχομένων,
1493 3830 1587 3882 καὶ
1612 3829 1729 3882 δνο-

140 3934 224 3987 μα
245 3915 400 3986 ψιλὸν
440 3915 870 3989 περιφερόντων,
920 3918 1075 3970 οὐδὲν
1115 3917 1173 3971 δὲ
1209 3918 1618 3991 κατορθούντων
1648 3922 1726 3983 είς

142 4008 428 4082 προκοπὴν
455 4007 551 4062 τοῦ
598 4008 937 4077 Εὐαγγελίου
987 4009 1088 4078 τῆς
1133 4012 1356 4084 εἰρήνης
1407 4013 1501 4066 καὶ
1549 4030 1726 4084 σωτη-

144 4103 270 4175 ρίας
293 4101 437 4173 (50);
472 4102 607 4173 Οὐχὶ
635 4101 684 4155 οἱ
715 4102 845 4173 περὶ
874 4100 970 4155 τοῦ
994 4101 1130 4155 Θεοῦ
1158 4102 1306 4173 λόγοι
1339 4104 1567 4176 πλήρεις
1595 4107 1726 4178 παρ’

142 4194 295 4266 αὐτῷ
328 4196 466 4247 εἰσιν
498 4193 713 4248 άσεϐὦν
744 4194 1051 4264 δογμάτων,
1077 4196 1178 4267 τῆς
1212 4196 1449 4261 παλαιᾶς
1474 4198 1727 4264 ἀσεϐείας

141 4286 240 4341 τοῦ
281 4285 680 4358 μάταιοιρρονος
723 4286 1014 4345 Σαϐελλίου
1055 4287 1121 4342 δι’
1161 4288 1327 4343 αὐτοῦ
1361 4289 1455 4343 νῦν
1488 4292 1726 4345 ἀνανεω-

142 4379 339 4450 θείσης
364 4380 423 4433 ἐν
449 4381 564 4442 τοῖς
592 4381 998 4450 συντάγμασινς
1028 4381 1091 4434 Ei
1125 4381 1234 4454 γὰρ
1263 4380 1300 4435 ἃ
1338 4382 1727 4455 περιφέρουσιν

1843 541 2052 582 remus.
2102 525 2452 599 Quapropter
2501 529 2754 584 misimus
2804 531 2969 586 etiam
3014 531 3424 590 desideratissi-

1842 610 1990 675 inum
2036 620 2206 675 ﬁlium
2242 630 2487 675 nostrum
2539 619 2808 690 Elpidium
2855 622 3251 679 condiaconum
3275 666 3290 690 ,
3325 626 3423 696 qui

1841 718 1897 765 et
1925 711 2213 781 epistolam
2254 710 2544 782 perferret,
2580 720 2633 767 et
2679 728 2775 782 per
2806 727 2867 767 se
2897 712 3016 784 ipse
3063 724 3241 784 potest
3271 733 3420 772 nun-

1841 802 1983 858 tiare
2013 803 2194 871 vobis,
2225 818 2568 874 ouzecunque
2593 803 2903 859 litterarum
2941 805 3229 877 ell‘ugerint
3257 807 3425 865 docuo

1839 899 2049 949 menta.

1911 1082 1966 1138 2.
2001 1081 2141 1137 Illud
2167 1092 2350 1139 autem
2383 1099 2471 1140 me
2493 1084 2730 1140 maxime
2762 1086 3002 1159 impuat,
3043 1096 3104 1142 ut
3134 1088 3422 1144 vobiscum

1839 1176 2103 1247 conjungi
2148 1192 2443 1248 cuperem,
2492 1178 2638 1248 quod
2670 1188 2911 1235 vestrum
2945 1187 3109 1235 rectae
3156 1180 3423 1236 doctrinae

1838 1269 2079 1324 studium
2121 1269 2190 1324 ad
2231 1286 2382 1326 meas
2408 1286 2569 1326 aures
2610 1271 2861 1343 pervenit
2893 1291 2908 1329 :
2939 1273 3141 1343 quippe
3166 1288 3290 1326 cum
3320 1288 3423 1327 nec

1837 1363 2105 1418 librorum
2155 1361 2538 1427 multitudine,
2584 1378 2685 1417 nec
2730 1362 3127 1432 sopbismatum
3161 1362 3424 1417 varietate

1835 1463 2018 1509 emota
2048 1455 2120 1509 sit
2157 1454 2342 1509 cordis
2365 1453 2533 1510 vestri
2580 1454 2809 1509 ﬁrmitas
2836 1473 2849 1508 :
2882 1453 2978 1509 sed
3006 1470 3103 1509 eos
3137 1454 3423 1524 agnoveri-

1836 1544 1930 1611 tis,
1966 1545 2059 1616 qui
2088 1553 2280 1599 contra
2308 1546 2565 1614 dogmata
2600 1545 2897 1614 apostolica
2929 1545 3226 1598 novitatem
3259 1542 3421 1597 indu-

1837 1642 1991 1699 cunt,
2028 1650 2129 1690 nec
2158 1635 2378 1691 silentio
2405 1635 2689 1691 continere
2722 1635 2990 1689 damnum
3034 1634 3102 1689 ab
3150 1634 3260 1689 illis
3306 1633 3423 1688 illa-

1836 1734 1953 1780 tum
2004 1728 2317 1798 potueritis.
2365 1726 2502 1783 Nam
2559 1742 2747 1783 revera
2799 1741 3054 1798 magnum
3114 1726 3420 1796 reperimus

1835 1820 2079 1875 dolorem
2113 1821 2170 1875 in
2209 1820 2464 1876 omnibus
2498 1819 2712 1874 Domini
2742 1835 2930 1890 pacem
2973 1818 3129 1874 cordi
3162 1819 3420 1874 habenti-

1835 1911 1961 1976 bus,
1998 1928 2064 1967 ex
2118 1912 2427 1982 omnigenis
2459 1911 2765 1981 Apoliuarii
2808 1910 3102 1967 Laudiceni
3154 1910 3421 1966 novitati-

1833 2003 1977 2058 bus:
2008 2002 2101 2072 qui
2130 2019 2196 2058 eo
2224 2003 2402 2074 magis
2446 2018 2548 2057 nos
2595 2001 2804 2066 atllixit,
2838 2002 2982 2072 quod
3025 2018 3088 2057 ex
3132 2003 3293 2058 nobis
3346 2001 3418 2058 ab

1834 2093 1995 2147 initio
2023 2108 2148 2150 esse
2173 2092 2483 2147 videbatur.
2518 2090 2736 2160 Aliquid
2772 2090 2917 2145 enim
2952 2090 3020 2145 ab
3049 2090 3208 2145 hoste
3240 2089 3417 2144 mani-

1835 2184 1974 2240 festo
2000 2186 2136 2255 pati,
2171 2184 2388 2240 etiamsi
2440 2183 2494 2237 id
2544 2184 2616 2238 sit
2667 2183 3142 2248 molestissimum,
3193 2198 3282 2238 res
3329 2189 3418 2238 est

1835 2285 2018 2333 tamen
2050 2276 2459 2347 quodammodo
2485 2276 2788 2331 tolerabilis
2819 2276 3068 2346 patienti,
3094 2275 3239 2331 sicut
3271 2276 3415 2330 scri-

1834 2377 1987 2439 ptum
2026 2377 2112 2424 est
2141 2388 2154 2425 :
2192 2368 2251 2423 Si
2284 2369 2530 2421 inimicus
2564 2367 2772 2437 probris
2803 2383 2884 2421 me
2922 2368 3218 2436 affecisset,
3249 2366 3417 2420 susti-

1833 2462 2064 2515 nuissent
2118 2463 2296 2531 utique
2328 2460 2395 2513 ".
2432 2459 2540 2514 Sed
2593 2460 2663 2514 ab
2710 2459 2957 2513 unanimi
2998 2467 3053 2512 et
3101 2458 3415 2513 necessario

1833 2552 2042 2622 aliquid
2093 2555 2345 2622 accipere
2374 2552 2711 2616 detrimenti,
2757 2550 2811 2605 id
2844 2552 3070 2605 omnino
3114 2549 3183 2604 ad
3230 2548 3416 2606 feren-

1831 2643 1962 2697 dum
2022 2642 2270 2709 diﬂicile,
2319 2658 2421 2698 nec
2476 2644 2639 2696 ullam
2700 2643 2908 2698 habens
2958 2643 3413 2701 consolationem.

1831 2734 2005 2802 Quem
2061 2737 2204 2790 enim
2267 2746 2786 2806 exspectaveramus
2853 2736 3062 2791 socium
3133 2735 3294 2792 nobis
3356 2735 3417 2792 in

1831 2829 2152 2884 defensione
2182 2829 2431 2885 veritatis
2462 2829 2732 2891 futurum.
2766 2845 2889 2885 eum
2933 2845 3077 2884 nunc
3107 2830 3415 2885 invenimus

1831 2918 1886 2972 in
1921 2919 2106 2974 multis
2138 2919 2444 2973 obstantem
2474 2919 2559 2973 his
2587 2919 2680 2989 qui
2714 2921 3019 2981 salvantur,
3039 2921 3167 2973 dum
3195 2920 3412 2974 illorum

1832 3009 2051 3063 abducit
2098 3016 2370 3073 mentem,
2418 3020 2473 3065 et
2518 3012 2702 3065 avellit
2745 3026 2776 3065 a
2815 3012 2982 3067 rectis
3038 3011 3410 3082 dogmatibus.

1831 3101 1973 3167 Quid
2006 3102 2152 3156 enim
2204 3103 2259 3156 in
2297 3103 2610 3159 actionibus
2637 3104 2706 3157 ab
2730 3119 2797 3158 eo
2831 3120 2940 3158 non
2974 3105 3171 3159 callide
3217 3112 3276 3159 et
3307 3121 3410 3158 au-

1831 3192 2021 3248 dacter
2041 3195 2454 3265 perpetratum?
2484 3194 2624 3261 Quid
2653 3196 2706 3250 in
2737 3196 3083 3252 sermonibus
3113 3213 3225 3252 non
3257 3196 3415 3266 juve-

1830 3285 2018 3339 nililer
2050 3293 2105 3340 et
2146 3286 2457 3355 periculose
2485 3288 2892 3358 excogitatum?
2924 3286 3116 3343 Nonne
3163 3288 3413 3343 Ecclesia

1829 3377 2011 3432 omnis
2056 3379 2199 3432 inter
2241 3394 2300 3433 se
2348 3379 2527 3433 divisa
2579 3385 2699 3443 est,
2751 3384 3054 3448 prwsertim
3084 3397 3151 3436 ex
3203 3397 3313 3452 quo
3353 3382 3412 3436 in

1828 3467 2162 3538 gubernatas
2216 3469 2287 3522 ab
2335 3469 2658 3523 ortliodoxis
2707 3468 2984 3523 Ecclesias
3034 3469 3263 3524 immisit
3315 3469 3412 3539 qui

1829 3559 2105 3621 scindunt,
2160 3567 2215 3615 et
2271 3560 2585 3628 illegitimos
2633 3569 2939 3616 conventus
2993 3562 3250 3632 proprios
3304 3562 3410 3616 sibi

1827 3648 2148 3703 vindicent?
2180 3647 2373 3703 Nonne
2424 3649 2633 3704 ridetur
2669 3666 2925 3721 magnum
2958 3652 3177 3721 pietatis
3206 3659 3412 3723 myste-

1829 3741 1996 3803 rium,
2030 3741 2308 3810 ρρίερονίε
2348 3741 2468 3796 sine
2519 3743 2720 3813 p0pulo
2753 3758 2817 3797 ac
2854 3743 3002 3798 clero
3050 3744 3412 3798 obambulan-

1830 3832 2016 3891 tibus.
2073 3848 2136 3885 ac
2188 3848 2387 3887 nomen
2443 3832 2649 3886 nudum
2701 3834 3251 3899 circumferentibus,
3308 3849 3410 3889 nec

1827 3925 2129 3996 quidquam
2166 3926 2232 3978 ad
2270 3926 2703 3994 promerendum
2737 3927 2890 3996 pacis
2928 3933 2982 3981 et
3011 3927 3204 3982 salutis
3232 3926 3408 3981 Evan-

1830 4019 2034 4089 gelium
2078 4016 2445 4072 facientibus?
2477 4018 2666 4073 Nonne
2705 4020 2851 4076 illius
2880 4019 2947 4074 de
2986 4018 3096 4074 Deo
3125 4034 3410 4077 sermones

1829 4111 1974 4181 pleni
2002 4119 2131 4165 sunt
2161 4112 2342 4180 impiis
2367 4112 2738 4179 dogmatibus,
2764 4113 2985 4181 antiqua
3011 4111 3206 4166 insulsi
3230 4110 3416 4167 Sabel-

1830 4203 1887 4256 I.i
1924 4203 2204 4272 impietate
2230 4218 2379 4258 ltlltlc
2408 4205 2480 4257 ab
2501 4219 2566 4257 co
2596 4204 2649 4257 in
2684 4203 2909 4273 scriptis
2943 4204 3242 4258 renovata?
3273 4201 3409 4257 Nam

1830 4290 1876 4345 si
1918 4307 2039 4360 quae
2088 4292 2487 4346 circumferunt
2526 4292 2837 4355 Sebasteni,
2876 4293 2997 4346 ﬁcta
3036 4308 3144 4346 non
3181 4301 3309 4347 sunt
3341 4292 3413 4350 ab

1832 4381 2096 4448 inimicis,
2134 4383 2228 4437 sed
2277 4400 2403 4437 vere
2441 4384 2615 4453 ipsius
2645 4384 2850 4455 scripta
2880 4395 3032 4452 sunt,
3068 4386 3277 4440 nullum
3311 4386 3414 4439 im-

142 4474 192 4524 οἱ
223 4469 576 4541 Σεϐαστηνοὶ,
608 4470 684 4542 μὴ
719 4471 1144 4543 συμπέπλασται
1174 4475 1303 4546 παρ’
1333 4474 1563 4547 ἐχθρῶν,
1591 4475 1727 4530 ἀλλὰ

1837 4475 2053 4541 pietatis
2081 4476 2405 4545 superandae
2442 4476 2623 4529 locum
2659 4477 2904 4546 reliquit,
2936 4477 3191 4533 eumdem
3221 4477 3412 4533 dicens

143 4563 266 4618 κατ’
301 4562 560 4634 ἀλήθειαν
609 4563 776 4617 αὐτοῦ
825 4567 933 4618 εἰσι
965 4567 1304 4638 συγγραφαὶ,
1352 4567 1606 4639 οὐδεμίαν
1647 4570 1728 4633 εἰς

144 4654 402 4711 ἀσέϐειαν
452 4656 758 4729 ὑπερϐολὴν
786 4657 1168 4725 καταλέλοιπε,
1191 4660 1280 4714 τὸν
1314 4660 1476 4713 αὐτὸν
1509 4661 1729 4730 Πατέρα

143 4745 319 4815 λέγων
356 4747 452 4802 καὶ
497 4746 628 4801 raw
672 4748 767 4803 καὶ
810 4748 1037 4821 Πνεῦμα
1088 4750 1233 4822 (51),
1281 4751 1376 4805 καὶ
1421 4751 1557 4806 ἄλλα
1607 4751 1729 4805 τινὰ

217 4902 264 4935 ³⁸
285 4899 434 4957 Psal.
470 4914 580 4966 Liv,
612 4900 701 4955 I5.

216 5053 755 5142 (26)4ᾎςξαττε¹ζ.ζαις
782 5056 949 5142 ἡμῖν,
994 5057 1461 5142 (ξραμκὲκερύτῃ.
1500 5055 1590 5112 Sic
1612 5063 1728 5142 tres

146 5124 582 5197 iidem‘codjces‘.
611 5124 757 5181 Editi
798 5124 1119 5196 ἀναγγεῖλαι
1176 5124 1307 5197 ύμῖν
1368 5124 1562 5181 ὅσου...
1609 5127 1727 5180 διας

146 5195 661 5271 πέφευγε-..ιθείίιιιυ
686 5197 789 5271 dog
803 5198 859 5251 in
890 5195 1130 5271 secunda
1153 5195 1724 5271 editionefarisieiisi.

221 5262 541 5338 (⁷27)Ἐἶναῖ
566 5266 637 5331 ἐξ
665 5267 860 5339 ἡμῶν,
901 5266 1052 5322 Harl.
1076 5276 1155 5339 _et
1195 5268 1334 5324 Med.
1370 5265 1510 5322 εἶναι
1547 5267 1723 5339 ήμῶν.

146 5338 355 5394 Ibidem
409 5346 525 5393 tres
578 5337 944 5394 vetustissimi
988 5337 1211 5395 codices
1259 5339 1513 5393 τοσοῦτον
1566 5337 1728 5392 πλέον

149 5409 449 5480 ἐλύπησεν,
471 5408 615 5463 ὅσον.
647 5406 755 5463 Sed
777 5423 869 5464 res
906 5410 1045 5464 tanti
1082 5426 1192 5465 non
1223 5410 1461 5475 videtur,
1504 5416 1565 5465 ut
1593 5424 1728 5467 con-

150 5487 358 5537 mxtum
391 5485 689 5535 mutemus.

222 5549 337 5621 (28)
384 5548 635 5621 'Eé’ewL
665 5547 833 5621 Coisl.
889 5547 1318 5621 primus__§xaw.
1370 5548 1574 5606 Ibidem
1624 5548 1727 5621 νῦν

154 5619 465 5691 addidimus
497 5635 565 5676 ex
594 5618 767 5691 Cois].
793 5618 1059 5691 utroque,
1101 5618 1251 5676 Harl.
1290 5632 1344 5677 et
1373 5622 1586 5678 duobus
1621 5619 1727 5675 Re-

156 5689 485 5813 ἓῗξὲὧξιιιο
536 5696 664 5747 ante
706 5688 878 5748 Coisl.
934 5688 1145 5765 primus
1193 5693 1294 5749 κᾶν
1340 5691 1620 5765 ὑπερϐάλῃ
1668 5691 1727 5744 τὸ

221 5776 413 5829 γεινον.

1830 4562 2045 4619 Patrem
2093 4573 2149 4620 et
2194 4563 2391 4620 Filium
2437 4576 2491 4622 et
2532 4565 2828 4638 Spiritum,
2862 4577 2919 4624 et
2962 4569 3098 4624 alias
3142 4570 3410 4641 quasdam
3462 4600 3467 4605 ~

1829 4658 2204 4715 teuebricosas
2251 4661 2593 4732 impietates,
2626 4678 2765 4733 quas
2800 4678 2901 4718 nos
2924 4678 2994 4717 ne
3030 4663 3257 4719 auribus
3286 4664 3412 4733 qui-

1826 4751 1951 4807 dem
1985 4752 2339 4817 admisimus,
2372 4756 2575 4826 quippe
2616 4770 2742 4810 eum
2776 4771 3065 4827 precemur
3108 4764 3168 4810 ut
3201 4736 3408 4812 nullam

1909 5054 2024 5128 (29)
2099 5056 2251 5128 Ὺπὸη
2277 5057 2415 5128 τῶν.
2466 5055 2544 5111 Ita
2601 5066 2713 5128 tres
2757 5058 3117 5115 vetustissimi
3167 5059 3407 5117 codices.

1829 5126 1977 5199 Editi
1997 5126 2156 5199 παρα
2186 5127 2314 5182 τῶν.
2348 5127 2753 5199 Ibidem_Coisl.
2790 5131 3120 5199 priinusﬁécp’
3149 5129 3372 5199 ἑαυτῆς.

1900 5147 1973 5185 llll
2005 5147 2156 5198 παρα
2186 5147 2314 5182 των.
2348 5147 2553 5183 10108111
2582 5147 2753 5185 ωιει.
2790 5147 3003 5199 ριίιιιυε
3035 5147 3118 5199 εφ·
3149 5147 3248 5184 εαυ
3324 5148 3372 5194 ς.

1900 5197 2017 5272 (ὅθ)
2046 5197 2153 5251 Καὶ
2186 5199 2505 5272 σωτηρίας.
2534 5197 2661 5272 Haec
2686 5199 2887 5272 desunt
2910 5200 2965 5255 in
2997 5198 3149 5254 Harl.
3180 5208 3237 5255 et
3250 5147 3405 5272 aed.

1826 5269 1888 5327 In
1910 5268 2053 5323 aliis
2086 5270 2367 5341 nonnullis
2396 5269 2607 5341 desu_nt
2627 5269 2938 5341 haeeverba
2962 5272 3187 5341 εἰρήνης
3213 5270 3329 5325 καί.

1927 5288 2053 5323 auis
2086 5288 2367 5324 nonnuuis
2396 5288 2596 5324 ucsunt
2627 5288 2743 5324 ηερε
2770 5288 2938 5325 verna
2962 5288 3010 5323 ει
3052 5288 3187 5341 ηνης
3213 5288 3329 5325 και.

1907 5341 2020 5415 (51)
2058 5339 2169 5415 Ιζαὶ
2208 5338 2659 5415 Πνεῦμαη-Εᾱὶιί
2698 5339 2909 5415 addunt
2945 5288 3048 5394 mf
3074 5341 3237 5415 πάλιν
3278 5341 3410 5395 Υίδν

1827 5409 1926 5468 καῖ
1952 5409 2195 5481 Πατέρα,
2231 5409 2586 5481 (ιυωίιῐιειίυε
2615 5411 2790 5481 multo
2818 5411 3021 5481 absunt
3044 5427 3073 5464 a
3103 5411 3283 5467 tribus
3319 5426 3412 5467 ve-
3502 5414 3505 5419 ’

1829 5479 2158 5552 ιυειίεείιῃίε
2204 5480 2491 5536 codicibus
2526 5479 2800 5552 ethigot.
2847 5480 3313 5552 Ibidem_legimus
3338 5498 3409 5537 ex

1828 5554 2020 5623 codice
2063 5548 2354 5605 Harlteano
2372 5550 2626 5605 σκοτεινὰ
2668 5548 3013 5623 ἇσεϐήματα.
3056 5548 3193 5607 Illud
3224 5562 3410 5623 autem

1827 5624 1952 5678 τινά
1988 5621 2429 5690 deprompsimus
2465 5638 2533 5680 ex
2576 5628 2766 5677 eodem
2813 5621 3001 5678 cedice
3038 5633 3090 5676 et
3126 5637 3192 5677 ex
3234 5622 3405 5677 Coisl.

1828 5696 2029 5764 primo.
2064 5692 2118 5744 in
2148 5708 2257 5759 quo
2286 5692 2483 5764 legitur
2516 5692 2775 5764 scalam}
2804 5693 2927 5746 τινὰ
2960 5692 3130 5762 ἀσεϐῆ
3167 5694 3406 5764 ῥήματα,

1829 5760 1879 5819 ει
1911 5763 2020 5820 alia
2050 5778 2289 5832 quanam
2323 5763 2485 5833 impia
2519 5762 2694 5819 verba.
2726 5760 3011 5835 Scriptura
3040 5760 3247 5821 codicis
3272 5761 3410 5819 Ilar-
