  <div class='ocr_page' id='page_1' title='image "/cluster/home/n/w/nwhite01/storage/ocr_20150623/32/nnc1.0046978879/581.png"; bbox 0 0 3874 6218; ppageno 0'>
   <div class='ocr_carea' id='block_1_1' title="bbox 426 264 528 317">
    <p class='ocr_par' dir='ltr' id='par_1_1' title="bbox 426 264 528 317">
     <span class='ocr_line' id='line_1_1' title="bbox 426 264 528 317; baseline -0.02 0"><span class='ocrx_word' id='word_1_1' title='bbox 426 264 528 317; x_wconf 72' lang='lat'><strong>987</strong></span> 
     </span>
    </p>
   </div>
   <div class='ocr_carea' id='block_1_2' title="bbox 1727 256 2329 317">
    <p class='ocr_par' dir='ltr' id='par_1_2' title="bbox 1727 256 2329 317">
     <span class='ocr_line' id='line_1_2' title="bbox 1727 256 2329 317; baseline -0.003 -1"><span class='ocrx_word' id='word_1_2' title='bbox 1727 258 1786 317; x_wconf 88' lang='lat' dir='ltr'><strong>S.</strong></span> <span class='ocrx_word' id='word_1_3' title='bbox 1824 258 2072 316; x_wconf 83' lang='lat' dir='ltr'><strong>BASILII</strong></span> <span class='ocrx_word' id='word_1_4' title='bbox 2113 256 2329 315; x_wconf 79' lang='lat' dir='ltr'><strong>MAGNI</strong></span> 
     </span>
    </p>
   </div>
   <div class='ocr_carea' id='block_1_3' title="bbox 3582 252 3701 308">
    <p class='ocr_par' dir='ltr' id='par_1_3' title="bbox 3582 252 3701 308">
     <span class='ocr_line' id='line_1_3' title="bbox 3582 252 3701 308; baseline -0.017 0"><span class='ocrx_word' id='word_1_5' title='bbox 3582 252 3701 308; x_wconf 87' lang='lat'><strong>988</strong></span> 
     </span>
    </p>
   </div>
   <div class='ocr_carea' id='block_1_4' title="bbox 428 366 2029 446">
    <p class='ocr_par' dir='ltr' id='par_1_4' title="bbox 428 373 1995 446">
     <span class='ocr_line' id='line_1_4' title="bbox 428 373 1995 446; baseline 0.002 -19"><span class='ocrx_word' id='word_1_6' title='bbox 428 381 636 446; x_wconf 86' lang='lat' dir='ltr'><strong>partem</strong></span> <span class='ocrx_word' id='word_1_7' title='bbox 701 376 827 428; x_wconf 70' lang='lat' dir='ltr'><strong>cum</strong></span> <span class='ocrx_word' id='word_1_8' title='bbox 894 373 962 430; x_wconf 91' lang='lat' dir='ltr'><strong>iis</strong></span> <span class='ocrx_word' id='word_1_9' title='bbox 1023 373 1118 446; x_wconf 99' lang='lat' dir='ltr'><strong>qui</strong></span> <span class='ocrx_word' id='word_1_10' title='bbox 1175 373 1258 429; x_wconf 89' lang='lat' dir='ltr'><strong>sic</strong></span> <span class='ocrx_word' id='word_1_11' title='bbox 1312 373 1615 446; x_wconf 89' lang='lat' dir='ltr'><strong>loquuntur</strong></span> <span class='ocrx_word' id='word_1_12' title='bbox 1670 375 1995 431; x_wconf 80' lang='lat' dir='ltr'><strong>habeamus.</strong></span> 
     </span>
    </p>
   </div>
   <div class='ocr_carea' id='block_1_5' title="bbox 2150 366 3698 446">
    <p class='ocr_par' dir='ltr' id='par_1_5' title="bbox 2150 366 3698 445">
     <span class='ocr_line' id='line_1_5' title="bbox 2150 366 3698 445; baseline -0.008 -17"><span class='ocrx_word' id='word_1_13' title='bbox 2150 374 2357 429; x_wconf 69' lang='grc' dir='ltr'>κοτεινά</span> <span class='ocrx_word' id='word_1_14' title='bbox 2385 372 2556 445; x_wconf 75' lang='grc' dir='ltr'>ἀσεΰή</span> <span class='ocrx_word' id='word_1_15' title='bbox 2566 389 2732 444; x_wconf 90' lang='grc' dir='ltr'>ματα,</span> <span class='ocrx_word' id='word_1_16' title='bbox 2759 370 2794 425; x_wconf 76' lang='grc' dir='ltr'><strong>ἀ</strong></span> <span class='ocrx_word' id='word_1_17' title='bbox 2826 371 2988 442; x_wconf 85' lang='grc' dir='ltr'>ἡμεῖς</span> <span class='ocrx_word' id='word_1_18' title='bbox 3013 367 3133 422; x_wconf 87' lang='grc' dir='ltr'><strong>ούδέ</strong></span> <span class='ocrx_word' id='word_1_19' title='bbox 3159 369 3279 430; x_wconf 86' lang='grc' dir='ltr'>ταῖς</span> <span class='ocrx_word' id='word_1_20' title='bbox 3308 366 3495 429; x_wconf 80' lang='grc' dir='ltr'><strong>ἀκοαῖς</strong></span> <span class='ocrx_word' id='word_1_21' title='bbox 3526 366 3698 436; x_wconf 71' lang='grc' dir='ltr'>ἡμῶν</span> 
     </span>
    </p>
   </div>
   <div class='ocr_carea' id='block_1_6' title="bbox 427 463 2003 523">
    <p class='ocr_par' dir='ltr' id='par_1_6' title="bbox 427 463 2003 523">
     <span class='ocr_line' id='line_1_6' title="bbox 427 463 2003 523; baseline 0.003 -4"><span class='ocrx_word' id='word_1_22' title='bbox 427 464 620 521; x_wconf 82' lang='lat' dir='ltr'><strong>Nonne</strong></span> <span class='ocrx_word' id='word_1_23' title='bbox 654 463 958 520; x_wconf 73' lang='lat' dir='ltr'><strong>doctrinam</strong></span> <span class='ocrx_word' id='word_1_24' title='bbox 1004 464 1292 520; x_wconf 82' lang='lat' dir='ltr'><strong>confundit</strong></span> <span class='ocrx_word' id='word_1_25' title='bbox 1339 465 1775 522; x_wconf 77' lang='lat' dir='ltr'><strong>incarnationis?</strong></span> <span class='ocrx_word' id='word_1_26' title='bbox 1822 483 2003 523; x_wconf 84' lang='lat' dir='ltr'><strong>nonne</strong></span> 
     </span>
    </p>
   </div>
   <div class='ocr_carea' id='block_1_7' title="bbox 426 554 2005 612">
    <p class='ocr_par' dir='ltr' id='par_1_7' title="bbox 426 554 2005 612">
     <span class='ocr_line' id='line_1_7' title="bbox 426 554 2005 612; baseline 0.001 -1"><span class='ocrx_word' id='word_1_27' title='bbox 426 554 595 611; x_wconf 87' lang='lat' dir='ltr'><strong>dubia</strong></span> <span class='ocrx_word' id='word_1_28' title='bbox 623 555 811 610; x_wconf 90' lang='lat' dir='ltr'><strong>multis</strong></span> <span class='ocrx_word' id='word_1_29' title='bbox 835 555 978 609; x_wconf 82' lang='lat' dir='ltr'><strong>facta</strong></span> <span class='ocrx_word' id='word_1_30' title='bbox 999 563 1084 610; x_wconf 89' lang='lat' dir='ltr'><strong>est</strong></span> <span class='ocrx_word' id='word_1_31' title='bbox 1111 555 1395 612; x_wconf 84' lang='lat' dir='ltr'><strong>salutifera</strong></span> <span class='ocrx_word' id='word_1_32' title='bbox 1432 555 1649 612; x_wconf 87' lang='lat' dir='ltr'><strong>Domini</strong></span> <span class='ocrx_word' id='word_1_33' title='bbox 1681 557 1855 612; x_wconf 80' lang='lat' dir='ltr'><strong>nostri</strong></span> <span class='ocrx_word' id='word_1_34' title='bbox 1889 556 2005 612; x_wconf 74' lang='lat' dir='ltr'><strong>dis~</strong></span> 
     </span>
    </p>
   </div>
   <div class='ocr_carea' id='block_1_8' title="bbox 428 646 2006 717">
    <p class='ocr_par' dir='ltr' id='par_1_8' title="bbox 428 646 2006 717">
     <span class='ocr_line' id='line_1_8' title="bbox 428 646 2006 717; baseline 0.002 -17"><span class='ocrx_word' id='word_1_35' title='bbox 428 646 681 717; x_wconf 88' lang='lat' dir='ltr'><strong>pensatio</strong></span> <span class='ocrx_word' id='word_1_36' title='bbox 742 662 813 701; x_wconf 78' lang='lat' dir='ltr'><strong>ex</strong></span> <span class='ocrx_word' id='word_1_37' title='bbox 865 646 1150 702; x_wconf 72' lang='lat' dir='ltr'><strong>lutulentis</strong></span> <span class='ocrx_word' id='word_1_38' title='bbox 1213 656 1268 702; x_wconf 90' lang='lat' dir='ltr'><strong>et</strong></span> <span class='ocrx_word' id='word_1_39' title='bbox 1328 647 1691 705; x_wconf 88' lang='lat' dir='ltr'><strong>tenebricosis</strong></span> <span class='ocrx_word' id='word_1_40' title='bbox 1741 649 1891 704; x_wconf 86' lang='lat' dir='ltr'><strong>illius</strong></span> <span class='ocrx_word' id='word_1_41' title='bbox 1936 647 2006 703; x_wconf 87' lang='lat' dir='ltr'><strong>de</strong></span> 
     </span>
    </p>
   </div>
   <div class='ocr_carea' id='block_1_9' title="bbox 427 737 2006 808">
    <p class='ocr_par' dir='ltr' id='par_1_9' title="bbox 427 737 2006 808">
     <span class='ocr_line' id='line_1_9' title="bbox 427 737 2006 808; baseline 0.001 -16"><span class='ocrx_word' id='word_1_42' title='bbox 427 737 815 794; x_wconf 86' lang='lat' dir='ltr'><strong>lncarnatione</strong></span> <span class='ocrx_word' id='word_1_43' title='bbox 860 738 1298 808; x_wconf 67' lang='lat' dir='ltr'><strong>quaestionibus?</strong></span> <span class='ocrx_word' id='word_1_44' title='bbox 1327 740 1459 805; x_wconf 69' lang='lat' dir='ltr'><strong>Quae</strong></span> <span class='ocrx_word' id='word_1_45' title='bbox 1502 740 1687 794; x_wconf 87' lang='lat' dir='ltr'><strong>omnia</strong></span> <span class='ocrx_word' id='word_1_46' title='bbox 1734 748 1795 793; x_wconf 92' lang='lat' dir='ltr'><strong>ut</strong></span> <span class='ocrx_word' id='word_1_47' title='bbox 1847 740 2006 794; x_wconf 91' lang='lat' dir='ltr'><strong>colli-</strong></span> 
     </span>
    </p>
   </div>
   <div class='ocr_carea' id='block_1_10' title="bbox 429 829 2009 904">
    <p class='ocr_par' dir='ltr' id='par_1_10' title="bbox 429 829 2009 904">
     <span class='ocr_line' id='line_1_10' title="bbox 429 829 2009 904; baseline 0.001 -18"><span class='ocrx_word' id='word_1_48' title='bbox 429 840 633 904; x_wconf 88' lang='lat' dir='ltr'><strong>gantur</strong></span> <span class='ocrx_word' id='word_1_49' title='bbox 661 839 718 887; x_wconf 90' lang='lat' dir='ltr'><strong>et</strong></span> <span class='ocrx_word' id='word_1_50' title='bbox 759 829 1029 901; x_wconf 78' lang='lat' dir='ltr'><strong>arguendi</strong></span> <span class='ocrx_word' id='word_1_51' title='bbox 1058 829 1223 902; x_wconf 59' lang='lat' dir='ltr'><strong>ﬁlo</strong></span> <span class='ocrx_word' id='word_1_52' title='bbox 1246 845 1415 885; x_wconf 88' lang='lat' dir='ltr'><strong>causa</strong></span> <span class='ocrx_word' id='word_1_53' title='bbox 1441 840 1811 901; x_wconf 77' lang='lat' dir='ltr'><strong>exponantur,</strong></span> <span class='ocrx_word' id='word_1_54' title='bbox 1844 832 2009 903; x_wconf 80' lang='lat' dir='ltr'><strong>longe</strong></span> 
     </span>
    </p>
   </div>
   <div class='ocr_carea' id='block_1_11' title="bbox 428 921 2007 995">
    <p class='ocr_par' dir='ltr' id='par_1_11' title="bbox 428 921 2007 995">
     <span class='ocr_line' id='line_1_11' title="bbox 428 921 2007 995; baseline 0 -17"><span class='ocrx_word' id='word_1_55' title='bbox 428 931 676 995; x_wconf 88' lang='lat' dir='ltr'><strong>tempore</strong></span> <span class='ocrx_word' id='word_1_56' title='bbox 695 932 749 978; x_wconf 92' lang='lat' dir='ltr'><strong>et</strong></span> <span class='ocrx_word' id='word_1_57' title='bbox 770 937 1023 978; x_wconf 85' lang='lat' dir='ltr'><strong>sermone</strong></span> <span class='ocrx_word' id='word_1_58' title='bbox 1045 937 1185 992; x_wconf 88' lang='lat' dir='ltr'><strong>opus</strong></span> <span class='ocrx_word' id='word_1_59' title='bbox 1219 930 1323 977; x_wconf 78' lang='lat' dir='ltr'><strong>est.</strong></span> <span class='ocrx_word' id='word_1_60' title='bbox 1359 921 1792 979; x_wconf 88' lang='lat' dir='ltr'><strong>Promissionum</strong></span> <span class='ocrx_word' id='word_1_61' title='bbox 1824 930 2007 978; x_wconf 90' lang='lat' dir='ltr'><strong>autem</strong></span> 
     </span>
    </p>
   </div>
   <div class='ocr_carea' id='block_1_12' title="bbox 430 1013 2008 1085">
    <p class='ocr_par' dir='ltr' id='par_1_12' title="bbox 430 1013 2008 1085">
     <span class='ocr_line' id='line_1_12' title="bbox 430 1013 2008 1085; baseline 0.001 -15"><span class='ocrx_word' id='word_1_62' title='bbox 430 1014 737 1070; x_wconf 76' lang='lat' dir='ltr'><strong>doctrinam</strong></span> <span class='ocrx_word' id='word_1_63' title='bbox 768 1015 893 1085; x_wconf 90' lang='lat' dir='ltr'><strong>quis</strong></span> <span class='ocrx_word' id='word_1_64' title='bbox 919 1013 1004 1069; x_wconf 84' lang='lat' dir='ltr'><strong>sic</strong></span> <span class='ocrx_word' id='word_1_65' title='bbox 1042 1013 1355 1069; x_wconf 87' lang='lat' dir='ltr'><strong>obliteravit</strong></span> <span class='ocrx_word' id='word_1_66' title='bbox 1387 1029 1453 1069; x_wconf 85' lang='lat' dir='ltr'><strong>ac</strong></span> <span class='ocrx_word' id='word_1_67' title='bbox 1482 1014 1706 1080; x_wconf 80' lang='lat' dir='ltr'><strong>delevit,</strong></span> <span class='ocrx_word' id='word_1_68' title='bbox 1750 1024 1810 1070; x_wconf 91' lang='lat' dir='ltr'><strong>ut</strong></span> <span class='ocrx_word' id='word_1_69' title='bbox 1859 1015 2008 1072; x_wconf 90' lang='lat' dir='ltr'><strong>illius</strong></span> 
     </span>
    </p>
   </div>
   <div class='ocr_carea' id='block_1_13' title="bbox 431 1105 2011 1179">
    <p class='ocr_par' dir='ltr' id='par_1_13' title="bbox 431 1105 2011 1179">
     <span class='ocr_line' id='line_1_13' title="bbox 431 1105 2011 1179; baseline 0 -19"><span class='ocrx_word' id='word_1_70' title='bbox 431 1105 696 1163; x_wconf 72' lang='lat' dir='ltr'><strong>fabulosa:</strong></span> <span class='ocrx_word' id='word_1_71' title='bbox 735 1107 931 1177; x_wconf 70' lang='lat' dir='ltr'><strong>nugae?</strong></span> <span class='ocrx_word' id='word_1_72' title='bbox 959 1106 1063 1174; x_wconf 88' lang='lat' dir='ltr'><strong>Qui</strong></span> <span class='ocrx_word' id='word_1_73' title='bbox 1102 1106 1321 1178; x_wconf 89' lang='lat' dir='ltr'><strong>quidem</strong></span> <span class='ocrx_word' id='word_1_74' title='bbox 1351 1106 1565 1162; x_wconf 83' lang='lat' dir='ltr'><strong>beatam</strong></span> <span class='ocrx_word' id='word_1_75' title='bbox 1604 1122 1756 1178; x_wconf 87' lang='lat' dir='ltr'><strong>spem</strong></span> <span class='ocrx_word' id='word_1_76' title='bbox 1796 1107 2011 1179; x_wconf 82' lang='lat' dir='ltr'><strong>reposi-</strong></span> 
     </span>
    </p>
   </div>
   <div class='ocr_carea' id='block_1_14' title="bbox 431 1198 2008 1272">
    <p class='ocr_par' dir='ltr' id='par_1_14' title="bbox 431 1198 2008 1272">
     <span class='ocr_line' id='line_1_14' title="bbox 431 1198 2008 1272; baseline 0.003 -21"><span class='ocrx_word' id='word_1_77' title='bbox 431 1206 545 1253; x_wconf 86' lang='lat' dir='ltr'><strong>tam</strong></span> <span class='ocrx_word' id='word_1_78' title='bbox 583 1198 700 1264; x_wconf 90' lang='lat' dir='ltr'><strong>his,</strong></span> <span class='ocrx_word' id='word_1_79' title='bbox 753 1199 846 1271; x_wconf 89' lang='lat' dir='ltr'><strong>qui</strong></span> <span class='ocrx_word' id='word_1_80' title='bbox 882 1198 1183 1256; x_wconf 90' lang='lat' dir='ltr'><strong>secundum</strong></span> <span class='ocrx_word' id='word_1_81' title='bbox 1214 1198 1421 1255; x_wconf 87' lang='lat' dir='ltr'><strong>Christi</strong></span> <span class='ocrx_word' id='word_1_82' title='bbox 1458 1198 1811 1272; x_wconf 86' lang='lat' dir='ltr'><strong>Evangelium</strong></span> <span class='ocrx_word' id='word_1_83' title='bbox 1855 1201 2008 1256; x_wconf 82' lang='lat' dir='ltr'><strong>vixe-</strong></span> 
     </span>
    </p>
   </div>
   <div class='ocr_carea' id='block_1_15' title="bbox 432 1288 2008 1362">
    <p class='ocr_par' dir='ltr' id='par_1_15' title="bbox 432 1288 2008 1362">
     <span class='ocr_line' id='line_1_15' title="bbox 432 1288 2008 1362; baseline 0.001 -19"><span class='ocrx_word' id='word_1_84' title='bbox 432 1288 576 1350; x_wconf 86' lang='lat' dir='ltr'><strong>rint.</strong></span> <span class='ocrx_word' id='word_1_85' title='bbox 608 1288 681 1342; x_wconf 91' lang='lat' dir='ltr'><strong>ita</strong></span> <span class='ocrx_word' id='word_1_86' title='bbox 710 1291 929 1346; x_wconf 76' lang='lat' dir='ltr'><strong>exiliter</strong></span> <span class='ocrx_word' id='word_1_87' title='bbox 965 1299 1020 1346; x_wconf 85' lang='lat' dir='ltr'><strong>et</strong></span> <span class='ocrx_word' id='word_1_88' title='bbox 1047 1290 1287 1347; x_wconf 83' lang='lat' dir='ltr'><strong>demisse</strong></span> <span class='ocrx_word' id='word_1_89' title='bbox 1314 1306 1485 1348; x_wconf 86' lang='lat' dir='ltr'><strong>ausus</strong></span> <span class='ocrx_word' id='word_1_90' title='bbox 1513 1299 1598 1347; x_wconf 91' lang='lat' dir='ltr'><strong>est</strong></span> <span class='ocrx_word' id='word_1_91' title='bbox 1637 1291 2008 1362; x_wconf 86' lang='lat' dir='ltr'><strong>interpretari,</strong></span> 
     </span>
    </p>
   </div>
   <div class='ocr_carea' id='block_1_16' title="bbox 435 1377 2009 1438">
    <p class='ocr_par' dir='ltr' id='par_1_16' title="bbox 435 1377 2009 1438">
     <span class='ocr_line' id='line_1_16' title="bbox 435 1377 2009 1438; baseline 0.003 -4"><span class='ocrx_word' id='word_1_92' title='bbox 435 1385 498 1434; x_wconf 88' lang='lat' dir='ltr'><strong>ut</strong></span> <span class='ocrx_word' id='word_1_93' title='bbox 519 1378 588 1434; x_wconf 90' lang='lat' dir='ltr'><strong>ad</strong></span> <span class='ocrx_word' id='word_1_94' title='bbox 613 1377 827 1437; x_wconf 81' lang='lat' dir='ltr'><strong>fabulas</strong></span> <span class='ocrx_word' id='word_1_95' title='bbox 859 1381 1036 1437; x_wconf 83' lang='lat' dir='ltr'><strong>aniles</strong></span> <span class='ocrx_word' id='word_1_96' title='bbox 1067 1390 1122 1437; x_wconf 90' lang='lat' dir='ltr'><strong>et</strong></span> <span class='ocrx_word' id='word_1_97' title='bbox 1150 1379 1375 1437; x_wconf 81' lang='lat' dir='ltr'><strong>Judaica</strong></span> <span class='ocrx_word' id='word_1_98' title='bbox 1407 1391 1716 1438; x_wconf 88' lang='lat' dir='ltr'><strong>commenta</strong></span> <span class='ocrx_word' id='word_1_99' title='bbox 1738 1380 2009 1438; x_wconf 91' lang='lat' dir='ltr'><strong>deﬁeetat.</strong></span> 
     </span>
    </p>
   </div>
   <div class='ocr_carea' id='block_1_17' title="bbox 432 1469 2013 1546">
    <p class='ocr_par' dir='ltr' id='par_1_17' title="bbox 432 1469 2013 1546">
     <span class='ocr_line' id='line_1_17' title="bbox 432 1469 2013 1546; baseline 0.002 -19"><span class='ocrx_word' id='word_1_100' title='bbox 432 1469 627 1527; x_wconf 80' lang='lat' dir='ltr'><strong>Denuo</strong></span> <span class='ocrx_word' id='word_1_101' title='bbox 674 1472 967 1543; x_wconf 88' lang='lat' dir='ltr'><strong>pollicetur</strong></span> <span class='ocrx_word' id='word_1_102' title='bbox 1008 1473 1198 1546; x_wconf 78' lang='lat' dir='ltr'><strong>templi</strong></span> <span class='ocrx_word' id='word_1_103' title='bbox 1244 1474 1700 1530; x_wconf 84' lang='lat' dir='ltr'><strong>instaurationem</strong></span> <span class='ocrx_word' id='word_1_104' title='bbox 1732 1482 1787 1530; x_wconf 90' lang='lat' dir='ltr'><strong>et</strong></span> <span class='ocrx_word' id='word_1_105' title='bbox 1827 1475 2013 1530; x_wconf 91' lang='lat' dir='ltr'><strong>cultus</strong></span> 
     </span>
    </p>
   </div>
   <div class='ocr_carea' id='block_1_18' title="bbox 435 1560 2016 1638">
    <p class='ocr_par' dir='ltr' id='par_1_18' title="bbox 435 1560 2016 1638">
     <span class='ocr_line' id='line_1_18' title="bbox 435 1560 2016 1638; baseline 0.002 -21"><span class='ocrx_word' id='word_1_106' title='bbox 435 1560 626 1634; x_wconf 77' lang='lat' dir='ltr'><strong>legalis</strong></span> <span class='ocrx_word' id='word_1_107' title='bbox 679 1564 1166 1627; x_wconf 87' lang='lat' dir='ltr'><strong>observationem,</strong></span> <span class='ocrx_word' id='word_1_108' title='bbox 1222 1565 1537 1638; x_wconf 85' lang='lat' dir='ltr'><strong>pontiﬁcem</strong></span> <span class='ocrx_word' id='word_1_109' title='bbox 1592 1566 1834 1637; x_wconf 89' lang='lat' dir='ltr'><strong>typieum</strong></span> <span class='ocrx_word' id='word_1_110' title='bbox 1889 1572 2016 1637; x_wconf 91' lang='lat' dir='ltr'><strong>post</strong></span> 
     </span>
    </p>
   </div>
   <div class='ocr_carea' id='block_1_19' title="bbox 2109 454 3697 534">
    <p class='ocr_par' dir='ltr' id='par_1_19' title="bbox 2109 454 3697 534">
     <span class='ocr_line' id='line_1_19' title="bbox 2109 454 3697 534; baseline -0.008 -16"><span class='ocrx_word' id='word_1_111' title='bbox 2109 463 2518 534; x_wconf 81' lang='grc' dir='ltr'><strong>κατεδεξάμεθα</strong></span> <span class='ocrx_word' id='word_1_112' title='bbox 2550 459 2963 534; x_wconf 77' lang='grc' dir='ltr'><strong>παραδέξασθαι</strong></span> <span class='ocrx_word' id='word_1_113' title='bbox 3005 458 3138 530; x_wconf 74' lang='grc'>(52),</span> <span class='ocrx_word' id='word_1_114' title='bbox 3184 455 3469 528; x_wconf 78' lang='grc' dir='ltr'>εὐχόμενοι</span> <span class='ocrx_word' id='word_1_115' title='bbox 3516 454 3697 525; x_wconf 87' lang='grc' dir='ltr'>μηδε-</span> 
     </span>
    </p>
   </div>
   <div class='ocr_carea' id='block_1_20' title="bbox 2115 546 3697 627">
    <p class='ocr_par' dir='ltr' id='par_1_20' title="bbox 2115 546 3697 627">
     <span class='ocr_line' id='line_1_20' title="bbox 2115 546 3697 627; baseline -0.007 -17"><span class='ocrx_word' id='word_1_116' title='bbox 2115 557 2243 627; x_wconf 90' lang='grc' dir='ltr'>μίαν</span> <span class='ocrx_word' id='word_1_117' title='bbox 2295 554 2484 627; x_wconf 85' lang='grc' dir='ltr'>μερίδα</span> <span class='ocrx_word' id='word_1_118' title='bbox 2535 553 2680 625; x_wconf 79' lang='grc' dir='ltr'>ἐχειν</span> <span class='ocrx_word' id='word_1_119' title='bbox 2730 552 2866 623; x_wconf 84' lang='grc' dir='ltr'>πρὸς</span> <span class='ocrx_word' id='word_1_120' title='bbox 2914 552 3038 614; x_wconf 84' lang='grc' dir='ltr'><strong>τούς</strong></span> <span class='ocrx_word' id='word_1_121' title='bbox 3099 551 3282 603; x_wconf 85' lang='grc' dir='ltr'>ἐκεῖνα</span> <span class='ocrx_word' id='word_1_122' title='bbox 3331 546 3401 600; x_wconf 85' lang='grc' dir='ltr'><strong>τά</strong></span> <span class='ocrx_word' id='word_1_123' title='bbox 3460 547 3697 618; x_wconf 73' lang='grc' dir='ltr'>ῥήματα</span> 
     </span>
    </p>
   </div>
   <div class='ocr_carea' id='block_1_21' title="bbox 2113 628 3700 719">
    <p class='ocr_par' dir='ltr' id='par_1_21' title="bbox 2113 628 3700 719">
     <span class='ocr_line' id='line_1_21' title="bbox 2113 628 3700 719; baseline -0.004 -21"><span class='ocrx_word' id='word_1_124' title='bbox 2113 628 2539 719; x_wconf 67' lang='grc' dir='ltr'>φθεγξαμένους.</span> <span class='ocrx_word' id='word_1_125' title='bbox 2589 646 2723 716; x_wconf 75' lang='grc' dir='ltr'>Οὐχὶ</span> <span class='ocrx_word' id='word_1_126' title='bbox 2763 643 3096 713; x_wconf 82' lang='grc' dir='ltr'><strong>συγκέχυται</strong></span> <span class='ocrx_word' id='word_1_127' title='bbox 3135 641 3266 713; x_wconf 84' lang='grc' dir='ltr'>παρ’</span> <span class='ocrx_word' id='word_1_128' title='bbox 3312 638 3463 711; x_wconf 87' lang='grc' dir='ltr'>αὐτῷ</span> <span class='ocrx_word' id='word_1_129' title='bbox 3509 640 3540 692; x_wconf 85' lang='grc' dir='ltr'>ὁ</span> <span class='ocrx_word' id='word_1_130' title='bbox 3584 638 3700 711; x_wconf 82' lang='grc' dir='ltr'>τῆς</span> 
     </span>
    </p>
   </div>
   <div class='ocr_carea' id='block_1_22' title="bbox 2112 731 3700 810">
    <p class='ocr_par' dir='ltr' id='par_1_22' title="bbox 2112 731 3700 810">
     <span class='ocr_line' id='line_1_22' title="bbox 2112 731 3700 810; baseline -0.006 -17"><span class='ocrx_word' id='word_1_131' title='bbox 2112 739 2575 810; x_wconf 84' lang='grc' dir='ltr'>ἐνανθρωπήσεως</span> <span class='ocrx_word' id='word_1_132' title='bbox 2623 736 2822 806; x_wconf 90' lang='grc' dir='ltr'>λόγος;</span> <span class='ocrx_word' id='word_1_133' title='bbox 2864 735 2966 788; x_wconf 90' lang='grc' dir='ltr'><strong>οὐκ</strong></span> <span class='ocrx_word' id='word_1_134' title='bbox 3003 733 3298 806; x_wconf 77' lang='grc' dir='ltr'>ἀμφίϐολος</span> <span class='ocrx_word' id='word_1_135' title='bbox 3334 731 3531 801; x_wconf 86' lang='grc' dir='ltr'>γέγονε</span> <span class='ocrx_word' id='word_1_136' title='bbox 3573 732 3700 795; x_wconf 79' lang='grc' dir='ltr'>τοῖς</span> 
     </span>
    </p>
   </div>
   <div class='ocr_carea' id='block_1_23' title="bbox 2113 822 3701 901">
    <p class='ocr_par' dir='ltr' id='par_1_23' title="bbox 2113 822 3701 901">
     <span class='ocr_line' id='line_1_23' title="bbox 2113 822 3701 901; baseline -0.006 -16"><span class='ocrx_word' id='word_1_137' title='bbox 2113 830 2330 894; x_wconf 86' lang='grc' dir='ltr'>πολλοῖς</span> <span class='ocrx_word' id='word_1_138' title='bbox 2374 832 2409 900; x_wconf 89' lang='grc' dir='ltr'><strong>ή</strong></span> <span class='ocrx_word' id='word_1_139' title='bbox 2443 830 2710 901; x_wconf 80' lang='grc' dir='ltr'><strong>σωτήριος</strong></span> <span class='ocrx_word' id='word_1_140' title='bbox 2752 826 2845 880; x_wconf 80' lang='grc' dir='ltr'>τοῦ</span> <span class='ocrx_word' id='word_1_141' title='bbox 2886 826 3089 898; x_wconf 79' lang='grc' dir='ltr'>Κυρίου</span> <span class='ocrx_word' id='word_1_142' title='bbox 3121 823 3277 896; x_wconf 83' lang='grc' dir='ltr'>ἡμῶν</span> <span class='ocrx_word' id='word_1_143' title='bbox 3308 822 3595 893; x_wconf 86' lang='grc' dir='ltr'>οίκονομία</span> <span class='ocrx_word' id='word_1_144' title='bbox 3625 822 3701 876; x_wconf 76' lang='grc' dir='ltr'><strong>ἐκ</strong></span> 
     </span>
    </p>
   </div>
   <div class='ocr_carea' id='block_1_24' title="bbox 2112 913 3702 995">
    <p class='ocr_par' dir='ltr' id='par_1_24' title="bbox 2112 913 3702 995">
     <span class='ocr_line' id='line_1_24' title="bbox 2112 913 3702 995; baseline -0.006 -17"><span class='ocrx_word' id='word_1_145' title='bbox 2112 925 2221 979; x_wconf 92' lang='grc' dir='ltr'><strong>τῶν</strong></span> <span class='ocrx_word' id='word_1_146' title='bbox 2260 922 2498 995; x_wconf 88' lang='grc' dir='ltr'>θολερῶν</span> <span class='ocrx_word' id='word_1_147' title='bbox 2536 919 2702 976; x_wconf 79' lang='grc' dir='ltr'>αὐτοῦ</span> <span class='ocrx_word' id='word_1_148' title='bbox 2735 920 2830 974; x_wconf 71' lang='grc' dir='ltr'><strong>καὶ</strong></span> <span class='ocrx_word' id='word_1_149' title='bbox 2871 919 3161 974; x_wconf 84' lang='grc' dir='ltr'>σκοτεινῶν</span> <span class='ocrx_word' id='word_1_150' title='bbox 3198 916 3329 989; x_wconf 79' lang='grc' dir='ltr'>περὶ</span> <span class='ocrx_word' id='word_1_151' title='bbox 3358 913 3702 988; x_wconf 81' lang='grc' dir='ltr'>σαρκώσεως</span> 
     </span>
    </p>
   </div>
   <div class='ocr_carea' id='block_1_25' title="bbox 2114 1008 3703 1089">
    <p class='ocr_par' dir='ltr' id='par_1_25' title="bbox 2114 1008 3703 1089">
     <span class='ocr_line' id='line_1_25' title="bbox 2114 1008 3703 1089; baseline -0.006 -18"><span class='ocrx_word' id='word_1_152' title='bbox 2114 1014 2487 1089; x_wconf 78' lang='grc' dir='ltr'>ζητημάτων;</span> <span class='ocrx_word' id='word_1_153' title='bbox 2523 1015 2592 1069; x_wconf 73' lang='lat' dir='ltr'><strong>&quot;A</strong></span> <span class='ocrx_word' id='word_1_154' title='bbox 2628 1017 2807 1070; x_wconf 90' lang='grc' dir='ltr'>πάντα</span> <span class='ocrx_word' id='word_1_155' title='bbox 2844 1013 3167 1082; x_wconf 84' lang='grc' dir='ltr'>συναγαγεῖν</span> <span class='ocrx_word' id='word_1_156' title='bbox 3204 1010 3301 1065; x_wconf 74' lang='grc' dir='ltr'><strong>καὶ</strong></span> <span class='ocrx_word' id='word_1_157' title='bbox 3347 1011 3429 1074; x_wconf 84' lang='grc' dir='ltr'><strong>εἰς</strong></span> <span class='ocrx_word' id='word_1_158' title='bbox 3469 1008 3703 1079; x_wconf 74' lang='grc' dir='ltr'>ἔλεγχον</span> 
     </span>
    </p>
   </div>
   <div class='ocr_carea' id='block_1_26' title="bbox 2115 1100 3699 1181">
    <p class='ocr_par' dir='ltr' id='par_1_26' title="bbox 2115 1100 3699 1181">
     <span class='ocr_line' id='line_1_26' title="bbox 2115 1100 3699 1181; baseline -0.006 -18"><span class='ocrx_word' id='word_1_159' title='bbox 2115 1108 2460 1178; x_wconf 79' lang='grc' dir='ltr'>καταστῆσαι</span> <span class='ocrx_word' id='word_1_160' title='bbox 2510 1105 2720 1181; x_wconf 74' lang='grc' dir='ltr'>μακροῦ</span> <span class='ocrx_word' id='word_1_161' title='bbox 2764 1108 2860 1162; x_wconf 76' lang='grc' dir='ltr'>καὶ</span> <span class='ocrx_word' id='word_1_162' title='bbox 2911 1104 3106 1177; x_wconf 90' lang='grc' dir='ltr'>χρόνου</span> <span class='ocrx_word' id='word_1_163' title='bbox 3143 1102 3240 1158; x_wconf 77' lang='grc' dir='ltr'><strong>καὶ</strong></span> <span class='ocrx_word' id='word_1_164' title='bbox 3284 1101 3445 1171; x_wconf 83' lang='grc' dir='ltr'>λόγου</span> <span class='ocrx_word' id='word_1_165' title='bbox 3491 1100 3699 1154; x_wconf 81' lang='grc' dir='ltr'>δεῖται.</span> 
     </span>
    </p>
   </div>
   <div class='ocr_carea' id='block_1_27' title="bbox 2115 1190 3702 1269">
    <p class='ocr_par' dir='ltr' id='par_1_27' title="bbox 2115 1190 3702 1269">
     <span class='ocr_line' id='line_1_27' title="bbox 2115 1190 3702 1269; baseline -0.008 -14"><span class='ocrx_word' id='word_1_166' title='bbox 2115 1202 2220 1255; x_wconf 85' lang='grc' dir='ltr'>Τὸν</span> <span class='ocrx_word' id='word_1_167' title='bbox 2241 1201 2298 1254; x_wconf 89' lang='grc' dir='ltr'><strong>δέ</strong></span> <span class='ocrx_word' id='word_1_168' title='bbox 2326 1201 2437 1256; x_wconf 90' lang='grc' dir='ltr'><strong>τῶν</strong></span> <span class='ocrx_word' id='word_1_169' title='bbox 2458 1199 2805 1269; x_wconf 75' lang='grc' dir='ltr'>ἐπαγγελιῶν</span> <span class='ocrx_word' id='word_1_170' title='bbox 2826 1200 2990 1253; x_wconf 83' lang='grc' dir='ltr'>τόπον</span> <span class='ocrx_word' id='word_1_171' title='bbox 3015 1195 3099 1259; x_wconf 91' lang='grc' dir='ltr'><strong>τίς</strong></span> <span class='ocrx_word' id='word_1_172' title='bbox 3118 1194 3292 1257; x_wconf 77' lang='grc' dir='ltr'>οὕτως</span> <span class='ocrx_word' id='word_1_173' title='bbox 3319 1192 3555 1263; x_wconf 81' lang='grc' dir='ltr'>ήφάνισε</span> <span class='ocrx_word' id='word_1_174' title='bbox 3578 1190 3702 1261; x_wconf 85' lang='grc'>(55)</span> 
     </span>
    </p>
   </div>
   <div class='ocr_carea' id='block_1_28' title="bbox 2118 1281 3705 1363">
    <p class='ocr_par' dir='ltr' id='par_1_28' title="bbox 2118 1281 3705 1363">
     <span class='ocr_line' id='line_1_28' title="bbox 2118 1281 3705 1363; baseline -0.008 -17"><span class='ocrx_word' id='word_1_175' title='bbox 2118 1291 2212 1346; x_wconf 77' lang='grc' dir='ltr'>καὶ</span> <span class='ocrx_word' id='word_1_176' title='bbox 2247 1289 2599 1363; x_wconf 78' lang='grc' dir='ltr'>ἠμαύρωσεν,</span> <span class='ocrx_word' id='word_1_177' title='bbox 2628 1291 2705 1355; x_wconf 87' lang='grc' dir='ltr'>ὡς</span> <span class='ocrx_word' id='word_1_178' title='bbox 2732 1292 2766 1362; x_wconf 88' lang='grc' dir='ltr'><strong>ή</strong></span> <span class='ocrx_word' id='word_1_179' title='bbox 2796 1288 2987 1343; x_wconf 90' lang='grc' dir='ltr'>τούτου</span> <span class='ocrx_word' id='word_1_180' title='bbox 3019 1285 3340 1359; x_wconf 74' lang='grc' dir='ltr'>μυθοποιίας</span> <span class='ocrx_word' id='word_1_181' title='bbox 3371 1285 3470 1347; x_wconf 80' lang='grc' dir='ltr'>’ος</span> <span class='ocrx_word' id='word_1_182' title='bbox 3498 1299 3565 1352; x_wconf 91' lang='grc' dir='ltr'><strong>γε</strong></span> <span class='ocrx_word' id='word_1_183' title='bbox 3593 1281 3705 1352; x_wconf 73' lang='grc' dir='ltr'>τὴν</span> 
     </span>
    </p>
   </div>
   <div class='ocr_carea' id='block_1_29' title="bbox 2121 1374 3711 1456">
    <p class='ocr_par' dir='ltr' id='par_1_29' title="bbox 2121 1374 3711 1456">
     <span class='ocr_line' id='line_1_29' title="bbox 2121 1374 3711 1456; baseline -0.008 -19"><span class='ocrx_word' id='word_1_184' title='bbox 2121 1383 2395 1456; x_wconf 86' lang='grc' dir='ltr'>μακαρίαν</span> <span class='ocrx_word' id='word_1_185' title='bbox 2437 1382 2648 1447; x_wconf 84' lang='grc' dir='ltr'>ἐλπίδα,</span> <span class='ocrx_word' id='word_1_186' title='bbox 2679 1382 2779 1455; x_wconf 81' lang='grc' dir='ltr'>τὴν</span> <span class='ocrx_word' id='word_1_187' title='bbox 2809 1378 3179 1451; x_wconf 79' lang='grc' dir='ltr'>ἀποκειμένην</span> <span class='ocrx_word' id='word_1_188' title='bbox 3216 1378 3332 1439; x_wconf 84' lang='grc' dir='ltr'>τοῖς</span> <span class='ocrx_word' id='word_1_189' title='bbox 3374 1374 3711 1427; x_wconf 86' lang='grc' dir='ltr'>πολιτευσα-</span> 
     </span>
    </p>
   </div>
   <div class='ocr_carea' id='block_1_30' title="bbox 2122 1464 3708 1546">
    <p class='ocr_par' dir='ltr' id='par_1_30' title="bbox 2122 1464 3708 1546">
     <span class='ocr_line' id='line_1_30' title="bbox 2122 1464 3708 1546; baseline -0.007 -18"><span class='ocrx_word' id='word_1_190' title='bbox 2122 1474 2305 1545; x_wconf 83' lang='grc' dir='ltr'>μένοις</span> <span class='ocrx_word' id='word_1_191' title='bbox 2333 1472 2449 1546; x_wconf 66' lang='grc'>(54)</span> <span class='ocrx_word' id='word_1_192' title='bbox 2489 1472 2633 1527; x_wconf 87' lang='grc' dir='ltr'><strong>κατά</strong></span> <span class='ocrx_word' id='word_1_193' title='bbox 2664 1472 2728 1527; x_wconf 85' lang='grc' dir='ltr'><strong>τὸ</strong></span> <span class='ocrx_word' id='word_1_194' title='bbox 2769 1470 3102 1540; x_wconf 69' lang='grc' dir='ltr'>Εὐαγγέλιω</span> <span class='ocrx_word' id='word_1_195' title='bbox 3128 1466 3225 1522; x_wconf 77' lang='grc' dir='ltr'>τοῦ</span> <span class='ocrx_word' id='word_1_196' title='bbox 3262 1464 3523 1540; x_wconf 80' lang='grc' dir='ltr'>Χριστοῦ,</span> <span class='ocrx_word' id='word_1_197' title='bbox 3551 1464 3708 1518; x_wconf 73' lang='grc' dir='ltr'>οὕτω</span> 
     </span>
    </p>
   </div>
   <div class='ocr_carea' id='block_1_31' title="bbox 2117 1555 3705 1636">
    <p class='ocr_par' dir='ltr' id='par_1_31' title="bbox 2117 1555 3705 1636">
     <span class='ocr_line' id='line_1_31' title="bbox 2117 1555 3705 1636; baseline -0.008 -16"><span class='ocrx_word' id='word_1_198' title='bbox 2117 1564 2389 1629; x_wconf 83' lang='grc' dir='ltr'>ταπεινῶς</span> <span class='ocrx_word' id='word_1_199' title='bbox 2423 1565 2519 1618; x_wconf 77' lang='grc' dir='ltr'>καὶ</span> <span class='ocrx_word' id='word_1_200' title='bbox 2559 1564 2913 1636; x_wconf 78' lang='grc' dir='ltr'>ἐρριμμένως</span> <span class='ocrx_word' id='word_1_201' title='bbox 2962 1561 3261 1632; x_wconf 87' lang='grc' dir='ltr'>ἐτόλμησεν</span> <span class='ocrx_word' id='word_1_202' title='bbox 3300 1555 3705 1627; x_wconf 80' lang='grc' dir='ltr'>ἐξηγήσασθαι,</span> 
     </span>
    </p>
   </div>
   <div class='ocr_carea' id='block_1_32' title="bbox 438 1646 2029 1728">
    <p class='ocr_par' dir='ltr' id='par_1_32' title="bbox 438 1655 2016 1728">
     <span class='ocr_line' id='line_1_32' title="bbox 438 1655 2016 1728; baseline 0.001 -19"><span class='ocrx_word' id='word_1_203' title='bbox 438 1668 627 1710; x_wconf 85' lang='lat' dir='ltr'><strong>verum</strong></span> <span class='ocrx_word' id='word_1_204' title='bbox 693 1655 1050 1726; x_wconf 90' lang='lat' dir='ltr'><strong>pontiﬁcem,</strong></span> <span class='ocrx_word' id='word_1_205' title='bbox 1120 1656 1376 1712; x_wconf 84' lang='lat' dir='ltr'><strong>victimas</strong></span> <span class='ocrx_word' id='word_1_206' title='bbox 1431 1672 1532 1728; x_wconf 91' lang='lat' dir='ltr'><strong>pro</strong></span> <span class='ocrx_word' id='word_1_207' title='bbox 1591 1658 1833 1728; x_wconf 88' lang='lat' dir='ltr'><strong>peccatis</strong></span> <span class='ocrx_word' id='word_1_208' title='bbox 1889 1665 2016 1728; x_wconf 90' lang='lat' dir='ltr'><strong>post</strong></span> 
     </span>
    </p>
   </div>
   <div class='ocr_carea' id='block_1_33' title="bbox 2150 1646 3707 1728">
    <p class='ocr_par' dir='ltr' id='par_1_33' title="bbox 2150 1646 3707 1728">
     <span class='ocr_line' id='line_1_33' title="bbox 2150 1646 3707 1728; baseline -0.008 -17"><span class='ocrx_word' id='word_1_209' title='bbox 2150 1657 2261 1711; x_wconf 66' lang='lat' dir='ltr'><strong>iure</strong></span> <span class='ocrx_word' id='word_1_210' title='bbox 2299 1657 2381 1721; x_wconf 86' lang='grc' dir='ltr'>εἰς</span> <span class='ocrx_word' id='word_1_211' title='bbox 2412 1654 2682 1728; x_wconf 83' lang='grc' dir='ltr'>γραώδεις</span> <span class='ocrx_word' id='word_1_212' title='bbox 2709 1655 2820 1727; x_wconf 84' lang='grc'>(55)</span> <span class='ocrx_word' id='word_1_213' title='bbox 2861 1653 3062 1726; x_wconf 77' lang='grc' dir='ltr'>μύθους</span> <span class='ocrx_word' id='word_1_214' title='bbox 3108 1650 3202 1705; x_wconf 83' lang='grc' dir='ltr'>καὶ</span> <span class='ocrx_word' id='word_1_215' title='bbox 3233 1649 3427 1719; x_wconf 88' lang='grc' dir='ltr'>λόγους</span> <span class='ocrx_word' id='word_1_216' title='bbox 3471 1646 3707 1701; x_wconf 79' lang='grc' dir='ltr'>Ἰουδαῖ-</span> 
     </span>
    </p>
   </div>
   <div class='ocr_carea' id='block_1_34' title="bbox 440 1738 2029 1822">
    <p class='ocr_par' dir='ltr' id='par_1_34' title="bbox 440 1745 2013 1822">
     <span class='ocr_line' id='line_1_34' title="bbox 440 1745 2013 1822; baseline 0.003 -22"><span class='ocrx_word' id='word_1_217' title='bbox 440 1745 649 1819; x_wconf 82' lang='lat' dir='ltr'><strong>Agnum</strong></span> <span class='ocrx_word' id='word_1_218' title='bbox 677 1745 772 1803; x_wconf 90' lang='lat' dir='ltr'><strong>Dei</strong></span> <span class='ocrx_word' id='word_1_219' title='bbox 793 1750 883 1820; x_wconf 89' lang='lat' dir='ltr'><strong>qui</strong></span> <span class='ocrx_word' id='word_1_220' title='bbox 911 1760 1196 1820; x_wconf 89' lang='lat' dir='ltr'><strong>peccatum</strong></span> <span class='ocrx_word' id='word_1_221' title='bbox 1222 1749 1410 1805; x_wconf 88' lang='lat' dir='ltr'><strong>mundi</strong></span> <span class='ocrx_word' id='word_1_222' title='bbox 1441 1751 1660 1815; x_wconf 76' lang='lat' dir='ltr'><strong>tollit“,</strong></span> <span class='ocrx_word' id='word_1_223' title='bbox 1688 1751 2013 1822; x_wconf 79' lang='lat' dir='ltr'><strong>haptisniata</strong></span> 
     </span>
    </p>
   </div>
   <div class='ocr_carea' id='block_1_35' title="bbox 2150 1738 3708 1822">
    <p class='ocr_par' dir='ltr' id='par_1_35' title="bbox 2151 1738 3708 1821">
     <span class='ocr_line' id='line_1_35' title="bbox 2151 1738 3708 1821; baseline -0.007 -18"><span class='ocrx_word' id='word_1_224' title='bbox 2151 1751 2243 1816; x_wconf 80' lang='grc' dir='ltr'><strong>οὺς</strong></span> <span class='ocrx_word' id='word_1_225' title='bbox 2263 1749 2624 1821; x_wconf 80' lang='grc' dir='ltr'>ἐκτραπῆναι.</span> <span class='ocrx_word' id='word_1_226' title='bbox 2646 1747 2885 1801; x_wconf 64' lang='grc' dir='ltr'><strong>ΙἈνωθεν</strong></span> <span class='ocrx_word' id='word_1_227' title='bbox 2903 1745 3299 1815; x_wconf 84' lang='grc' dir='ltr'>ἐπαγγέλλεται</span> <span class='ocrx_word' id='word_1_228' title='bbox 3317 1742 3429 1814; x_wconf 84' lang='grc'>(56)</span> <span class='ocrx_word' id='word_1_229' title='bbox 3449 1741 3543 1795; x_wconf 79' lang='grc' dir='ltr'>τοῦ</span> <span class='ocrx_word' id='word_1_230' title='bbox 3565 1738 3708 1794; x_wconf 74' lang='grc' dir='ltr'>ναοῦ</span> 
     </span>
    </p>
   </div>
   <div class='ocr_carea' id='block_1_36' title="bbox 440 1834 2029 1914">
    <p class='ocr_par' dir='ltr' id='par_1_36' title="bbox 440 1840 2016 1914">
     <span class='ocr_line' id='line_1_36' title="bbox 440 1840 2016 1914; baseline 0.004 -23"><span class='ocrx_word' id='word_1_231' title='bbox 440 1840 591 1895; x_wconf 88' lang='lat' dir='ltr'><strong>varia</strong></span> <span class='ocrx_word' id='word_1_232' title='bbox 634 1850 761 1911; x_wconf 92' lang='lat' dir='ltr'><strong>post</strong></span> <span class='ocrx_word' id='word_1_233' title='bbox 798 1843 1021 1898; x_wconf 91' lang='lat' dir='ltr'><strong>unicum</strong></span> <span class='ocrx_word' id='word_1_234' title='bbox 1053 1843 1362 1914; x_wconf 87' lang='lat' dir='ltr'><strong>baptisma,</strong></span> <span class='ocrx_word' id='word_1_235' title='bbox 1406 1853 1461 1899; x_wconf 92' lang='lat' dir='ltr'><strong>et</strong></span> <span class='ocrx_word' id='word_1_236' title='bbox 1486 1843 1735 1913; x_wconf 72' lang='lat' dir='ltr'><strong>jnvencte</strong></span> <span class='ocrx_word' id='word_1_237' title='bbox 1777 1844 2016 1910; x_wconf 88' lang='lat' dir='ltr'><strong>cineres,</strong></span> 
     </span>
    </p>
   </div>
   <div class='ocr_carea' id='block_1_37' title="bbox 2150 1834 3709 1914">
    <p class='ocr_par' dir='ltr' id='par_1_37' title="bbox 2150 1834 3709 1914">
     <span class='ocr_line' id='line_1_37' title="bbox 2150 1834 3709 1914; baseline -0.004 -22"><span class='ocrx_word' id='word_1_238' title='bbox 2150 1842 2214 1914; x_wconf 78' lang='grc' dir='ltr'>ὴν</span> <span class='ocrx_word' id='word_1_239' title='bbox 2241 1841 2566 1909; x_wconf 81' lang='grc' dir='ltr'>ἀνανέωσιν,</span> <span class='ocrx_word' id='word_1_240' title='bbox 2602 1841 2700 1894; x_wconf 80' lang='grc' dir='ltr'>καὶ</span> <span class='ocrx_word' id='word_1_241' title='bbox 2726 1840 2827 1911; x_wconf 83' lang='grc' dir='ltr'>τῆς</span> <span class='ocrx_word' id='word_1_242' title='bbox 2852 1838 3085 1911; x_wconf 82' lang='grc' dir='ltr'>νομικῆς</span> <span class='ocrx_word' id='word_1_243' title='bbox 3110 1836 3366 1909; x_wconf 78' lang='grc' dir='ltr'>λατρείας</span> <span class='ocrx_word' id='word_1_244' title='bbox 3395 1834 3494 1907; x_wconf 80' lang='grc' dir='ltr'><strong>τήν</strong></span> <span class='ocrx_word' id='word_1_245' title='bbox 3518 1850 3709 1904; x_wconf 85' lang='grc' dir='ltr'>παρα-</span> 
     </span>
    </p>
   </div>
   <div class='ocr_carea' id='block_1_38' title="bbox 440 1923 2029 2006">
    <p class='ocr_par' dir='ltr' id='par_1_38' title="bbox 440 1930 2020 2005">
     <span class='ocr_line' id='line_1_38' title="bbox 440 1930 2020 2005; baseline 0.004 -22"><span class='ocrx_word' id='word_1_246' title='bbox 440 1930 646 2001; x_wconf 87' lang='lat' dir='ltr'><strong>quibus</strong></span> <span class='ocrx_word' id='word_1_247' title='bbox 677 1939 1003 2002; x_wconf 73' lang='lat' dir='ltr'><strong>aspergatur</strong></span> <span class='ocrx_word' id='word_1_248' title='bbox 1032 1931 1299 1996; x_wconf 86' lang='lat' dir='ltr'><strong>Ecclesia,</strong></span> <span class='ocrx_word' id='word_1_249' title='bbox 1331 1950 1451 2005; x_wconf 67' lang='lat' dir='ltr'><strong>quae</strong></span> <span class='ocrx_word' id='word_1_250' title='bbox 1480 1933 1552 1990; x_wconf 89' lang='lat' dir='ltr'><strong>ob</strong></span> <span class='ocrx_word' id='word_1_251' title='bbox 1583 1935 1742 1990; x_wconf 86' lang='lat' dir='ltr'><strong>ﬁdem</strong></span> <span class='ocrx_word' id='word_1_252' title='bbox 1776 1935 1831 1990; x_wconf 93' lang='lat' dir='ltr'><strong>in</strong></span> <span class='ocrx_word' id='word_1_253' title='bbox 1859 1934 2020 1989; x_wconf 85' lang='lat' dir='ltr'><strong>Chri-</strong></span> 
     </span>
    </p>
   </div>
   <div class='ocr_carea' id='block_1_39' title="bbox 2150 1923 3710 2006">
    <p class='ocr_par' dir='ltr' id='par_1_39' title="bbox 2152 1923 3710 2006">
     <span class='ocr_line' id='line_1_39' title="bbox 2152 1923 3710 2006; baseline -0.009 -16"><span class='ocrx_word' id='word_1_254' title='bbox 2152 1936 2384 2006; x_wconf 86' lang='grc' dir='ltr'>ήρησιν,</span> <span class='ocrx_word' id='word_1_255' title='bbox 2431 1933 2529 1987; x_wconf 79' lang='grc' dir='ltr'>καὶ</span> <span class='ocrx_word' id='word_1_256' title='bbox 2594 1932 2758 1985; x_wconf 87' lang='grc' dir='ltr'>πάλιν</span> <span class='ocrx_word' id='word_1_257' title='bbox 2811 1930 3077 2003; x_wconf 80' lang='grc' dir='ltr'>ἀρχιερέα</span> <span class='ocrx_word' id='word_1_258' title='bbox 3126 1928 3356 1982; x_wconf 85' lang='grc' dir='ltr'>τυπικδν</span> <span class='ocrx_word' id='word_1_259' title='bbox 3418 1924 3559 1999; x_wconf 81' lang='grc' dir='ltr'>μετὰ</span> <span class='ocrx_word' id='word_1_260' title='bbox 3606 1923 3710 1977; x_wconf 83' lang='grc' dir='ltr'><strong>τὸν</strong></span> 
     </span>
    </p>
   </div>
   <div class='ocr_carea' id='block_1_40' title="bbox 443 2014 2029 2097">
    <p class='ocr_par' dir='ltr' id='par_1_40' title="bbox 443 2022 2020 2096">
     <span class='ocr_line' id='line_1_40' title="bbox 443 2022 2020 2096; baseline 0.002 -19"><span class='ocrx_word' id='word_1_261' title='bbox 443 2028 588 2078; x_wconf 89' lang='lat' dir='ltr'><strong>stum</strong></span> <span class='ocrx_word' id='word_1_262' title='bbox 613 2036 723 2076; x_wconf 88' lang='lat' dir='ltr'><strong>non</strong></span> <span class='ocrx_word' id='word_1_263' title='bbox 748 2022 914 2078; x_wconf 89' lang='lat' dir='ltr'><strong>habet</strong></span> <span class='ocrx_word' id='word_1_264' title='bbox 941 2023 1210 2078; x_wconf 89' lang='lat' dir='ltr'><strong>maculam</strong></span> <span class='ocrx_word' id='word_1_265' title='bbox 1238 2038 1338 2080; x_wconf 90' lang='lat' dir='ltr'><strong>nec</strong></span> <span class='ocrx_word' id='word_1_266' title='bbox 1366 2040 1556 2096; x_wconf 87' lang='lat' dir='ltr'><strong>rugam</strong></span> <span class='ocrx_word' id='word_1_267' title='bbox 1581 2039 1684 2081; x_wconf 89' lang='lat' dir='ltr'><strong>nec</strong></span> <span class='ocrx_word' id='word_1_268' title='bbox 1718 2025 2020 2095; x_wconf 88' lang='lat' dir='ltr'><strong>quidquam</strong></span> 
     </span>
    </p>
   </div>
   <div class='ocr_carea' id='block_1_41' title="bbox 2150 2014 3712 2097">
    <p class='ocr_par' dir='ltr' id='par_1_41' title="bbox 2150 2014 3712 2097">
     <span class='ocr_line' id='line_1_41' title="bbox 2150 2014 3712 2097; baseline -0.006 -20"><span class='ocrx_word' id='word_1_269' title='bbox 2150 2025 2377 2096; x_wconf 79' lang='grc' dir='ltr'>,ληθινδν</span> <span class='ocrx_word' id='word_1_270' title='bbox 2419 2023 2703 2097; x_wconf 79' lang='grc' dir='ltr'>ἀρχιερέα,</span> <span class='ocrx_word' id='word_1_271' title='bbox 2736 2022 2831 2078; x_wconf 72' lang='grc' dir='ltr'><strong>καὶ</strong></span> <span class='ocrx_word' id='word_1_272' title='bbox 2878 2021 3069 2076; x_wconf 90' lang='grc' dir='ltr'>θυσίαν</span> <span class='ocrx_word' id='word_1_273' title='bbox 3093 2018 3206 2092; x_wconf 87' lang='grc'>(57)</span> <span class='ocrx_word' id='word_1_274' title='bbox 3244 2019 3386 2090; x_wconf 80' lang='grc' dir='ltr'><strong>ὺπέρ</strong></span> <span class='ocrx_word' id='word_1_275' title='bbox 3416 2014 3712 2087; x_wconf 83' lang='grc' dir='ltr'>ἁμαρτιῶν</span> 
     </span>
    </p>
   </div>
   <div class='ocr_carea' id='block_1_42' title="bbox 442 2109 2029 2190">
    <p class='ocr_par' dir='ltr' id='par_1_42' title="bbox 442 2111 2022 2187">
     <span class='ocr_line' id='line_1_42' title="bbox 442 2111 2022 2187; baseline 0.001 -18"><span class='ocrx_word' id='word_1_276' title='bbox 442 2111 715 2183; x_wconf 83' lang='lat' dir='ltr'><strong>ejusmodi</strong></span> <span class='ocrx_word' id='word_1_277' title='bbox 733 2112 775 2144; x_wconf 85' lang='grc'><strong>³⁷</strong></span> <span class='ocrx_word' id='word_1_278' title='bbox 798 2132 811 2169; x_wconf 87' lang='lat'><strong>:</strong></span> <span class='ocrx_word' id='word_1_279' title='bbox 831 2113 995 2184; x_wconf 72' lang='lat' dir='ltr'><strong>leprae</strong></span> <span class='ocrx_word' id='word_1_280' title='bbox 1022 2129 1085 2169; x_wconf 84' lang='lat' dir='ltr'><strong>ex</strong></span> <span class='ocrx_word' id='word_1_281' title='bbox 1097 2116 1475 2187; x_wconf 68' lang='lat' dir='ltr'><strong>purgationem</strong></span> <span class='ocrx_word' id='word_1_282' title='bbox 1514 2123 1638 2186; x_wconf 90' lang='lat' dir='ltr'><strong>post</strong></span> <span class='ocrx_word' id='word_1_283' title='bbox 1668 2117 2022 2172; x_wconf 88' lang='lat' dir='ltr'><strong>resurrectio-</strong></span> 
     </span>
    </p>
   </div>
   <div class='ocr_carea' id='block_1_43' title="bbox 2150 2109 3715 2190">
    <p class='ocr_par' dir='ltr' id='par_1_43' title="bbox 2150 2109 3715 2188">
     <span class='ocr_line' id='line_1_43' title="bbox 2150 2109 3715 2188; baseline -0.007 -17"><span class='ocrx_word' id='word_1_284' title='bbox 2150 2118 2263 2172; x_wconf 87' lang='grc' dir='ltr'><strong>ιετά</strong></span> <span class='ocrx_word' id='word_1_285' title='bbox 2284 2118 2376 2171; x_wconf 83' lang='grc' dir='ltr'><strong>τὸν</strong></span> <span class='ocrx_word' id='word_1_286' title='bbox 2405 2117 2579 2188; x_wconf 83' lang='grc' dir='ltr'>ἀμνὸν</span> <span class='ocrx_word' id='word_1_287' title='bbox 2606 2116 2702 2170; x_wconf 85' lang='grc' dir='ltr'>τοῦ</span> <span class='ocrx_word' id='word_1_288' title='bbox 2723 2114 2858 2169; x_wconf 89' lang='grc' dir='ltr'><strong>Θεοῦ</strong></span> <span class='ocrx_word' id='word_1_289' title='bbox 2886 2114 2979 2168; x_wconf 77' lang='grc' dir='ltr'>τὸν</span> <span class='ocrx_word' id='word_1_290' title='bbox 3005 2112 3229 2184; x_wconf 76' lang='grc' dir='ltr'>αἴροντα</span> <span class='ocrx_word' id='word_1_291' title='bbox 3255 2110 3367 2180; x_wconf 87' lang='grc'>(58)</span> <span class='ocrx_word' id='word_1_292' title='bbox 3394 2111 3493 2179; x_wconf 75' lang='grc' dir='ltr'>τὴν</span> <span class='ocrx_word' id='word_1_293' title='bbox 3520 2109 3715 2180; x_wconf 87' lang='grc' dir='ltr'>ἀμαρ-</span> 
     </span>
    </p>
   </div>
   <div class='ocr_carea' id='block_1_44' title="bbox 445 2198 2029 2280">
    <p class='ocr_par' dir='ltr' id='par_1_44' title="bbox 445 2205 2022 2280">
     <span class='ocr_line' id='line_1_44' title="bbox 445 2205 2022 2280; baseline 0.002 -20"><span class='ocrx_word' id='word_1_294' title='bbox 445 2205 534 2260; x_wconf 90' lang='lat' dir='ltr'><strong>nis</strong></span> <span class='ocrx_word' id='word_1_295' title='bbox 558 2213 760 2260; x_wconf 90' lang='lat' dir='ltr'><strong>statum</strong></span> <span class='ocrx_word' id='word_1_296' title='bbox 791 2206 1166 2276; x_wconf 81' lang='lat' dir='ltr'><strong>perpessionis</strong></span> <span class='ocrx_word' id='word_1_297' title='bbox 1198 2216 1481 2278; x_wconf 75' lang='lat' dir='ltr'><strong>expertem</strong></span> <span class='ocrx_word' id='word_1_298' title='bbox 1508 2226 1523 2274; x_wconf 89' lang='lat'><strong>;</strong></span> <span class='ocrx_word' id='word_1_299' title='bbox 1557 2208 1838 2280; x_wconf 70' lang='lat' dir='ltr'><strong>zelotypia:</strong></span> <span class='ocrx_word' id='word_1_300' title='bbox 1871 2208 2022 2263; x_wconf 86' lang='lat' dir='ltr'><strong>obla-</strong></span> 
     </span>
    </p>
   </div>
   <div class='ocr_carea' id='block_1_45' title="bbox 2150 2198 3715 2280">
    <p class='ocr_par' dir='ltr' id='par_1_45' title="bbox 2158 2198 3715 2279">
     <span class='ocr_line' id='line_1_45' title="bbox 2158 2198 3715 2279; baseline -0.008 -16"><span class='ocrx_word' id='word_1_301' title='bbox 2158 2210 2242 2262; x_wconf 90' lang='grc' dir='ltr'><strong>ίαν</strong></span> <span class='ocrx_word' id='word_1_302' title='bbox 2265 2209 2359 2263; x_wconf 76' lang='grc' dir='ltr'>τοῦ</span> <span class='ocrx_word' id='word_1_303' title='bbox 2393 2210 2602 2279; x_wconf 81' lang='grc' dir='ltr'>κόσμου</span> <span class='ocrx_word' id='word_1_304' title='bbox 2624 2223 2645 2241; x_wconf 80' lang='grc'><strong>’-</strong></span> <span class='ocrx_word' id='word_1_305' title='bbox 2689 2206 2788 2261; x_wconf 82' lang='grc' dir='ltr'>καὶ</span> <span class='ocrx_word' id='word_1_306' title='bbox 2826 2205 3184 2276; x_wconf 81' lang='grc' dir='ltr'>βαπτίσματα</span> <span class='ocrx_word' id='word_1_307' title='bbox 3217 2201 3419 2274; x_wconf 88' lang='grc' dir='ltr'>μερικά</span> <span class='ocrx_word' id='word_1_308' title='bbox 3460 2199 3602 2270; x_wconf 84' lang='grc' dir='ltr'><strong>μετά</strong></span> <span class='ocrx_word' id='word_1_309' title='bbox 3646 2198 3715 2252; x_wconf 78' lang='grc' dir='ltr'><strong>τὸ</strong></span> 
     </span>
    </p>
   </div>
   <div class='ocr_carea' id='block_1_46' title="bbox 445 2290 2029 2373">
    <p class='ocr_par' dir='ltr' id='par_1_46' title="bbox 445 2296 2025 2373">
     <span class='ocr_line' id='line_1_46' title="bbox 445 2296 2025 2373; baseline 0.005 -23"><span class='ocrx_word' id='word_1_310' title='bbox 445 2297 674 2362; x_wconf 90' lang='lat' dir='ltr'><strong>tionem,</strong></span> <span class='ocrx_word' id='word_1_311' title='bbox 694 2296 789 2352; x_wconf 91' lang='lat' dir='ltr'><strong>ubi</strong></span> <span class='ocrx_word' id='word_1_312' title='bbox 815 2312 993 2368; x_wconf 89' lang='lat' dir='ltr'><strong>neque</strong></span> <span class='ocrx_word' id='word_1_313' title='bbox 1015 2300 1430 2359; x_wconf 83' lang='lat' dir='ltr'><strong>matrimonium</strong></span> <span class='ocrx_word' id='word_1_314' title='bbox 1462 2302 1826 2367; x_wconf 90' lang='lat' dir='ltr'><strong>contrahunt,</strong></span> <span class='ocrx_word' id='word_1_315' title='bbox 1846 2318 2025 2373; x_wconf 88' lang='lat' dir='ltr'><strong>neque</strong></span> 
     </span>
    </p>
   </div>
   <div class='ocr_carea' id='block_1_47' title="bbox 2150 2290 3716 2373">
    <p class='ocr_par' dir='ltr' id='par_1_47' title="bbox 2150 2290 3716 2372">
     <span class='ocr_line' id='line_1_47' title="bbox 2150 2290 3716 2372; baseline -0.008 -16"><span class='ocrx_word' id='word_1_316' title='bbox 2150 2320 2180 2356; x_wconf 91' lang='grc' dir='ltr'><strong>ν</strong></span> <span class='ocrx_word' id='word_1_317' title='bbox 2207 2300 2512 2372; x_wconf 83' lang='grc' dir='ltr'>βάπτισμα,</span> <span class='ocrx_word' id='word_1_318' title='bbox 2548 2300 2643 2353; x_wconf 69' lang='grc' dir='ltr'>καὶ</span> <span class='ocrx_word' id='word_1_319' title='bbox 2678 2298 2872 2352; x_wconf 79' lang='grc' dir='ltr'>σποδὸν</span> <span class='ocrx_word' id='word_1_320' title='bbox 2894 2296 3178 2366; x_wconf 80' lang='grc' dir='ltr'>δαμάλεως</span> <span class='ocrx_word' id='word_1_321' title='bbox 3217 2292 3578 2366; x_wconf 80' lang='grc' dir='ltr'>ραντίζουσαν</span> <span class='ocrx_word' id='word_1_322' title='bbox 3605 2290 3716 2361; x_wconf 80' lang='grc' dir='ltr'><strong>τὴν</strong></span> 
     </span>
    </p>
   </div>
   <div class='ocr_carea' id='block_1_48' title="bbox 447 2383 2029 2466">
    <p class='ocr_par' dir='ltr' id='par_1_48' title="bbox 447 2386 2028 2465">
     <span class='ocr_line' id='line_1_48' title="bbox 447 2386 2028 2465; baseline 0.005 -23"><span class='ocrx_word' id='word_1_323' title='bbox 447 2387 727 2443; x_wconf 89' lang='lat' dir='ltr'><strong>connubio</strong></span> <span class='ocrx_word' id='word_1_324' title='bbox 777 2386 1120 2460; x_wconf 76' lang='lat' dir='ltr'><strong>junguntur;</strong></span> <span class='ocrx_word' id='word_1_325' title='bbox 1185 2405 1354 2460; x_wconf 86' lang='lat' dir='ltr'><strong>panes</strong></span> <span class='ocrx_word' id='word_1_326' title='bbox 1414 2392 1847 2463; x_wconf 87' lang='lat' dir='ltr'><strong>propositionis,</strong></span> <span class='ocrx_word' id='word_1_327' title='bbox 1903 2402 2028 2465; x_wconf 91' lang='lat' dir='ltr'><strong>post</strong></span> 
     </span>
    </p>
   </div>
   <div class='ocr_carea' id='block_1_49' title="bbox 2150 2383 3716 2466">
    <p class='ocr_par' dir='ltr' id='par_1_49' title="bbox 2152 2383 3716 2466">
     <span class='ocr_line' id='line_1_49' title="bbox 2152 2383 3716 2466; baseline -0.008 -18"><span class='ocrx_word' id='word_1_328' title='bbox 2152 2393 2464 2466; x_wconf 89' lang='grc' dir='ltr'>Εκκλησίαν</span> <span class='ocrx_word' id='word_1_329' title='bbox 2509 2392 2608 2463; x_wconf 85' lang='grc' dir='ltr'>τὴν</span> <span class='ocrx_word' id='word_1_330' title='bbox 2645 2392 2746 2445; x_wconf 88' lang='grc' dir='ltr'><strong>οὐκ</strong></span> <span class='ocrx_word' id='word_1_331' title='bbox 2795 2389 3026 2461; x_wconf 81' lang='grc' dir='ltr'>ἔχουσαν</span> <span class='ocrx_word' id='word_1_332' title='bbox 3068 2386 3157 2441; x_wconf 82' lang='grc' dir='ltr'>διὰ</span> <span class='ocrx_word' id='word_1_333' title='bbox 3209 2387 3310 2456; x_wconf 78' lang='grc' dir='ltr'>τῆς</span> <span class='ocrx_word' id='word_1_334' title='bbox 3349 2386 3431 2447; x_wconf 88' lang='grc' dir='ltr'><strong>είς</strong></span> <span class='ocrx_word' id='word_1_335' title='bbox 3467 2383 3716 2454; x_wconf 79' lang='grc' dir='ltr'>Χριστὸν</span> 
     </span>
    </p>
   </div>
   <div class='ocr_carea' id='block_1_50' title="bbox 447 2474 2029 2553">
    <p class='ocr_par' dir='ltr' id='par_1_50' title="bbox 447 2478 2029 2549">
     <span class='ocr_line' id='line_1_50' title="bbox 447 2478 2029 2549; baseline 0.005 -18"><span class='ocrx_word' id='word_1_336' title='bbox 447 2492 641 2548; x_wconf 89' lang='lat' dir='ltr'><strong>panem</strong></span> <span class='ocrx_word' id='word_1_337' title='bbox 680 2478 837 2533; x_wconf 89' lang='lat' dir='ltr'><strong>illum</strong></span> <span class='ocrx_word' id='word_1_338' title='bbox 866 2478 962 2549; x_wconf 90' lang='lat' dir='ltr'><strong>qui</strong></span> <span class='ocrx_word' id='word_1_339' title='bbox 1009 2479 1078 2535; x_wconf 89' lang='lat' dir='ltr'><strong>de</strong></span> <span class='ocrx_word' id='word_1_340' title='bbox 1110 2480 1253 2537; x_wconf 60' lang='lat' dir='ltr'><strong>caelo</strong></span> <span class='ocrx_word' id='word_1_341' title='bbox 1285 2482 1571 2538; x_wconf 82' lang='lat' dir='ltr'><strong>descendit</strong></span> <span class='ocrx_word' id='word_1_342' title='bbox 1603 2501 1618 2538; x_wconf 86' lang='lat'><strong>:</strong></span> <span class='ocrx_word' id='word_1_343' title='bbox 1654 2484 1908 2540; x_wconf 81' lang='lat' dir='ltr'><strong>lucernas</strong></span> <span class='ocrx_word' id='word_1_344' title='bbox 1937 2500 2029 2539; x_wconf 80' lang='lat' dir='ltr'><strong>ar-</strong></span> 
     </span>
    </p>
   </div>
   <div class='ocr_carea' id='block_1_51' title="bbox 2150 2474 3717 2553">
    <p class='ocr_par' dir='ltr' id='par_1_51' title="bbox 2150 2474 3717 2553">
     <span class='ocr_line' id='line_1_51' title="bbox 2150 2474 3717 2553; baseline -0.008 -15"><span class='ocrx_word' id='word_1_345' title='bbox 2150 2484 2360 2547; x_wconf 79' lang='grc' dir='ltr'>ιίστεως</span> <span class='ocrx_word' id='word_1_346' title='bbox 2407 2483 2596 2537; x_wconf 75' lang='grc' dir='ltr'>σπῖλον</span> <span class='ocrx_word' id='word_1_347' title='bbox 2632 2482 2664 2553; x_wconf 77' lang='grc' dir='ltr'>ἢ</span> <span class='ocrx_word' id='word_1_348' title='bbox 2705 2481 2929 2551; x_wconf 82' lang='grc' dir='ltr'>ῥυτίδα,</span> <span class='ocrx_word' id='word_1_349' title='bbox 2973 2480 3011 2551; x_wconf 71' lang='grc' dir='ltr'><strong>ἡ</strong></span> <span class='ocrx_word' id='word_1_350' title='bbox 3056 2497 3108 2533; x_wconf 90' lang='grc' dir='ltr'><strong>τι</strong></span> <span class='ocrx_word' id='word_1_351' title='bbox 3142 2478 3251 2533; x_wconf 87' lang='grc' dir='ltr'><strong>τῶν</strong></span> <span class='ocrx_word' id='word_1_352' title='bbox 3289 2476 3578 2530; x_wconf 61' lang='grc' dir='ltr'>τοιούτων</span> <span class='ocrx_word' id='word_1_353' title='bbox 3613 2474 3717 2528; x_wconf 77' lang='grc' dir='ltr'>καὶ</span> 
     </span>
    </p>
   </div>
   <div class='ocr_carea' id='block_1_52' title="bbox 449 2566 2029 2648">
    <p class='ocr_par' dir='ltr' id='par_1_52' title="bbox 449 2566 2027 2638">
     <span class='ocr_line' id='line_1_52' title="bbox 449 2566 2027 2638; baseline 0.005 -17"><span class='ocrx_word' id='word_1_354' title='bbox 449 2566 664 2632; x_wconf 86' lang='lat' dir='ltr'><strong>dentes,</strong></span> <span class='ocrx_word' id='word_1_355' title='bbox 693 2574 816 2638; x_wconf 88' lang='lat' dir='ltr'><strong>post</strong></span> <span class='ocrx_word' id='word_1_356' title='bbox 853 2584 1041 2624; x_wconf 88' lang='lat' dir='ltr'><strong>verum</strong></span> <span class='ocrx_word' id='word_1_357' title='bbox 1077 2571 1283 2626; x_wconf 90' lang='lat' dir='ltr'><strong>lumen.</strong></span> <span class='ocrx_word' id='word_1_358' title='bbox 1320 2570 1386 2625; x_wconf 86' lang='lat' dir='ltr'><strong>Et</strong></span> <span class='ocrx_word' id='word_1_359' title='bbox 1417 2573 1472 2626; x_wconf 90' lang='lat' dir='ltr'><strong>in</strong></span> <span class='ocrx_word' id='word_1_360' title='bbox 1501 2589 1715 2629; x_wconf 88' lang='lat' dir='ltr'><strong>summa</strong></span> <span class='ocrx_word' id='word_1_361' title='bbox 1737 2612 1751 2637; x_wconf 94' lang='lat'><strong>,</strong></span> <span class='ocrx_word' id='word_1_362' title='bbox 1796 2574 1841 2630; x_wconf 93' lang='lat' dir='ltr'><strong>si</strong></span> <span class='ocrx_word' id='word_1_363' title='bbox 1872 2590 2027 2629; x_wconf 59' lang='lat' dir='ltr'><strong>mane</strong></span> 
     </span>
    </p>
   </div>
   <div class='ocr_carea' id='block_1_53' title="bbox 2150 2566 3719 2648">
    <p class='ocr_par' dir='ltr' id='par_1_53' title="bbox 2150 2568 3719 2648">
     <span class='ocr_line' id='line_1_53' title="bbox 2150 2568 3719 2648; baseline -0.008 -17"><span class='ocrx_word' id='word_1_364' title='bbox 2150 2576 2471 2648; x_wconf 86' lang='grc' dir='ltr'>ιαθαρισμὸν</span> <span class='ocrx_word' id='word_1_365' title='bbox 2520 2575 2729 2647; x_wconf 80' lang='grc' dir='ltr'>λέπρας</span> <span class='ocrx_word' id='word_1_366' title='bbox 2772 2573 2913 2646; x_wconf 80' lang='grc' dir='ltr'>μετὰ</span> <span class='ocrx_word' id='word_1_367' title='bbox 2959 2572 3059 2645; x_wconf 85' lang='grc' dir='ltr'>τὴν</span> <span class='ocrx_word' id='word_1_368' title='bbox 3097 2571 3371 2626; x_wconf 84' lang='grc' dir='ltr'>ἀπάθειαν</span> <span class='ocrx_word' id='word_1_369' title='bbox 3419 2568 3521 2638; x_wconf 82' lang='grc' dir='ltr'>τῆς</span> <span class='ocrx_word' id='word_1_370' title='bbox 3577 2568 3719 2621; x_wconf 86' lang='grc' dir='ltr'>ἀνα-</span> 
     </span>
    </p>
   </div>
   <div class='ocr_carea' id='block_1_54' title="bbox 451 2659 2029 2737">
    <p class='ocr_par' dir='ltr' id='par_1_54' title="bbox 451 2659 2029 2735">
     <span class='ocr_line' id='line_1_54' title="bbox 451 2659 2029 2735; baseline 0.004 -22"><span class='ocrx_word' id='word_1_371' title='bbox 451 2659 704 2713; x_wconf 89' lang='lat' dir='ltr'><strong>datorum</strong></span> <span class='ocrx_word' id='word_1_372' title='bbox 740 2660 825 2714; x_wconf 80' lang='lat' dir='ltr'><strong>lex</strong></span> <span class='ocrx_word' id='word_1_373' title='bbox 873 2659 931 2714; x_wconf 91' lang='lat' dir='ltr'><strong>in</strong></span> <span class='ocrx_word' id='word_1_374' title='bbox 972 2661 1321 2731; x_wconf 88' lang='lat' dir='ltr'><strong>dogmatibus</strong></span> <span class='ocrx_word' id='word_1_375' title='bbox 1360 2663 1563 2718; x_wconf 88' lang='lat' dir='ltr'><strong>abolita</strong></span> <span class='ocrx_word' id='word_1_376' title='bbox 1593 2678 1697 2726; x_wconf 85' lang='lat' dir='ltr'><strong>est,</strong></span> <span class='ocrx_word' id='word_1_377' title='bbox 1733 2665 1913 2735; x_wconf 88' lang='lat' dir='ltr'><strong>palam</strong></span> <span class='ocrx_word' id='word_1_378' title='bbox 1945 2672 2029 2720; x_wconf 84' lang='lat' dir='ltr'><strong>est</strong></span> 
     </span>
    </p>
   </div>
   <div class='ocr_carea' id='block_1_55' title="bbox 2150 2659 3717 2737">
    <p class='ocr_par' dir='ltr' id='par_1_55' title="bbox 2150 2660 3717 2737">
     <span class='ocr_line' id='line_1_55' title="bbox 2150 2660 3717 2737; baseline -0.006 -16"><span class='ocrx_word' id='word_1_379' title='bbox 2150 2669 2399 2729; x_wconf 72' lang='grc' dir='ltr'>ττάσεωςο</span> <span class='ocrx_word' id='word_1_380' title='bbox 2442 2667 2538 2721; x_wconf 69' lang='grc' dir='ltr'>καὶ</span> <span class='ocrx_word' id='word_1_381' title='bbox 2572 2666 2900 2737; x_wconf 79' lang='grc' dir='ltr'>ζηλοτυπίας</span> <span class='ocrx_word' id='word_1_382' title='bbox 2918 2661 3271 2736; x_wconf 70' lang='grc' dir='ltr'>προσφορὰν,</span> <span class='ocrx_word' id='word_1_383' title='bbox 3325 2662 3414 2715; x_wconf 80' lang='grc' dir='ltr'>ὅτε</span> <span class='ocrx_word' id='word_1_384' title='bbox 3444 2660 3572 2713; x_wconf 77' lang='grc' dir='ltr'>οὔτε</span> <span class='ocrx_word' id='word_1_385' title='bbox 3609 2676 3717 2728; x_wconf 89' lang='grc' dir='ltr'>γα-</span> 
     </span>
    </p>
   </div>
   <div class='ocr_carea' id='block_1_56' title="bbox 452 2750 2029 2833">
    <p class='ocr_par' dir='ltr' id='par_1_56' title="bbox 452 2750 2029 2827">
     <span class='ocr_line' id='line_1_56' title="bbox 452 2750 2029 2827; baseline 0.002 -21"><span class='ocrx_word' id='word_1_386' title='bbox 452 2757 586 2806; x_wconf 89' lang='lat' dir='ltr'><strong>tunc</strong></span> <span class='ocrx_word' id='word_1_387' title='bbox 623 2751 832 2806; x_wconf 89' lang='lat' dir='ltr'><strong>Christi</strong></span> <span class='ocrx_word' id='word_1_388' title='bbox 875 2750 1129 2822; x_wconf 87' lang='lat' dir='ltr'><strong>dogmata</strong></span> <span class='ocrx_word' id='word_1_389' title='bbox 1177 2753 1232 2807; x_wconf 91' lang='lat' dir='ltr'><strong>in</strong></span> <span class='ocrx_word' id='word_1_390' title='bbox 1262 2755 1549 2824; x_wconf 68' lang='lat' dir='ltr'><strong>praeceptis</strong></span> <span class='ocrx_word' id='word_1_391' title='bbox 1592 2756 1860 2827; x_wconf 85' lang='lat' dir='ltr'><strong>legalibus</strong></span> <span class='ocrx_word' id='word_1_392' title='bbox 1888 2757 2029 2810; x_wconf 70' lang='lat' dir='ltr'><strong>anti.</strong></span> 
     </span>
    </p>
   </div>
   <div class='ocr_carea' id='block_1_57' title="bbox 2150 2750 3717 2833">
    <p class='ocr_par' dir='ltr' id='par_1_57' title="bbox 2150 2753 3717 2829">
     <span class='ocr_line' id='line_1_57' title="bbox 2150 2753 3717 2829; baseline -0.008 -14"><span class='ocrx_word' id='word_1_393' title='bbox 2150 2761 2354 2825; x_wconf 82' lang='grc' dir='ltr'>ιοῦσιν,</span> <span class='ocrx_word' id='word_1_394' title='bbox 2408 2759 2531 2813; x_wconf 81' lang='grc' dir='ltr'>οὐτε</span> <span class='ocrx_word' id='word_1_395' title='bbox 2577 2760 2971 2829; x_wconf 79' lang='grc' dir='ltr'>γαμίσκονται·</span> <span class='ocrx_word' id='word_1_396' title='bbox 3023 2756 3179 2828; x_wconf 76' lang='grc' dir='ltr'>ἄρτοι</span> <span class='ocrx_word' id='word_1_397' title='bbox 3228 2754 3342 2826; x_wconf 90' lang='grc'>(59)</span> <span class='ocrx_word' id='word_1_398' title='bbox 3396 2753 3717 2825; x_wconf 79' lang='grc' dir='ltr'>προθέσεως</span> 
     </span>
    </p>
   </div>
   <div class='ocr_carea' id='block_1_58' title="bbox 451 2841 2029 2925">
    <p class='ocr_par' dir='ltr' id='par_1_58' title="bbox 451 2841 2029 2916">
     <span class='ocr_line' id='line_1_58' title="bbox 451 2841 2029 2916; baseline 0.004 -19"><span class='ocrx_word' id='word_1_399' title='bbox 451 2851 676 2914; x_wconf 89' lang='lat' dir='ltr'><strong>quatum</strong></span> <span class='ocrx_word' id='word_1_400' title='bbox 722 2844 810 2899; x_wconf 91' lang='lat' dir='ltr'><strong>iri.</strong></span> <span class='ocrx_word' id='word_1_401' title='bbox 860 2841 941 2900; x_wconf 91' lang='lat' dir='ltr'><strong>Ob</strong></span> <span class='ocrx_word' id='word_1_402' title='bbox 973 2845 1091 2899; x_wconf 67' lang='lat' dir='ltr'><strong>haec</strong></span> <span class='ocrx_word' id='word_1_403' title='bbox 1134 2846 1312 2916; x_wconf 88' lang='lat' dir='ltr'><strong>pudor</strong></span> <span class='ocrx_word' id='word_1_404' title='bbox 1360 2854 1416 2901; x_wconf 90' lang='lat' dir='ltr'><strong>et</strong></span> <span class='ocrx_word' id='word_1_405' title='bbox 1471 2847 1800 2903; x_wconf 77' lang='lat' dir='ltr'><strong>verecundia</strong></span> <span class='ocrx_word' id='word_1_406' title='bbox 1845 2849 2029 2904; x_wconf 86' lang='lat' dir='ltr'><strong>vultus</strong></span> 
     </span>
    </p>
   </div>
   <div class='ocr_carea' id='block_1_59' title="bbox 2150 2841 3715 2925">
    <p class='ocr_par' dir='ltr' id='par_1_59' title="bbox 2150 2845 3715 2923">
     <span class='ocr_line' id='line_1_59' title="bbox 2150 2845 3715 2923; baseline -0.006 -18"><span class='ocrx_word' id='word_1_407' title='bbox 2150 2853 2271 2907; x_wconf 83' lang='grc' dir='ltr'><strong>ιετά</strong></span> <span class='ocrx_word' id='word_1_408' title='bbox 2300 2852 2390 2905; x_wconf 83' lang='grc' dir='ltr'><strong>τὸν</strong></span> <span class='ocrx_word' id='word_1_409' title='bbox 2422 2852 2584 2923; x_wconf 83' lang='grc' dir='ltr'>ἀρτον</span> <span class='ocrx_word' id='word_1_410' title='bbox 2607 2852 2698 2904; x_wconf 79' lang='grc' dir='ltr'><strong>τὸν</strong></span> <span class='ocrx_word' id='word_1_411' title='bbox 2724 2853 2787 2903; x_wconf 86' lang='grc' dir='ltr'><strong>ἐκ</strong></span> <span class='ocrx_word' id='word_1_412' title='bbox 2807 2849 2901 2902; x_wconf 82' lang='grc' dir='ltr'>τοῦ</span> <span class='ocrx_word' id='word_1_413' title='bbox 2925 2846 3155 2921; x_wconf 83' lang='grc' dir='ltr'>οὐρανοῦ</span> <span class='ocrx_word' id='word_1_414' title='bbox 3182 2863 3197 2878; x_wconf 87' lang='grc'><strong>·</strong></span> <span class='ocrx_word' id='word_1_415' title='bbox 3220 2846 3408 2917; x_wconf 88' lang='grc' dir='ltr'>λύχνοι</span> <span class='ocrx_word' id='word_1_416' title='bbox 3429 2845 3715 2914; x_wconf 85' lang='grc' dir='ltr'>καιόμενοι</span> 
     </span>
    </p>
   </div>
   <div class='ocr_carea' id='block_1_60' title="bbox 453 2935 2029 3016">
    <p class='ocr_par' dir='ltr' id='par_1_60' title="bbox 453 2935 2029 3005">
     <span class='ocr_line' id='line_1_60' title="bbox 453 2935 2029 3005; baseline 0.004 -16"><span class='ocrx_word' id='word_1_417' title='bbox 453 2942 675 2990; x_wconf 88' lang='lat' dir='ltr'><strong>nostros</strong></span> <span class='ocrx_word' id='word_1_418' title='bbox 718 2935 972 3005; x_wconf 87' lang='lat' dir='ltr'><strong>operuit,</strong></span> <span class='ocrx_word' id='word_1_419' title='bbox 1020 2942 1078 2991; x_wconf 88' lang='lat' dir='ltr'><strong>et</strong></span> <span class='ocrx_word' id='word_1_420' title='bbox 1125 2936 1351 2992; x_wconf 88' lang='lat' dir='ltr'><strong>tristitia</strong></span> <span class='ocrx_word' id='word_1_421' title='bbox 1398 2937 1693 2994; x_wconf 81' lang='lat' dir='ltr'><strong>vehemens</strong></span> <span class='ocrx_word' id='word_1_422' title='bbox 1729 2939 1892 2994; x_wconf 87' lang='lat' dir='ltr'><strong>corda</strong></span> <span class='ocrx_word' id='word_1_423' title='bbox 1927 2954 2029 2995; x_wconf 83' lang='lat' dir='ltr'><strong>no-</strong></span> 
     </span>
    </p>
   </div>
   <div class='ocr_carea' id='block_1_61' title="bbox 2150 2935 3716 3016">
    <p class='ocr_par' dir='ltr' id='par_1_61' title="bbox 2150 2936 3716 3013">
     <span class='ocr_line' id='line_1_61' title="bbox 2150 2936 3716 3013; baseline -0.007 -15"><span class='ocrx_word' id='word_1_424' title='bbox 2150 2946 2272 2998; x_wconf 69' lang='grc' dir='ltr'><strong>ιετά</strong></span> <span class='ocrx_word' id='word_1_425' title='bbox 2310 2945 2371 2997; x_wconf 87' lang='grc' dir='ltr'><strong>τὸ</strong></span> <span class='ocrx_word' id='word_1_426' title='bbox 2417 2944 2533 3013; x_wconf 80' lang='grc' dir='ltr'><strong>φῶς</strong></span> <span class='ocrx_word' id='word_1_427' title='bbox 2560 2943 2621 2995; x_wconf 84' lang='grc' dir='ltr'>τὸ</span> <span class='ocrx_word' id='word_1_428' title='bbox 2650 2940 2931 3012; x_wconf 69' lang='grc' dir='ltr'>ἀληθινόνι</span> <span class='ocrx_word' id='word_1_429' title='bbox 2971 2942 3069 2993; x_wconf 72' lang='grc' dir='ltr'><strong>καὶ</strong></span> <span class='ocrx_word' id='word_1_430' title='bbox 3107 2938 3245 3002; x_wconf 83' lang='grc' dir='ltr'>ὅλως</span> <span class='ocrx_word' id='word_1_431' title='bbox 3281 2940 3329 2991; x_wconf 86' lang='grc' dir='ltr'><strong>εί</strong></span> <span class='ocrx_word' id='word_1_432' title='bbox 3361 2937 3455 2991; x_wconf 81' lang='grc' dir='ltr'>νῦν</span> <span class='ocrx_word' id='word_1_433' title='bbox 3491 2938 3522 2989; x_wconf 82' lang='grc' dir='ltr'>ὁ</span> <span class='ocrx_word' id='word_1_434' title='bbox 3549 2936 3716 3006; x_wconf 86' lang='grc' dir='ltr'>νόμος</span> 
     </span>
    </p>
   </div>
   <div class='ocr_carea' id='block_1_62' title="bbox 452 3025 2029 3103">
    <p class='ocr_par' dir='ltr' id='par_1_62' title="bbox 452 3026 2026 3102">
     <span class='ocr_line' id='line_1_62' title="bbox 452 3026 2026 3102; baseline 0.003 -21"><span class='ocrx_word' id='word_1_435' title='bbox 452 3035 571 3081; x_wconf 90' lang='lat' dir='ltr'><strong>stra</strong></span> <span class='ocrx_word' id='word_1_436' title='bbox 617 3026 879 3098; x_wconf 82' lang='lat' dir='ltr'><strong>opplevit.</strong></span> <span class='ocrx_word' id='word_1_437' title='bbox 922 3026 1265 3098; x_wconf 79' lang='lat' dir='ltr'><strong>Quapropter</strong></span> <span class='ocrx_word' id='word_1_438' title='bbox 1311 3029 1571 3085; x_wconf 77' lang='lat' dir='ltr'><strong>adhortor</strong></span> <span class='ocrx_word' id='word_1_439' title='bbox 1624 3048 1723 3087; x_wconf 88' lang='lat' dir='ltr'><strong>vos</strong></span> <span class='ocrx_word' id='word_1_440' title='bbox 1769 3038 2026 3102; x_wconf 84' lang='lat' dir='ltr'><strong>tanquam</strong></span> 
     </span>
    </p>
   </div>
   <div class='ocr_carea' id='block_1_63' title="bbox 2150 3025 3715 3103">
    <p class='ocr_par' dir='ltr' id='par_1_63' title="bbox 2150 3025 3715 3103">
     <span class='ocr_line' id='line_1_63' title="bbox 2150 3025 3715 3103; baseline -0.007 -14"><span class='ocrx_word' id='word_1_441' title='bbox 2150 3035 2237 3089; x_wconf 78' lang='grc' dir='ltr'>τῶν</span> <span class='ocrx_word' id='word_1_442' title='bbox 2270 3034 2497 3089; x_wconf 80' lang='grc' dir='ltr'>ἐντολῶν</span> <span class='ocrx_word' id='word_1_443' title='bbox 2526 3036 2582 3086; x_wconf 86' lang='grc' dir='ltr'><strong>ἐν</strong></span> <span class='ocrx_word' id='word_1_444' title='bbox 2614 3032 2846 3103; x_wconf 86' lang='grc' dir='ltr'>δόγμασι</span> <span class='ocrx_word' id='word_1_445' title='bbox 2877 3032 3244 3103; x_wconf 78' lang='grc' dir='ltr'>κατήργηται,</span> <span class='ocrx_word' id='word_1_446' title='bbox 3272 3028 3451 3099; x_wconf 79' lang='grc' dir='ltr'>δῆλον,</span> <span class='ocrx_word' id='word_1_447' title='bbox 3479 3028 3563 3079; x_wconf 81' lang='grc' dir='ltr'>ὅτι</span> <span class='ocrx_word' id='word_1_448' title='bbox 3588 3025 3715 3079; x_wconf 85' lang='grc' dir='ltr'>τότε</span> 
     </span>
    </p>
   </div>
   <div class='ocr_carea' id='block_1_64' title="bbox 454 3098 2029 3200">
    <p class='ocr_par' dir='ltr' id='par_1_64' title="bbox 454 3119 2029 3190">
     <span class='ocr_line' id='line_1_64' title="bbox 454 3119 2029 3190; baseline 0.002 -16"><span class='ocrx_word' id='word_1_449' title='bbox 454 3119 702 3175; x_wconf 89' lang='lat' dir='ltr'><strong>medicos</strong></span> <span class='ocrx_word' id='word_1_450' title='bbox 734 3122 965 3190; x_wconf 85' lang='lat' dir='ltr'><strong>peritos,</strong></span> <span class='ocrx_word' id='word_1_451' title='bbox 995 3131 1049 3175; x_wconf 89' lang='lat' dir='ltr'><strong>et</strong></span> <span class='ocrx_word' id='word_1_452' title='bbox 1080 3120 1320 3176; x_wconf 89' lang='lat' dir='ltr'><strong>scientes</strong></span> <span class='ocrx_word' id='word_1_453' title='bbox 1352 3121 1406 3175; x_wconf 91' lang='lat' dir='ltr'><strong>in</strong></span> <span class='ocrx_word' id='word_1_454' title='bbox 1440 3122 1663 3177; x_wconf 88' lang='lat' dir='ltr'><strong>lenitate</strong></span> <span class='ocrx_word' id='word_1_455' title='bbox 1691 3123 1909 3177; x_wconf 88' lang='lat' dir='ltr'><strong>erudire</strong></span> <span class='ocrx_word' id='word_1_456' title='bbox 1935 3137 2029 3177; x_wconf 87' lang='lat' dir='ltr'><strong>eos</strong></span> 
     </span>
    </p>
   </div>
   <div class='ocr_carea' id='block_1_65' title="bbox 2150 3098 3716 3200">
    <p class='ocr_par' dir='ltr' id='par_1_65' title="bbox 2150 3098 3716 3200">
     <span class='ocr_line' id='line_1_65' title="bbox 2150 3098 3716 3200; baseline -0.006 -19"><span class='ocrx_word' id='word_1_457' title='bbox 2150 3128 2254 3200; x_wconf 71' lang='grc'>[40)</span> <span class='ocrx_word' id='word_1_458' title='bbox 2297 3128 2365 3180; x_wconf 84' lang='grc' dir='ltr'>τὰ</span> <span class='ocrx_word' id='word_1_459' title='bbox 2387 3127 2633 3197; x_wconf 79' lang='grc' dir='ltr'>δόγματα</span> <span class='ocrx_word' id='word_1_460' title='bbox 2668 3098 2763 3178; x_wconf 74' lang='grc' dir='ltr'>τοῦ</span> <span class='ocrx_word' id='word_1_461' title='bbox 2806 3098 3044 3196; x_wconf 68' lang='grc' dir='ltr'>Χριστού</span> <span class='ocrx_word' id='word_1_462' title='bbox 3085 3098 3144 3178; x_wconf 74' lang='grc' dir='ltr'><strong>ἐν</strong></span> <span class='ocrx_word' id='word_1_463' title='bbox 3172 3124 3287 3186; x_wconf 88' lang='grc' dir='ltr'>τοῖς</span> <span class='ocrx_word' id='word_1_464' title='bbox 3338 3121 3583 3191; x_wconf 81' lang='grc' dir='ltr'>νομικοῖς</span> <span class='ocrx_word' id='word_1_465' title='bbox 3623 3120 3716 3173; x_wconf 83' lang='grc' dir='ltr'>ἐν-</span> 
     </span>
    </p>
   </div>
   <div class='ocr_carea' id='block_1_66' title="bbox 456 3210 2029 3291">
    <p class='ocr_par' dir='ltr' id='par_1_66' title="bbox 456 3211 2029 3282">
     <span class='ocr_line' id='line_1_66' title="bbox 456 3211 2029 3282; baseline 0.001 -17"><span class='ocrx_word' id='word_1_466' title='bbox 456 3211 552 3282; x_wconf 86' lang='lat' dir='ltr'><strong>qui</strong></span> <span class='ocrx_word' id='word_1_467' title='bbox 576 3211 958 3277; x_wconf 78' lang='lat' dir='ltr'><strong>adversantur,</strong></span> <span class='ocrx_word' id='word_1_468' title='bbox 982 3220 1040 3265; x_wconf 89' lang='lat' dir='ltr'><strong>ut</strong></span> <span class='ocrx_word' id='word_1_469' title='bbox 1062 3212 1211 3266; x_wconf 90' lang='lat' dir='ltr'><strong>illum</strong></span> <span class='ocrx_word' id='word_1_470' title='bbox 1232 3213 1503 3267; x_wconf 91' lang='lat' dir='ltr'><strong>conemini</strong></span> <span class='ocrx_word' id='word_1_471' title='bbox 1528 3214 1594 3266; x_wconf 91' lang='lat' dir='ltr'><strong>ad</strong></span> <span class='ocrx_word' id='word_1_472' title='bbox 1618 3223 1826 3268; x_wconf 82' lang='lat' dir='ltr'><strong>rectum</strong></span> <span class='ocrx_word' id='word_1_473' title='bbox 1854 3214 2029 3268; x_wconf 87' lang='lat' dir='ltr'><strong>Eccle-</strong></span> 
     </span>
    </p>
   </div>
   <div class='ocr_carea' id='block_1_67' title="bbox 2150 3210 3719 3291">
    <p class='ocr_par' dir='ltr' id='par_1_67' title="bbox 2150 3210 3719 3291">
     <span class='ocr_line' id='line_1_67' title="bbox 2150 3210 3719 3291; baseline -0.007 -18"><span class='ocrx_word' id='word_1_474' title='bbox 2150 3221 2405 3291; x_wconf 74' lang='grc' dir='ltr'>τάλμασιν</span> <span class='ocrx_word' id='word_1_475' title='bbox 2463 3217 2903 3290; x_wconf 87' lang='grc' dir='ltr'>ἀκυρωθήσεται.</span> <span class='ocrx_word' id='word_1_476' title='bbox 2938 3216 3060 3269; x_wconf 77' lang='grc' dir='ltr'>Ἐπὶ</span> <span class='ocrx_word' id='word_1_477' title='bbox 3101 3215 3311 3277; x_wconf 84' lang='grc' dir='ltr'>τούτοις</span> <span class='ocrx_word' id='word_1_478' title='bbox 3353 3211 3583 3282; x_wconf 73' lang='grc' dir='ltr'>αἰσχύνη</span> <span class='ocrx_word' id='word_1_479' title='bbox 3616 3210 3719 3282; x_wconf 80' lang='grc' dir='ltr'>μὲν</span> 
     </span>
    </p>
   </div>
   <div class='ocr_carea' id='block_1_68' title="bbox 456 3302 2032 3375">
    <p class='ocr_par' dir='ltr' id='par_1_68' title="bbox 456 3302 2032 3375">
     <span class='ocr_line' id='line_1_68' title="bbox 456 3302 2032 3375; baseline -0.001 -16"><span class='ocrx_word' id='word_1_480' title='bbox 456 3305 552 3360; x_wconf 73' lang='lat' dir='ltr'><strong>site</strong></span> <span class='ocrx_word' id='word_1_481' title='bbox 592 3302 839 3359; x_wconf 88' lang='lat' dir='ltr'><strong>ordinem</strong></span> <span class='ocrx_word' id='word_1_482' title='bbox 873 3304 1159 3370; x_wconf 86' lang='lat' dir='ltr'><strong>reducere,</strong></span> <span class='ocrx_word' id='word_1_483' title='bbox 1193 3304 1353 3375; x_wconf 88' lang='lat' dir='ltr'><strong>eique</strong></span> <span class='ocrx_word' id='word_1_484' title='bbox 1386 3305 1736 3375; x_wconf 83' lang='lat' dir='ltr'><strong>persuadere,</strong></span> <span class='ocrx_word' id='word_1_485' title='bbox 1779 3315 1836 3359; x_wconf 89' lang='lat' dir='ltr'><strong>ut</strong></span> <span class='ocrx_word' id='word_1_486' title='bbox 1880 3322 2032 3361; x_wconf 84' lang='lat' dir='ltr'><strong>com-</strong></span> 
     </span>
    </p>
   </div>
   <div class='ocr_carea' id='block_1_69' title="bbox 457 3398 2035 3470">
    <p class='ocr_par' dir='ltr' id='par_1_69' title="bbox 457 3398 2035 3470">
     <span class='ocr_line' id='line_1_69' title="bbox 457 3398 2035 3470; baseline -0.001 -17"><span class='ocrx_word' id='word_1_487' title='bbox 457 3399 858 3453; x_wconf 88' lang='lat' dir='ltr'><strong>mentationum</strong></span> <span class='ocrx_word' id='word_1_488' title='bbox 889 3413 1115 3453; x_wconf 90' lang='lat' dir='ltr'><strong>suarum</strong></span> <span class='ocrx_word' id='word_1_489' title='bbox 1149 3398 1535 3469; x_wconf 87' lang='lat' dir='ltr'><strong>loquacitatem</strong></span> <span class='ocrx_word' id='word_1_490' title='bbox 1574 3407 1891 3454; x_wconf 89' lang='lat' dir='ltr'><strong>contemnat</strong></span> <span class='ocrx_word' id='word_1_491' title='bbox 1922 3398 2035 3470; x_wconf 86' lang='lat' dir='ltr'><strong>(et-</strong></span> 
     </span>
    </p>
   </div>
   <div class='ocr_carea' id='block_1_70' title="bbox 455 3488 2033 3559">
    <p class='ocr_par' dir='ltr' id='par_1_70' title="bbox 455 3488 2033 3559">
     <span class='ocr_line' id='line_1_70' title="bbox 455 3488 2033 3559; baseline -0.003 -13"><span class='ocrx_word' id='word_1_492' title='bbox 455 3490 604 3546; x_wconf 91' lang='lat' dir='ltr'><strong>enim</strong></span> <span class='ocrx_word' id='word_1_493' title='bbox 660 3489 1011 3545; x_wconf 87' lang='lat' dir='ltr'><strong>conﬁrmavit</strong></span> <span class='ocrx_word' id='word_1_494' title='bbox 1068 3490 1236 3544; x_wconf 87' lang='lat' dir='ltr'><strong>verba</strong></span> <span class='ocrx_word' id='word_1_495' title='bbox 1295 3491 1623 3559; x_wconf 86' lang='lat' dir='ltr'><strong>proverbii:</strong></span> <span class='ocrx_word' id='word_1_496' title='bbox 1663 3488 1787 3543; x_wconf 86' lang='lat' dir='ltr'><strong>Non</strong></span> <span class='ocrx_word' id='word_1_497' title='bbox 1841 3499 1918 3543; x_wconf 83' lang='lat' dir='ltr'><strong>est</strong></span> <span class='ocrx_word' id='word_1_498' title='bbox 1979 3489 2033 3541; x_wconf 82' lang='lat' dir='ltr'><strong>in</strong></span> 
     </span>
    </p>
   </div>
   <div class='ocr_carea' id='block_1_71' title="bbox 458 3578 2038 3651">
    <p class='ocr_par' dir='ltr' id='par_1_71' title="bbox 458 3578 2038 3651">
     <span class='ocr_line' id='line_1_71' title="bbox 458 3578 2038 3651; baseline -0.004 -16"><span class='ocrx_word' id='word_1_499' title='bbox 458 3581 628 3636; x_wconf 82' lang='lat' dir='ltr'><strong>multo</strong></span> <span class='ocrx_word' id='word_1_500' title='bbox 662 3596 899 3635; x_wconf 79' lang='lat' dir='ltr'><strong>sermone</strong></span> <span class='ocrx_word' id='word_1_501' title='bbox 936 3588 1209 3647; x_wconf 85' lang='lat' dir='ltr'><strong>peccatum</strong></span> <span class='ocrx_word' id='word_1_502' title='bbox 1237 3580 1460 3651; x_wconf 75' lang='lat' dir='ltr'><strong>eﬂ&#39;ugere</strong></span> <span class='ocrx_word' id='word_1_503' title='bbox 1483 3581 1586 3651; x_wconf 61' lang='lat'><strong>&#39;3);</strong></span> <span class='ocrx_word' id='word_1_504' title='bbox 1628 3580 1788 3650; x_wconf 80' lang='lat' dir='ltr'><strong>eique</strong></span> <span class='ocrx_word' id='word_1_505' title='bbox 1822 3578 2038 3633; x_wconf 77' lang='lat' dir='ltr'><strong>fortiter</strong></span> 
     </span>
    </p>
   </div>
   <div class='ocr_carea' id='block_1_72' title="bbox 460 3670 2039 3742">
    <p class='ocr_par' dir='ltr' id='par_1_72' title="bbox 460 3670 2039 3742">
     <span class='ocr_line' id='line_1_72' title="bbox 460 3670 2039 3742; baseline -0.001 -16"><span class='ocrx_word' id='word_1_506' title='bbox 460 3680 624 3727; x_wconf 76' lang='lat' dir='ltr'><strong>recta:</strong></span> <span class='ocrx_word' id='word_1_507' title='bbox 654 3671 776 3727; x_wconf 90' lang='lat' dir='ltr'><strong>ﬁdei</strong></span> <span class='ocrx_word' id='word_1_508' title='bbox 809 3672 1065 3742; x_wconf 77' lang='lat' dir='ltr'><strong>degmata</strong></span> <span class='ocrx_word' id='word_1_509' title='bbox 1093 3674 1431 3742; x_wconf 82' lang='lat' dir='ltr'><strong>propunatis,</strong></span> <span class='ocrx_word' id='word_1_510' title='bbox 1465 3679 1521 3725; x_wconf 91' lang='lat' dir='ltr'><strong>ut</strong></span> <span class='ocrx_word' id='word_1_511' title='bbox 1548 3672 1696 3726; x_wconf 91' lang='lat' dir='ltr'><strong>illius</strong></span> <span class='ocrx_word' id='word_1_512' title='bbox 1726 3670 2039 3727; x_wconf 90' lang='lat' dir='ltr'><strong>emendatio</strong></span> 
     </span>
    </p>
   </div>
   <div class='ocr_carea' id='block_1_73' title="bbox 462 3762 2039 3835">
    <p class='ocr_par' dir='ltr' id='par_1_73' title="bbox 462 3762 2039 3835">
     <span class='ocr_line' id='line_1_73' title="bbox 462 3762 2039 3835; baseline -0.001 -17"><span class='ocrx_word' id='word_1_513' title='bbox 462 3762 755 3819; x_wconf 80' lang='lat' dir='ltr'><strong>manifesta</strong></span> <span class='ocrx_word' id='word_1_514' title='bbox 787 3762 911 3827; x_wconf 88' lang='lat' dir='ltr'><strong>ﬁat,</strong></span> <span class='ocrx_word' id='word_1_515' title='bbox 955 3779 1020 3818; x_wconf 87' lang='lat' dir='ltr'><strong>ac</strong></span> <span class='ocrx_word' id='word_1_516' title='bbox 1051 3762 1315 3820; x_wconf 85' lang='lat' dir='ltr'><strong>fratribus</strong></span> <span class='ocrx_word' id='word_1_517' title='bbox 1350 3763 1659 3819; x_wconf 85' lang='lat' dir='ltr'><strong>innotescat</strong></span> <span class='ocrx_word' id='word_1_518' title='bbox 1685 3763 1834 3820; x_wconf 89' lang='lat' dir='ltr'><strong>illius</strong></span> <span class='ocrx_word' id='word_1_519' title='bbox 1862 3764 2039 3835; x_wconf 68' lang='lat' dir='ltr'><strong>poeni-</strong></span> 
     </span>
    </p>
   </div>
   <div class='ocr_carea' id='block_1_74' title="bbox 461 3858 656 3911">
    <p class='ocr_par' dir='ltr' id='par_1_74' title="bbox 461 3858 656 3911">
     <span class='ocr_line' id='line_1_74' title="bbox 461 3858 656 3911; baseline -0.005 0"><span class='ocrx_word' id='word_1_520' title='bbox 461 3858 656 3911; x_wconf 88' lang='lat' dir='ltr'><strong>tentia.</strong></span> 
     </span>
    </p>
   </div>
   <div class='ocr_carea' id='block_1_75' title="bbox 2139 3300 3721 3381">
    <p class='ocr_par' dir='ltr' id='par_1_75' title="bbox 2139 3300 3721 3381">
     <span class='ocr_line' id='line_1_75' title="bbox 2139 3300 3721 3381; baseline -0.006 -16"><span class='ocrx_word' id='word_1_521' title='bbox 2139 3312 2233 3365; x_wconf 66' lang='lat' dir='ltr'><strong>xa‘.</strong></span> <span class='ocrx_word' id='word_1_522' title='bbox 2273 3309 2509 3381; x_wconf 82' lang='grc' dir='ltr'>ἐντροπὴ</span> <span class='ocrx_word' id='word_1_523' title='bbox 2556 3308 2825 3379; x_wconf 68' lang='grc' dir='ltr'>ἐκάλυψεν</span> <span class='ocrx_word' id='word_1_524' title='bbox 2853 3308 3013 3379; x_wconf 78' lang='grc' dir='ltr'>ἡμῶν</span> <span class='ocrx_word' id='word_1_525' title='bbox 3052 3306 3121 3359; x_wconf 88' lang='grc' dir='ltr'><strong>τά</strong></span> <span class='ocrx_word' id='word_1_526' title='bbox 3155 3306 3450 3377; x_wconf 69' lang='grc' dir='ltr'>πρόσω-ια’</span> <span class='ocrx_word' id='word_1_527' title='bbox 3480 3303 3623 3373; x_wconf 82' lang='grc' dir='ltr'>λύπη</span> <span class='ocrx_word' id='word_1_528' title='bbox 3658 3300 3721 3355; x_wconf 75' lang='grc' dir='ltr'>δὲ</span> 
     </span>
    </p>
   </div>
   <div class='ocr_carea' id='block_1_76' title="bbox 2143 3395 3721 3474">
    <p class='ocr_par' dir='ltr' id='par_1_76' title="bbox 2143 3395 3721 3474">
     <span class='ocr_line' id='line_1_76' title="bbox 2143 3395 3721 3474; baseline -0.004 -19"><span class='ocrx_word' id='word_1_529' title='bbox 2143 3404 2334 3474; x_wconf 86' lang='grc' dir='ltr'>βαρεῖα</span> <span class='ocrx_word' id='word_1_530' title='bbox 2378 3401 2738 3473; x_wconf 81' lang='grc' dir='ltr'>πεπλήρωκεν</span> <span class='ocrx_word' id='word_1_531' title='bbox 2769 3400 2926 3472; x_wconf 83' lang='grc' dir='ltr'>ἡμῶν</span> <span class='ocrx_word' id='word_1_532' title='bbox 2970 3399 3070 3463; x_wconf 71' lang='grc' dir='ltr'>τὰς</span> <span class='ocrx_word' id='word_1_533' title='bbox 3114 3398 3364 3471; x_wconf 87' lang='grc' dir='ltr'>καρδίας.</span> <span class='ocrx_word' id='word_1_534' title='bbox 3409 3395 3500 3449; x_wconf 87' lang='grc' dir='ltr'><strong>Διὸ</strong></span> <span class='ocrx_word' id='word_1_535' title='bbox 3537 3411 3721 3464; x_wconf 83' lang='grc' dir='ltr'>παρα·-</span> 
     </span>
    </p>
   </div>
   <div class='ocr_carea' id='block_1_77' title="bbox 2141 3486 3720 3563">
    <p class='ocr_par' dir='ltr' id='par_1_77' title="bbox 2141 3486 3720 3563">
     <span class='ocr_line' id='line_1_77' title="bbox 2141 3486 3720 3563; baseline -0.005 -17"><span class='ocrx_word' id='word_1_536' title='bbox 2141 3493 2416 3563; x_wconf 79' lang='grc' dir='ltr'>καλοῢμεν</span> <span class='ocrx_word' id='word_1_537' title='bbox 2456 3495 2623 3563; x_wconf 80' lang='grc' dir='ltr'>ὑμᾶς,</span> <span class='ocrx_word' id='word_1_538' title='bbox 2658 3493 2733 3556; x_wconf 87' lang='grc' dir='ltr'>ὡς</span> <span class='ocrx_word' id='word_1_539' title='bbox 2778 3493 3151 3562; x_wconf 76' lang='grc' dir='ltr'>ἐπιστήμονας</span> <span class='ocrx_word' id='word_1_540' title='bbox 3206 3488 3424 3561; x_wconf 80' lang='grc' dir='ltr'>ἰατροὺς</span> <span class='ocrx_word' id='word_1_541' title='bbox 3452 3488 3545 3541; x_wconf 74' lang='grc' dir='ltr'>καὶ</span> <span class='ocrx_word' id='word_1_542' title='bbox 3578 3486 3720 3539; x_wconf 82' lang='grc' dir='ltr'>δεδι-</span> 
     </span>
    </p>
   </div>
   <div class='ocr_carea' id='block_1_78' title="bbox 2142 3577 3721 3656">
    <p class='ocr_par' dir='ltr' id='par_1_78' title="bbox 2142 3577 3721 3656">
     <span class='ocr_line' id='line_1_78' title="bbox 2142 3577 3721 3656; baseline -0.004 -17"><span class='ocrx_word' id='word_1_543' title='bbox 2142 3585 2445 3656; x_wconf 88' lang='grc' dir='ltr'>δαγμένους</span> <span class='ocrx_word' id='word_1_544' title='bbox 2479 3586 2537 3637; x_wconf 80' lang='grc' dir='ltr'><strong>ἐν</strong></span> <span class='ocrx_word' id='word_1_545' title='bbox 2571 3585 2847 3655; x_wconf 78' lang='grc' dir='ltr'>πραΰτητι</span> <span class='ocrx_word' id='word_1_546' title='bbox 2888 3583 2997 3654; x_wconf 76' lang='grc'>(41)</span> <span class='ocrx_word' id='word_1_547' title='bbox 3030 3580 3305 3635; x_wconf 86' lang='grc' dir='ltr'>παιδεύειν</span> <span class='ocrx_word' id='word_1_548' title='bbox 3330 3581 3457 3642; x_wconf 81' lang='grc' dir='ltr'><strong>τούς</strong></span> <span class='ocrx_word' id='word_1_549' title='bbox 3483 3577 3721 3632; x_wconf 84' lang='grc' dir='ltr'>ἀντιδια-</span> 
     </span>
    </p>
   </div>
   <div class='ocr_carea' id='block_1_79' title="bbox 2143 3668 3720 3749">
    <p class='ocr_par' dir='ltr' id='par_1_79' title="bbox 2143 3668 3720 3749">
     <span class='ocr_line' id='line_1_79' title="bbox 2143 3668 3720 3749; baseline -0.005 -19"><span class='ocrx_word' id='word_1_550' title='bbox 2143 3678 2496 3749; x_wconf 79' lang='grc' dir='ltr'>τιθεμένους,</span> <span class='ocrx_word' id='word_1_551' title='bbox 2557 3674 2883 3749; x_wconf 79' lang='grc' dir='ltr'>πειραθῆναι</span> <span class='ocrx_word' id='word_1_552' title='bbox 2937 3673 3102 3728; x_wconf 83' lang='grc' dir='ltr'>αὐτὸν</span> <span class='ocrx_word' id='word_1_553' title='bbox 3155 3673 3525 3741; x_wconf 87' lang='grc' dir='ltr'>ἐπαναγαγεῖν</span> <span class='ocrx_word' id='word_1_554' title='bbox 3581 3668 3720 3741; x_wconf 82' lang='grc' dir='ltr'>πρὸς</span> 
     </span>
    </p>
   </div>
   <div class='ocr_carea' id='block_1_80' title="bbox 2144 3759 3720 3840">
    <p class='ocr_par' dir='ltr' id='par_1_80' title="bbox 2144 3759 3720 3840">
     <span class='ocr_line' id='line_1_80' title="bbox 2144 3759 3720 3840; baseline -0.006 -18"><span class='ocrx_word' id='word_1_555' title='bbox 2144 3771 2243 3840; x_wconf 80' lang='grc' dir='ltr'>τὴν</span> <span class='ocrx_word' id='word_1_556' title='bbox 2298 3767 2551 3833; x_wconf 78' lang='grc' dir='ltr'>εὐταξίαν</span> <span class='ocrx_word' id='word_1_557' title='bbox 2603 3769 2701 3839; x_wconf 82' lang='grc' dir='ltr'>τῆς</span> <span class='ocrx_word' id='word_1_558' title='bbox 2758 3765 3121 3837; x_wconf 84' lang='grc' dir='ltr'>Ἐκκλησίας,</span> <span class='ocrx_word' id='word_1_559' title='bbox 3173 3764 3271 3817; x_wconf 74' lang='grc' dir='ltr'><strong>καὶ</strong></span> <span class='ocrx_word' id='word_1_560' title='bbox 3317 3765 3504 3816; x_wconf 87' lang='grc' dir='ltr'>πεῖσαι</span> <span class='ocrx_word' id='word_1_561' title='bbox 3558 3759 3720 3814; x_wconf 76' lang='grc' dir='ltr'>αὐτὸν</span> 
     </span>
    </p>
   </div>
   <div class='ocr_carea' id='block_1_81' title="bbox 2147 3852 3722 3932">
    <p class='ocr_par' dir='ltr' id='par_1_81' title="bbox 2147 3852 3722 3932">
     <span class='ocr_line' id='line_1_81' title="bbox 2147 3852 3722 3932; baseline -0.004 -19"><span class='ocrx_word' id='word_1_562' title='bbox 2147 3861 2559 3932; x_wconf 84' lang='grc' dir='ltr'>καταφρονῆσαι</span> <span class='ocrx_word' id='word_1_563' title='bbox 2609 3860 2707 3930; x_wconf 85' lang='grc' dir='ltr'><strong>τῆς</strong></span> <span class='ocrx_word' id='word_1_564' title='bbox 2762 3858 3108 3928; x_wconf 79' lang='grc' dir='ltr'>πολυφωνίας</span> <span class='ocrx_word' id='word_1_565' title='bbox 3170 3855 3281 3910; x_wconf 88' lang='grc' dir='ltr'><strong>τῶν</strong></span> <span class='ocrx_word' id='word_1_566' title='bbox 3329 3852 3722 3925; x_wconf 78' lang='grc' dir='ltr'>συνταγμάτων</span> 
     </span>
    </p>
   </div>
   <div class='ocr_carea' id='block_1_82' title="bbox 465 3947 3717 4022">
    <p class='ocr_par' dir='ltr' id='par_1_82' title="bbox 465 3947 3717 4022">
     <span class='ocr_line' id='line_1_82' title="bbox 465 3947 3717 4022; baseline -0.001 -21"><span class='ocrx_word' id='word_1_567' title='bbox 465 3947 799 4015; x_wconf 73' lang='grc' dir='ltr'>(ἐϐεϐαίωσε</span> <span class='ocrx_word' id='word_1_568' title='bbox 833 3948 942 4019; x_wconf 78' lang='grc' dir='ltr'>γὰρ</span> <span class='ocrx_word' id='word_1_569' title='bbox 975 3948 1067 4001; x_wconf 82' lang='grc' dir='ltr'><strong>τὸν</strong></span> <span class='ocrx_word' id='word_1_570' title='bbox 1102 3948 1204 4019; x_wconf 78' lang='grc' dir='ltr'>τῆς</span> <span class='ocrx_word' id='word_1_571' title='bbox 1251 3948 1550 4019; x_wconf 86' lang='grc' dir='ltr'>παροιμίας</span> <span class='ocrx_word' id='word_1_572' title='bbox 1582 3947 1759 4017; x_wconf 86' lang='grc' dir='ltr'>λόγον,</span> <span class='ocrx_word' id='word_1_573' title='bbox 1812 3949 1895 4002; x_wconf 82' lang='grc' dir='ltr'><strong>ὅτι</strong></span> <span class='ocrx_word' id='word_1_574' title='bbox 1933 3954 2056 4006; x_wconf 73' lang='grc' dir='ltr'>Οὐκ</span> <span class='ocrx_word' id='word_1_575' title='bbox 2112 3952 2286 4007; x_wconf 78' lang='grc' dir='ltr'>ἔστιν</span> <span class='ocrx_word' id='word_1_576' title='bbox 2322 3954 2392 4007; x_wconf 77' lang='grc' dir='ltr'><strong>ἐκ</strong></span> <span class='ocrx_word' id='word_1_577' title='bbox 2445 3955 2818 4022; x_wconf 75' lang='grc' dir='ltr'>πολυλογίας</span> <span class='ocrx_word' id='word_1_578' title='bbox 2864 3950 3153 4020; x_wconf 70' lang='grc' dir='ltr'>ἐκφυγεῖν</span> <span class='ocrx_word' id='word_1_579' title='bbox 3188 3948 3301 4018; x_wconf 67' lang='grc'><strong>(42)</strong></span> <span class='ocrx_word' id='word_1_580' title='bbox 3359 3947 3717 4018; x_wconf 75' lang='grc' dir='ltr'>ἁμαρτίαν)·</span> 
     </span>
    </p>
   </div>
   <div class='ocr_carea' id='block_1_83' title="bbox 465 4035 3728 4115">
    <p class='ocr_par' dir='ltr' id='par_1_83' title="bbox 465 4035 3728 4115">
     <span class='ocr_line' id='line_1_83' title="bbox 465 4035 3728 4115; baseline -0.005 -11"><span class='ocrx_word' id='word_1_581' title='bbox 465 4039 708 4111; x_wconf 65' lang='grc' dir='ltr'>στερρῶς</span> <span class='ocrx_word' id='word_1_582' title='bbox 749 4038 806 4093; x_wconf 76' lang='grc' dir='ltr'>δὲ</span> <span class='ocrx_word' id='word_1_583' title='bbox 867 4039 1015 4110; x_wconf 73' lang='grc' dir='ltr'><strong>αὖτῷ</strong></span> <span class='ocrx_word' id='word_1_584' title='bbox 1064 4038 1387 4110; x_wconf 74' lang='grc' dir='ltr'>προϐάλλειν</span> <span class='ocrx_word' id='word_1_585' title='bbox 1460 4039 1531 4092; x_wconf 71' lang='grc' dir='ltr'>τὰ</span> <span class='ocrx_word' id='word_1_586' title='bbox 1574 4040 1674 4110; x_wconf 80' lang='grc' dir='ltr'><strong>τῆς</strong></span> <span class='ocrx_word' id='word_1_587' title='bbox 1729 4041 2040 4112; x_wconf 78' lang='grc' dir='ltr'>ὀρθοδοξίας</span> <span class='ocrx_word' id='word_1_588' title='bbox 2087 4044 2367 4115; x_wconf 87' lang='grc' dir='ltr'>δόγματα,</span> <span class='ocrx_word' id='word_1_589' title='bbox 2418 4045 2506 4097; x_wconf 82' lang='grc' dir='ltr'>ἵνα</span> <span class='ocrx_word' id='word_1_590' title='bbox 2565 4044 2818 4098; x_wconf 84' lang='grc' dir='ltr'>κάκείνου</span> <span class='ocrx_word' id='word_1_591' title='bbox 2873 4046 2908 4115; x_wconf 85' lang='grc' dir='ltr'><strong>ή</strong></span> <span class='ocrx_word' id='word_1_592' title='bbox 2950 4039 3325 4112; x_wconf 85' lang='grc' dir='ltr'>ἐπανόρθωσις</span> <span class='ocrx_word' id='word_1_593' title='bbox 3378 4036 3587 4109; x_wconf 87' lang='grc' dir='ltr'>φανερά</span> <span class='ocrx_word' id='word_1_594' title='bbox 3632 4035 3728 4105; x_wconf 63' lang='grc' dir='ltr'>γέν</span> 
     </span>
    </p>
   </div>
   <div class='ocr_carea' id='block_1_84' title="bbox 463 4135 2220 4210">
    <p class='ocr_par' dir='ltr' id='par_1_84' title="bbox 463 4135 2220 4210">
     <span class='ocr_line' id='line_1_84' title="bbox 463 4135 2220 4210; baseline 0.002 -20"><span class='ocrx_word' id='word_1_595' title='bbox 463 4152 652 4207; x_wconf 82' lang='grc' dir='ltr'>νηται,</span> <span class='ocrx_word' id='word_1_596' title='bbox 689 4137 782 4190; x_wconf 75' lang='grc' dir='ltr'><strong>καὶ</strong></span> <span class='ocrx_word' id='word_1_597' title='bbox 833 4140 946 4200; x_wconf 84' lang='grc' dir='ltr'>τοῖς</span> <span class='ocrx_word' id='word_1_598' title='bbox 977 4136 1227 4206; x_wconf 83' lang='grc' dir='ltr'>ἀδελφοῖς</span> <span class='ocrx_word' id='word_1_599' title='bbox 1268 4136 1432 4190; x_wconf 80' lang='grc' dir='ltr'>αὐτοῦ</span> <span class='ocrx_word' id='word_1_600' title='bbox 1486 4135 1829 4208; x_wconf 79' lang='grc' dir='ltr'>γνωρισθῇή</span> <span class='ocrx_word' id='word_1_601' title='bbox 1867 4139 2220 4210; x_wconf 88' lang='grc' dir='ltr'>μεταμέλεια.</span> 
     </span>
    </p>
   </div>
   <div class='ocr_carea' id='block_1_85' title="bbox 534 4228 2046 4302">
    <p class='ocr_par' dir='ltr' id='par_1_85' title="bbox 534 4228 2046 4302">
     <span class='ocr_line' id='line_1_85' title="bbox 534 4228 2046 4302; baseline 0.001 -18"><span class='ocrx_word' id='word_1_602' title='bbox 534 4231 589 4285; x_wconf 76' lang='lat'><strong>5;</strong></span> <span class='ocrx_word' id='word_1_603' title='bbox 630 4229 741 4285; x_wconf 86' lang='lat' dir='ltr'><strong>Nec</strong></span> <span class='ocrx_word' id='word_1_604' title='bbox 774 4231 873 4285; x_wconf 88' lang='lat' dir='ltr'><strong>abs</strong></span> <span class='ocrx_word' id='word_1_605' title='bbox 904 4245 963 4285; x_wconf 90' lang='lat' dir='ltr'><strong>re</strong></span> <span class='ocrx_word' id='word_1_606' title='bbox 1007 4230 1174 4285; x_wconf 82' lang='lat' dir='ltr'><strong>fuerit</strong></span> <span class='ocrx_word' id='word_1_607' title='bbox 1214 4230 1282 4285; x_wconf 94' lang='lat' dir='ltr'><strong>de</strong></span> <span class='ocrx_word' id='word_1_608' title='bbox 1325 4228 1566 4285; x_wconf 85' lang='lat' dir='ltr'><strong>Marcelli</strong></span> <span class='ocrx_word' id='word_1_609' title='bbox 1600 4230 1887 4300; x_wconf 90' lang='lat' dir='ltr'><strong>discipulis</strong></span> <span class='ocrx_word' id='word_1_610' title='bbox 1930 4232 2046 4302; x_wconf 89' lang='lat' dir='ltr'><strong>pie-</strong></span> 
     </span>
    </p>
   </div>
   <div class='ocr_carea' id='block_1_86' title="bbox 2218 4221 3727 4301">
    <p class='ocr_par' dir='ltr' id='par_1_86' title="bbox 2218 4221 3727 4301">
     <span class='ocr_line' id='line_1_86' title="bbox 2218 4221 3727 4301; baseline -0.01 -14"><span class='ocrx_word' id='word_1_611' title='bbox 2218 4234 2272 4288; x_wconf 88' lang='grc'>5.</span> <span class='ocrx_word' id='word_1_612' title='bbox 2309 4231 2547 4301; x_wconf 77' lang='grc' dir='ltr'>Εὐλογον</span> <span class='ocrx_word' id='word_1_613' title='bbox 2573 4231 2629 4285; x_wconf 88' lang='grc' dir='ltr'><strong>δέ</strong></span> <span class='ocrx_word' id='word_1_614' title='bbox 2662 4230 2756 4284; x_wconf 79' lang='grc' dir='ltr'>καὶ</span> <span class='ocrx_word' id='word_1_615' title='bbox 2776 4227 2908 4299; x_wconf 83' lang='grc' dir='ltr'><strong>περὶ</strong></span> <span class='ocrx_word' id='word_1_616' title='bbox 2931 4227 3042 4280; x_wconf 91' lang='grc' dir='ltr'><strong>τῶν</strong></span> <span class='ocrx_word' id='word_1_617' title='bbox 3073 4225 3217 4280; x_wconf 86' lang='grc' dir='ltr'><strong>κατά</strong></span> <span class='ocrx_word' id='word_1_618' title='bbox 3246 4221 3566 4296; x_wconf 81' lang='grc' dir='ltr'>Μάρκελλον</span> <span class='ocrx_word' id='word_1_619' title='bbox 3590 4221 3727 4274; x_wconf 76' lang='grc' dir='ltr'>ὐπο-</span> 
     </span>
    </p>
   </div>
   <div class='ocr_carea' id='block_1_87' title="bbox 466 4315 2029 4395">
    <p class='ocr_par' dir='ltr' id='par_1_87' title="bbox 466 4320 2029 4385">
     <span class='ocr_line' id='line_1_87' title="bbox 466 4320 2029 4385; baseline 0.001 -10"><span class='ocrx_word' id='word_1_620' title='bbox 466 4329 634 4375; x_wconf 88' lang='lat' dir='ltr'><strong>tatem</strong></span> <span class='ocrx_word' id='word_1_621' title='bbox 665 4329 901 4376; x_wconf 83' lang='lat' dir='ltr'><strong>vestram</strong></span> <span class='ocrx_word' id='word_1_622' title='bbox 941 4334 1314 4385; x_wconf 87' lang='lat' dir='ltr'><strong>commonere,</strong></span> <span class='ocrx_word' id='word_1_623' title='bbox 1347 4328 1406 4374; x_wconf 91' lang='lat' dir='ltr'><strong>ut</strong></span> <span class='ocrx_word' id='word_1_624' title='bbox 1441 4320 1576 4375; x_wconf 88' lang='lat' dir='ltr'><strong>nihil</strong></span> <span class='ocrx_word' id='word_1_625' title='bbox 1617 4322 2029 4385; x_wconf 70' lang='lat' dir='ltr'><strong>inconsiderate,</strong></span> 
     </span>
    </p>
   </div>
   <div class='ocr_carea' id='block_1_88' title="bbox 2150 4315 3726 4395">
    <p class='ocr_par' dir='ltr' id='par_1_88' title="bbox 2156 4315 3726 4395">
     <span class='ocr_line' id='line_1_88' title="bbox 2156 4315 3726 4395; baseline -0.006 -19"><span class='ocrx_word' id='word_1_626' title='bbox 2156 4323 2360 4395; x_wconf 83' lang='grc' dir='ltr'>μνῆσαι</span> <span class='ocrx_word' id='word_1_627' title='bbox 2383 4324 2491 4394; x_wconf 71' lang='grc'>(45)</span> <span class='ocrx_word' id='word_1_628' title='bbox 2521 4322 2620 4393; x_wconf 84' lang='grc' dir='ltr'><strong>τὴν</strong></span> <span class='ocrx_word' id='word_1_629' title='bbox 2650 4320 2941 4375; x_wconf 77' lang='grc' dir='ltr'>εὐλάϐειαν</span> <span class='ocrx_word' id='word_1_630' title='bbox 2977 4317 3154 4390; x_wconf 80' lang='grc' dir='ltr'>ὑμῶν,</span> <span class='ocrx_word' id='word_1_631' title='bbox 3197 4318 3287 4370; x_wconf 80' lang='grc' dir='ltr'>ἵνα</span> <span class='ocrx_word' id='word_1_632' title='bbox 3322 4315 3489 4387; x_wconf 83' lang='grc' dir='ltr'>μηδὲν</span> <span class='ocrx_word' id='word_1_633' title='bbox 3520 4316 3726 4384; x_wconf 80' lang='grc' dir='ltr'>ἀπερι-</span> 
     </span>
    </p>
   </div>
   <div class='ocr_carea' id='block_1_89' title="bbox 462 4411 2046 4486">
    <p class='ocr_par' dir='ltr' id='par_1_89' title="bbox 462 4411 2046 4486">
     <span class='ocr_line' id='line_1_89' title="bbox 462 4411 2046 4486; baseline 0 -15"><span class='ocrx_word' id='word_1_634' title='bbox 462 4414 605 4471; x_wconf 80' lang='lat' dir='ltr'><strong>nihil</strong></span> <span class='ocrx_word' id='word_1_635' title='bbox 652 4411 814 4467; x_wconf 72' lang='lat' dir='ltr'><strong>facile</strong></span> <span class='ocrx_word' id='word_1_636' title='bbox 861 4413 930 4468; x_wconf 90' lang='lat' dir='ltr'><strong>de</strong></span> <span class='ocrx_word' id='word_1_637' title='bbox 974 4413 1083 4469; x_wconf 89' lang='lat' dir='ltr'><strong>illis</strong></span> <span class='ocrx_word' id='word_1_638' title='bbox 1130 4414 1407 4470; x_wconf 88' lang='lat' dir='ltr'><strong>statuatis.</strong></span> <span class='ocrx_word' id='word_1_639' title='bbox 1442 4412 1550 4468; x_wconf 88' lang='lat' dir='ltr'><strong>Sed</strong></span> <span class='ocrx_word' id='word_1_640' title='bbox 1600 4429 1726 4468; x_wconf 90' lang='lat' dir='ltr'><strong>cum</strong></span> <span class='ocrx_word' id='word_1_641' title='bbox 1776 4415 1846 4470; x_wconf 93' lang='lat' dir='ltr'><strong>ob</strong></span> <span class='ocrx_word' id='word_1_642' title='bbox 1880 4415 2046 4486; x_wconf 91' lang='lat' dir='ltr'><strong>impia</strong></span> 
     </span>
    </p>
   </div>
   <div class='ocr_carea' id='block_1_90' title="bbox 539 4566 2036 4639">
    <p class='ocr_par' dir='ltr' id='par_1_90' title="bbox 539 4566 2036 4639">
     <span class='ocr_line' id='line_1_90' title="bbox 539 4566 2036 4639; baseline 0.001 -16"><span class='ocrx_word' id='word_1_643' title='bbox 539 4569 585 4600; x_wconf 78' lang='lat'><strong>“</strong></span> <span class='ocrx_word' id='word_1_644' title='bbox 607 4566 766 4624; x_wconf 77' lang='lat' dir='ltr'><strong>Joan.</strong></span> <span class='ocrx_word' id='word_1_645' title='bbox 796 4583 837 4632; x_wconf 91' lang='lat' dir='ltr'><strong>t,</strong></span> <span class='ocrx_word' id='word_1_646' title='bbox 861 4567 953 4624; x_wconf 76' lang='lat'><strong>29.</strong></span> <span class='ocrx_word' id='word_1_647' title='bbox 1031 4569 1075 4601; x_wconf 77' lang='grc'><strong>⁸⁷</strong></span> <span class='ocrx_word' id='word_1_648' title='bbox 1104 4567 1308 4639; x_wconf 88' lang='lat' dir='ltr'><strong>Ephes.</strong></span> <span class='ocrx_word' id='word_1_649' title='bbox 1342 4586 1395 4634; x_wconf 92' lang='lat' dir='ltr'><strong>v,</strong></span> <span class='ocrx_word' id='word_1_650' title='bbox 1425 4568 1519 4626; x_wconf 71' lang='lat'><strong>27.</strong></span> <span class='ocrx_word' id='word_1_651' title='bbox 1594 4568 1640 4601; x_wconf 85' lang='grc'><strong>³⁸</strong></span> <span class='ocrx_word' id='word_1_652' title='bbox 1665 4568 1829 4624; x_wconf 87' lang='lat' dir='ltr'><strong>Prov.</strong></span> <span class='ocrx_word' id='word_1_653' title='bbox 1859 4586 1916 4631; x_wconf 68' lang='grc' dir='ltr'>χ,</span> <span class='ocrx_word' id='word_1_654' title='bbox 1944 4569 2036 4625; x_wconf 77' lang='lat'><strong>‘19.</strong></span> 
     </span>
    </p>
   </div>
   <div class='ocr_carea' id='block_1_91' title="bbox 469 4686 2047 4759">
    <p class='ocr_par' dir='ltr' id='par_1_91' title="bbox 469 4686 2047 4759">
     <span class='ocr_line' id='line_1_91' title="bbox 469 4686 2047 4759; baseline -0.002 -13"><span class='ocrx_word' id='word_1_655' title='bbox 469 4688 627 4746; x_wconf 71' lang='lat' dir='ltr'><strong>lmani</strong></span> <span class='ocrx_word' id='word_1_656' title='bbox 666 4703 733 4743; x_wconf 92' lang='lat' dir='ltr'><strong>eo</strong></span> <span class='ocrx_word' id='word_1_657' title='bbox 780 4687 955 4759; x_wconf 84' lang='lat' dir='ltr'><strong>magis</strong></span> <span class='ocrx_word' id='word_1_658' title='bbox 1006 4688 1217 4753; x_wconf 86' lang='lat' dir='ltr'><strong>arrisit,</strong></span> <span class='ocrx_word' id='word_1_659' title='bbox 1271 4688 1418 4758; x_wconf 91' lang='lat' dir='ltr'><strong>quod</strong></span> <span class='ocrx_word' id='word_1_660' title='bbox 1462 4690 1512 4744; x_wconf 89' lang='lat' dir='ltr'><strong>ei</strong></span> <span class='ocrx_word' id='word_1_661' title='bbox 1562 4686 1713 4742; x_wconf 80' lang='lat' dir='ltr'><strong>favet</strong></span> <span class='ocrx_word' id='word_1_662' title='bbox 1756 4686 2047 4759; x_wconf 81' lang='lat' dir='ltr'><strong>Medicaeus</strong></span> 
     </span>
    </p>
   </div>
   <div class='ocr_carea' id='block_1_92' title="bbox 469 4758 2050 4829">
    <p class='ocr_par' dir='ltr' id='par_1_92' title="bbox 469 4758 2050 4829">
     <span class='ocr_line' id='line_1_92' title="bbox 469 4758 2050 4829; baseline -0.003 -15"><span class='ocrx_word' id='word_1_663' title='bbox 469 4776 594 4815; x_wconf 90' lang='lat' dir='ltr'><strong>cum</strong></span> <span class='ocrx_word' id='word_1_664' title='bbox 634 4760 819 4829; x_wconf 86' lang='lat' dir='ltr'><strong>tribus</strong></span> <span class='ocrx_word' id='word_1_665' title='bbox 847 4758 992 4822; x_wconf 88' lang='lat' dir='ltr'><strong>aliis,</strong></span> <span class='ocrx_word' id='word_1_666' title='bbox 1030 4760 1085 4812; x_wconf 89' lang='lat' dir='ltr'><strong>in</strong></span> <span class='ocrx_word' id='word_1_667' title='bbox 1124 4759 1566 4829; x_wconf 80' lang='lat' dir='ltr'><strong>quibus&#39;legitur</strong></span> <span class='ocrx_word' id='word_1_668' title='bbox 1596 4758 1850 4811; x_wconf 86' lang='grc' dir='ltr'>σκοτεινὰ</span> <span class='ocrx_word' id='word_1_669' title='bbox 1878 4759 2050 4828; x_wconf 71' lang='grc' dir='ltr'>ἀσεϐῆ</span> 
     </span>
    </p>
   </div>
   <div class='ocr_carea' id='block_1_93' title="bbox 472 4828 2047 4902">
    <p class='ocr_par' dir='ltr' id='par_1_93' title="bbox 472 4828 2047 4902">
     <span class='ocr_line' id='line_1_93' title="bbox 472 4828 2047 4902; baseline 0 -19"><span class='ocrx_word' id='word_1_670' title='bbox 472 4832 711 4902; x_wconf 77' lang='grc' dir='ltr'>ῥήματα.</span> <span class='ocrx_word' id='word_1_671' title='bbox 747 4828 1010 4902; x_wconf 36' lang='grc' dir='ltr'><strong>Εᾱὶίί-καὶ</strong></span> <span class='ocrx_word' id='word_1_672' title='bbox 1035 4828 1172 4883; x_wconf 82' lang='grc' dir='ltr'>ἄλλα</span> <span class='ocrx_word' id='word_1_673' title='bbox 1198 4828 1452 4902; x_wconf 74' lang='grc' dir='ltr'>σκοτεινά</span> <span class='ocrx_word' id='word_1_674' title='bbox 1483 4829 1578 4883; x_wconf 70' lang='grc' dir='ltr'><strong>καὶ</strong></span> <span class='ocrx_word' id='word_1_675' title='bbox 1604 4829 1774 4899; x_wconf 74' lang='grc' dir='ltr'>ἀσεϐῆ</span> <span class='ocrx_word' id='word_1_676' title='bbox 1807 4830 2047 4899; x_wconf 80' lang='grc' dir='ltr'>ῥήματα.</span> 
     </span>
    </p>
   </div>
   <div class='ocr_carea' id='block_1_94' title="bbox 504 4898 2052 4983">
    <p class='ocr_par' dir='ltr' id='par_1_94' title="bbox 504 4898 2052 4983">
     <span class='ocr_line' id='line_1_94' title="bbox 504 4898 2052 4983; baseline -0.001 -28"><span class='ocrx_word' id='word_1_677' title='bbox 504 4898 653 4983; x_wconf 25' lang='grc'>((52)</span> <span class='ocrx_word' id='word_1_678' title='bbox 679 4898 1162 4983; x_wconf 60' lang='grc' dir='ltr'>Ῑζαραδέξασᾷᾳι.</span> <span class='ocrx_word' id='word_1_679' title='bbox 1204 4899 1355 4953; x_wconf 91' lang='lat' dir='ltr'><strong>llane</strong></span> <span class='ocrx_word' id='word_1_680' title='bbox 1390 4916 1600 4983; x_wconf 61' lang='lat' dir='ltr'><strong>vocem,</strong></span> <span class='ocrx_word' id='word_1_681' title='bbox 1643 4898 1769 4983; x_wconf 68' lang='lat' dir='ltr'><strong>quae</strong></span> <span class='ocrx_word' id='word_1_682' title='bbox 1790 4898 2052 4983; x_wconf 67' lang='lat' dir='ltr'><strong>necessa-</strong></span> 
     </span>
    </p>
   </div>
   <div class='ocr_carea' id='block_1_95' title="bbox 408 4968 2053 5097">
    <p class='ocr_par' dir='ltr' id='par_1_95' title="bbox 408 4968 2053 5097">
     <span class='ocr_line' id='line_1_95' title="bbox 471 4968 2045 5040; baseline -0.001 -17"><span class='ocrx_word' id='word_1_683' title='bbox 471 4968 561 5024; x_wconf 83' lang='lat' dir='ltr'><strong>ria</strong></span> <span class='ocrx_word' id='word_1_684' title='bbox 599 4968 818 5040; x_wconf 85' lang='lat' dir='ltr'><strong>quidem</strong></span> <span class='ocrx_word' id='word_1_685' title='bbox 869 4986 979 5024; x_wconf 91' lang='lat' dir='ltr'><strong>non</strong></span> <span class='ocrx_word' id='word_1_686' title='bbox 1024 4970 1261 5031; x_wconf 85' lang='lat' dir='ltr'><strong>videtur.</strong></span> <span class='ocrx_word' id='word_1_687' title='bbox 1311 4970 1404 5024; x_wconf 86' lang='lat' dir='ltr'><strong>sed</strong></span> <span class='ocrx_word' id='word_1_688' title='bbox 1457 4979 1637 5024; x_wconf 85' lang='lat' dir='ltr'><strong>tamen</strong></span> <span class='ocrx_word' id='word_1_689' title='bbox 1690 4968 1826 5023; x_wconf 87' lang='lat' dir='ltr'><strong>nihil</strong></span> <span class='ocrx_word' id='word_1_690' title='bbox 1860 4976 2045 5033; x_wconf 88' lang='lat' dir='ltr'><strong>nocet,</strong></span> 
     </span>
     <span class='ocr_line' id='line_1_96' title="bbox 408 5039 2053 5097; baseline -0.001 -4"><span class='ocrx_word' id='word_1_691' title='bbox 408 5046 415 5059; x_wconf 84' lang='lat'><strong>‘</strong></span> <span class='ocrx_word' id='word_1_692' title='bbox 471 5040 788 5096; x_wconf 79' lang='lat' dir='ltr'><strong>addidimus</strong></span> <span class='ocrx_word' id='word_1_693' title='bbox 813 5056 880 5096; x_wconf 83' lang='lat' dir='ltr'><strong>ex</strong></span> <span class='ocrx_word' id='word_1_694' title='bbox 922 5040 1103 5095; x_wconf 88' lang='lat' dir='ltr'><strong>tribus</strong></span> <span class='ocrx_word' id='word_1_695' title='bbox 1139 5040 1531 5097; x_wconf 83' lang='lat' dir='ltr'><strong>vetustissimis</strong></span> <span class='ocrx_word' id='word_1_696' title='bbox 1558 5039 1843 5095; x_wconf 86' lang='lat' dir='ltr'><strong>codicibus</strong></span> <span class='ocrx_word' id='word_1_697' title='bbox 1877 5051 1933 5094; x_wconf 91' lang='lat' dir='ltr'><strong>et</strong></span> <span class='ocrx_word' id='word_1_698' title='bbox 1965 5048 2053 5093; x_wconf 89' lang='lat' dir='ltr'><strong>to-</strong></span> 
     </span>
    </p>
   </div>
   <div class='ocr_carea' id='block_1_96' title="bbox 473 5110 1337 5179">
    <p class='ocr_par' dir='ltr' id='par_1_96' title="bbox 473 5110 1337 5179">
     <span class='ocr_line' id='line_1_97' title="bbox 473 5110 1337 5179; baseline 0.002 -16"><span class='ocrx_word' id='word_1_699' title='bbox 473 5110 640 5165; x_wconf 89' lang='lat' dir='ltr'><strong>tidem</strong></span> <span class='ocrx_word' id='word_1_700' title='bbox 682 5112 807 5167; x_wconf 91' lang='lat' dir='ltr'><strong>aliis</strong></span> <span class='ocrx_word' id='word_1_701' title='bbox 838 5125 943 5165; x_wconf 91' lang='lat' dir='ltr'><strong>non</strong></span> <span class='ocrx_word' id='word_1_702' title='bbox 970 5111 1042 5166; x_wconf 87' lang='lat' dir='ltr'><strong>ita</strong></span> <span class='ocrx_word' id='word_1_703' title='bbox 1069 5111 1337 5179; x_wconf 87' lang='lat' dir='ltr'><strong>antiquis.</strong></span> 
     </span>
    </p>
   </div>
   <div class='ocr_carea' id='block_1_97' title="bbox 546 5177 2054 5252">
    <p class='ocr_par' dir='ltr' id='par_1_97' title="bbox 546 5177 2054 5252">
     <span class='ocr_line' id='line_1_98' title="bbox 546 5177 2054 5252; baseline -0.001 -15"><span class='ocrx_word' id='word_1_704' title='bbox 546 5180 658 5252; x_wconf 88' lang='grc'>(55)</span> <span class='ocrx_word' id='word_1_705' title='bbox 702 5181 1004 5251; x_wconf 69' lang='grc' dir='ltr'>Ἠφάνιονε,</span> <span class='ocrx_word' id='word_1_706' title='bbox 1032 5189 1140 5235; x_wconf 90' lang='lat' dir='ltr'><strong>etc.</strong></span> <span class='ocrx_word' id='word_1_707' title='bbox 1173 5177 1265 5235; x_wconf 87' lang='lat' dir='ltr'><strong>Sic</strong></span> <span class='ocrx_word' id='word_1_708' title='bbox 1295 5192 1407 5236; x_wconf 90' lang='lat' dir='ltr'><strong>tres</strong></span> <span class='ocrx_word' id='word_1_709' title='bbox 1430 5179 1785 5252; x_wconf 76' lang='lat' dir='ltr'><strong>vetustissimi</strong></span> <span class='ocrx_word' id='word_1_710' title='bbox 1809 5177 2054 5235; x_wconf 89' lang='lat' dir='ltr'><strong>codices.</strong></span> 
     </span>
    </p>
   </div>
   <div class='ocr_carea' id='block_1_98' title="bbox 475 5249 1689 5324">
    <p class='ocr_par' dir='ltr' id='par_1_98' title="bbox 475 5249 1689 5324">
     <span class='ocr_line' id='line_1_99' title="bbox 475 5249 1689 5324; baseline -0.001 -20"><span class='ocrx_word' id='word_1_711' title='bbox 475 5249 626 5324; x_wconf 82' lang='lat' dir='ltr'><strong>Editi</strong></span> <span class='ocrx_word' id='word_1_712' title='bbox 641 5249 947 5324; x_wconf 55' lang='grc' dir='ltr'>ξήμαύρωσε</span> <span class='ocrx_word' id='word_1_713' title='bbox 981 5253 1077 5306; x_wconf 77' lang='grc' dir='ltr'><strong>καὶ</strong></span> <span class='ocrx_word' id='word_1_714' title='bbox 1091 5251 1341 5324; x_wconf 31' lang='grc' dir='ltr'>,ἠφάνισε</span> <span class='ocrx_word' id='word_1_715' title='bbox 1367 5249 1689 5324; x_wconf 81' lang='grc' dir='ltr'>μυθολογία.</span> 
     </span>
    </p>
   </div>
   <div class='ocr_carea' id='block_1_99' title="bbox 546 5318 2058 5394">
    <p class='ocr_par' dir='ltr' id='par_1_99' title="bbox 546 5318 2058 5394">
     <span class='ocr_line' id='line_1_100' title="bbox 546 5318 2058 5394; baseline -0.004 -18"><span class='ocrx_word' id='word_1_716' title='bbox 546 5318 1253 5394; x_wconf 60' lang='grc' dir='ltr'>(54)’Πολιτευοάμέιλοις.</span> <span class='ocrx_word' id='word_1_717' title='bbox 1282 5318 1431 5378; x_wconf 64' lang='grc' dir='ltr'>(ὶοὶέι</span> <span class='ocrx_word' id='word_1_718' title='bbox 1478 5324 1688 5393; x_wconf 87' lang='lat' dir='ltr'><strong>primus</strong></span> <span class='ocrx_word' id='word_1_719' title='bbox 1714 5318 2058 5390; x_wconf 82' lang='grc' dir='ltr'>πολιτευομέ-</span> 
     </span>
    </p>
   </div>
   <div class='ocr_carea' id='block_1_100' title="bbox 475 5407 2056 5583">
    <p class='ocr_par' dir='ltr' id='par_1_100' title="bbox 475 5407 2056 5583">
     <span class='ocr_line' id='line_1_101' title="bbox 475 5407 2056 5583; baseline -0.003 -68"><span class='ocrx_word' id='word_1_720' title='bbox 475 5407 661 5583; x_wconf 54' lang='grc' dir='ltr'><strong>ἒὲἶέδ)</strong></span> <span class='ocrx_word' id='word_1_721' title='bbox 696 5462 1008 5531; x_wconf 80' lang='grc' dir='ltr'>Γραώδεις.</span> <span class='ocrx_word' id='word_1_722' title='bbox 1047 5462 1125 5517; x_wconf 85' lang='lat' dir='ltr'><strong>Ita</strong></span> <span class='ocrx_word' id='word_1_723' title='bbox 1156 5478 1291 5519; x_wconf 85' lang='lat' dir='ltr'><strong>mss.</strong></span> <span class='ocrx_word' id='word_1_724' title='bbox 1324 5462 1543 5518; x_wconf 89' lang='lat' dir='ltr'><strong>codices</strong></span> <span class='ocrx_word' id='word_1_725' title='bbox 1575 5476 1692 5518; x_wconf 81' lang='lat' dir='ltr'><strong>sex.</strong></span> <span class='ocrx_word' id='word_1_726' title='bbox 1726 5459 1868 5516; x_wconf 85' lang='lat' dir='ltr'><strong>Editi</strong></span> <span class='ocrx_word' id='word_1_727' title='bbox 1898 5476 2056 5531; x_wconf 86' lang='grc' dir='ltr'>γραι-</span> 
     </span>
     <span class='ocr_line' id='line_1_102' title="bbox 555 5550 651 5583; baseline 0.01 -1"><span class='ocrx_word' id='word_1_728' title='bbox 555 5550 651 5583; x_wconf 72' lang='grc' dir='ltr'>εις.</span> 
     </span>
    </p>
   </div>
   <div class='ocr_carea' id='block_1_101' title="bbox 554 5551 2060 5675">
    <p class='ocr_par' dir='ltr' id='par_1_101' title="bbox 554 5551 2060 5675">
     <span class='ocr_line' id='line_1_103' title="bbox 554 5551 2060 5675; baseline -0.007 -14"><span class='ocrx_word' id='word_1_729' title='bbox 554 5551 666 5671; x_wconf 55' lang='grc' dir='ltr'><strong>ῖὲἷί)</strong></span> <span class='ocrx_word' id='word_1_730' title='bbox 700 5604 955 5675; x_wconf 76' lang='grc' dir='ltr'>Ἄνωθεν</span> <span class='ocrx_word' id='word_1_731' title='bbox 998 5603 1449 5675; x_wconf 69' lang='grc' dir='ltr'>ἐπαγγέλλεται.</span> <span class='ocrx_word' id='word_1_732' title='bbox 1509 5603 1741 5659; x_wconf 70' lang='lat' dir='ltr'><strong>(lodices</strong></span> <span class='ocrx_word' id='word_1_733' title='bbox 1802 5599 1952 5653; x_wconf 83' lang='lat' dir='ltr'><strong>Harl.</strong></span> <span class='ocrx_word' id='word_1_734' title='bbox 2007 5605 2060 5653; x_wconf 74' lang='lat' dir='ltr'><strong>et</strong></span> 
     </span>
    </p>
   </div>
   <div class='ocr_carea' id='block_1_102' title="bbox 486 5670 1467 5737">
    <p class='ocr_par' dir='ltr' id='par_1_102' title="bbox 486 5670 1467 5737">
     <span class='ocr_line' id='line_1_104' title="bbox 486 5670 1467 5737; baseline -0.005 -6"><span class='ocrx_word' id='word_1_735' title='bbox 486 5670 624 5735; x_wconf 73' lang='lat' dir='ltr'><strong>Med.</strong></span> <span class='ocrx_word' id='word_1_736' title='bbox 654 5670 753 5726; x_wconf 69' lang='grc' dir='ltr'>καὶ</span> <span class='ocrx_word' id='word_1_737' title='bbox 784 5674 987 5729; x_wconf 81' lang='grc' dir='ltr'>ἄνωθεν</span> <span class='ocrx_word' id='word_1_738' title='bbox 1019 5670 1467 5737; x_wconf 66' lang='grc' dir='ltr'>ἐπαγγέλλεσθαι.</span> 
     </span>
    </p>
   </div>
   <div class='ocr_carea' id='block_1_103' title="bbox 2153 4404 3725 4487">
    <p class='ocr_par' dir='ltr' id='par_1_103' title="bbox 2153 4404 3725 4487">
     <span class='ocr_line' id='line_1_105' title="bbox 2153 4404 3725 4487; baseline -0.009 -16"><span class='ocrx_word' id='word_1_739' title='bbox 2153 4417 2426 4478; x_wconf 82' lang='grc' dir='ltr'>σκέπτως,</span> <span class='ocrx_word' id='word_1_740' title='bbox 2454 4414 2575 4487; x_wconf 87' lang='grc' dir='ltr'>μηδ’</span> <span class='ocrx_word' id='word_1_741' title='bbox 2608 4413 2845 4476; x_wconf 80' lang='grc' dir='ltr'>εὐκόλως</span> <span class='ocrx_word' id='word_1_742' title='bbox 2871 4410 3001 4483; x_wconf 71' lang='grc' dir='ltr'>περὶ</span> <span class='ocrx_word' id='word_1_743' title='bbox 3033 4408 3212 4464; x_wconf 86' lang='grc' dir='ltr'>αὐτῶν</span> <span class='ocrx_word' id='word_1_744' title='bbox 3240 4406 3555 4477; x_wconf 83' lang='grc' dir='ltr'>τυπώσητε.</span> <span class='ocrx_word' id='word_1_745' title='bbox 3587 4404 3725 4458; x_wconf 80' lang='grc' dir='ltr'>Ἀλλ’</span> 
     </span>
    </p>
   </div>
   <div class='ocr_carea' id='block_1_104' title="bbox 2223 4669 3727 4758">
    <p class='ocr_par' dir='ltr' id='par_1_104' title="bbox 2223 4669 3727 4758">
     <span class='ocr_line' id='line_1_106' title="bbox 2223 4669 3727 4758; baseline -0.011 -18"><span class='ocrx_word' id='word_1_746' title='bbox 2223 4685 2335 4758; x_wconf 76' lang='lat'><strong>(57)</strong></span> <span class='ocrx_word' id='word_1_747' title='bbox 2367 4683 2477 4738; x_wconf 80' lang='lat' dir='ltr'><strong>Kal</strong></span> <span class='ocrx_word' id='word_1_748' title='bbox 2506 4680 2749 4737; x_wconf 79' lang='grc' dir='ltr'>θυσίαν.</span> <span class='ocrx_word' id='word_1_749' title='bbox 2787 4675 2867 4732; x_wconf 91' lang='lat' dir='ltr'><strong>lta</strong></span> <span class='ocrx_word' id='word_1_750' title='bbox 2891 4691 2988 4733; x_wconf 77' lang='lat' dir='ltr'><strong>sex</strong></span> <span class='ocrx_word' id='word_1_751' title='bbox 3022 4690 3157 4731; x_wconf 88' lang='lat' dir='ltr'><strong>mss.</strong></span> <span class='ocrx_word' id='word_1_752' title='bbox 3186 4671 3428 4730; x_wconf 83' lang='lat' dir='ltr'><strong>codices.</strong></span> <span class='ocrx_word' id='word_1_753' title='bbox 3462 4669 3603 4725; x_wconf 85' lang='lat' dir='ltr'><strong>Editi</strong></span> <span class='ocrx_word' id='word_1_754' title='bbox 3635 4670 3727 4724; x_wconf 75' lang='grc' dir='ltr'>καὶ</span> 
     </span>
    </p>
   </div>
   <div class='ocr_carea' id='block_1_105' title="bbox 2153 4756 2364 4810">
    <p class='ocr_par' dir='ltr' id='par_1_105' title="bbox 2153 4756 2364 4810">
     <span class='ocr_line' id='line_1_107' title="bbox 2153 4756 2364 4810; baseline 0 0"><span class='ocrx_word' id='word_1_755' title='bbox 2153 4756 2364 4810; x_wconf 81' lang='grc' dir='ltr'>θυσίας.</span> 
     </span>
    </p>
   </div>
   <div class='ocr_carea' id='block_1_106' title="bbox 2226 4773 3719 4898">
    <p class='ocr_par' dir='ltr' id='par_1_106' title="bbox 2226 4773 3719 4898">
     <span class='ocr_line' id='line_1_108' title="bbox 2226 4773 3719 4898; baseline -0.012 -17"><span class='ocrx_word' id='word_1_756' title='bbox 2226 4773 2492 4898; x_wconf 57' lang='grc' dir='ltr'><strong>ῗὲἓῗίτὸτ</strong></span> <span class='ocrx_word' id='word_1_757' title='bbox 2517 4822 2784 4890; x_wconf 77' lang='grc' dir='ltr'>αἴροντα.</span> <span class='ocrx_word' id='word_1_758' title='bbox 2826 4817 2907 4873; x_wconf 87' lang='lat' dir='ltr'><strong>ita</strong></span> <span class='ocrx_word' id='word_1_759' title='bbox 2950 4823 3064 4872; x_wconf 85' lang='lat' dir='ltr'><strong>tres</strong></span> <span class='ocrx_word' id='word_1_760' title='bbox 3099 4813 3460 4870; x_wconf 89' lang='lat' dir='ltr'><strong>vetustissimi</strong></span> <span class='ocrx_word' id='word_1_761' title='bbox 3487 4810 3719 4866; x_wconf 89' lang='lat' dir='ltr'><strong>codices.</strong></span> 
     </span>
    </p>
   </div>
   <div class='ocr_carea' id='block_1_107' title="bbox 2154 4894 3717 4965">
    <p class='ocr_par' dir='ltr' id='par_1_107' title="bbox 2154 4894 3717 4965">
     <span class='ocr_line' id='line_1_109' title="bbox 2154 4894 3717 4965; baseline -0.008 -14"><span class='ocrx_word' id='word_1_762' title='bbox 2154 4894 2298 4951; x_wconf 85' lang='lat' dir='ltr'><strong>Editi</strong></span> <span class='ocrx_word' id='word_1_763' title='bbox 2322 4894 2423 4947; x_wconf 84' lang='grc' dir='ltr'>τὸν</span> <span class='ocrx_word' id='word_1_764' title='bbox 2454 4895 2682 4965; x_wconf 70' lang='grc' dir='ltr'>ἄραντα.</span> <span class='ocrx_word' id='word_1_765' title='bbox 2750 4963 2761 4965; x_wconf 92' lang='lat'>_</span> <span class='ocrx_word' id='word_1_766' title='bbox 2822 4960 2835 4965; x_wconf 85' lang='lat'><strong><em>_</em></strong></span> <span class='ocrx_word' id='word_1_767' title='bbox 3398 4959 3411 4965; x_wconf 84' lang='lat'>_</span> 
     </span>
    </p>
   </div>
   <div class='ocr_carea' id='block_1_108' title="bbox 2226 4953 3722 5037">
    <p class='ocr_par' dir='ltr' id='par_1_108' title="bbox 2226 4953 3722 5037">
     <span class='ocr_line' id='line_1_110' title="bbox 2226 4953 3722 5037; baseline -0.012 -17"><span class='ocrx_word' id='word_1_768' title='bbox 2226 4964 2345 5037; x_wconf 2' lang='lat'><strong>(59),</strong></span> <span class='ocrx_word' id='word_1_769' title='bbox 2377 4953 2591 5037; x_wconf 69' lang='grc' dir='ltr'>Ἄρὶνοι.</span> <span class='ocrx_word' id='word_1_770' title='bbox 2625 4961 2718 5017; x_wconf 91' lang='lat' dir='ltr'><strong>Sic</strong></span> <span class='ocrx_word' id='word_1_771' title='bbox 2749 4960 3181 5037; x_wconf 65' lang='lat' dir='ltr'><strong>b_abent_omncs</strong></span> <span class='ocrx_word' id='word_1_772' title='bbox 3205 4953 3419 5037; x_wconf 53' lang='lat' dir='ltr'><strong>editinet</strong></span> <span class='ocrx_word' id='word_1_773' title='bbox 3441 4966 3599 5037; x_wconf 72' lang='lat' dir='ltr'><strong>mss.,</strong></span> <span class='ocrx_word' id='word_1_774' title='bbox 3623 4953 3722 5037; x_wconf 68' lang='lat' dir='ltr'><strong>nisi</strong></span> 
     </span>
    </p>
   </div>
   <div class='ocr_carea' id='block_1_109' title="bbox 2196 5021 3723 5099">
    <p class='ocr_par' dir='ltr' id='par_1_109' title="bbox 2196 5021 3723 5099">
     <span class='ocr_line' id='line_1_111' title="bbox 2196 5021 3723 5099; baseline -0.012 -8"><span class='ocrx_word' id='word_1_775' title='bbox 2196 5021 2394 5091; x_wconf 54' lang='lat' dir='ltr'><strong>u‘od&#39;in</strong></span> <span class='ocrx_word' id='word_1_776' title='bbox 2427 5021 2619 5087; x_wconf 77' lang='lat' dir='ltr'><strong>codice</strong></span> <span class='ocrx_word' id='word_1_777' title='bbox 2645 5049 2747 5087; x_wconf 89' lang='lat' dir='ltr'><strong>ms.</strong></span> <span class='ocrx_word' id='word_1_778' title='bbox 2781 5030 3015 5099; x_wconf 84' lang='lat' dir='ltr'><strong>insignis</strong></span> <span class='ocrx_word' id='word_1_779' title='bbox 3045 5025 3303 5081; x_wconf 79' lang='lat' dir='ltr'><strong>Ecclesia:</strong></span> <span class='ocrx_word' id='word_1_780' title='bbox 3330 5021 3508 5076; x_wconf 83' lang='lat' dir='ltr'><strong>Paris.</strong></span> <span class='ocrx_word' id='word_1_781' title='bbox 3540 5021 3723 5092; x_wconf 83' lang='lat' dir='ltr'><strong>legitur</strong></span> 
     </span>
    </p>
   </div>
   <div class='ocr_carea' id='block_1_110' title="bbox 2156 5054 3660 5180">
    <p class='ocr_par' dir='ltr' id='par_1_110' title="bbox 2156 5054 3660 5180">
     <span class='ocr_line' id='line_1_112' title="bbox 2196 5054 3660 5099; baseline -0.012 -8"><span class='ocrx_word' id='word_1_782' title='bbox 2196 5054 2304 5091; x_wconf 83' lang='grc' dir='ltr'><strong>υοα</strong></span> <span class='ocrx_word' id='word_1_783' title='bbox 2339 5054 2394 5089; x_wconf 86' lang='grc'><strong>111</strong></span> <span class='ocrx_word' id='word_1_784' title='bbox 2427 5054 2619 5087; x_wconf 75' lang='lat' dir='ltr'><strong>COUICB</strong></span> <span class='ocrx_word' id='word_1_785' title='bbox 2645 5054 2747 5087; x_wconf 80' lang='lat' dir='ltr'>IIIS.</span> <span class='ocrx_word' id='word_1_786' title='bbox 2783 5054 3015 5099; x_wconf 68' lang='lat' dir='ltr'><strong>tnsugms</strong></span> <span class='ocrx_word' id='word_1_787' title='bbox 3046 5054 3303 5081; x_wconf 64' lang='lat' dir='ltr'><strong>LCchala:</strong></span> <span class='ocrx_word' id='word_1_788' title='bbox 3330 5054 3508 5076; x_wconf 67' lang='grc' dir='ltr'>ιαιιο.</span> <span class='ocrx_word' id='word_1_789' title='bbox 3540 5054 3660 5092; x_wconf 68' lang='grc' dir='ltr'>ιῠδιι</span> 
     </span>
     <span class='ocr_line' id='line_1_113' title="bbox 2156 5054 3660 5180; baseline 0 0"><span class='ocrx_word' id='word_1_790' title='bbox 2156 5054 2355 5180; x_wconf 53' lang='lat' dir='ltr'><strong>Et”???</strong></span> <span class='ocrx_word' id='word_1_791' title='bbox 2382 5112 2436 5180; x_wconf 65' lang='lat'><strong>9!</strong></span> <span class='ocrx_word' id='word_1_792' title='bbox 2473 5104 2638 5180; x_wconf 67' lang='grc' dir='ltr'><strong>Ρτέυιο</strong></span> <span class='ocrx_word' id='word_1_793' title='bbox 2668 5109 2792 5172; x_wconf 71' lang='grc' dir='ltr'><strong>Ροει</strong></span> <span class='ocrx_word' id='word_1_794' title='bbox 2823 5099 3111 5180; x_wconf 41' lang='lat' dir='ltr'><strong>Exim&quot;.</strong></span> <span class='ocrx_word' id='word_1_795' title='bbox 3267 5165 3280 5180; x_wconf 82' lang='lat'><strong>.</strong></span> <span class='ocrx_word' id='word_1_796' title='bbox 3531 5158 3660 5180; x_wconf 48' lang='lat' dir='ltr'><strong>ﬁ--.</strong></span> 
     </span>
    </p>
   </div>
   <div class='ocr_carea' id='block_1_111' title="bbox 2230 5158 3726 5248">
    <p class='ocr_par' dir='ltr' id='par_1_111' title="bbox 2230 5158 3726 5248">
     <span class='ocr_line' id='line_1_114' title="bbox 2230 5158 3726 5248; baseline -0.012 -19"><span class='ocrx_word' id='word_1_797' title='bbox 2230 5158 2352 5248; x_wconf 12' lang='lat'><strong>(7470).</strong></span> <span class='ocrx_word' id='word_1_798' title='bbox 2380 5158 2774 5248; x_wconf 59' lang='grc' dir='ltr'>Καξήρτηὲαι,</span> <span class='ocrx_word' id='word_1_799' title='bbox 2824 5158 3045 5248; x_wconf 55' lang='grc' dir='ltr'>δῆλος,</span> <span class='ocrx_word' id='word_1_800' title='bbox 3077 5166 3167 5247; x_wconf 73' lang='grc' dir='ltr'>ᾇτι</span> <span class='ocrx_word' id='word_1_801' title='bbox 3212 5165 3364 5248; x_wconf 43' lang='grc' dir='ltr'>τότ-ς’.</span> <span class='ocrx_word' id='word_1_802' title='bbox 3409 5158 3726 5248; x_wconf 15' lang='grc' dir='ltr'><strong>Ῠιξαπξξςξίιιε</strong></span> 
     </span>
    </p>
   </div>
   <div class='ocr_carea' id='block_1_112' title="bbox 2158 5231 3724 5315">
    <p class='ocr_par' dir='ltr' id='par_1_112' title="bbox 2158 5231 3724 5315">
     <span class='ocr_line' id='line_1_115' title="bbox 2158 5231 3724 5315; baseline -0.013 -13"><span class='ocrx_word' id='word_1_803' title='bbox 2158 5231 2412 5315; x_wconf 75' lang='grc' dir='ltr'>υιὲι-(ιίιο,</span> <span class='ocrx_word' id='word_1_804' title='bbox 2439 5231 2610 5315; x_wconf 60' lang='lat' dir='ltr'><strong>Coisl&#39;.</strong></span> <span class='ocrx_word' id='word_1_805' title='bbox 2631 5231 2953 5315; x_wconf 64' lang='lat' dir='ltr'><strong>secundus._</strong></span> <span class='ocrx_word' id='word_1_806' title='bbox 2978 5231 3156 5315; x_wconf 75' lang='lat' dir='ltr'><strong>Paris.</strong></span> <span class='ocrx_word' id='word_1_807' title='bbox 3199 5243 3249 5291; x_wconf 88' lang='lat' dir='ltr'><strong>et</strong></span> <span class='ocrx_word' id='word_1_808' title='bbox 3294 5233 3477 5304; x_wconf 87' lang='lat' dir='ltr'><strong>Bigot.</strong></span> <span class='ocrx_word' id='word_1_809' title='bbox 3508 5231 3648 5286; x_wconf 80' lang='lat' dir='ltr'><strong>Editi</strong></span> <span class='ocrx_word' id='word_1_810' title='bbox 3668 5231 3724 5289; x_wconf 72' lang='grc' dir='ltr'><strong>οὐ</strong></span> 
     </span>
    </p>
   </div>
   <div class='ocr_carea' id='block_1_113' title="bbox 2158 5306 3197 5389">
    <p class='ocr_par' dir='ltr' id='par_1_113' title="bbox 2158 5306 3197 5389">
     <span class='ocr_line' id='line_1_116' title="bbox 2158 5306 3197 5389; baseline -0.013 -17"><span class='ocrx_word' id='word_1_811' title='bbox 2158 5306 2533 5389; x_wconf 70' lang='grc' dir='ltr'>κατήργηται,</span> <span class='ocrx_word' id='word_1_812' title='bbox 2562 5311 2862 5389; x_wconf 49' lang='grc' dir='ltr'>δῆλον,.ὃτι</span> <span class='ocrx_word' id='word_1_813' title='bbox 2899 5306 3197 5389; x_wconf 52' lang='grc' dir='ltr'>οὐτε-τότε.</span> 
     </span>
    </p>
   </div>
   <div class='ocr_carea' id='block_1_114' title="bbox 2233 5370 3545 5457">
    <p class='ocr_par' dir='ltr' id='par_1_114' title="bbox 2233 5370 3545 5457">
     <span class='ocr_line' id='line_1_117' title="bbox 2233 5370 3545 5457; baseline -0.012 -16"><span class='ocrx_word' id='word_1_814' title='bbox 2233 5370 2692 5457; x_wconf 52' lang='grc' dir='ltr'>(4ἳίὴραῧτηὶι.</span> <span class='ocrx_word' id='word_1_815' title='bbox 2720 5370 2873 5457; x_wconf 59' lang='lat' dir='ltr'><strong>Harl.</strong></span> <span class='ocrx_word' id='word_1_816' title='bbox 2895 5386 2950 5457; x_wconf 76' lang='lat' dir='ltr'><strong>et</strong></span> <span class='ocrx_word' id='word_1_817' title='bbox 2987 5377 3133 5457; x_wconf 77' lang='lat' dir='ltr'><strong>Med.</strong></span> <span class='ocrx_word' id='word_1_818' title='bbox 3160 5378 3218 5429; x_wconf 91' lang='grc' dir='ltr'><strong>ἐν</strong></span> <span class='ocrx_word' id='word_1_819' title='bbox 3247 5370 3545 5457; x_wconf 63' lang='grc' dir='ltr'>πραότητι.</span> 
     </span>
    </p>
   </div>
   <div class='ocr_carea' id='block_1_115' title="bbox 2155 5434 3724 5526">
    <p class='ocr_par' dir='ltr' id='par_1_115' title="bbox 2155 5434 3724 5526">
     <span class='ocr_line' id='line_1_118' title="bbox 2155 5434 3724 5526; baseline -0.016 -10"><span class='ocrx_word' id='word_1_820' title='bbox 2155 5506 2159 5516; x_wconf 78' lang='grc'>,</span> <span class='ocrx_word' id='word_1_821' title='bbox 2376 5434 2727 5522; x_wconf 40' lang='lat' dir='ltr'><strong>&quot;ﬂebilem</strong></span> <span class='ocrx_word' id='word_1_822' title='bbox 2768 5451 2937 5507; x_wconf 87' lang='lat' dir='ltr'><strong>Coisl.</strong></span> <span class='ocrx_word' id='word_1_823' title='bbox 2980 5448 3196 5518; x_wconf 79' lang='lat' dir='ltr'><strong>primus</strong></span> <span class='ocrx_word' id='word_1_824' title='bbox 3243 5434 3550 5513; x_wconf 69' lang='grc' dir='ltr'>διαφυγεῖν.</span> <span class='ocrx_word' id='word_1_825' title='bbox 3595 5434 3724 5494; x_wconf 69' lang='lat' dir='ltr'><strong>Med.</strong></span> 
     </span>
    </p>
   </div>
   <div class='ocr_carea' id='block_1_116' title="bbox 2166 5527 2477 5581">
    <p class='ocr_par' dir='ltr' id='par_1_116' title="bbox 2166 5527 2477 5581">
     <span class='ocr_line' id='line_1_119' title="bbox 2166 5527 2477 5581; baseline -0.01 -2"><span class='ocrx_word' id='word_1_826' title='bbox 2166 5527 2477 5581; x_wconf 77' lang='grc' dir='ltr'>ἐκφεύγειν,</span> 
     </span>
    </p>
   </div>
   <div class='ocr_carea' id='block_1_117' title="bbox 2236 5542 3725 5668">
    <p class='ocr_par' dir='ltr' id='par_1_117' title="bbox 2236 5542 3725 5668">
     <span class='ocr_line' id='line_1_120' title="bbox 2236 5542 3725 5668; baseline -0.011 -17"><span class='ocrx_word' id='word_1_827' title='bbox 2236 5542 2801 5668; x_wconf 34' lang='grc' dir='ltr'>ῗιῗὲἶεὲἶξπομνῆοξιξι.</span> <span class='ocrx_word' id='word_1_828' title='bbox 2871 5589 3116 5658; x_wconf 84' lang='lat' dir='ltr'><strong>Quatuor</strong></span> <span class='ocrx_word' id='word_1_829' title='bbox 3160 5585 3378 5644; x_wconf 84' lang='lat' dir='ltr'><strong>codices</strong></span> <span class='ocrx_word' id='word_1_830' title='bbox 3439 5597 3546 5637; x_wconf 90' lang='lat' dir='ltr'><strong>non</strong></span> <span class='ocrx_word' id='word_1_831' title='bbox 3595 5580 3725 5635; x_wconf 66' lang='lat' dir='ltr'><strong>antiv</strong></span> 
     </span>
    </p>
   </div>
   <div class='ocr_carea' id='block_1_118' title="bbox 2169 5661 2941 5729">
    <p class='ocr_par' dir='ltr' id='par_1_118' title="bbox 2169 5661 2941 5729">
     <span class='ocr_line' id='line_1_121' title="bbox 2169 5661 2941 5729; baseline -0.013 -4"><span class='ocrx_word' id='word_1_832' title='bbox 2169 5661 2419 5729; x_wconf 77' lang='lat' dir='ltr'><strong>auiSsimi</strong></span> <span class='ocrx_word' id='word_1_833' title='bbox 2445 5661 2884 5725; x_wconf 72' lang='grc' dir='ltr'>ὑπομνησθῆναι.</span> <span class='ocrx_word' id='word_1_834' title='bbox 2938 5678 2941 5685; x_wconf 63' lang='grc' dir='ltr'><strong>λ</strong></span> 
     </span>
    </p>
   </div>
  </div>
