3874 6218
120 360 233 420 989

1011 361 1501 421 EPISTOLARUM
1541 363 1830 422 CLASSIS
1867 361 1931 418 ll.
1976 362 2198 420 EPIST.
2238 363 2483 420 CCLXV.

3287 363 3395 421 990

120 475 319 546 ἐπειδὴ
347 475 634 546 δογμάτων
663 475 852 529 ἕνεκεν
885 474 1100 531 ἀσεϐῶν
1127 477 1320 549 ἐξῆλθε
1345 479 1448 550 τῆς
1486 479 1716 551 Ἐκκλη-

1831 479 2074 542 logmata
2103 477 2300 532 exierit
2342 478 2434 534 ille
2464 493 2531 534 ex
2574 478 2844 545 Ecclesia,
2875 495 3104 535 necesse
3130 488 3216 534 est
3244 477 3394 535 illius

117 566 254 630 σίας
283 565 396 637 (44)
430 568 658 635 ἐκεῖνος,
698 568 826 631 τοὺς
860 569 1162 640 ἑπομένους
1203 570 1352 641 αὐτῷ
1393 573 1710 640 ἀναγκαῖον,

121 657 642 728 ἁναθεματίσαντας
705 660 924 732 ἐκείνην
992 661 1091 732 τὴν
1149 662 1363 732 αἵρεσιν
1433 662 1577 717 οὕτω
1625 663 1712 716 δε-

121 751 298 811 κτοὺς
328 750 441 820 (45)
475 751 728 820 γενέσθαι
767 755 832 824 τῇ
877 753 1167 826 κοινωνίᾳ,
1209 755 1274 808 ἵν’
1321 757 1371 808 οἱ
1411 757 1541 827 ἡμῖν
1589 772 1702 808 συν-

122 839 427 909 απτόμενοι
451 839 518 893 δι’
552 841 704 912 ὑμῶν
739 840 892 914 παρὰ
928 843 1110 914 πάσης
1151 841 1384 914 δεχθῶσι
1415 845 1514 914 τῆς
1560 843 1714 897 ἀδελ-

127 929 386 1000 φότητος.
405 932 557 985 Ἐπεὶ
583 933 677 987 νῦν
713 951 778 1002 γε
819 935 879 987 οὐ
913 935 1108 1007 μετρία
1139 935 1372 1006 κατέσχε
1415 934 1558 1007 λύπη
1587 936 1713 1000 τοὺς

125 1023 387 1088 πολλοὺς,
414 1023 777 1092 ἀκούσαντας,
819 1027 900 1080 ὅτι
930 1027 1407 1099 παραγενομένους
1447 1027 1583 1100 πρὸς
1614 1027 1714 1098 τὴν

130 1113 414 1185 ὑμετέραν
445 1116 736 1188 τιμιότητα
769 1117 866 1171 καὶ
897 1117 1269 1190 προσήκασθε,
1305 1119 1398 1172 καὶ
1431 1119 1716 1179 κοινωνίας

126 1203 324 1267 αὐτοῖς
353 1204 812 1278 ὲκκλησιαστικῆς
845 1207 1202 1278 μετεδώκατε.
1227 1207 1488 1276 Καίτοιγε
1515 1209 1715 1261 εἰδέναι

125 1295 285 1365 ὑμᾶς
324 1297 512 1368 ἐχρῆν,
557 1297 639 1351 ὅτι
661 1301 728 1370 τῇ
758 1298 854 1353 τοῦ
892 1297 1028 1352 Θεοῦ
1061 1300 1246 1371 χάριτι
1285 1298 1410 1352 οὒτε
1443 1299 1587 1353 κατὰ
1614 1299 1715 1371 τὴν

150 1387 450 1460 Ἀνατολὴν
479 1387 627 1459 μόνοι
648 1389 804 1452 ἐστὲ,
845 1391 981 1446 ἀλλὰ
1026 1393 1121 1446 καὶ
1161 1391 1390 1456 πολλοὺς
1413 1393 1565 1462 ἔχετε
1615 1392 1717 1462 τῆς

127 1479 350 1534 ἑαυτῶν
403 1481 643 1553 μερίδος,
698 1481 748 1536 οἳ
799 1483 897 1555 τὴν
945 1483 1054 1536 τῶν
1108 1485 1369 1556 Πατέρων
1408 1485 1718 1539 ὲκδικοῦσιν

128 1571 469 1642 ὁρθοδοξίαν,
491 1573 600 1627 τῶν
635 1575 777 1629 κατὰ
803 1576 1040 1629 Νίκαιαν
1073 1576 1134 1629 τὸ
1166 1577 1386 1641 εὐσεϐὲς
1417 1577 1592 1648 δόγμα
1617 1577 1718 1648 τῆς

131 1665 381 1729 πίστεως
407 1666 748 1738 ἐκθεμένων·
779 1669 875 1722 καὶ
902 1668 953 1721 οἱ
977 1669 1078 1739 τῆς
1105 1669 1319 1732 Δύσεως
1351 1669 1549 1732 πάντες
1582 1669 1719 1740 σύμ-

132 1770 308 1823 φωνοι
350 1755 478 1826 ὑμῖν
507 1772 566 1808 τε
604 1757 698 1810 καὶ
739 1759 872 1829 ἡμῖν
909 1757 1268 1836 τυγχάνουσιν
1289 1775 1301 1788 ·
1332 1751 1406 1812 ὧν
1436 1758 1716 1830 δεξάμενοι

124 1843 240 1914 τῆς
269 1845 504 1910 πίστεως
528 1847 620 1900 τὸν
645 1847 811 1918 τόμον
832 1833 1028 1920 ἔχομεν
1054 1849 1185 1920 παρ’
1205 1849 1438 1912 ἑαυτοῖς,
1461 1849 1714 1918 ἑπόμενοι
1748 1833 1794 1894 Β

125 1937 321 1990 αὐτῶν
343 1941 410 2010 τῇ
444 1939 762 2012 ὑγιαινούσῃ
784 1940 895 2012 (46)
924 1941 1257 2014 διδασκαλίᾳ.
1277 1941 1426 1996 Ἔδει
1455 1937 1547 1996 οὖν
1579 1943 1717 1996 πάν-

123 2045 238 2093 τας
263 2029 370 2101 πλη
380 2030 724 2102 ροφορεῖσθαι
746 2031 872 2096 τοὺς
896 2033 954 2085 ἐν
973 2036 1039 2105 τῇ
1062 2033 1200 2106 αὐτῇ
1229 2033 1492 2106 συναφείᾳ
1519 2033 1720 2104 τυγχά-

127 2138 331 2186 νοντας
380 2122 530 2194 ὑμῖν,
565 2123 654 2176 ἵνα
698 2125 795 2177 καὶ
845 2123 914 2179 τὰ
945 2126 1208 2196 γινόμενα
1243 2125 1442 2198 μᾶλλον
1487 2124 1720 2196 βεϐαιωο

129 2214 207 2287 θῇ
233 2215 345 2286 (47)
375 2217 432 2269 ὲν
463 2219 530 2288 τῇ
574 2216 837 2271 πλειόνων
868 2217 1286 2288 συγκαταθέσει,
1330 2219 1424 2272 καὶ
1453 2220 1483 2290 ἡ
1526 2219 1718 2292 εἰρήνη

134 2307 219 2378 μὴ
261 2306 553 2374 διεσπᾶτο,
589 2307 650 2362 ὲν
694 2311 760 2379 τῇ
807 2325 970 2364 τινων
1007 2311 1307 2383 προσλήψει
1365 2311 1568 2382 ἐτέρων
1613 2313 1719 2380 ἀφ-

129 2399 475 2469 ισταμένων.
502 2400 690 2465 Οὕτως
711 2397 804 2458 οὖν
825 2399 893 2474 ἦν
914 2403 1126 2475 πρέπον
1155 2403 1546 2474 βουλεύσασθαι
1576 2405 1720 2476 ὑμᾶς

136 2490 417 2562 στιϐαρῶς
451 2493 547 2545 καὶ
593 2493 945 2566 πράιωςπερὶ⁴
984 2495 1328 2567 πραγμάτων
1359 2495 1562 2559 πάσαις
1599 2499 1722 2559 ταῖς

134 2580 286 2634 κατὰ
331 2583 431 2654 τὴν
469 2583 798 2655 οἰκουμένην
830 2584 1183 2655 Ἐκκλησίαις
1223 2583 1605 2655 διαφερόντων.
1644 2584 1720 2636 Οὐ

135 2672 253 2745 γὰρ
287 2674 315 2726 ό
350 2673 488 2744 ταχύ
523 2692 573 2728 τι
600 2675 936 2746 δογματίσας
967 2675 1272 2741 ἐπαινετὸς,
1301 2675 1416 2729 ἀλλ’
1451 2677 1480 2728 ό
1508 2675 1723 2744 παγίως

133 2765 238 2820 καὶ
296 2765 612 2830 ἁσαλεύτως
667 2768 876 2822 ἕκαστα
927 2770 1252 2834 κανονίσας,
1306 2769 1447 2822 ὥστε
1494 2769 1589 2822 καὶ
1643 2770 1723 2832 είς

133 2859 232 2912 τὸν
279 2858 418 2928 μετὰ
465 2859 638 2914 ταῦτα
685 2860 876 2932 χρόνον
920 2859 1315 2931 ἐξεταζομένην
1360 2859 1459 2930 τὴν
1496 2857 1722 2932 γνώμην

131 2951 518 3021 δοκιμωτέραν
553 2952 869 3022 φαίνεσθαι,
900 2949 1054 3017 οὗτος
1089 2953 1384 3016 ἁπόδεκτος
1423 2954 1517 3006 καὶ
1572 2952 1723 3022 παρὰ

133 3044 264 3116 Θεῷ
293 3045 388 3098 καὶ
411 3043 740 3116 ἀνθρώποις,
764 3045 840 3108 ὡς
867 3044 1167 3116 οἰκονομῶν
1190 3047 1318 3108 τοὺς
1340 3045 1532 3114 λόγους
1555 3045 1721 3098 αὑτοῦ

135 3138 202 3189 ὲν
233 3136 435 3208 κρίσει.
469 3135 674 3200 Ταῦτα,
704 3137 806 3190 ὅσα
845 3135 1016 3190 ἐδίδου
1054 3139 1189 3207 ἡμῖν
1220 3137 1253 3208 ἡ
1296 3136 1384 3190 διὰ
1416 3135 1509 3189 τοῦ
1539 3137 1723 3206 γράμ-

139 3246 316 3303 ματος
367 3228 574 3300 ὁμιλία,
624 3227 1157 3300 προσεφθεγξάμεθα
1207 3227 1362 3298 ὑμῶν
1409 3229 1509 3299 τὴν
1566 3227 1724 3280 εὐλά-

139 3322 319 3374 ϐειαν.
355 3321 640 3391 Παράσχοι
669 3321 726 3374 δὲ
759 3322 788 3373 ό
832 3320 1034 3392 Κύριος
1083 3322 1178 3372 καὶ
1215 3321 1295 3383 είς
1337 3321 1530 3373 ταυτὸν
1580 3320 1726 3390 ἡμᾶς

138 3410 396 3482 ἀλλήλοις
438 3411 690 3480 γενέσθαι
728 3409 892 3465 ποτέο
933 3410 1040 3473 ἵνα,
1074 3408 1252 3461 πάντα
1292 3407 1431 3478 πρὸς
1468 3424 1728 3478 καταρτι-

142 3503 286 3574 σμὸν
329 3502 438 3555 τῶν
476 3500 812 3572 Ἐκκλησιῶν
841 3499 934 3553 τοῦ
982 3498 1118 3552 Θεοῦ
1155 3497 1274 3569 μεθ’
1320 3497 1476 3568 ὑμῶν
1527 3499 1729 3550 οἰκονο-

145 3592 445 3663 μήσαντες,
483 3589 601 3660 μεθ’
635 3589 789 3660 ὑμῶν
819 3587 1100 3660 δεξώμεθα
1131 3587 1222 3640 τὸν
1253 3587 1442 3657 μισθὸν
1465 3587 1553 3640 τὸν
1579 3590 1727 3658 ἡτοι-

146 3682 430 3756 μασμένον
459 3682 612 3753 παρὰ
647 3681 744 3735 τοῦ
769 3681 978 3734 δικαίου
1013 3681 1200 3751 κριτοῦ
1234 3685 1348 3744 τοῖς
1387 3684 1601 3744 πιστοῖς
1635 3681 1728 3733 καὶ

142 3777 438 3848 φρονίμοις
466 3774 771 3846 οἰκονόμοις
788 3816 800 3829 .
821 3773 970 3837 Τέως
997 3773 1054 3826 δὲ
1083 3772 1178 3826 νῦν
1199 3772 1572 3840 καταξιώσατε
1597 3776 1728 3844 ἡμῖν

141 3870 468 3923 ἀποστεῖλαι
509 3869 608 3933 τὰς
662 3867 984 3941 προτάσεις,
1045 3869 1128 3937 ἐφ’
1163 3864 1251 3932 αῖς
1304 3867 1554 3933 ἐδέξασθε
1604 3868 1729 3931 τοὺς

141 3962 492 4027 Μαρκέλλου,
522 3963 697 4016 έκεῖνο
719 3959 939 4026 είδοτες,
961 3961 1042 4014 ὅτι
1075 3960 1177 4014 κᾶν
1206 3963 1344 4016 πάνυ
1369 3961 1430 4013 τὸ
1458 3960 1581 4014 καθ’
1607 3963 1730 4013 ἑαυ-

219 4141 267 4173 ³⁹
287 4141 435 4196 Psal.
458 4156 569 4206 cxr,
601 4141 656 4198 5.

222 4299 338 4371 (44)
393 4299 648 4368 Ἐξῆλθε
674 4299 785 4368 τῆς
828 4299 1210 4371 Ἐκκλησήίαςι
1256 4297 1452 4371 Mirum
1484 4297 1546 4371 id
1579 4297 1729 4371 vide-

141 4368 240 4426 tur
270 4368 344 4444 ac
387 4373 564 4441 prima
614 4375 798 4444 specie
825 4373 937 4444 ‘vix
970 4368 1615 4444 credibile,_Mar_cellu_m
1663 4369 1732 4423 ob

146 4441 350 4511 impios
381 4437 600 4495 errores
627 4437 693 4495 ex
716 4440 956 4495 Ecclesia
985 4440 1206 4511 exiisse.
1234 4437 1369 4491 Nam
1406 4438 1463 4491 S.
1489 4438 1732 4491 Athana-

1815 577 2139 634 sectatores,
2173 570 2635 625 auathematizata
2664 571 2756 625 illa
2787 572 3004 638 haeresi,
3036 571 3116 626 sic
3145 570 3212 625 ad
3241 585 3395 624 com-

1813 660 2132 714 munionem
2159 660 2395 724 admitti,
2419 667 2479 716 ut
2524 661 2620 731 qui
2649 661 2814 716 nobis
2854 661 3135 730 conjuncti
3169 676 3264 730 per
3293 674 3395 718 vos

1815 750 2054 815 fuerint,
2100 751 2169 805 ab
2218 752 2370 806 omni
2422 753 2771 823 recipiantur
2815 751 3182 809 fraternitate.
3236 751 3396 808 Nunc

1813 842 1959 898 enim
2003 843 2252 913 pluribus
2304 859 2415 900 non
2461 843 2758 900 mediocris
2791 843 2949 899 dolor
2992 843 3260 910 inﬁictus,
3301 843 3396 899 ubi

1815 935 2111 990 audierunt
2148 949 2244 991 eos
2274 935 2341 990 ad
2372 945 2615 990 vestram
2656 935 3026 1006 praestantiam
3058 933 3396 1006 ﬁll-acet}

1813 1026 2032 1089 dentes,
2059 1034 2115 1081 et
2152 1025 2426 1082 admissos
2455 1041 2578 1081 esse
2613 1041 2644 1080 a
2672 1025 2864 1091 vobis,
2898 1033 2955 1080 et
2987 1025 3396 1079 communionis

1814 1117 2207 1173 ecclesiasticae
2232 1116 2411 1172 factos
2437 1133 2562 1172 esse
2584 1117 2901 1188 participes.
2929 1115 3010 1170 Ac
3038 1131 3137 1171 vos
3174 1114 3395 1186 quidem

1815 1224 1917 1280 par
1953 1216 2073 1264 erat
2097 1209 2423 1280 intelligere,
2457 1209 2549 1263 Dei
2579 1209 2754 1280 gratia
2785 1223 2888 1265 nec
2919 1208 2977 1263 in
2999 1207 3222 1263 Oriente
3247 1207 3396 1262 solos

1817 1316 1915 1357 vos
1959 1316 2114 1364 esse,
2163 1301 2260 1357 sed
2299 1308 2354 1356 et
2397 1301 2602 1356 multos
2639 1300 2846 1356 habere
2875 1299 3396 1363 communicatores,

1816 1391 2040 1447 Patrum
2066 1393 2308 1457 illorum,
2330 1393 2426 1464 qui
2450 1391 2644 1446 Nicaeae
2674 1392 2824 1462 pium
2854 1389 2978 1446 ﬁdei
3005 1389 3201 1461 dogma
3229 1405 3398 1460 espo-

1821 1491 2076 1544 suerunt,
2136 1491 2289 1539 recte
2335 1483 2462 1539 ﬁdei
2508 1483 2869 1551 defensores;
2911 1491 2967 1538 et
3013 1483 3071 1538 in
3100 1481 3399 1538 Occidente

1818 1591 2012 1632 omnes
2044 1577 2326 1631 vobiscum
2359 1591 2424 1631 ac
2453 1577 2739 1632 nobiscum
2777 1575 3088 1632 consentire
3117 1593 3131 1631 :
3163 1590 3397 1646 quorum

1821 1669 1947 1724 fidei
2002 1678 2210 1722 tomum
2259 1675 2544 1737 acceptum
2590 1665 2736 1737 apud
2773 1682 2876 1722 nos
2919 1663 3294 1728 custodimus,
3345 1672 3399 1719 et

1821 1777 2009 1817 sanam
2054 1763 2301 1832 ipsorum
2341 1760 2647 1814 doctrinam
2693 1759 2994 1830 sequimur.
3031 1757 3264 1813 Decebat
3297 1755 3398 1827 igi-

1823 1862 1933 1919 tur,
1976 1854 2259 1916 omnibus,
2305 1852 2398 1923 qui
2429 1855 2486 1906 in
2528 1851 2719 1908 eadem
2769 1867 2834 1906 ac
2876 1866 2975 1906 vos
3012 1847 3399 1906 communione

1819 1956 1979 2010 sunt,
2023 1944 2310 2010 satisﬁeri,
2344 1953 2405 1999 ut
2454 1959 2544 1999 res
2573 1952 2738 2015 gestae
2771 1943 2947 2013 magis
2997 1942 3281 2000 ﬁrmentur
3329 1959 3397 2000 ex

1820 2039 2117 2093 multorum
2142 2052 2437 2102 consensu,
2468 2050 2576 2092 nec
2597 2051 2704 2106 pax
2733 2035 3038 2099 scindatur,
3065 2036 3189 2091 aliis
3211 2036 3399 2092 absce-

1821 2129 2076 2185 dentibus
2101 2128 2229 2183 dum
2265 2127 2358 2182 alii
2392 2126 2782 2182 admittuntur.
2837 2125 2931 2181 Sic
2985 2127 3152 2198 igitur
3172 2128 3400 2183 decebat

1820 2219 2114 2275 concilium
2143 2233 2174 2272 a
2203 2219 2360 2274 vobis
2387 2218 2624 2290 graviter
2651 2232 2715 2272 ac
2741 2217 2949 2273 leniter
2980 2217 3105 2272 iniri
3138 2217 3206 2273 de
3235 2221 3402 2274 rebus

1821 2314 1892 2368 ad
1939 2327 2128 2368 omnes
2177 2311 2328 2367 orbis
2370 2319 2640 2367 terrarum
2673 2309 2952 2366 Ecclesias
3003 2311 3400 2382 spectantibus.

1821 2403 1940 2459 Non
1962 2405 2107 2458 enim
2133 2405 2226 2472 qui
2257 2403 2367 2457 cito
2407 2402 2614 2472 aliquid
2641 2402 2907 2471 decernit.
2942 2400 3246 2456 laudandus
3277 2410 3402 2467 est;

1823 2496 1918 2551 sed
1947 2495 2042 2566 qui
2087 2494 2240 2548 ﬁrma
2271 2503 2325 2548 et
2356 2494 2621 2548 immobili
2649 2509 2842 2548 norma
2887 2493 3072 2548 omnia
3096 2493 3400 2556 constituit,

1825 2585 1962 2640 adeo
2004 2592 2064 2639 ut
2106 2585 2416 2640 examinata
2447 2585 2803 2654 subsequenti
2845 2593 3090 2655 tempore
3132 2588 3402 2641 sententia

1822 2679 2104 2749 probatior
2149 2686 2203 2732 et
2244 2677 2543 2748 spectatior
2574 2678 2684 2742 fiat,
2742 2677 2791 2733 is
2841 2676 2953 2732 Deo
2984 2685 3038 2733 et
3083 2679 3403 2735 hominibus

1824 2782 2081 2840 acceptus
2123 2777 2247 2833 est,
2291 2777 2351 2823 ut
2397 2769 2490 2840 qui
2535 2785 2818 2825 sermones
2865 2785 2995 2826 suos
3043 2769 3297 2840 disponat
3347 2770 3403 2824 in

1819 2861 2118 2933 judicio”.
2147 2859 2242 2916 llis
2275 2861 2478 2924 verbis,
2512 2869 2774 2930 quantum
2807 2876 2904 2930 per
2934 2861 3144 2916 litteras
3165 2860 3403 2930 colloqui

1824 2951 1958 3006 mihi
2010 2952 2199 3013 licuit,
2252 2951 2509 3021 pietatem
2555 2959 2792 3004 vestram
2853 2950 3193 3020 compellavi.
3249 2947 3405 3004 Faxit

1826 3051 2008 3099 autem
2044 3043 2310 3100 Dominus
2331 3083 2345 3108 ,
2388 3050 2446 3096 ut
2477 3056 2579 3097 nos
2608 3052 2798 3096 mutuo
2828 3043 3120 3113 aliquando
3150 3043 3205 3096 in
3234 3059 3403 3096 unum

1827 3136 2222 3191 conveniamus
2251 3155 2263 3190 :
2294 3144 2352 3189 ut
2404 3135 2586 3189 omnia
2624 3134 2692 3188 ad
2731 3133 3100 3190 Erclesiarum
3139 3133 3232 3189 Dei
3273 3150 3406 3190 con-

1828 3227 2148 3283 cinnitatem
2183 3229 2468 3284 vobiscum
2499 3226 2924 3290 constituentes,
2961 3227 3240 3281 vobiscum
3272 3227 3406 3281 reci-

1827 3319 2354 3390 piamusmercedem
2373 3327 2734 3390 praeparatam
2755 3318 3139 3388 ajustojudice
3155 3316 3408 3372 ﬁdelibus

1829 3409 2298 3480 prudentibusque
2322 3409 2830 3479 dispensatoribus!
2872 3407 3027 3462 Nunc
3061 3408 3278 3462 interim
3320 3407 3401 3462 di-

1829 3501 2074 3569 gnemini
2095 3501 2159 3554 ad
2179 3515 2264 3554 me
2293 3499 2698 3569 propositiones
2727 3499 2961 3560 mittere,
2995 3499 3194 3568 quibus
3220 3513 3406 3553 assen-

1828 3594 2032 3648 tientes
2077 3591 2318 3646 Marcelli
2361 3591 2666 3661 discipulos
2715 3592 3034 3660 recepistis;
3077 3589 3220 3645 haud
3272 3590 3406 3644 illud

1831 3685 2169 3756 ignorantes,
2197 3686 2411 3740 etiamsi
2436 3684 2660 3738 omnino
2691 3685 2742 3738 id
2777 3684 2922 3754 quod
2963 3685 3019 3738 in
3049 3684 3204 3738 vobis
3241 3683 3406 3738 situm

1830 3788 1948 3844 est,
1988 3791 2199 3834 sartum
2237 3785 2552 3846 tectumque
2591 3777 2898 3846 praestetis,
2933 3792 3043 3831 non
3085 3786 3266 3830 tamen
3309 3788 3406 3829 vos

1830 3887 1946 3926 rem
1999 3871 2137 3925 tanti
2181 3870 2447 3924 momenti
2495 3869 2902 3939 vobismetipsis
2945 3867 3238 3924 attribuere
3275 3866 3406 3923 solis

1831 3963 2066 4028 debere;
2109 3961 2206 4016 sed
2241 3967 2518 4030 oportere,
2557 3967 2694 4014 utet
2731 3942 3129 4022 Occidentales,
3153 3967 3208 4012 et
3226 3957 3318 4030 qui
3350 3955 3407 4012 in

1834 4302 2187 4364 Athanasius,
2221 4315 2360 4368 Opus
2385 4299 2705 4354 habuissent
2732 4299 2880 4353 illius
2912 4297 3168 4368 discipuli
3193 4298 3399 4356 confes-

1835 4375 1991 4428 sione
2027 4371 2147 4425 ﬁdei
2180 4371 2247 4424 ad
2283 4370 2680 4440 impetrandam
2713 4371 3091 4440 confessorum
3114 4368 3408 4440 rAﬂgyplio-

1835 4459 1958 4496 rum
1985 4440 2422 4495 connnnnionem
2457 4457 2470 4493 :
2502 4454 2604 4493 nec
2635 4439 2830 4494 Petrus
2863 4439 3148 4493 Athanasii
3188 4439 3408 4495 succes-

147 4509 268 4566 sius
297 4517 612 4581 suspectum
644 4511 798 4564 illum
829 4512 1070 4581 quidem,
1103 4509 1198 4564 sed
1229 4517 1408 4562 tamen
1444 4517 1732 4581 purgatum
1768 4515 1810 4569 D
1841 4529 1932 4567 sor
1965 4527 2206 4564 canones
2246 4512 2499 4581 violatos,
2541 4524 2805 4564 concessa
2829 4509 2964 4581 illis
3005 4511 3410 4573 communione,

149 4581 368 4646 habuit,
400 4577 544 4635 teste
574 4577 901 4650 Epiphanio,
935 4582 1129 4634 ha:res.
1164 4594 1336 4650 Lutl,
1363 4593 1415 4646 p.
1436 4577 1567 4650 7857.
1596 4577 1735 4632 l-liue

149 4653 304 4708 illius
354 4649 1176 4718 discipulicommunieatorias
1225 4649 1527 4704 beatissimi
1584 4664 1736 4719 papae

149 4722 438 4775 Athanasii
481 4721 693 4776 litteras
735 4722 1096 4776 ostenderunt
1123 4719 1535 4790 confessoribus
1561 4719 1732 4790 Egy-

149 4792 305 4865 ptiis,
356 4791 488 4845 ibid.
528 4791 846 4865 ‘pag.__845.
885 4791 1144 4865 Testatur
1200 4787 1732 4865 idem.EApiphani_us

149 4858 306 4916 varia
354 4876 477 4916 esse
517 4858 926 4916 Catholicorum
959 4861 1027 4914 de
1061 4859 1316 4913 Marcello
1351 4858 1579 4927 judicia,
1610 4861 1733 4916 aliis

150 4947 280 4986 eum
317 4930 732 4994 accusantibus,
773 4932 898 4986 aliis
949 4929 1391 4991 defendentibus,
1435 4943 1558 4998 pag.
1605 4931 1728 4984 854.

150 5001 419 5056 Paulinus
465 5001 585 5070 ejus
635 5002 936 5072 discipulos
979 5002 1107 5072 sine
1135 4999 1457 5072 discrimine
1496 5001 1732 5072 recipie-

154 5073 273 5139 bal,
299 5080 358 5125 ut
392 5072 445 5125 in
478 5067 763 5141 superiore
779 5067 1023 5141 'epistola
1058 5067 1469 5141 vidimus._lp_se
1495 5067 1732 5126 Basilius

152 5145 210 5197 in
245 5137 510 5213 epist.769
536 5137 784 5213 queritur
809 5137 953 5213 quod
983 5156 1120 5213 eum_
1138 5137 1383 5213 Ecclesia
1403 5137 1645 5213 Romana
1677 5141 1732 5195 in

148 5209 598 5267 eonﬁnunionein
626 5212 695 5266 ab
722 5209 879 5266 initio
907 5210 1261 5279 suscepisset.
1292 5209 1575 5274 Quomodo
1601 5227 1732 5280 ergo

151 5284 360 5337 exiisse
387 5283 588 5351 dicitur
620 5297 688 5337 ex
734 5280 1104 5351 Ecclesiaiqui
1138 5287 1217 5351 tot
1257 5280 1446 5332 habuit
1487 5295 1732 5335 commu-

152 5354 474 5408 nicalores'!
511 5350 618 5406 Sed
657 5359 838 5406 tamen
885 5351 944 5408 S.
989 5350 1173 5406 Basilii
1211 5351 1579 5404 testimonium
1605 5367 1728 5405 cum

153 5439 255 5478 sua
287 5432 482 5492 sponte
506 5423 694 5492 magni
725 5429 810 5478 est
841 5421 1102 5477 momenti
1135 5425 1266 5492 (non
1288 5419 1431 5492 enim
1470 5427 1528 5492 ut
1561 5421 1614 5474 in
1644 5423 1732 5476 di-

149 5489 470 5563 iudicandis
503 5489 742 5546 Mar'celli
784 5493 1026 5563 scriptis,
1075 5489 1152 5563 ita
1189 5490 1258 5563 in;
1284 5489 1552 5558 ejusmodi
1591 5491 1732 5546 facto

155 5561 403 5633 proclive
450 5563 553 5615 fuit
595 5564 824 5630 errare),
871 5561 986 5617 tum
1035 5562 1200 5616 etiam
1248 5561 1362 5633 hoc
1407 5571 1732 5629 argumento

151 5630 519 5702 [conﬁrmatur
563 5633 710 5702 quod
761 5633 1102 5702 Athanasius
1140 5630 1400 5686 extremis
1449 5634 1572 5684 vita:
1619 5648 1733 5688 sua:

158 5703 322 5758 annis
379 5701 693 5758 Marcellum
748 5719 778 5756 a
834 5701 1217 5758 communione
1271 5716 1368 5758 sua
1421 5704 1727 5756 removerit.

159 5773 350 5836 Neque
401 5775 566 5842 enim,
618 5774 666 5831 si
713 5788 928 5847 semper
981 5789 1106 5832 cum
1158 5788 1223 5829 eo
1271 5774 1728 5832 communit-asset

1838 4591 2180 4650 quereretur,
2231 4588 2288 4633 ut
2340 4579 2588 4650 videmus
2645 4581 2701 4650 in
2755 4579 2986 4650 epistola
3038 4581 3308 4647 sequenti,
3363 4583 3408 4635 si

1836 4649 2130 4722 Egyptum
2171 4653 2312 4722 inter
2349 4664 2414 4702 ac
2466 4649 2795 4704 Marcellum
2825 4649 3304 4722 ejttsqueclerttnt
3356 4658 3410 4704 et

1877 4716 2048 4783 lebém
2085 4735 2195 4775 non
2225 4721 2419 4774 fuisset
2455 4727 2616 4789 rupta
2647 4719 2982 4789 connnunio.
3020 4716 3246 4772 Videtur
3281 4734 3410 4789 ergo

1866 4792 2125 4846 larcellus
2166 4791 2269 4846 sub
2303 4792 2465 4842 linem
2516 4787 2641 4843 vitae
2685 4787 2889 4856 aliquid
2937 4803 3215 4857 peccasse,
3263 4787 3408 4858 qudd

1835 4862 2196 4916 Anathasium
2232 4861 2300 4912 ab
2329 4859 2452 4928 ejus
2502 4859 2886 4913 communione
2925 4858 3207 4928 discedere
3251 4874 3410 4928 coge-

1836 4941 1921 4987 ret
1955 4952 1968 4986 :
2005 4939 2060 4986 et
2087 4947 2212 4986 cum
2237 4926 2556 4998 jamdudum
2589 4943 2618 4980 a
2646 4935 2759 4981 toto
2791 4928 2904 4981 fere
2933 4926 3156 4982 Oriente
3183 4926 3409 4983 damna-

1834 5010 1926 5056 tus
1951 5010 2116 5066 esset,
2163 4997 2365 5054 amissa
2394 4998 2680 5052 Athanasii
2709 4997 3115 5059 communione,
3140 5013 3260 5066 qua:
3284 4999 3410 5052 uni-

1836 5086 1960 5125 cum
1994 5073 2107 5126 fere
2138 5071 2286 5124 illius
2309 5067 2582 5138 refugium
2611 5073 2749 5130 erat,
2779 5067 3029 5138 desertus
3051 5068 3120 5122 ab
3149 5068 3409 5124 omnibus

1834 5141 2008 5196 videri
2042 5141 2250 5204 debuit,
2296 5153 2398 5193 nec
2427 5137 2478 5193 ei
2521 5152 2682 5209 nova”
2709 5137 3009 5209 ignominia
3052 5145 3238 5209 notato
3279 5153 3411 5209 pro-

1833 5211 1994 5267 desse
2039 5223 2252 5281 poterat
2299 5223 2567 5264 concessa
2614 5205 2755 5262 olim'
2793 5223 2825 5261 a
2872 5205 3118 5262 Romana
3162 5205 3410 5263 Ecclesia

1835 5297 2013 5337 comm
2022 5299 2092 5336 un
2101 5297 2172 5336 IO.

1906 5351 2017 5422 (45)
2053 5352 2216 5405 Οὕτω
2238 5349 2508 5414 δεκτούς.
2539 5345 2650 5401 llas
2675 5361 2839 5402 voces
2862 5345 3172 5403 addidimus
3199 5363 3264 5402 ex
3288 5354 3412 5402 octo

1835 5438 1969 5478 mss.

1907 5492 2021 5564 (46)
2050 5489 2138 5564 ᾈΤῇ
2177 5489 2560 5564 ὑγιαινούσῃ.
2610 5487 2688 5542 lta
2722 5498 2833 5543 tres
2860 5487 3218 5544 vetustissimi
3259 5486 3410 5542 codi-

1833 5561 1947 5620 ces.
1983 5561 2127 5616 Editi
2156 5564 2222 5632 τῇ
2249 5561 2411 5632 ὑγιεῖ,

1907 5635 2017 5704 (47)
2050 5626 2653 5704 Βεϐάξφθῇηιιθμηὲτιῖ
2673 5635 2738 5704 ἐξ
2761 5626 2900 5681 Med.
2918 5626 3061 5704 Edili
3084 5627 3407 5704 ἐϐεϐαιώθη.

1835 5697 2036 5769 ibidem
2085 5703 2215 5757 editi
2247 5702 2303 5752 ἐν
2338 5702 2404 5770 τῇ
2419 5699 2539 5751 ’τῶν
2571 5697 2780 5750 πολλῶν
2817 5708 2869 5749 et
2913 5699 3221 5757 διέσπαστο,
3272 5697 3410 5758 Tres

1837 5775 2194 5834 vetustissimi
2230 5771 2443 5828 codices
2477 5771 2612 5826 utin
2647 5777 2812 5824 textu.
