  <div class='ocr_page' id='page_1' title='image "/cluster/home/n/w/nwhite01/storage/ocr_20150623/32/nnc1.0046978879/585.png"; bbox 0 0 3852 6224; ppageno 0'>
   <div class='ocr_carea' id='block_1_1' title="bbox 486 190 2087 259">
    <p class='ocr_par' dir='ltr' id='par_1_1' title="bbox 486 195 2087 259">
     <span class='ocr_line' id='line_1_1' title="bbox 486 195 2087 259; baseline 0 -3"><span class='ocrx_word' id='word_1_1' title='bbox 486 195 590 257; x_wconf 66' lang='grc' dir='ltr'>υνδ</span> <span class='ocrx_word' id='word_1_2' title='bbox 1384 240 1387 245; x_wconf 91' lang='grc'><strong><em>-</em></strong></span> <span class='ocrx_word' id='word_1_3' title='bbox 1783 222 1794 250; x_wconf 78' lang='grc' dir='ltr'><strong>ε</strong></span> <span class='ocrx_word' id='word_1_4' title='bbox 1817 202 1881 259; x_wconf 86' lang='lat' dir='ltr'><strong>S.</strong></span> <span class='ocrx_word' id='word_1_5' title='bbox 1923 201 2087 258; x_wconf 78' lang='lat' dir='ltr'><strong>BASI]</strong></span> 
     </span>
    </p>
   </div>
   <div class='ocr_carea' id='block_1_2' title="bbox 2193 190 3774 259">
    <p class='ocr_par' dir='ltr' id='par_1_2' title="bbox 2208 190 3774 258">
     <span class='ocr_line' id='line_1_2' title="bbox 2208 190 3774 258; baseline -0.006 -3"><span class='ocrx_word' id='word_1_6' title='bbox 2208 199 2427 258; x_wconf 76' lang='lat' dir='ltr'><strong>MAGNI</strong></span> <span class='ocrx_word' id='word_1_7' title='bbox 3668 190 3774 245; x_wconf 57' lang='grc' dir='ltr'><strong>επ</strong></span> 
     </span>
    </p>
   </div>
   <div class='ocr_carea' id='block_1_3' title="bbox 486 303 2087 386">
    <p class='ocr_par' dir='ltr' id='par_1_3' title="bbox 486 309 2069 384">
     <span class='ocr_line' id='line_1_3' title="bbox 486 309 2069 384; baseline 0.001 -15"><span class='ocrx_word' id='word_1_8' title='bbox 486 324 578 369; x_wconf 86' lang='lat' dir='ltr'><strong>cto</strong></span> <span class='ocrx_word' id='word_1_9' title='bbox 601 326 673 367; x_wconf 92' lang='lat' dir='ltr'><strong>ne</strong></span> <span class='ocrx_word' id='word_1_10' title='bbox 694 309 764 366; x_wconf 91' lang='lat' dir='ltr'><strong>ad</strong></span> <span class='ocrx_word' id='word_1_11' title='bbox 789 310 983 367; x_wconf 87' lang='lat' dir='ltr'><strong>horam</strong></span> <span class='ocrx_word' id='word_1_12' title='bbox 1008 312 1230 384; x_wconf 85' lang='lat' dir='ltr'><strong>quidem</strong></span> <span class='ocrx_word' id='word_1_13' title='bbox 1253 313 1673 372; x_wconf 84' lang='lat' dir='ltr'><strong>admisissemus</strong></span> <span class='ocrx_word' id='word_1_14' title='bbox 1702 330 1897 373; x_wconf 90' lang='lat' dir='ltr'><strong>eorum</strong></span> <span class='ocrx_word' id='word_1_15' title='bbox 1918 330 2069 372; x_wconf 69' lang='lat' dir='ltr'><strong>com~</strong></span> 
     </span>
    </p>
   </div>
   <div class='ocr_carea' id='block_1_4' title="bbox 2193 303 3772 386">
    <p class='ocr_par' dir='ltr' id='par_1_4' title="bbox 2193 303 3772 386">
     <span class='ocr_line' id='line_1_4' title="bbox 2193 303 3772 386; baseline -0.009 -17"><span class='ocrx_word' id='word_1_16' title='bbox 2193 316 2389 386; x_wconf 76' lang='grc' dir='ltr'>ιφειαν,</span> <span class='ocrx_word' id='word_1_17' title='bbox 2426 313 2477 365; x_wconf 93' lang='grc' dir='ltr'><strong>εί</strong></span> <span class='ocrx_word' id='word_1_18' title='bbox 2528 309 2826 376; x_wconf 80' lang='grc' dir='ltr'>σκάζοντας</span> <span class='ocrx_word' id='word_1_19' title='bbox 2864 309 3062 371; x_wconf 77' lang='grc' dir='ltr'>αὐτοὺς</span> <span class='ocrx_word' id='word_1_20' title='bbox 3095 306 3224 378; x_wconf 80' lang='grc' dir='ltr'>περὶ</span> <span class='ocrx_word' id='word_1_21' title='bbox 3258 305 3356 376; x_wconf 83' lang='grc' dir='ltr'>τὴν</span> <span class='ocrx_word' id='word_1_22' title='bbox 3386 304 3578 359; x_wconf 88' lang='grc' dir='ltr'>πίστιν</span> <span class='ocrx_word' id='word_1_23' title='bbox 3603 303 3772 374; x_wconf 78' lang='grc' dir='ltr'>εὖρο-</span> 
     </span>
    </p>
   </div>
   <div class='ocr_carea' id='block_1_5' title="bbox 486 397 2087 479">
    <p class='ocr_par' dir='ltr' id='par_1_5' title="bbox 486 403 2065 479">
     <span class='ocr_line' id='line_1_5' title="bbox 486 403 2065 479; baseline 0.002 -19"><span class='ocrx_word' id='word_1_24' title='bbox 486 403 828 471; x_wconf 87' lang='lat' dir='ltr'><strong>munionem,</strong></span> <span class='ocrx_word' id='word_1_25' title='bbox 878 404 924 462; x_wconf 89' lang='lat' dir='ltr'><strong>si</strong></span> <span class='ocrx_word' id='word_1_26' title='bbox 952 404 1082 464; x_wconf 85' lang='lat' dir='ltr'><strong>illos</strong></span> <span class='ocrx_word' id='word_1_27' title='bbox 1110 406 1169 461; x_wconf 90' lang='lat' dir='ltr'><strong>in</strong></span> <span class='ocrx_word' id='word_1_28' title='bbox 1198 405 1307 462; x_wconf 83' lang='lat' dir='ltr'><strong>fide</strong></span> <span class='ocrx_word' id='word_1_29' title='bbox 1337 407 1717 465; x_wconf 79' lang='lat' dir='ltr'><strong>claudicantes</strong></span> <span class='ocrx_word' id='word_1_30' title='bbox 1758 408 2065 479; x_wconf 89' lang='lat' dir='ltr'><strong>deprehen-</strong></span> 
     </span>
    </p>
   </div>
   <div class='ocr_carea' id='block_1_6' title="bbox 2193 397 3772 479">
    <p class='ocr_par' dir='ltr' id='par_1_6' title="bbox 2193 397 3772 473">
     <span class='ocr_line' id='line_1_6' title="bbox 2193 397 3772 473; baseline -0.007 -13"><span class='ocrx_word' id='word_1_31' title='bbox 2193 425 2293 462; x_wconf 83' lang='grc' dir='ltr'>ιεν.</span> <span class='ocrx_word' id='word_1_32' title='bbox 2341 405 2518 471; x_wconf 70' lang='grc' dir='ltr'>Ἀλλὰ,</span> <span class='ocrx_word' id='word_1_33' title='bbox 2554 406 2604 458; x_wconf 87' lang='grc' dir='ltr'><strong>εί</strong></span> <span class='ocrx_word' id='word_1_34' title='bbox 2634 403 2800 467; x_wconf 85' lang='grc' dir='ltr'>δοκεῖ,</span> <span class='ocrx_word' id='word_1_35' title='bbox 2828 401 2900 455; x_wconf 84' lang='grc' dir='ltr'>τὰ</span> <span class='ocrx_word' id='word_1_36' title='bbox 2940 398 3279 473; x_wconf 83' lang='grc' dir='ltr'><strong>παρελθόντα</strong></span> <span class='ocrx_word' id='word_1_37' title='bbox 3316 397 3603 467; x_wconf 79' lang='grc' dir='ltr'>ἐάσωμεν,</span> <span class='ocrx_word' id='word_1_38' title='bbox 3658 399 3772 459; x_wconf 73' lang='grc' dir='ltr'>τοῖς</span> 
     </span>
    </p>
   </div>
   <div class='ocr_carea' id='block_1_7' title="bbox 486 486 2087 571">
    <p class='ocr_par' dir='ltr' id='par_1_7' title="bbox 486 495 2068 571">
     <span class='ocr_line' id='line_1_7' title="bbox 486 495 2068 571; baseline 0.002 -19"><span class='ocrx_word' id='word_1_39' title='bbox 486 496 785 553; x_wconf 89' lang='lat' dir='ltr'><strong>dissemus.</strong></span> <span class='ocrx_word' id='word_1_40' title='bbox 817 495 949 565; x_wconf 87' lang='lat' dir='ltr'><strong>Sed,</strong></span> <span class='ocrx_word' id='word_1_41' title='bbox 990 498 1037 554; x_wconf 88' lang='lat' dir='ltr'><strong>si</strong></span> <span class='ocrx_word' id='word_1_42' title='bbox 1086 498 1386 568; x_wconf 77' lang='lat' dir='ltr'><strong>videbitur,</strong></span> <span class='ocrx_word' id='word_1_43' title='bbox 1419 500 1739 557; x_wconf 86' lang='lat' dir='ltr'><strong>omittamus</strong></span> <span class='ocrx_word' id='word_1_44' title='bbox 1766 502 2068 571; x_wconf 88' lang='lat' dir='ltr'><strong>praeterita,</strong></span> 
     </span>
    </p>
   </div>
   <div class='ocr_carea' id='block_1_8' title="bbox 2193 486 3775 571">
    <p class='ocr_par' dir='ltr' id='par_1_8' title="bbox 2193 486 3775 566">
     <span class='ocr_line' id='line_1_8' title="bbox 2193 486 3775 566; baseline -0.008 -16"><span class='ocrx_word' id='word_1_45' title='bbox 2193 499 2224 551; x_wconf 78' lang='grc' dir='ltr'><strong>ῐέ</strong></span> <span class='ocrx_word' id='word_1_46' title='bbox 2247 496 2446 566; x_wconf 74' lang='grc' dir='ltr'>ἐφεξῆς</span> <span class='ocrx_word' id='word_1_47' title='bbox 2466 496 2640 566; x_wconf 82' lang='grc' dir='ltr'>ἀρχήν</span> <span class='ocrx_word' id='word_1_48' title='bbox 2662 511 2782 548; x_wconf 90' lang='grc' dir='ltr'>τινα</span> <span class='ocrx_word' id='word_1_49' title='bbox 2800 490 2982 563; x_wconf 84' lang='grc' dir='ltr'>δῶμεν</span> <span class='ocrx_word' id='word_1_50' title='bbox 3002 489 3303 562; x_wconf 85' lang='grc' dir='ltr'>είρηνικήν.</span> <span class='ocrx_word' id='word_1_51' title='bbox 3323 486 3630 559; x_wconf 75' lang='grc' dir='ltr'>Χρῄζομεν</span> <span class='ocrx_word' id='word_1_52' title='bbox 3662 486 3775 557; x_wconf 73' lang='grc' dir='ltr'><strong>γάρ</strong></span> 
     </span>
    </p>
   </div>
   <div class='ocr_carea' id='block_1_9' title="bbox 488 580 2087 663">
    <p class='ocr_par' dir='ltr' id='par_1_9' title="bbox 488 589 2064 663">
     <span class='ocr_line' id='line_1_9' title="bbox 488 589 2064 663; baseline 0 -18"><span class='ocrx_word' id='word_1_53' title='bbox 488 591 690 649; x_wconf 86' lang='lat' dir='ltr'><strong>futuris</strong></span> <span class='ocrx_word' id='word_1_54' title='bbox 734 597 920 646; x_wconf 89' lang='lat' dir='ltr'><strong>autem</strong></span> <span class='ocrx_word' id='word_1_55' title='bbox 968 589 1189 645; x_wconf 91' lang='lat' dir='ltr'><strong>initium</strong></span> <span class='ocrx_word' id='word_1_56' title='bbox 1245 591 1467 661; x_wconf 87' lang='lat' dir='ltr'><strong>aliquod</strong></span> <span class='ocrx_word' id='word_1_57' title='bbox 1521 591 1714 647; x_wconf 89' lang='lat' dir='ltr'><strong>demus</strong></span> <span class='ocrx_word' id='word_1_58' title='bbox 1753 592 2064 663; x_wconf 89' lang='lat' dir='ltr'><strong>paciﬁcum.</strong></span> 
     </span>
    </p>
   </div>
   <div class='ocr_carea' id='block_1_10' title="bbox 2193 580 3778 663">
    <p class='ocr_par' dir='ltr' id='par_1_10' title="bbox 2193 580 3778 661">
     <span class='ocr_line' id='line_1_10' title="bbox 2193 580 3778 661; baseline -0.008 -20"><span class='ocrx_word' id='word_1_59' title='bbox 2193 589 2414 661; x_wconf 84' lang='grc' dir='ltr'>ιλλήλων</span> <span class='ocrx_word' id='word_1_60' title='bbox 2438 587 2637 649; x_wconf 85' lang='grc' dir='ltr'>πάντες</span> <span class='ocrx_word' id='word_1_61' title='bbox 2666 583 2811 638; x_wconf 86' lang='grc' dir='ltr'><strong>κατά</strong></span> <span class='ocrx_word' id='word_1_62' title='bbox 2837 584 2935 655; x_wconf 82' lang='grc' dir='ltr'>τὴν</span> <span class='ocrx_word' id='word_1_63' title='bbox 2962 582 3071 637; x_wconf 86' lang='grc' dir='ltr'><strong>τῶν</strong></span> <span class='ocrx_word' id='word_1_64' title='bbox 3102 580 3280 653; x_wconf 85' lang='grc' dir='ltr'>μελῶν</span> <span class='ocrx_word' id='word_1_65' title='bbox 3308 580 3637 644; x_wconf 81' lang='grc' dir='ltr'><strong>κοινωνίαν,</strong></span> <span class='ocrx_word' id='word_1_66' title='bbox 3676 580 3778 631; x_wconf 75' lang='grc' dir='ltr'>καὶ</span> 
     </span>
    </p>
   </div>
   <div class='ocr_carea' id='block_1_11' title="bbox 484 670 2087 755">
    <p class='ocr_par' dir='ltr' id='par_1_11' title="bbox 484 679 2068 755">
     <span class='ocr_line' id='line_1_11' title="bbox 484 679 2068 755; baseline 0.003 -19"><span class='ocrx_word' id='word_1_67' title='bbox 484 679 623 737; x_wconf 84' lang='lat' dir='ltr'><strong>Nam</strong></span> <span class='ocrx_word' id='word_1_68' title='bbox 673 682 835 739; x_wconf 89' lang='lat' dir='ltr'><strong>nobis</strong></span> <span class='ocrx_word' id='word_1_69' title='bbox 881 682 1119 738; x_wconf 86' lang='lat' dir='ltr'><strong>invicem</strong></span> <span class='ocrx_word' id='word_1_70' title='bbox 1167 682 1478 755; x_wconf 81' lang='lat' dir='ltr'><strong>indigemus</strong></span> <span class='ocrx_word' id='word_1_71' title='bbox 1524 699 1717 741; x_wconf 91' lang='lat' dir='ltr'><strong>omnes</strong></span> <span class='ocrx_word' id='word_1_72' title='bbox 1762 684 2068 741; x_wconf 90' lang='lat' dir='ltr'><strong>secundum</strong></span> 
     </span>
    </p>
   </div>
   <div class='ocr_carea' id='block_1_12' title="bbox 2193 670 3778 755">
    <p class='ocr_par' dir='ltr' id='par_1_12' title="bbox 2193 670 3778 749">
     <span class='ocr_line' id='line_1_12' title="bbox 2193 670 3778 749; baseline -0.007 -14"><span class='ocrx_word' id='word_1_73' title='bbox 2193 681 2406 735; x_wconf 81' lang='grc' dir='ltr'>ιάλιστα</span> <span class='ocrx_word' id='word_1_74' title='bbox 2430 680 2546 745; x_wconf 85' lang='grc' dir='ltr'>νῦν,</span> <span class='ocrx_word' id='word_1_75' title='bbox 2569 681 2659 732; x_wconf 85' lang='grc' dir='ltr'>ὅτε</span> <span class='ocrx_word' id='word_1_76' title='bbox 2690 679 2748 732; x_wconf 86' lang='grc' dir='ltr'>αἱ</span> <span class='ocrx_word' id='word_1_77' title='bbox 2778 678 2876 749; x_wconf 81' lang='grc' dir='ltr'>τῆς</span> <span class='ocrx_word' id='word_1_78' title='bbox 2900 674 3189 746; x_wconf 86' lang='grc' dir='ltr'>Ἀνατολῆς</span> <span class='ocrx_word' id='word_1_79' title='bbox 3233 670 3561 744; x_wconf 85' lang='grc' dir='ltr'>Ἐκκλησίαι</span> <span class='ocrx_word' id='word_1_80' title='bbox 3627 672 3778 742; x_wconf 67' lang='grc' dir='ltr'>πρὸς</span> 
     </span>
    </p>
   </div>
   <div class='ocr_carea' id='block_1_13' title="bbox 486 764 2087 847">
    <p class='ocr_par' dir='ltr' id='par_1_13' title="bbox 486 776 2069 847">
     <span class='ocr_line' id='line_1_13' title="bbox 486 776 2069 847; baseline 0.001 -17"><span class='ocrx_word' id='word_1_81' title='bbox 486 776 862 832; x_wconf 86' lang='lat' dir='ltr'><strong>membrorum</strong></span> <span class='ocrx_word' id='word_1_82' title='bbox 887 777 1231 840; x_wconf 86' lang='lat' dir='ltr'><strong>societatem,</strong></span> <span class='ocrx_word' id='word_1_83' title='bbox 1273 783 1330 831; x_wconf 89' lang='lat' dir='ltr'><strong>et</strong></span> <span class='ocrx_word' id='word_1_84' title='bbox 1376 777 1612 833; x_wconf 79' lang='lat' dir='ltr'><strong>maxime</strong></span> <span class='ocrx_word' id='word_1_85' title='bbox 1640 780 1895 847; x_wconf 69' lang='lat' dir='ltr'><strong>praesenti</strong></span> <span class='ocrx_word' id='word_1_86' title='bbox 1928 785 2069 834; x_wconf 88' lang='lat' dir='ltr'><strong>tem-</strong></span> 
     </span>
    </p>
   </div>
   <div class='ocr_carea' id='block_1_14' title="bbox 2193 764 3782 847">
    <p class='ocr_par' dir='ltr' id='par_1_14' title="bbox 2193 764 3782 845">
     <span class='ocr_line' id='line_1_14' title="bbox 2193 764 3782 845; baseline -0.01 -17"><span class='ocrx_word' id='word_1_87' title='bbox 2193 774 2319 845; x_wconf 57' lang='grc' dir='ltr'><strong>λμᾶς</strong></span> <span class='ocrx_word' id='word_1_88' title='bbox 2348 772 2457 841; x_wconf 79' lang='lat'><strong>(59)</strong></span> <span class='ocrx_word' id='word_1_89' title='bbox 2495 769 2881 835; x_wconf 89' lang='grc' dir='ltr'>ἀποϐλέπουσι,</span> <span class='ocrx_word' id='word_1_90' title='bbox 2929 769 3026 822; x_wconf 76' lang='grc' dir='ltr'>καὶ</span> <span class='ocrx_word' id='word_1_91' title='bbox 3053 767 3154 837; x_wconf 82' lang='grc' dir='ltr'><strong>τὴν</strong></span> <span class='ocrx_word' id='word_1_92' title='bbox 3186 765 3283 836; x_wconf 79' lang='grc' dir='ltr'>μὲν</span> <span class='ocrx_word' id='word_1_93' title='bbox 3308 764 3592 835; x_wconf 75' lang='grc' dir='ltr'><strong>ὑμετέραν</strong></span> <span class='ocrx_word' id='word_1_94' title='bbox 3633 765 3782 833; x_wconf 79' lang='grc' dir='ltr'>ὁμό-</span> 
     </span>
    </p>
   </div>
   <div class='ocr_carea' id='block_1_15' title="bbox 489 857 2087 940">
    <p class='ocr_par' dir='ltr' id='par_1_15' title="bbox 489 865 2068 940">
     <span class='ocr_line' id='line_1_15' title="bbox 489 865 2068 940; baseline 0.003 -19"><span class='ocrx_word' id='word_1_95' title='bbox 489 881 644 938; x_wconf 88' lang='lat' dir='ltr'><strong>pore,</strong></span> <span class='ocrx_word' id='word_1_96' title='bbox 673 883 784 939; x_wconf 92' lang='lat' dir='ltr'><strong>quo</strong></span> <span class='ocrx_word' id='word_1_97' title='bbox 808 865 1048 924; x_wconf 77' lang='lat' dir='ltr'><strong>Orientis</strong></span> <span class='ocrx_word' id='word_1_98' title='bbox 1082 867 1340 922; x_wconf 68' lang='lat' dir='ltr'><strong>Ecclesia:</strong></span> <span class='ocrx_word' id='word_1_99' title='bbox 1392 868 1462 923; x_wconf 87' lang='lat' dir='ltr'><strong>ad</strong></span> <span class='ocrx_word' id='word_1_100' title='bbox 1502 884 1605 927; x_wconf 89' lang='lat' dir='ltr'><strong>nos</strong></span> <span class='ocrx_word' id='word_1_101' title='bbox 1634 871 1958 940; x_wconf 89' lang='lat' dir='ltr'><strong>respiciunt,</strong></span> <span class='ocrx_word' id='word_1_102' title='bbox 2003 883 2068 925; x_wconf 90' lang='lat' dir='ltr'><strong>ac</strong></span> 
     </span>
    </p>
   </div>
   <div class='ocr_carea' id='block_1_16' title="bbox 2193 857 3781 940">
    <p class='ocr_par' dir='ltr' id='par_1_16' title="bbox 2193 857 3781 938">
     <span class='ocr_line' id='line_1_16' title="bbox 2193 857 3781 938; baseline -0.008 -17"><span class='ocrx_word' id='word_1_103' title='bbox 2193 885 2317 922; x_wconf 82' lang='grc' dir='ltr'><strong>Ιοιαν</strong></span> <span class='ocrx_word' id='word_1_104' title='bbox 2343 864 2597 938; x_wconf 81' lang='grc' dir='ltr'>ἀφορμὴν</span> <span class='ocrx_word' id='word_1_105' title='bbox 2624 865 2706 927; x_wconf 84' lang='grc' dir='ltr'><strong>εἰς</strong></span> <span class='ocrx_word' id='word_1_106' title='bbox 2730 859 3032 935; x_wconf 76' lang='grc' dir='ltr'>στηριγμδν</span> <span class='ocrx_word' id='word_1_107' title='bbox 3068 860 3164 914; x_wconf 80' lang='grc' dir='ltr'>καὶ</span> <span class='ocrx_word' id='word_1_108' title='bbox 3191 857 3521 929; x_wconf 80' lang='grc' dir='ltr'>βεϐαιότητα</span> <span class='ocrx_word' id='word_1_109' title='bbox 3552 857 3781 926; x_wconf 76' lang='grc' dir='ltr'>λήψον-</span> 
     </span>
    </p>
   </div>
   <div class='ocr_carea' id='block_1_17' title="bbox 489 947 2087 1029">
    <p class='ocr_par' dir='ltr' id='par_1_17' title="bbox 489 957 2069 1029">
     <span class='ocr_line' id='line_1_17' title="bbox 489 957 2069 1029; baseline 0.003 -18"><span class='ocrx_word' id='word_1_110' title='bbox 489 965 675 1012; x_wconf 85' lang='lat' dir='ltr'><strong>vestra</strong></span> <span class='ocrx_word' id='word_1_111' title='bbox 706 958 928 1029; x_wconf 84' lang='lat' dir='ltr'><strong>quidem</strong></span> <span class='ocrx_word' id='word_1_112' title='bbox 972 958 1083 1015; x_wconf 90' lang='lat' dir='ltr'><strong>illis</strong></span> <span class='ocrx_word' id='word_1_113' title='bbox 1112 957 1414 1013; x_wconf 82' lang='lat' dir='ltr'><strong>concordia</strong></span> <span class='ocrx_word' id='word_1_114' title='bbox 1444 960 1662 1016; x_wconf 86' lang='lat' dir='ltr'><strong>roboris</strong></span> <span class='ocrx_word' id='word_1_115' title='bbox 1703 968 1757 1016; x_wconf 89' lang='lat' dir='ltr'><strong>et</strong></span> <span class='ocrx_word' id='word_1_116' title='bbox 1795 960 2069 1016; x_wconf 88' lang='lat' dir='ltr'><strong>ﬁrmitatis</strong></span> 
     </span>
    </p>
   </div>
   <div class='ocr_carea' id='block_1_18' title="bbox 2193 947 3781 1029">
    <p class='ocr_par' dir='ltr' id='par_1_18' title="bbox 2193 947 3781 1024">
     <span class='ocr_line' id='line_1_18' title="bbox 2193 947 3781 1024; baseline -0.008 -13"><span class='ocrx_word' id='word_1_117' title='bbox 2193 977 2287 1013; x_wconf 67' lang='grc' dir='ltr'>ῖαιο</span> <span class='ocrx_word' id='word_1_118' title='bbox 2320 959 2416 1013; x_wconf 82' lang='grc' dir='ltr'>ἐὰν</span> <span class='ocrx_word' id='word_1_119' title='bbox 2471 958 2528 1011; x_wconf 86' lang='grc' dir='ltr'>δὲ</span> <span class='ocrx_word' id='word_1_120' title='bbox 2582 956 2877 1011; x_wconf 70' lang='grc' dir='ltr'>αἴσθωνται</span> <span class='ocrx_word' id='word_1_121' title='bbox 2927 954 3070 1024; x_wconf 76' lang='grc' dir='ltr'>ὑμᾶς</span> <span class='ocrx_word' id='word_1_122' title='bbox 3116 953 3175 1005; x_wconf 80' lang='grc' dir='ltr'>ὲν</span> <span class='ocrx_word' id='word_1_123' title='bbox 3219 947 3428 1020; x_wconf 73' lang='grc' dir='ltr'>ὑποψίᾴ</span> <span class='ocrx_word' id='word_1_124' title='bbox 3456 949 3565 1002; x_wconf 61' lang='grc' dir='ltr'>τινὶ</span> <span class='ocrx_word' id='word_1_125' title='bbox 3636 949 3781 1020; x_wconf 75' lang='grc' dir='ltr'>πρὸς</span> 
     </span>
    </p>
   </div>
   <div class='ocr_carea' id='block_1_19' title="bbox 488 1040 2087 1124">
    <p class='ocr_par' dir='ltr' id='par_1_19' title="bbox 488 1051 2072 1124">
     <span class='ocr_line' id='line_1_19' title="bbox 488 1051 2072 1124; baseline 0.001 -17"><span class='ocrx_word' id='word_1_126' title='bbox 488 1051 594 1107; x_wconf 87' lang='lat' dir='ltr'><strong>erit</strong></span> <span class='ocrx_word' id='word_1_127' title='bbox 633 1052 895 1118; x_wconf 85' lang='lat' dir='ltr'><strong>occasio;</strong></span> <span class='ocrx_word' id='word_1_128' title='bbox 926 1051 1022 1107; x_wconf 86' lang='lat' dir='ltr'><strong>sed</strong></span> <span class='ocrx_word' id='word_1_129' title='bbox 1062 1051 1110 1108; x_wconf 88' lang='lat' dir='ltr'><strong>si</strong></span> <span class='ocrx_word' id='word_1_130' title='bbox 1140 1068 1237 1108; x_wconf 86' lang='lat' dir='ltr'><strong>vos</strong></span> <span class='ocrx_word' id='word_1_131' title='bbox 1267 1053 1510 1108; x_wconf 88' lang='lat' dir='ltr'><strong>sentiant</strong></span> <span class='ocrx_word' id='word_1_132' title='bbox 1539 1063 1728 1108; x_wconf 91' lang='lat' dir='ltr'><strong>mutua</strong></span> <span class='ocrx_word' id='word_1_133' title='bbox 1756 1053 1942 1124; x_wconf 88' lang='lat' dir='ltr'><strong>aliqua</strong></span> <span class='ocrx_word' id='word_1_134' title='bbox 1977 1068 2072 1110; x_wconf 88' lang='lat' dir='ltr'><strong>su-</strong></span> 
     </span>
    </p>
   </div>
   <div class='ocr_carea' id='block_1_20' title="bbox 2193 1040 3783 1124">
    <p class='ocr_par' dir='ltr' id='par_1_20' title="bbox 2193 1040 3783 1121">
     <span class='ocr_line' id='line_1_20' title="bbox 2193 1040 3783 1121; baseline -0.008 -19"><span class='ocrx_word' id='word_1_135' title='bbox 2193 1048 2435 1121; x_wconf 77' lang='grc' dir='ltr'>ὶλλήλους</span> <span class='ocrx_word' id='word_1_136' title='bbox 2459 1043 2620 1112; x_wconf 72' lang='grc' dir='ltr'>εἶναι,</span> <span class='ocrx_word' id='word_1_137' title='bbox 2644 1044 3033 1116; x_wconf 78' lang='grc' dir='ltr'><strong>ἐκλυθήσονται</strong></span> <span class='ocrx_word' id='word_1_138' title='bbox 3063 1043 3157 1096; x_wconf 76' lang='grc' dir='ltr'>καὶ</span> <span class='ocrx_word' id='word_1_139' title='bbox 3182 1044 3521 1114; x_wconf 88' lang='grc' dir='ltr'>παρήσουσιν</span> <span class='ocrx_word' id='word_1_140' title='bbox 3545 1040 3783 1094; x_wconf 76' lang='grc' dir='ltr'>ἑαυτῶν</span> 
     </span>
    </p>
   </div>
   <div class='ocr_carea' id='block_1_21' title="bbox 493 1132 2087 1214">
    <p class='ocr_par' dir='ltr' id='par_1_21' title="bbox 493 1139 2072 1213">
     <span class='ocr_line' id='line_1_21' title="bbox 493 1139 2072 1213; baseline -0.001 -17"><span class='ocrx_word' id='word_1_141' title='bbox 493 1139 744 1213; x_wconf 90' lang='lat' dir='ltr'><strong>spicione</strong></span> <span class='ocrx_word' id='word_1_142' title='bbox 773 1141 1049 1206; x_wconf 86' lang='lat' dir='ltr'><strong>laborare,</strong></span> <span class='ocrx_word' id='word_1_143' title='bbox 1078 1140 1426 1196; x_wconf 88' lang='lat' dir='ltr'><strong>resolventur</strong></span> <span class='ocrx_word' id='word_1_144' title='bbox 1453 1157 1518 1196; x_wconf 92' lang='lat' dir='ltr'><strong>ac</strong></span> <span class='ocrx_word' id='word_1_145' title='bbox 1548 1157 1745 1198; x_wconf 91' lang='lat' dir='ltr'><strong>manus</strong></span> <span class='ocrx_word' id='word_1_146' title='bbox 1771 1142 2072 1209; x_wconf 87' lang='lat' dir='ltr'><strong>remittent,</strong></span> 
     </span>
    </p>
   </div>
   <div class='ocr_carea' id='block_1_22' title="bbox 2193 1132 3778 1214">
    <p class='ocr_par' dir='ltr' id='par_1_22' title="bbox 2193 1132 3778 1214">
     <span class='ocr_line' id='line_1_22' title="bbox 2193 1132 3778 1214; baseline -0.006 -19"><span class='ocrx_word' id='word_1_147' title='bbox 2193 1142 2272 1206; x_wconf 76' lang='grc' dir='ltr'><strong>τὰς</strong></span> <span class='ocrx_word' id='word_1_148' title='bbox 2304 1144 2513 1214; x_wconf 77' lang='grc' dir='ltr'>χεῖρας,</span> <span class='ocrx_word' id='word_1_149' title='bbox 2534 1139 2673 1213; x_wconf 80' lang='grc' dir='ltr'>πρὸς</span> <span class='ocrx_word' id='word_1_150' title='bbox 2704 1137 2768 1193; x_wconf 80' lang='grc' dir='ltr'>τὸ</span> <span class='ocrx_word' id='word_1_151' title='bbox 2791 1138 2868 1211; x_wconf 82' lang='grc' dir='ltr'>μὴ</span> <span class='ocrx_word' id='word_1_152' title='bbox 2905 1136 3185 1207; x_wconf 76' lang='grc' dir='ltr'>ἀνταίρειν</span> <span class='ocrx_word' id='word_1_153' title='bbox 3213 1137 3326 1199; x_wconf 86' lang='grc' dir='ltr'>τοῖς</span> <span class='ocrx_word' id='word_1_154' title='bbox 3352 1132 3654 1205; x_wconf 82' lang='grc' dir='ltr'>πολεμίοις</span> <span class='ocrx_word' id='word_1_155' title='bbox 3673 1133 3778 1201; x_wconf 76' lang='grc' dir='ltr'>τῆς</span> 
     </span>
    </p>
   </div>
   <div class='ocr_carea' id='block_1_23' title="bbox 490 1232 1566 1306">
    <p class='ocr_par' dir='ltr' id='par_1_23' title="bbox 490 1232 1566 1306">
     <span class='ocr_line' id='line_1_23' title="bbox 490 1232 1566 1306; baseline 0.004 -19"><span class='ocrx_word' id='word_1_156' title='bbox 490 1234 792 1306; x_wconf 87' lang='lat' dir='ltr'><strong>quominus</strong></span> <span class='ocrx_word' id='word_1_157' title='bbox 822 1234 1108 1291; x_wconf 88' lang='lat' dir='ltr'><strong>obsistant</strong></span> <span class='ocrx_word' id='word_1_158' title='bbox 1137 1232 1259 1287; x_wconf 90' lang='lat' dir='ltr'><strong>ﬁdei</strong></span> <span class='ocrx_word' id='word_1_159' title='bbox 1293 1232 1566 1291; x_wconf 82' lang='lat' dir='ltr'><strong>hostibus.</strong></span> 
     </span>
    </p>
   </div>
   <div class='ocr_carea' id='block_1_24' title="bbox 925 1384 1646 1444">
    <p class='ocr_par' dir='ltr' id='par_1_24' title="bbox 925 1384 1646 1444">
     <span class='ocr_line' id='line_1_24' title="bbox 925 1384 1646 1444; baseline 0.006 -4"><span class='ocrx_word' id='word_1_160' title='bbox 925 1384 1265 1443; x_wconf 80' lang='lat' dir='ltr'><strong>EPISTOLA</strong></span> <span class='ocrx_word' id='word_1_161' title='bbox 1300 1384 1577 1443; x_wconf 81' lang='lat' dir='ltr'><strong>CCLXVil</strong></span> <span class='ocrx_word' id='word_1_162' title='bbox 1603 1386 1646 1444; x_wconf 72' lang='grc' dir='ltr'><strong><em>ὀ</em></strong></span> 
     </span>
    </p>
   </div>
   <div class='ocr_carea' id='block_1_25' title="bbox 2176 1232 2430 1297">
    <p class='ocr_par' dir='ltr' id='par_1_25' title="bbox 2176 1232 2430 1297">
     <span class='ocr_line' id='line_1_25' title="bbox 2176 1232 2430 1297; baseline 0.008 -11"><span class='ocrx_word' id='word_1_163' title='bbox 2176 1232 2430 1297; x_wconf 85' lang='grc' dir='ltr'>πίστεως.</span> 
     </span>
    </p>
   </div>
   <div class='ocr_carea' id='block_1_26' title="bbox 2688 1384 3227 1440">
    <p class='ocr_par' dir='ltr' id='par_1_26' title="bbox 2688 1384 3227 1440">
     <span class='ocr_line' id='line_1_26' title="bbox 2688 1384 3227 1440; baseline -0.002 -1"><span class='ocrx_word' id='word_1_164' title='bbox 2688 1384 3039 1440; x_wconf 84' lang='grc' dir='ltr'><strong>ΕΠΙΣΤΟΛΗ</strong></span> <span class='ocrx_word' id='word_1_165' title='bbox 3069 1384 3227 1438; x_wconf 61' lang='grc' dir='ltr'><strong>ΣΞΈ.</strong></span> 
     </span>
    </p>
   </div>
   <div class='ocr_carea' id='block_1_27' title="bbox 494 1517 3783 1593">
    <p class='ocr_par' dir='ltr' id='par_1_27' title="bbox 494 1517 3783 1593">
     <span class='ocr_line' id='line_1_27' title="bbox 494 1517 3783 1593; baseline -0.001 -23"><span class='ocrx_word' id='word_1_166' title='bbox 494 1518 708 1573; x_wconf 74' lang='lat' dir='ltr'><strong>Basilius</strong></span> <span class='ocrx_word' id='word_1_167' title='bbox 728 1519 896 1593; x_wconf 51' lang='lat' dir='ltr'><strong>gnavi</strong></span> <span class='ocrx_word' id='word_1_168' title='bbox 913 1522 1135 1586; x_wconf 82' lang='lat' dir='ltr'><strong>corporis</strong></span> <span class='ocrx_word' id='word_1_169' title='bbox 1175 1519 1471 1593; x_wconf 80' lang='lat' dir='ltr'><strong>inﬁrmitate,</strong></span> <span class='ocrx_word' id='word_1_170' title='bbox 1513 1520 1769 1587; x_wconf 85' lang='lat' dir='ltr'><strong>quominus</strong></span> <span class='ocrx_word' id='word_1_171' title='bbox 1814 1526 2021 1593; x_wconf 40' lang='lat' dir='ltr'><strong>Bai-sant</strong></span> <span class='ocrx_word' id='word_1_172' title='bbox 2039 1520 2250 1593; x_wconf 77' lang='lat' dir='ltr'><strong>’invisat,</strong></span> <span class='ocrx_word' id='word_1_173' title='bbox 2284 1530 2340 1593; x_wconf 83' lang='lat' dir='ltr'><strong>et_</strong></span> <span class='ocrx_word' id='word_1_174' title='bbox 2364 1521 2690 1593; x_wconf 73' lang='lat' dir='ltr'><strong>Ecclesiurum</strong></span> <span class='ocrx_word' id='word_1_175' title='bbox 2715 1521 3100 1593; x_wconf 37' lang='lat' dir='ltr'><strong>curaIdetenlus,</strong></span> <span class='ocrx_word' id='word_1_176' title='bbox 3123 1517 3370 1593; x_wconf 66' lang='lat' dir='ltr'><strong>desiderio</strong></span> <span class='ocrx_word' id='word_1_177' title='bbox 3404 1517 3783 1593; x_wconf 48' lang='lat' dir='ltr'><strong>8110.12715fo</strong></span> 
     </span>
    </p>
   </div>
   <div class='ocr_carea' id='block_1_28' title="bbox 552 1580 3777 1651">
    <p class='ocr_par' dir='ltr' id='par_1_28' title="bbox 552 1580 3777 1651">
     <span class='ocr_line' id='line_1_28' title="bbox 552 1580 3777 1651; baseline 0 -22"><span class='ocrx_word' id='word_1_178' title='bbox 552 1593 636 1632; x_wconf 84' lang='lat' dir='ltr'><strong>ras</strong></span> <span class='ocrx_word' id='word_1_179' title='bbox 663 1580 914 1651; x_wconf 62' lang='lat' dir='ltr'><strong>satisfecit,</strong></span> <span class='ocrx_word' id='word_1_180' title='bbox 958 1580 1159 1649; x_wconf 77' lang='lat' dir='ltr'><strong>euntque</strong></span> <span class='ocrx_word' id='word_1_181' title='bbox 1197 1580 1337 1651; x_wconf 71' lang='lat' dir='ltr'><strong>rogat</strong></span> <span class='ocrx_word' id='word_1_182' title='bbox 1378 1592 1431 1635; x_wconf 82' lang='lat' dir='ltr'><strong>ut</strong></span> <span class='ocrx_word' id='word_1_183' title='bbox 1458 1580 1558 1649; x_wconf 55' lang='lat' dir='ltr'><strong>&#39;pr&#39;o</strong></span> <span class='ocrx_word' id='word_1_184' title='bbox 1589 1596 1641 1637; x_wconf 86' lang='lat' dir='ltr'><strong>se</strong></span> <span class='ocrx_word' id='word_1_185' title='bbox 1675 1593 1719 1637; x_wconf 87' lang='lat' dir='ltr'><strong>et</strong></span> <span class='ocrx_word' id='word_1_186' title='bbox 1758 1599 1849 1649; x_wconf 88' lang='lat' dir='ltr'><strong>pro</strong></span> <span class='ocrx_word' id='word_1_187' title='bbox 1887 1585 2105 1638; x_wconf 72' lang='lat' dir='ltr'><strong>Ecclesia</strong></span> <span class='ocrx_word' id='word_1_188' title='bbox 2145 1580 2285 1649; x_wconf 79' lang='lat' dir='ltr'><strong>oret;</strong></span> <span class='ocrx_word' id='word_1_189' title='bbox 2309 1584 2420 1649; x_wconf 86' lang='lat' dir='ltr'><strong>jam</strong></span> <span class='ocrx_word' id='word_1_190' title='bbox 2450 1600 2502 1638; x_wconf 86' lang='lat' dir='ltr'><strong>se</strong></span> <span class='ocrx_word' id='word_1_191' title='bbox 2538 1587 2603 1636; x_wconf 79' lang='lat' dir='ltr'><strong>ad</strong></span> <span class='ocrx_word' id='word_1_192' title='bbox 2624 1598 2734 1639; x_wconf 87' lang='lat' dir='ltr'><strong>eum</strong></span> <span class='ocrx_word' id='word_1_193' title='bbox 2754 1581 3009 1647; x_wconf 81' lang='lat' dir='ltr'><strong>scripsisse</strong></span> <span class='ocrx_word' id='word_1_194' title='bbox 3029 1580 3263 1644; x_wconf 54' lang='lat' dir='ltr'><strong>declarat,</strong></span> <span class='ocrx_word' id='word_1_195' title='bbox 3283 1589 3329 1633; x_wconf 81' lang='lat' dir='ltr'><strong>et</strong></span> <span class='ocrx_word' id='word_1_196' title='bbox 3364 1580 3598 1645; x_wconf 65' lang='lat' dir='ltr'><strong>quedam</strong></span> <span class='ocrx_word' id='word_1_197' title='bbox 3622 1580 3777 1631; x_wconf 79' lang='lat' dir='ltr'><strong>mittit</strong></span> 
     </span>
    </p>
   </div>
   <div class='ocr_carea' id='block_1_29' title="bbox 552 1646 856 1696">
    <p class='ocr_par' dir='ltr' id='par_1_29' title="bbox 552 1646 856 1696">
     <span class='ocr_line' id='line_1_29' title="bbox 552 1646 856 1696; baseline 0.003 -1"><span class='ocrx_word' id='word_1_198' title='bbox 552 1646 856 1696; x_wconf 77' lang='lat' dir='ltr'><strong>munuscula.</strong></span> 
     </span>
    </p>
   </div>
   <div class='ocr_carea' id='block_1_30' title="bbox 741 1769 1835 1841">
    <p class='ocr_par' dir='ltr' id='par_1_30' title="bbox 741 1769 1835 1841">
     <span class='ocr_line' id='line_1_30' title="bbox 741 1769 1835 1841; baseline 0.002 -16"><span class='ocrx_word' id='word_1_199' title='bbox 741 1769 953 1840; x_wconf 73' lang='lat' dir='ltr'><strong>Barsaz,</strong></span> <span class='ocrx_word' id='word_1_200' title='bbox 991 1774 1232 1841; x_wconf 85' lang='lat' dir='ltr'><strong>episcopo</strong></span> <span class='ocrx_word' id='word_1_201' title='bbox 1273 1770 1512 1840; x_wconf 61' lang='lat' dir='ltr'><strong>Edessa},</strong></span> <span class='ocrx_word' id='word_1_202' title='bbox 1541 1773 1835 1828; x_wconf 74' lang='lat' dir='ltr'><strong>exsulanti.</strong></span> 
     </span>
    </p>
   </div>
   <div class='ocr_carea' id='block_1_31' title="bbox 569 1886 2075 1981">
    <p class='ocr_par' dir='ltr' id='par_1_31' title="bbox 569 1886 2075 1981">
     <span class='ocr_line' id='line_1_31' title="bbox 569 1886 2075 1981; baseline 0.002 -18"><span class='ocrx_word' id='word_1_203' title='bbox 569 1906 836 1980; x_wconf 82' lang='lat' dir='ltr'><strong>Equidem</strong></span> <span class='ocrx_word' id='word_1_204' title='bbox 878 1924 981 1981; x_wconf 92' lang='lat' dir='ltr'><strong>pro</strong></span> <span class='ocrx_word' id='word_1_205' title='bbox 1013 1924 1134 1965; x_wconf 91' lang='lat' dir='ltr'><strong>mea</strong></span> <span class='ocrx_word' id='word_1_206' title='bbox 1165 1909 1223 1964; x_wconf 87' lang='lat' dir='ltr'><strong>in</strong></span> <span class='ocrx_word' id='word_1_207' title='bbox 1249 1916 1399 1964; x_wconf 89' lang='lat' dir='ltr'><strong>tuam</strong></span> <span class='ocrx_word' id='word_1_208' title='bbox 1433 1886 1689 1981; x_wconf 67' lang='lat' dir='ltr'><strong>pietatem</strong></span> <span class='ocrx_word' id='word_1_209' title='bbox 1739 1911 1907 1966; x_wconf 87' lang='lat' dir='ltr'><strong>animi</strong></span> <span class='ocrx_word' id='word_1_210' title='bbox 1942 1908 2075 1967; x_wconf 62' lang='grc' dir='ltr'><strong>καθ.</strong></span> 
     </span>
    </p>
   </div>
   <div class='ocr_carea' id='block_1_32' title="bbox 496 2000 2075 2070">
    <p class='ocr_par' dir='ltr' id='par_1_32' title="bbox 496 2000 2075 2070">
     <span class='ocr_line' id='line_1_32' title="bbox 496 2000 2075 2070; baseline -0.001 -14"><span class='ocrx_word' id='word_1_211' title='bbox 496 2000 680 2056; x_wconf 89' lang='lat' dir='ltr'><strong>ctione</strong></span> <span class='ocrx_word' id='word_1_212' title='bbox 708 2008 1025 2070; x_wconf 82' lang='lat' dir='ltr'><strong>exoptarem</strong></span> <span class='ocrx_word' id='word_1_213' title='bbox 1049 2015 1237 2055; x_wconf 86' lang='lat' dir='ltr'><strong>coram</strong></span> <span class='ocrx_word' id='word_1_214' title='bbox 1264 2000 1482 2067; x_wconf 86' lang='lat' dir='ltr'><strong>adesse,</strong></span> <span class='ocrx_word' id='word_1_215' title='bbox 1513 2013 1568 2059; x_wconf 89' lang='lat' dir='ltr'><strong>et</strong></span> <span class='ocrx_word' id='word_1_216' title='bbox 1596 2015 1784 2056; x_wconf 85' lang='lat' dir='ltr'><strong>veram</strong></span> <span class='ocrx_word' id='word_1_217' title='bbox 1814 2009 1965 2056; x_wconf 89' lang='lat' dir='ltr'><strong>tuam</strong></span> <span class='ocrx_word' id='word_1_218' title='bbox 1989 2000 2075 2056; x_wconf 90' lang='lat' dir='ltr'><strong>di-</strong></span> 
     </span>
    </p>
   </div>
   <div class='ocr_carea' id='block_1_33' title="bbox 499 2089 2073 2161">
    <p class='ocr_par' dir='ltr' id='par_1_33' title="bbox 499 2089 2073 2161">
     <span class='ocr_line' id='line_1_33' title="bbox 499 2089 2073 2161; baseline -0.001 -16"><span class='ocrx_word' id='word_1_219' title='bbox 499 2090 787 2146; x_wconf 88' lang='lat' dir='ltr'><strong>lectionem</strong></span> <span class='ocrx_word' id='word_1_220' title='bbox 816 2105 914 2160; x_wconf 89' lang='lat' dir='ltr'><strong>per</strong></span> <span class='ocrx_word' id='word_1_221' title='bbox 942 2105 1029 2145; x_wconf 90' lang='lat' dir='ltr'><strong>me</strong></span> <span class='ocrx_word' id='word_1_222' title='bbox 1070 2091 1189 2161; x_wconf 89' lang='lat' dir='ltr'><strong>ipse</strong></span> <span class='ocrx_word' id='word_1_223' title='bbox 1230 2091 1505 2161; x_wconf 88' lang='lat' dir='ltr'><strong>amplecti,</strong></span> <span class='ocrx_word' id='word_1_224' title='bbox 1538 2105 1604 2146; x_wconf 92' lang='lat' dir='ltr'><strong>ac</strong></span> <span class='ocrx_word' id='word_1_225' title='bbox 1634 2089 1926 2145; x_wconf 90' lang='lat' dir='ltr'><strong>Dominum</strong></span> <span class='ocrx_word' id='word_1_226' title='bbox 1953 2090 2073 2161; x_wconf 80' lang='lat' dir='ltr'><strong>glo-</strong></span> 
     </span>
    </p>
   </div>
   <div class='ocr_carea' id='block_1_34' title="bbox 502 2180 2075 2252">
    <p class='ocr_par' dir='ltr' id='par_1_34' title="bbox 502 2180 2075 2252">
     <span class='ocr_line' id='line_1_34' title="bbox 502 2180 2075 2252; baseline -0.002 -14"><span class='ocrx_word' id='word_1_227' title='bbox 502 2181 740 2249; x_wconf 90' lang='lat' dir='ltr'><strong>riﬁcare,</strong></span> <span class='ocrx_word' id='word_1_228' title='bbox 772 2182 867 2252; x_wconf 88' lang='lat' dir='ltr'><strong>qui</strong></span> <span class='ocrx_word' id='word_1_229' title='bbox 897 2181 953 2236; x_wconf 92' lang='lat' dir='ltr'><strong>in</strong></span> <span class='ocrx_word' id='word_1_230' title='bbox 984 2189 1036 2237; x_wconf 88' lang='lat' dir='ltr'><strong>te</strong></span> <span class='ocrx_word' id='word_1_231' title='bbox 1066 2180 1449 2252; x_wconf 74' lang='lat' dir='ltr'><strong>magnificatus</strong></span> <span class='ocrx_word' id='word_1_232' title='bbox 1483 2190 1590 2247; x_wconf 89' lang='lat' dir='ltr'><strong>est,</strong></span> <span class='ocrx_word' id='word_1_233' title='bbox 1619 2195 1683 2235; x_wconf 91' lang='lat' dir='ltr'><strong>ac</strong></span> <span class='ocrx_word' id='word_1_234' title='bbox 1709 2182 2075 2236; x_wconf 79' lang='lat' dir='ltr'><strong>venerandam</strong></span> 
     </span>
    </p>
   </div>
   <div class='ocr_carea' id='block_1_35' title="bbox 502 2270 2074 2328">
    <p class='ocr_par' dir='ltr' id='par_1_35' title="bbox 502 2270 2074 2328">
     <span class='ocr_line' id='line_1_35' title="bbox 502 2270 2074 2328; baseline 0.002 -4"><span class='ocrx_word' id='word_1_235' title='bbox 502 2277 656 2325; x_wconf 90' lang='lat' dir='ltr'><strong>tuam</strong></span> <span class='ocrx_word' id='word_1_236' title='bbox 702 2280 1040 2327; x_wconf 86' lang='lat' dir='ltr'><strong>senectutem</strong></span> <span class='ocrx_word' id='word_1_237' title='bbox 1073 2271 1334 2327; x_wconf 89' lang='lat' dir='ltr'><strong>omnibus</strong></span> <span class='ocrx_word' id='word_1_238' title='bbox 1368 2270 1662 2327; x_wconf 88' lang='lat' dir='ltr'><strong>Dominum</strong></span> <span class='ocrx_word' id='word_1_239' title='bbox 1708 2272 1766 2327; x_wconf 90' lang='lat' dir='ltr'><strong>in</strong></span> <span class='ocrx_word' id='word_1_240' title='bbox 1800 2270 2074 2328; x_wconf 71' lang='lat' dir='ltr'><strong>terrarum</strong></span> 
     </span>
    </p>
   </div>
   <div class='ocr_carea' id='block_1_36' title="bbox 497 2362 2074 2435">
    <p class='ocr_par' dir='ltr' id='par_1_36' title="bbox 497 2362 2074 2435">
     <span class='ocr_line' id='line_1_36' title="bbox 497 2362 2074 2435; baseline 0.001 -18"><span class='ocrx_word' id='word_1_241' title='bbox 497 2362 636 2418; x_wconf 87' lang='lat' dir='ltr'><strong>orbe</strong></span> <span class='ocrx_word' id='word_1_242' title='bbox 664 2363 985 2419; x_wconf 87' lang='lat' dir='ltr'><strong>timentibus</strong></span> <span class='ocrx_word' id='word_1_243' title='bbox 1018 2364 1286 2419; x_wconf 84' lang='lat' dir='ltr'><strong>illustrem</strong></span> <span class='ocrx_word' id='word_1_244' title='bbox 1315 2379 1381 2419; x_wconf 91' lang='lat' dir='ltr'><strong>ac</strong></span> <span class='ocrx_word' id='word_1_245' title='bbox 1408 2365 1763 2435; x_wconf 89' lang='lat' dir='ltr'><strong>conspicuam</strong></span> <span class='ocrx_word' id='word_1_246' title='bbox 1803 2365 2074 2435; x_wconf 81' lang='lat' dir='ltr'><strong>praestitit.</strong></span> 
     </span>
    </p>
   </div>
   <div class='ocr_carea' id='block_1_37' title="bbox 503 2453 2076 2528">
    <p class='ocr_par' dir='ltr' id='par_1_37' title="bbox 503 2453 2076 2528">
     <span class='ocr_line' id='line_1_37' title="bbox 503 2453 2076 2528; baseline 0 -17"><span class='ocrx_word' id='word_1_247' title='bbox 503 2453 612 2511; x_wconf 87' lang='lat' dir='ltr'><strong>Sed</strong></span> <span class='ocrx_word' id='word_1_248' title='bbox 637 2455 767 2526; x_wconf 85' lang='lat' dir='ltr'><strong>quia</strong></span> <span class='ocrx_word' id='word_1_249' title='bbox 796 2463 851 2511; x_wconf 91' lang='lat' dir='ltr'><strong>et</strong></span> <span class='ocrx_word' id='word_1_250' title='bbox 884 2457 1070 2527; x_wconf 78' lang='lat' dir='ltr'><strong>gravis</strong></span> <span class='ocrx_word' id='word_1_251' title='bbox 1100 2458 1350 2528; x_wconf 87' lang='lat' dir='ltr'><strong>corporis</strong></span> <span class='ocrx_word' id='word_1_252' title='bbox 1388 2457 1680 2515; x_wconf 83' lang='lat' dir='ltr'><strong>infirmitas</strong></span> <span class='ocrx_word' id='word_1_253' title='bbox 1710 2473 1798 2512; x_wconf 86' lang='lat' dir='ltr'><strong>me</strong></span> <span class='ocrx_word' id='word_1_254' title='bbox 1830 2456 2076 2523; x_wconf 82' lang='lat' dir='ltr'><strong>afﬂictat,</strong></span> 
     </span>
    </p>
   </div>
   <div class='ocr_carea' id='block_1_38' title="bbox 500 2545 2078 2603">
    <p class='ocr_par' dir='ltr' id='par_1_38' title="bbox 500 2545 2078 2603">
     <span class='ocr_line' id='line_1_38' title="bbox 500 2545 2078 2603; baseline -0.001 0"><span class='ocrx_word' id='word_1_255' title='bbox 500 2557 560 2603; x_wconf 83' lang='lat' dir='ltr'><strong>et</strong></span> <span class='ocrx_word' id='word_1_256' title='bbox 592 2545 962 2603; x_wconf 83' lang='lat' dir='ltr'><strong>Ecclesiarum</strong></span> <span class='ocrx_word' id='word_1_257' title='bbox 1006 2562 1139 2602; x_wconf 89' lang='lat' dir='ltr'><strong>cura</strong></span> <span class='ocrx_word' id='word_1_258' title='bbox 1174 2563 1285 2603; x_wconf 89' lang='lat' dir='ltr'><strong>non</strong></span> <span class='ocrx_word' id='word_1_259' title='bbox 1327 2548 1657 2603; x_wconf 87' lang='lat' dir='ltr'><strong>enarrabilis</strong></span> <span class='ocrx_word' id='word_1_260' title='bbox 1688 2548 1819 2601; x_wconf 90' lang='lat' dir='ltr'><strong>mihi</strong></span> <span class='ocrx_word' id='word_1_261' title='bbox 1864 2548 2078 2602; x_wconf 88' lang='lat' dir='ltr'><strong>incum-</strong></span> 
     </span>
    </p>
   </div>
   <div class='ocr_carea' id='block_1_39' title="bbox 503 2638 2079 2711">
    <p class='ocr_par' dir='ltr' id='par_1_39' title="bbox 503 2638 2079 2711">
     <span class='ocr_line' id='line_1_39' title="bbox 503 2638 2079 2711; baseline -0.003 -15"><span class='ocrx_word' id='word_1_262' title='bbox 503 2641 604 2708; x_wconf 87' lang='lat' dir='ltr'><strong>bit,</strong></span> <span class='ocrx_word' id='word_1_263' title='bbox 640 2655 742 2696; x_wconf 91' lang='lat' dir='ltr'><strong>nec</strong></span> <span class='ocrx_word' id='word_1_264' title='bbox 780 2640 840 2695; x_wconf 92' lang='lat' dir='ltr'><strong>in</strong></span> <span class='ocrx_word' id='word_1_265' title='bbox 869 2655 987 2696; x_wconf 88' lang='lat' dir='ltr'><strong>mea</strong></span> <span class='ocrx_word' id='word_1_266' title='bbox 1024 2641 1193 2695; x_wconf 89' lang='lat' dir='ltr'><strong>situm</strong></span> <span class='ocrx_word' id='word_1_267' title='bbox 1232 2654 1319 2696; x_wconf 85' lang='lat' dir='ltr'><strong>est</strong></span> <span class='ocrx_word' id='word_1_268' title='bbox 1346 2647 1639 2711; x_wconf 82' lang='lat' dir='ltr'><strong>potestate,</strong></span> <span class='ocrx_word' id='word_1_269' title='bbox 1690 2647 1750 2693; x_wconf 89' lang='lat' dir='ltr'><strong>ut</strong></span> <span class='ocrx_word' id='word_1_270' title='bbox 1779 2653 1889 2709; x_wconf 94' lang='lat' dir='ltr'><strong>quo</strong></span> <span class='ocrx_word' id='word_1_271' title='bbox 1921 2638 2079 2693; x_wconf 67' lang='lat' dir='ltr'><strong>velint</strong></span> 
     </span>
    </p>
   </div>
   <div class='ocr_carea' id='block_1_40' title="bbox 503 2732 2082 2804">
    <p class='ocr_par' dir='ltr' id='par_1_40' title="bbox 503 2732 2082 2804">
     <span class='ocr_line' id='line_1_40' title="bbox 503 2732 2082 2804; baseline -0.003 -15"><span class='ocrx_word' id='word_1_272' title='bbox 503 2733 856 2801; x_wconf 84' lang='lat' dir='ltr'><strong>proﬁciscar,</strong></span> <span class='ocrx_word' id='word_1_273' title='bbox 907 2741 962 2788; x_wconf 92' lang='lat' dir='ltr'><strong>et</strong></span> <span class='ocrx_word' id='word_1_274' title='bbox 1011 2732 1340 2804; x_wconf 78' lang='lat' dir='ltr'><strong>congrediar</strong></span> <span class='ocrx_word' id='word_1_275' title='bbox 1384 2732 1713 2803; x_wconf 88' lang='lat' dir='ltr'><strong>quibuscum</strong></span> <span class='ocrx_word' id='word_1_276' title='bbox 1748 2732 1944 2802; x_wconf 92' lang='lat' dir='ltr'><strong>cupio;</strong></span> <span class='ocrx_word' id='word_1_277' title='bbox 1983 2746 2082 2801; x_wconf 87' lang='lat' dir='ltr'><strong>per</strong></span> 
     </span>
    </p>
   </div>
   <div class='ocr_carea' id='block_1_41' title="bbox 503 2823 2084 2894">
    <p class='ocr_par' dir='ltr' id='par_1_41' title="bbox 503 2823 2084 2894">
     <span class='ocr_line' id='line_1_41' title="bbox 503 2823 2084 2894; baseline -0.002 -14"><span class='ocrx_word' id='word_1_278' title='bbox 503 2824 719 2882; x_wconf 81' lang='lat' dir='ltr'><strong>litteras</strong></span> <span class='ocrx_word' id='word_1_279' title='bbox 753 2824 901 2880; x_wconf 88' lang='lat' dir='ltr'><strong>lenio</strong></span> <span class='ocrx_word' id='word_1_280' title='bbox 943 2839 1127 2880; x_wconf 89' lang='lat' dir='ltr'><strong>meum</strong></span> <span class='ocrx_word' id='word_1_281' title='bbox 1177 2824 1361 2891; x_wconf 89' lang='lat' dir='ltr'><strong>bonis,</strong></span> <span class='ocrx_word' id='word_1_282' title='bbox 1408 2838 1531 2894; x_wconf 77' lang='lat' dir='ltr'><strong>qua:</strong></span> <span class='ocrx_word' id='word_1_283' title='bbox 1579 2823 1637 2878; x_wconf 90' lang='lat' dir='ltr'><strong>in</strong></span> <span class='ocrx_word' id='word_1_284' title='bbox 1679 2833 1733 2878; x_wconf 93' lang='lat' dir='ltr'><strong>te</strong></span> <span class='ocrx_word' id='word_1_285' title='bbox 1762 2831 1913 2889; x_wconf 90' lang='lat' dir='ltr'><strong>sunt,</strong></span> <span class='ocrx_word' id='word_1_286' title='bbox 1960 2838 2084 2892; x_wconf 55' lang='lat' dir='ltr'><strong>per-6</strong></span> 
     </span>
    </p>
   </div>
   <div class='ocr_carea' id='block_1_42' title="bbox 504 2916 2080 2987">
    <p class='ocr_par' dir='ltr' id='par_1_42' title="bbox 504 2916 2080 2987">
     <span class='ocr_line' id='line_1_42' title="bbox 504 2916 2080 2987; baseline -0.003 -13"><span class='ocrx_word' id='word_1_287' title='bbox 504 2917 724 2974; x_wconf 77' lang='lat' dir='ltr'><strong>fruendi</strong></span> <span class='ocrx_word' id='word_1_288' title='bbox 778 2916 1113 2973; x_wconf 85' lang='lat' dir='ltr'><strong>desiderium</strong></span> <span class='ocrx_word' id='word_1_289' title='bbox 1167 2932 1233 2972; x_wconf 90' lang='lat' dir='ltr'><strong>ac</strong></span> <span class='ocrx_word' id='word_1_290' title='bbox 1299 2918 1561 2973; x_wconf 81' lang='lat' dir='ltr'><strong>eximiam</strong></span> <span class='ocrx_word' id='word_1_291' title='bbox 1621 2924 1773 2971; x_wconf 86' lang='lat' dir='ltr'><strong>tuam</strong></span> <span class='ocrx_word' id='word_1_292' title='bbox 1828 2917 2080 2987; x_wconf 72' lang='lat' dir='ltr'><strong>pietatem</strong></span> 
     </span>
    </p>
   </div>
   <div class='ocr_carea' id='block_1_43' title="bbox 504 3005 2083 3080">
    <p class='ocr_par' dir='ltr' id='par_1_43' title="bbox 504 3005 2083 3080">
     <span class='ocr_line' id='line_1_43' title="bbox 504 3005 2083 3080; baseline -0.004 -14"><span class='ocrx_word' id='word_1_293' title='bbox 504 3009 788 3078; x_wconf 84' lang='lat' dir='ltr'><strong>adhortor,</strong></span> <span class='ocrx_word' id='word_1_294' title='bbox 816 3017 877 3064; x_wconf 90' lang='lat' dir='ltr'><strong>ut</strong></span> <span class='ocrx_word' id='word_1_295' title='bbox 900 3024 1001 3080; x_wconf 83' lang='lat' dir='ltr'><strong>pro</strong></span> <span class='ocrx_word' id='word_1_296' title='bbox 1028 3024 1115 3065; x_wconf 90' lang='lat' dir='ltr'><strong>me</strong></span> <span class='ocrx_word' id='word_1_297' title='bbox 1143 3023 1210 3064; x_wconf 88' lang='lat' dir='ltr'><strong>ac</strong></span> <span class='ocrx_word' id='word_1_298' title='bbox 1232 3007 1482 3065; x_wconf 86' lang='lat' dir='ltr'><strong>Ecclesia</strong></span> <span class='ocrx_word' id='word_1_299' title='bbox 1510 3009 1780 3079; x_wconf 87' lang='lat' dir='ltr'><strong>preceris,</strong></span> <span class='ocrx_word' id='word_1_300' title='bbox 1813 3016 1874 3063; x_wconf 90' lang='lat' dir='ltr'><strong>ut</strong></span> <span class='ocrx_word' id='word_1_301' title='bbox 1899 3005 2083 3061; x_wconf 90' lang='lat' dir='ltr'><strong>Domi-</strong></span> 
     </span>
    </p>
   </div>
   <div class='ocr_carea' id='block_1_44' title="bbox 504 3098 2082 3169">
    <p class='ocr_par' dir='ltr' id='par_1_44' title="bbox 504 3098 2082 3169">
     <span class='ocr_line' id='line_1_44' title="bbox 504 3098 2082 3169; baseline -0.003 -11"><span class='ocrx_word' id='word_1_302' title='bbox 504 3117 614 3158; x_wconf 85' lang='lat' dir='ltr'><strong>nus</strong></span> <span class='ocrx_word' id='word_1_303' title='bbox 648 3100 742 3157; x_wconf 89' lang='lat' dir='ltr'><strong>det</strong></span> <span class='ocrx_word' id='word_1_304' title='bbox 778 3100 940 3156; x_wconf 89' lang='lat' dir='ltr'><strong>nobis</strong></span> <span class='ocrx_word' id='word_1_305' title='bbox 983 3101 1105 3156; x_wconf 89' lang='lat' dir='ltr'><strong>sine</strong></span> <span class='ocrx_word' id='word_1_306' title='bbox 1154 3098 1459 3156; x_wconf 71' lang='lat' dir='ltr'><strong>offensione</strong></span> <span class='ocrx_word' id='word_1_307' title='bbox 1493 3101 1789 3156; x_wconf 87' lang='lat' dir='ltr'><strong>decurrere</strong></span> <span class='ocrx_word' id='word_1_308' title='bbox 1841 3099 2082 3169; x_wconf 86' lang='lat' dir='ltr'><strong>reliquos</strong></span> 
     </span>
    </p>
   </div>
   <div class='ocr_carea' id='block_1_45' title="bbox 505 3192 2085 3264">
    <p class='ocr_par' dir='ltr' id='par_1_45' title="bbox 505 3192 2085 3264">
     <span class='ocr_line' id='line_1_45' title="bbox 505 3192 2085 3264; baseline -0.003 -14"><span class='ocrx_word' id='word_1_309' title='bbox 505 3194 628 3250; x_wconf 86' lang='lat' dir='ltr'><strong>dies</strong></span> <span class='ocrx_word' id='word_1_310' title='bbox 663 3201 760 3249; x_wconf 88' lang='lat' dir='ltr'><strong>aut</strong></span> <span class='ocrx_word' id='word_1_311' title='bbox 793 3193 962 3249; x_wconf 82' lang='lat' dir='ltr'><strong>horas</strong></span> <span class='ocrx_word' id='word_1_312' title='bbox 994 3192 1461 3264; x_wconf 75' lang='lat' dir='ltr'><strong>peregrinationis</strong></span> <span class='ocrx_word' id='word_1_313' title='bbox 1501 3202 1725 3257; x_wconf 74' lang='lat' dir='ltr'><strong>nostrae,</strong></span> <span class='ocrx_word' id='word_1_314' title='bbox 1757 3207 1824 3249; x_wconf 87' lang='lat' dir='ltr'><strong>ac</strong></span> <span class='ocrx_word' id='word_1_315' title='bbox 1863 3200 2085 3263; x_wconf 70' lang='lat' dir='ltr'><strong>praestet</strong></span> 
     </span>
    </p>
   </div>
   <div class='ocr_carea' id='block_1_46' title="bbox 505 3284 2089 3358">
    <p class='ocr_par' dir='ltr' id='par_1_46' title="bbox 505 3284 2089 3358">
     <span class='ocr_line' id='line_1_46' title="bbox 505 3284 2089 3358; baseline 0 -15"><span class='ocrx_word' id='word_1_316' title='bbox 505 3287 699 3353; x_wconf 87' lang='lat' dir='ltr'><strong>etiam,</strong></span> <span class='ocrx_word' id='word_1_317' title='bbox 727 3292 791 3343; x_wconf 88' lang='lat' dir='ltr'><strong>ut</strong></span> <span class='ocrx_word' id='word_1_318' title='bbox 829 3286 1119 3344; x_wconf 87' lang='lat' dir='ltr'><strong>videamus</strong></span> <span class='ocrx_word' id='word_1_319' title='bbox 1148 3300 1340 3358; x_wconf 89' lang='lat' dir='ltr'><strong>pacem</strong></span> <span class='ocrx_word' id='word_1_320' title='bbox 1379 3284 1760 3342; x_wconf 87' lang='lat' dir='ltr'><strong>Ecclesiarum</strong></span> <span class='ocrx_word' id='word_1_321' title='bbox 1802 3286 1998 3357; x_wconf 86' lang='lat' dir='ltr'><strong>ipsius,</strong></span> <span class='ocrx_word' id='word_1_322' title='bbox 2033 3295 2089 3343; x_wconf 87' lang='lat' dir='ltr'><strong>et</strong></span> 
     </span>
    </p>
   </div>
   <div class='ocr_carea' id='block_1_47' title="bbox 506 3376 2090 3450">
    <p class='ocr_par' dir='ltr' id='par_1_47' title="bbox 506 3376 2090 3450">
     <span class='ocr_line' id='line_1_47' title="bbox 506 3376 2090 3450; baseline 0.001 -17"><span class='ocrx_word' id='word_1_323' title='bbox 506 3385 630 3434; x_wconf 90' lang='lat' dir='ltr'><strong>tum</strong></span> <span class='ocrx_word' id='word_1_324' title='bbox 662 3376 731 3434; x_wconf 88' lang='lat' dir='ltr'><strong>de</strong></span> <span class='ocrx_word' id='word_1_325' title='bbox 755 3378 987 3450; x_wconf 88' lang='lat' dir='ltr'><strong>reliquis</strong></span> <span class='ocrx_word' id='word_1_326' title='bbox 1011 3378 1130 3434; x_wconf 88' lang='lat' dir='ltr'><strong>tuis</strong></span> <span class='ocrx_word' id='word_1_327' title='bbox 1162 3377 1565 3434; x_wconf 85' lang='lat' dir='ltr'><strong>comministris</strong></span> <span class='ocrx_word' id='word_1_328' title='bbox 1594 3392 1659 3433; x_wconf 91' lang='lat' dir='ltr'><strong>ac</strong></span> <span class='ocrx_word' id='word_1_329' title='bbox 1701 3377 2090 3434; x_wconf 86' lang='lat' dir='ltr'><strong>commilitoni-</strong></span> 
     </span>
    </p>
   </div>
   <div class='ocr_carea' id='block_1_48' title="bbox 507 3468 2086 3541">
    <p class='ocr_par' dir='ltr' id='par_1_48' title="bbox 507 3468 2086 3541">
     <span class='ocr_line' id='line_1_48' title="bbox 507 3468 2086 3541; baseline 0.001 -16"><span class='ocrx_word' id='word_1_330' title='bbox 507 3469 615 3526; x_wconf 87' lang='lat' dir='ltr'><strong>bus</strong></span> <span class='ocrx_word' id='word_1_331' title='bbox 650 3469 944 3526; x_wconf 87' lang='lat' dir='ltr'><strong>audiamus</strong></span> <span class='ocrx_word' id='word_1_332' title='bbox 984 3484 1051 3526; x_wconf 89' lang='lat' dir='ltr'><strong>ea</strong></span> <span class='ocrx_word' id='word_1_333' title='bbox 1092 3484 1214 3541; x_wconf 67' lang='lat' dir='ltr'><strong>quae</strong></span> <span class='ocrx_word' id='word_1_334' title='bbox 1249 3485 1562 3541; x_wconf 87' lang='lat' dir='ltr'><strong>precamur,</strong></span> <span class='ocrx_word' id='word_1_335' title='bbox 1615 3477 1735 3524; x_wconf 88' lang='lat' dir='ltr'><strong>tum</strong></span> <span class='ocrx_word' id='word_1_336' title='bbox 1772 3468 1842 3525; x_wconf 92' lang='lat' dir='ltr'><strong>de</strong></span> <span class='ocrx_word' id='word_1_337' title='bbox 1889 3469 2086 3541; x_wconf 90' lang='lat' dir='ltr'><strong>teipso,</strong></span> 
     </span>
    </p>
   </div>
   <div class='ocr_carea' id='block_1_49' title="bbox 507 3560 2090 3633">
    <p class='ocr_par' dir='ltr' id='par_1_49' title="bbox 507 3560 2090 3633">
     <span class='ocr_line' id='line_1_49' title="bbox 507 3560 2090 3633; baseline 0.001 -16"><span class='ocrx_word' id='word_1_338' title='bbox 507 3577 632 3633; x_wconf 72' lang='lat' dir='ltr'><strong>quae</strong></span> <span class='ocrx_word' id='word_1_339' title='bbox 659 3561 750 3618; x_wconf 88' lang='lat' dir='ltr'><strong>die</strong></span> <span class='ocrx_word' id='word_1_340' title='bbox 790 3577 857 3619; x_wconf 92' lang='lat' dir='ltr'><strong>ac</strong></span> <span class='ocrx_word' id='word_1_341' title='bbox 891 3568 1055 3618; x_wconf 88' lang='lat' dir='ltr'><strong>nocte</strong></span> <span class='ocrx_word' id='word_1_342' title='bbox 1084 3562 1273 3632; x_wconf 89' lang='lat' dir='ltr'><strong>populi</strong></span> <span class='ocrx_word' id='word_1_343' title='bbox 1313 3562 1414 3616; x_wconf 89' lang='lat' dir='ltr'><strong>tibi</strong></span> <span class='ocrx_word' id='word_1_344' title='bbox 1466 3561 1672 3617; x_wconf 86' lang='lat' dir='ltr'><strong>subditi</strong></span> <span class='ocrx_word' id='word_1_345' title='bbox 1719 3560 2018 3632; x_wconf 74' lang='lat' dir='ltr'><strong>eﬁlagitant</strong></span> <span class='ocrx_word' id='word_1_346' title='bbox 2058 3578 2090 3618; x_wconf 90' lang='lat' dir='ltr'><strong>a</strong></span> 
     </span>
    </p>
   </div>
   <div class='ocr_carea' id='block_1_50' title="bbox 510 3652 2091 3729">
    <p class='ocr_par' dir='ltr' id='par_1_50' title="bbox 510 3652 2091 3729">
     <span class='ocr_line' id='line_1_50' title="bbox 510 3652 2091 3729; baseline 0 -19"><span class='ocrx_word' id='word_1_347' title='bbox 510 3652 746 3711; x_wconf 87' lang='lat' dir='ltr'><strong>Domino</strong></span> <span class='ocrx_word' id='word_1_348' title='bbox 781 3655 1034 3729; x_wconf 65' lang='lat' dir='ltr'><strong>justitia.</strong></span> <span class='ocrx_word' id='word_1_349' title='bbox 1077 3653 1231 3709; x_wconf 89' lang='lat' dir='ltr'><strong>Scito</strong></span> <span class='ocrx_word' id='word_1_350' title='bbox 1282 3664 1463 3709; x_wconf 88' lang='lat' dir='ltr'><strong>autem</strong></span> <span class='ocrx_word' id='word_1_351' title='bbox 1500 3669 1586 3708; x_wconf 92' lang='lat' dir='ltr'><strong>me</strong></span> <span class='ocrx_word' id='word_1_352' title='bbox 1603 3653 1770 3726; x_wconf 65' lang='grc' dir='ltr'><strong>ἀ.ιᾷ</strong></span> <span class='ocrx_word' id='word_1_353' title='bbox 1792 3669 1903 3710; x_wconf 92' lang='lat' dir='ltr'><strong>non</strong></span> <span class='ocrx_word' id='word_1_354' title='bbox 1947 3670 2091 3726; x_wconf 67' lang='lat' dir='ltr'><strong>saepe</strong></span> 
     </span>
    </p>
   </div>
   <div class='ocr_carea' id='block_1_51' title="bbox 510 3745 2081 3818">
    <p class='ocr_par' dir='ltr' id='par_1_51' title="bbox 510 3745 2081 3818">
     <span class='ocr_line' id='line_1_51' title="bbox 510 3745 2081 3818; baseline 0 -17"><span class='ocrx_word' id='word_1_355' title='bbox 510 3746 734 3817; x_wconf 87' lang='lat' dir='ltr'><strong>quidem</strong></span> <span class='ocrx_word' id='word_1_356' title='bbox 768 3746 1083 3818; x_wconf 86' lang='lat' dir='ltr'><strong>scripsisse,</strong></span> <span class='ocrx_word' id='word_1_357' title='bbox 1114 3762 1216 3801; x_wconf 91' lang='lat' dir='ltr'><strong>nec</strong></span> <span class='ocrx_word' id='word_1_358' title='bbox 1250 3747 1470 3816; x_wconf 84' lang='lat' dir='ltr'><strong>quoties</strong></span> <span class='ocrx_word' id='word_1_359' title='bbox 1496 3761 1595 3816; x_wconf 88' lang='lat' dir='ltr'><strong>par</strong></span> <span class='ocrx_word' id='word_1_360' title='bbox 1633 3745 1835 3812; x_wconf 82' lang='lat' dir='ltr'><strong>fuerat,</strong></span> <span class='ocrx_word' id='word_1_361' title='bbox 1872 3746 1967 3803; x_wconf 88' lang='lat' dir='ltr'><strong>sed</strong></span> <span class='ocrx_word' id='word_1_362' title='bbox 2001 3755 2081 3801; x_wconf 87' lang='lat' dir='ltr'><strong>ta-</strong></span> 
     </span>
    </p>
   </div>
   <div class='ocr_carea' id='block_1_52' title="bbox 513 3837 2093 3910">
    <p class='ocr_par' dir='ltr' id='par_1_52' title="bbox 513 3837 2093 3910">
     <span class='ocr_line' id='line_1_52' title="bbox 513 3837 2093 3910; baseline -0.001 -17"><span class='ocrx_word' id='word_1_363' title='bbox 513 3852 643 3895; x_wconf 89' lang='lat' dir='ltr'><strong>men</strong></span> <span class='ocrx_word' id='word_1_364' title='bbox 670 3837 965 3910; x_wconf 88' lang='lat' dir='ltr'><strong>scripsisse</strong></span> <span class='ocrx_word' id='word_1_365' title='bbox 996 3838 1062 3893; x_wconf 90' lang='lat' dir='ltr'><strong>ad</strong></span> <span class='ocrx_word' id='word_1_366' title='bbox 1089 3847 1241 3894; x_wconf 89' lang='lat' dir='ltr'><strong>tuam</strong></span> <span class='ocrx_word' id='word_1_367' title='bbox 1272 3839 1552 3909; x_wconf 79' lang='lat' dir='ltr'><strong>pietatem.</strong></span> <span class='ocrx_word' id='word_1_368' title='bbox 1584 3838 1662 3891; x_wconf 88' lang='lat' dir='ltr'><strong>Ac</strong></span> <span class='ocrx_word' id='word_1_369' title='bbox 1693 3837 1833 3894; x_wconf 89' lang='lat' dir='ltr'><strong>forte</strong></span> <span class='ocrx_word' id='word_1_370' title='bbox 1861 3854 1969 3893; x_wconf 90' lang='lat' dir='ltr'><strong>non</strong></span> <span class='ocrx_word' id='word_1_371' title='bbox 1996 3854 2093 3909; x_wconf 87' lang='lat' dir='ltr'><strong>po-</strong></span> 
     </span>
    </p>
   </div>
   <div class='ocr_carea' id='block_1_53' title="bbox 513 3930 2093 3998">
    <p class='ocr_par' dir='ltr' id='par_1_53' title="bbox 513 3930 2093 3998">
     <span class='ocr_line' id='line_1_53' title="bbox 513 3930 2093 3998; baseline 0.002 -15"><span class='ocrx_word' id='word_1_372' title='bbox 513 3937 746 3985; x_wconf 90' lang='lat' dir='ltr'><strong>tuerunt</strong></span> <span class='ocrx_word' id='word_1_373' title='bbox 800 3944 1026 3986; x_wconf 86' lang='lat' dir='ltr'><strong>servare</strong></span> <span class='ocrx_word' id='word_1_374' title='bbox 1070 3930 1434 3985; x_wconf 87' lang='lat' dir='ltr'><strong>salutationes</strong></span> <span class='ocrx_word' id='word_1_375' title='bbox 1476 3944 1648 3990; x_wconf 89' lang='lat' dir='ltr'><strong>meas,</strong></span> <span class='ocrx_word' id='word_1_376' title='bbox 1703 3930 1798 3998; x_wconf 90' lang='lat' dir='ltr'><strong>qui</strong></span> <span class='ocrx_word' id='word_1_377' title='bbox 1851 3930 2093 3986; x_wconf 84' lang='lat' dir='ltr'><strong>ministe-</strong></span> 
     </span>
    </p>
   </div>
   <div class='ocr_carea' id='block_1_54' title="bbox 514 4017 2093 4090">
    <p class='ocr_par' dir='ltr' id='par_1_54' title="bbox 514 4017 2093 4090">
     <span class='ocr_line' id='line_1_54' title="bbox 514 4017 2093 4090; baseline 0 -15"><span class='ocrx_word' id='word_1_378' title='bbox 514 4021 660 4076; x_wconf 85' lang='lat' dir='ltr'><strong>rium</strong></span> <span class='ocrx_word' id='word_1_379' title='bbox 682 4021 990 4076; x_wconf 88' lang='lat' dir='ltr'><strong>litterarum</strong></span> <span class='ocrx_word' id='word_1_380' title='bbox 1019 4027 1378 4090; x_wconf 87' lang='lat' dir='ltr'><strong>susceperant</strong></span> <span class='ocrx_word' id='word_1_381' title='bbox 1403 4019 1628 4075; x_wconf 80' lang='lat' dir='ltr'><strong>fratres.</strong></span> <span class='ocrx_word' id='word_1_382' title='bbox 1660 4017 1769 4074; x_wconf 88' lang='lat' dir='ltr'><strong>Sed</strong></span> <span class='ocrx_word' id='word_1_383' title='bbox 1792 4034 1944 4074; x_wconf 93' lang='lat' dir='ltr'><strong>nunc</strong></span> <span class='ocrx_word' id='word_1_384' title='bbox 1966 4035 2093 4075; x_wconf 76' lang='lat' dir='ltr'><strong>cunt</strong></span> 
     </span>
    </p>
   </div>
   <div class='ocr_carea' id='block_1_55' title="bbox 516 4111 2090 4184">
    <p class='ocr_par' dir='ltr' id='par_1_55' title="bbox 516 4111 2090 4184">
     <span class='ocr_line' id='line_1_55' title="bbox 516 4111 2090 4184; baseline -0.001 -16"><span class='ocrx_word' id='word_1_385' title='bbox 516 4113 678 4184; x_wconf 90' lang='lat' dir='ltr'><strong>copia</strong></span> <span class='ocrx_word' id='word_1_386' title='bbox 714 4114 788 4170; x_wconf 90' lang='lat' dir='ltr'><strong>sit</strong></span> <span class='ocrx_word' id='word_1_387' title='bbox 816 4114 950 4169; x_wconf 88' lang='lat' dir='ltr'><strong>mihi</strong></span> <span class='ocrx_word' id='word_1_388' title='bbox 984 4113 1352 4184; x_wconf 89' lang='lat' dir='ltr'><strong>quorumdam</strong></span> <span class='ocrx_word' id='word_1_389' title='bbox 1375 4128 1408 4168; x_wconf 91' lang='lat' dir='ltr'><strong>e</strong></span> <span class='ocrx_word' id='word_1_390' title='bbox 1436 4115 1647 4168; x_wconf 84' lang='lat' dir='ltr'><strong>nostris</strong></span> <span class='ocrx_word' id='word_1_391' title='bbox 1671 4111 1738 4167; x_wconf 91' lang='lat' dir='ltr'><strong>ad</strong></span> <span class='ocrx_word' id='word_1_392' title='bbox 1769 4120 1920 4168; x_wconf 90' lang='lat' dir='ltr'><strong>tuam</strong></span> <span class='ocrx_word' id='word_1_393' title='bbox 1955 4128 2090 4184; x_wconf 70' lang='lat' dir='ltr'><strong>prae-</strong></span> 
     </span>
    </p>
   </div>
   <div class='ocr_carea' id='block_1_56' title="bbox 516 4201 2094 4275">
    <p class='ocr_par' dir='ltr' id='par_1_56' title="bbox 516 4201 2094 4275">
     <span class='ocr_line' id='line_1_56' title="bbox 516 4201 2094 4275; baseline -0.001 -15"><span class='ocrx_word' id='word_1_394' title='bbox 516 4203 776 4260; x_wconf 85' lang='lat' dir='ltr'><strong>stantiam</strong></span> <span class='ocrx_word' id='word_1_395' title='bbox 824 4203 1316 4275; x_wconf 89' lang='lat' dir='ltr'><strong>proﬁciscentium,</strong></span> <span class='ocrx_word' id='word_1_396' title='bbox 1366 4212 1423 4259; x_wconf 87' lang='lat' dir='ltr'><strong>et</strong></span> <span class='ocrx_word' id='word_1_397' title='bbox 1458 4202 1674 4257; x_wconf 89' lang='lat' dir='ltr'><strong>litteras</strong></span> <span class='ocrx_word' id='word_1_398' title='bbox 1714 4201 1799 4258; x_wconf 88' lang='lat' dir='ltr'><strong>eis</strong></span> <span class='ocrx_word' id='word_1_399' title='bbox 1842 4202 2094 4258; x_wconf 91' lang='lat' dir='ltr'><strong>commisi</strong></span> 
     </span>
    </p>
   </div>
   <div class='ocr_carea' id='block_1_57' title="bbox 517 4296 2095 4366">
    <p class='ocr_par' dir='ltr' id='par_1_57' title="bbox 517 4296 2095 4366">
     <span class='ocr_line' id='line_1_57' title="bbox 517 4296 2095 4366; baseline 0 -15"><span class='ocrx_word' id='word_1_400' title='bbox 517 4297 771 4362; x_wconf 88' lang='lat' dir='ltr'><strong>libenter,</strong></span> <span class='ocrx_word' id='word_1_401' title='bbox 801 4303 857 4353; x_wconf 89' lang='lat' dir='ltr'><strong>et</strong></span> <span class='ocrx_word' id='word_1_402' title='bbox 886 4297 1014 4353; x_wconf 90' lang='lat' dir='ltr'><strong>misi</strong></span> <span class='ocrx_word' id='word_1_403' title='bbox 1052 4297 1340 4358; x_wconf 90' lang='lat' dir='ltr'><strong>nonnulla,</strong></span> <span class='ocrx_word' id='word_1_404' title='bbox 1372 4309 1496 4366; x_wconf 71' lang='lat' dir='ltr'><strong>quae</strong></span> <span class='ocrx_word' id='word_1_405' title='bbox 1524 4296 1750 4365; x_wconf 83' lang='lat' dir='ltr'><strong>dignare</strong></span> <span class='ocrx_word' id='word_1_406' title='bbox 1782 4310 1813 4350; x_wconf 91' lang='lat' dir='ltr'><strong>a</strong></span> <span class='ocrx_word' id='word_1_407' title='bbox 1840 4311 1961 4351; x_wconf 91' lang='lat' dir='ltr'><strong>mea</strong></span> <span class='ocrx_word' id='word_1_408' title='bbox 1995 4296 2095 4351; x_wconf 82' lang='lat' dir='ltr'><strong>hu-</strong></span> 
     </span>
    </p>
   </div>
   <div class='ocr_carea' id='block_1_58' title="bbox 517 4385 2095 4458">
    <p class='ocr_par' dir='ltr' id='par_1_58' title="bbox 517 4385 2095 4458">
     <span class='ocr_line' id='line_1_58' title="bbox 517 4385 2095 4458; baseline 0.001 -17"><span class='ocrx_word' id='word_1_409' title='bbox 517 4386 750 4442; x_wconf 88' lang='lat' dir='ltr'><strong>militate</strong></span> <span class='ocrx_word' id='word_1_410' title='bbox 793 4388 1075 4457; x_wconf 87' lang='lat' dir='ltr'><strong>suscipere</strong></span> <span class='ocrx_word' id='word_1_411' title='bbox 1126 4386 1248 4442; x_wconf 91' lang='lat' dir='ltr'><strong>sine</strong></span> <span class='ocrx_word' id='word_1_412' title='bbox 1282 4385 1528 4449; x_wconf 88' lang='lat' dir='ltr'><strong>fastidio,</strong></span> <span class='ocrx_word' id='word_1_413' title='bbox 1574 4401 1639 4440; x_wconf 89' lang='lat' dir='ltr'><strong>ac</strong></span> <span class='ocrx_word' id='word_1_414' title='bbox 1685 4385 1818 4440; x_wconf 90' lang='lat' dir='ltr'><strong>mibi</strong></span> <span class='ocrx_word' id='word_1_415' title='bbox 1846 4388 2095 4458; x_wconf 80' lang='lat' dir='ltr'><strong>exemplo</strong></span> 
     </span>
    </p>
   </div>
   <div class='ocr_carea' id='block_1_59' title="bbox 2107 1766 3697 1843">
    <p class='ocr_par' dir='ltr' id='par_1_59' title="bbox 2107 1766 3697 1843">
     <span class='ocr_line' id='line_1_59' title="bbox 2107 1766 3697 1843; baseline -0.005 -15"><span class='ocrx_word' id='word_1_416' title='bbox 2107 1787 2152 1843; x_wconf 81' lang='grc' dir='ltr'><strong>Β</strong></span> <span class='ocrx_word' id='word_1_417' title='bbox 2249 1772 2478 1843; x_wconf 76' lang='grc' dir='ltr'>Βὰρσῃ,</span> <span class='ocrx_word' id='word_1_418' title='bbox 2512 1772 2821 1836; x_wconf 79' lang='grc' dir='ltr'>ὲπισκόπῳ</span> <span class='ocrx_word' id='word_1_419' title='bbox 2869 1770 3178 1839; x_wconf 80' lang='grc' dir='ltr'><strong>Ἐδέσσης,</strong></span> <span class='ocrx_word' id='word_1_420' title='bbox 3197 1769 3269 1824; x_wconf 77' lang='grc' dir='ltr'><strong>ἐν</strong></span> <span class='ocrx_word' id='word_1_421' title='bbox 3301 1767 3508 1837; x_wconf 79' lang='grc' dir='ltr'>ἐξορὶᾳ</span> <span class='ocrx_word' id='word_1_422' title='bbox 3536 1766 3697 1821; x_wconf 78' lang='grc' dir='ltr'>ὄντι.</span> 
     </span>
    </p>
   </div>
   <div class='ocr_carea' id='block_1_60' title="bbox 2261 1900 3777 1981">
    <p class='ocr_par' dir='ltr' id='par_1_60' title="bbox 2261 1900 3777 1981">
     <span class='ocr_line' id='line_1_60' title="bbox 2261 1900 3777 1981; baseline -0.007 -16"><span class='ocrx_word' id='word_1_423' title='bbox 2261 1911 2403 1981; x_wconf 85' lang='grc' dir='ltr'>Ἐγὼ</span> <span class='ocrx_word' id='word_1_424' title='bbox 2432 1910 2533 1981; x_wconf 85' lang='grc' dir='ltr'>τῆς</span> <span class='ocrx_word' id='word_1_425' title='bbox 2574 1908 2867 1972; x_wconf 81' lang='grc' dir='ltr'>διαθέσεως</span> <span class='ocrx_word' id='word_1_426' title='bbox 2892 1907 2992 1980; x_wconf 84' lang='grc' dir='ltr'>μὲν</span> <span class='ocrx_word' id='word_1_427' title='bbox 3023 1906 3232 1969; x_wconf 72' lang='grc' dir='ltr'>ἕνεκεν,</span> <span class='ocrx_word' id='word_1_428' title='bbox 3256 1900 3325 1976; x_wconf 80' lang='grc' dir='ltr'>ἦς</span> <span class='ocrx_word' id='word_1_429' title='bbox 3363 1904 3472 1976; x_wconf 75' lang='grc' dir='ltr'>ἔχω</span> <span class='ocrx_word' id='word_1_430' title='bbox 3501 1904 3636 1975; x_wconf 72' lang='grc' dir='ltr'>περὶ</span> <span class='ocrx_word' id='word_1_431' title='bbox 3666 1904 3777 1974; x_wconf 73' lang='grc' dir='ltr'>τὴν</span> 
     </span>
    </p>
   </div>
   <div class='ocr_carea' id='block_1_61' title="bbox 2180 1997 3777 2076">
    <p class='ocr_par' dir='ltr' id='par_1_61' title="bbox 2180 1997 3777 2076">
     <span class='ocr_line' id='line_1_61' title="bbox 2180 1997 3777 2076; baseline -0.006 -18"><span class='ocrx_word' id='word_1_432' title='bbox 2180 2004 2279 2076; x_wconf 81' lang='grc' dir='ltr'>σὴν</span> <span class='ocrx_word' id='word_1_433' title='bbox 2301 2002 2631 2067; x_wconf 86' lang='grc' dir='ltr'>θεοσέϐειαν,</span> <span class='ocrx_word' id='word_1_434' title='bbox 2658 2000 2964 2072; x_wconf 71' lang='grc' dir='ltr'>ἐπεθύμουν</span> <span class='ocrx_word' id='word_1_435' title='bbox 3003 2000 3166 2064; x_wconf 81' lang='grc' dir='ltr'>αὐτὸς</span> <span class='ocrx_word' id='word_1_436' title='bbox 3194 1997 3629 2071; x_wconf 82' lang='grc' dir='ltr'>παραγενέσθαι.</span> <span class='ocrx_word' id='word_1_437' title='bbox 3671 1998 3777 2049; x_wconf 71' lang='grc' dir='ltr'>καὶ</span> 
     </span>
    </p>
   </div>
   <div class='ocr_carea' id='block_1_62' title="bbox 2178 2091 3779 2168">
    <p class='ocr_par' dir='ltr' id='par_1_62' title="bbox 2178 2091 3779 2168">
     <span class='ocr_line' id='line_1_62' title="bbox 2178 2091 3779 2168; baseline -0.004 -17"><span class='ocrx_word' id='word_1_438' title='bbox 2178 2098 2246 2151; x_wconf 87' lang='grc' dir='ltr'><strong>δι’</strong></span> <span class='ocrx_word' id='word_1_439' title='bbox 2281 2095 2521 2168; x_wconf 78' lang='grc' dir='ltr'>ἐμαυτοῦ</span> <span class='ocrx_word' id='word_1_440' title='bbox 2570 2094 3002 2167; x_wconf 81' lang='grc' dir='ltr'>περιπτύξασθαί</span> <span class='ocrx_word' id='word_1_441' title='bbox 3055 2111 3149 2147; x_wconf 91' lang='grc' dir='ltr'><strong>σου</strong></span> <span class='ocrx_word' id='word_1_442' title='bbox 3182 2094 3282 2165; x_wconf 81' lang='grc' dir='ltr'>τὴν</span> <span class='ocrx_word' id='word_1_443' title='bbox 3322 2091 3587 2163; x_wconf 83' lang='grc' dir='ltr'>ἀληθινὴν</span> <span class='ocrx_word' id='word_1_444' title='bbox 3629 2091 3779 2159; x_wconf 77' lang='grc' dir='ltr'>ἀγά-</span> 
     </span>
    </p>
   </div>
   <div class='ocr_carea' id='block_1_63' title="bbox 2180 2180 3775 2258">
    <p class='ocr_par' dir='ltr' id='par_1_63' title="bbox 2180 2180 3775 2258">
     <span class='ocr_line' id='line_1_63' title="bbox 2180 2180 3775 2258; baseline -0.004 -18"><span class='ocrx_word' id='word_1_445' title='bbox 2180 2203 2311 2258; x_wconf 87' lang='grc' dir='ltr'>πην,</span> <span class='ocrx_word' id='word_1_446' title='bbox 2361 2186 2456 2240; x_wconf 75' lang='grc' dir='ltr'>καὶ</span> <span class='ocrx_word' id='word_1_447' title='bbox 2499 2184 2722 2251; x_wconf 85' lang='grc' dir='ltr'>δοξάσαι</span> <span class='ocrx_word' id='word_1_448' title='bbox 2776 2185 2869 2239; x_wconf 87' lang='grc' dir='ltr'>τὸν</span> <span class='ocrx_word' id='word_1_449' title='bbox 2917 2185 3124 2256; x_wconf 78' lang='grc' dir='ltr'>Κύριον</span> <span class='ocrx_word' id='word_1_450' title='bbox 3151 2182 3245 2237; x_wconf 76' lang='grc' dir='ltr'><strong>τόν</strong></span> <span class='ocrx_word' id='word_1_451' title='bbox 3278 2184 3338 2237; x_wconf 86' lang='grc' dir='ltr'><strong>ἐν</strong></span> <span class='ocrx_word' id='word_1_452' title='bbox 3372 2183 3454 2235; x_wconf 72' lang='grc' dir='ltr'>σοὶ</span> <span class='ocrx_word' id='word_1_453' title='bbox 3486 2180 3775 2252; x_wconf 78' lang='grc' dir='ltr'>μεγαλυν-</span> 
     </span>
    </p>
   </div>
   <div class='ocr_carea' id='block_1_64' title="bbox 2183 2268 3777 2349">
    <p class='ocr_par' dir='ltr' id='par_1_64' title="bbox 2183 2268 3777 2349">
     <span class='ocr_line' id='line_1_64' title="bbox 2183 2268 3777 2349; baseline -0.004 -17"><span class='ocrx_word' id='word_1_454' title='bbox 2183 2278 2365 2342; x_wconf 87' lang='grc' dir='ltr'>θέντα,</span> <span class='ocrx_word' id='word_1_455' title='bbox 2397 2279 2492 2333; x_wconf 72' lang='grc' dir='ltr'>καὶ</span> <span class='ocrx_word' id='word_1_456' title='bbox 2523 2278 2584 2333; x_wconf 84' lang='grc' dir='ltr'>τὸ</span> <span class='ocrx_word' id='word_1_457' title='bbox 2620 2277 2799 2349; x_wconf 87' lang='grc' dir='ltr'>τίμιόν</span> <span class='ocrx_word' id='word_1_458' title='bbox 2829 2293 2922 2330; x_wconf 84' lang='grc' dir='ltr'><strong>σου</strong></span> <span class='ocrx_word' id='word_1_459' title='bbox 2952 2268 3128 2348; x_wconf 75' lang='grc' dir='ltr'>γῆρας</span> <span class='ocrx_word' id='word_1_460' title='bbox 3162 2274 3460 2347; x_wconf 82' lang='grc' dir='ltr'>περιφανὲς</span> <span class='ocrx_word' id='word_1_461' title='bbox 3485 2274 3777 2343; x_wconf 77' lang='grc' dir='ltr'>κατακτή·</span> 
     </span>
    </p>
   </div>
   <div class='ocr_carea' id='block_1_65' title="bbox 2186 2366 3771 2441">
    <p class='ocr_par' dir='ltr' id='par_1_65' title="bbox 2186 2366 3771 2441">
     <span class='ocr_line' id='line_1_65' title="bbox 2186 2366 3771 2441; baseline -0.004 -17"><span class='ocrx_word' id='word_1_462' title='bbox 2186 2388 2353 2425; x_wconf 84' lang='grc' dir='ltr'>σαντα</span> <span class='ocrx_word' id='word_1_463' title='bbox 2392 2372 2523 2424; x_wconf 79' lang='grc' dir='ltr'>πᾶσι</span> <span class='ocrx_word' id='word_1_464' title='bbox 2555 2374 2668 2434; x_wconf 85' lang='grc' dir='ltr'>τοῖς</span> <span class='ocrx_word' id='word_1_465' title='bbox 2701 2371 2758 2424; x_wconf 83' lang='grc' dir='ltr'><strong>ἐν</strong></span> <span class='ocrx_word' id='word_1_466' title='bbox 2781 2372 2850 2441; x_wconf 75' lang='grc' dir='ltr'><strong>τῇ</strong></span> <span class='ocrx_word' id='word_1_467' title='bbox 2873 2369 3165 2440; x_wconf 79' lang='grc' dir='ltr'>οἰκουμένῃ</span> <span class='ocrx_word' id='word_1_468' title='bbox 3196 2366 3550 2438; x_wconf 82' lang='grc' dir='ltr'>φοϐουμένοις</span> <span class='ocrx_word' id='word_1_469' title='bbox 3576 2366 3771 2419; x_wconf 79' lang='grc' dir='ltr'>αὐτόν·</span> 
     </span>
    </p>
   </div>
   <div class='ocr_carea' id='block_1_66' title="bbox 2184 2458 3776 2533">
    <p class='ocr_par' dir='ltr' id='par_1_66' title="bbox 2184 2458 3776 2533">
     <span class='ocr_line' id='line_1_66' title="bbox 2184 2458 3776 2533; baseline -0.004 -16"><span class='ocrx_word' id='word_1_470' title='bbox 2184 2463 2370 2533; x_wconf 84' lang='grc' dir='ltr'>ἐπειδὴ</span> <span class='ocrx_word' id='word_1_471' title='bbox 2399 2463 2456 2516; x_wconf 82' lang='grc' dir='ltr'>δὲ</span> <span class='ocrx_word' id='word_1_472' title='bbox 2487 2464 2584 2517; x_wconf 76' lang='grc' dir='ltr'>καὶ</span> <span class='ocrx_word' id='word_1_473' title='bbox 2638 2462 2891 2516; x_wconf 84' lang='grc' dir='ltr'>ἀσθένεια</span> <span class='ocrx_word' id='word_1_474' title='bbox 2920 2461 3014 2514; x_wconf 85' lang='grc' dir='ltr'><strong>τοῦ</strong></span> <span class='ocrx_word' id='word_1_475' title='bbox 3069 2458 3319 2531; x_wconf 84' lang='grc' dir='ltr'>σώματος</span> <span class='ocrx_word' id='word_1_476' title='bbox 3350 2458 3547 2530; x_wconf 84' lang='grc' dir='ltr'>βαρεῖα</span> <span class='ocrx_word' id='word_1_477' title='bbox 3595 2474 3776 2511; x_wconf 76' lang='grc' dir='ltr'>κατα-</span> 
     </span>
    </p>
   </div>
   <div class='ocr_carea' id='block_1_67' title="bbox 2185 2548 3781 2625">
    <p class='ocr_par' dir='ltr' id='par_1_67' title="bbox 2185 2548 3781 2625">
     <span class='ocr_line' id='line_1_67' title="bbox 2185 2548 3781 2625; baseline -0.004 -17"><span class='ocrx_word' id='word_1_478' title='bbox 2185 2558 2339 2608; x_wconf 82' lang='grc' dir='ltr'>πονεϊ</span> <span class='ocrx_word' id='word_1_479' title='bbox 2365 2554 2562 2625; x_wconf 77' lang='grc' dir='ltr'>με,κα“ι</span> <span class='ocrx_word' id='word_1_480' title='bbox 2587 2555 2809 2625; x_wconf 71' lang='grc' dir='ltr'>φροντὶς</span> <span class='ocrx_word' id='word_1_481' title='bbox 2833 2551 3168 2625; x_wconf 85' lang='grc' dir='ltr'>Ἐκκλησιῶν</span> <span class='ocrx_word' id='word_1_482' title='bbox 3199 2549 3471 2605; x_wconf 84' lang='grc' dir='ltr'>ἐπίκειταί</span> <span class='ocrx_word' id='word_1_483' title='bbox 3508 2567 3601 2621; x_wconf 80' lang='grc' dir='ltr'><strong>μοι</strong></span> <span class='ocrx_word' id='word_1_484' title='bbox 3626 2548 3781 2619; x_wconf 67' lang='grc' dir='ltr'>ἀμύσ</span> 
     </span>
    </p>
   </div>
   <div class='ocr_carea' id='block_1_68' title="bbox 2187 2640 3776 2719">
    <p class='ocr_par' dir='ltr' id='par_1_68' title="bbox 2187 2640 3776 2719">
     <span class='ocr_line' id='line_1_68' title="bbox 2187 2640 3776 2719; baseline -0.006 -18"><span class='ocrx_word' id='word_1_485' title='bbox 2187 2648 2371 2719; x_wconf 86' lang='grc' dir='ltr'>θητος,</span> <span class='ocrx_word' id='word_1_486' title='bbox 2411 2647 2504 2702; x_wconf 77' lang='grc' dir='ltr'>καὶ</span> <span class='ocrx_word' id='word_1_487' title='bbox 2533 2647 2633 2700; x_wconf 85' lang='grc' dir='ltr'>οὐκ</span> <span class='ocrx_word' id='word_1_488' title='bbox 2677 2647 2795 2718; x_wconf 74' lang='grc' dir='ltr'>εἰμὶ</span> <span class='ocrx_word' id='word_1_489' title='bbox 2826 2644 3063 2716; x_wconf 79' lang='grc' dir='ltr'>ἐμαυτοῦ</span> <span class='ocrx_word' id='word_1_490' title='bbox 3102 2641 3291 2716; x_wconf 88' lang='grc' dir='ltr'>κύριος</span> <span class='ocrx_word' id='word_1_491' title='bbox 3320 2642 3458 2714; x_wconf 81' lang='grc' dir='ltr'>πρὸς</span> <span class='ocrx_word' id='word_1_492' title='bbox 3471 2642 3534 2694; x_wconf 85' lang='grc' dir='ltr'>τὸ</span> <span class='ocrx_word' id='word_1_493' title='bbox 3562 2640 3776 2712; x_wconf 87' lang='grc' dir='ltr'>ἀποδη-</span> 
     </span>
    </p>
   </div>
   <div class='ocr_carea' id='block_1_69' title="bbox 2190 2727 3774 2810">
    <p class='ocr_par' dir='ltr' id='par_1_69' title="bbox 2190 2727 3774 2810">
     <span class='ocr_line' id='line_1_69' title="bbox 2190 2727 3774 2810; baseline -0.006 -18"><span class='ocrx_word' id='word_1_494' title='bbox 2190 2741 2311 2810; x_wconf 86' lang='grc' dir='ltr'>μεῖν</span> <span class='ocrx_word' id='word_1_495' title='bbox 2344 2740 2477 2792; x_wconf 85' lang='grc' dir='ltr'>ὅπου</span> <span class='ocrx_word' id='word_1_496' title='bbox 2508 2733 2798 2809; x_wconf 82' lang='grc' dir='ltr'>βούλομαι,’</span> <span class='ocrx_word' id='word_1_497' title='bbox 2838 2736 2934 2790; x_wconf 77' lang='grc' dir='ltr'>καὶ</span> <span class='ocrx_word' id='word_1_498' title='bbox 2963 2734 3352 2805; x_wconf 79' lang='grc' dir='ltr'>συντυγχάνειν</span> <span class='ocrx_word' id='word_1_499' title='bbox 3384 2727 3467 2796; x_wconf 76' lang='grc' dir='ltr'>οἷς</span> <span class='ocrx_word' id='word_1_500' title='bbox 3488 2731 3774 2802; x_wconf 80' lang='grc' dir='ltr'>ἐπιθυμῶ,</span> 
     </span>
    </p>
   </div>
   <div class='ocr_carea' id='block_1_70' title="bbox 2187 2824 3773 2903">
    <p class='ocr_par' dir='ltr' id='par_1_70' title="bbox 2187 2824 3773 2903">
     <span class='ocr_line' id='line_1_70' title="bbox 2187 2824 3773 2903; baseline -0.006 -18"><span class='ocrx_word' id='word_1_501' title='bbox 2187 2831 2274 2886; x_wconf 88' lang='grc' dir='ltr'><strong>διά</strong></span> <span class='ocrx_word' id='word_1_502' title='bbox 2302 2830 2396 2885; x_wconf 86' lang='grc' dir='ltr'><strong>τοῦ</strong></span> <span class='ocrx_word' id='word_1_503' title='bbox 2441 2830 2768 2903; x_wconf 84' lang='grc' dir='ltr'>γράμματος</span> <span class='ocrx_word' id='word_1_504' title='bbox 2802 2828 3066 2884; x_wconf 83' lang='grc' dir='ltr'>ἀναπαύω</span> <span class='ocrx_word' id='word_1_505' title='bbox 3109 2826 3200 2882; x_wconf 75' lang='grc' dir='ltr'>τὸν</span> <span class='ocrx_word' id='word_1_506' title='bbox 3238 2824 3402 2879; x_wconf 83' lang='grc' dir='ltr'>πόθον</span> <span class='ocrx_word' id='word_1_507' title='bbox 3437 2824 3497 2878; x_wconf 78' lang='grc' dir='ltr'>ὃν</span> <span class='ocrx_word' id='word_1_508' title='bbox 3524 2824 3640 2896; x_wconf 80' lang='grc' dir='ltr'><strong>ἔχω</strong></span> <span class='ocrx_word' id='word_1_509' title='bbox 3679 2824 3773 2876; x_wconf 77' lang='grc' dir='ltr'>ἐπὶ</span> 
     </span>
    </p>
   </div>
   <div class='ocr_carea' id='block_1_71' title="bbox 2188 2914 3773 2993">
    <p class='ocr_par' dir='ltr' id='par_1_71' title="bbox 2188 2914 3773 2993">
     <span class='ocr_line' id='line_1_71' title="bbox 2188 2914 3773 2993; baseline -0.006 -18"><span class='ocrx_word' id='word_1_510' title='bbox 2188 2924 2254 2993; x_wconf 77' lang='grc' dir='ltr'><strong>τῇ</strong></span> <span class='ocrx_word' id='word_1_511' title='bbox 2285 2922 2581 2974; x_wconf 84' lang='grc' dir='ltr'>ἀπολαύσει</span> <span class='ocrx_word' id='word_1_512' title='bbox 2629 2921 2738 2974; x_wconf 84' lang='grc' dir='ltr'>τῶν</span> <span class='ocrx_word' id='word_1_513' title='bbox 2767 2922 2827 2973; x_wconf 88' lang='grc' dir='ltr'><strong>ἐν</strong></span> <span class='ocrx_word' id='word_1_514' title='bbox 2877 2919 2962 2973; x_wconf 74' lang='grc' dir='ltr'>σοὶ</span> <span class='ocrx_word' id='word_1_515' title='bbox 2983 2916 3183 2984; x_wconf 86' lang='grc' dir='ltr'>καλῶν,</span> <span class='ocrx_word' id='word_1_516' title='bbox 3208 2916 3304 2970; x_wconf 84' lang='grc' dir='ltr'>καὶ</span> <span class='ocrx_word' id='word_1_517' title='bbox 3340 2914 3651 2988; x_wconf 82' lang='grc' dir='ltr'>παρακαλῶ</span> <span class='ocrx_word' id='word_1_518' title='bbox 3673 2918 3773 2985; x_wconf 72' lang='grc' dir='ltr'>τὴν</span> 
     </span>
    </p>
   </div>
   <div class='ocr_carea' id='block_1_72' title="bbox 2189 3003 3769 3083">
    <p class='ocr_par' dir='ltr' id='par_1_72' title="bbox 2189 3003 3769 3083">
     <span class='ocr_line' id='line_1_72' title="bbox 2189 3003 3769 3083; baseline -0.006 -17"><span class='ocrx_word' id='word_1_519' title='bbox 2189 3011 2598 3083; x_wconf 86' lang='grc' dir='ltr'>ἀνυπέρϐλητόν</span> <span class='ocrx_word' id='word_1_520' title='bbox 2629 3028 2723 3064; x_wconf 89' lang='grc' dir='ltr'><strong>σου</strong></span> <span class='ocrx_word' id='word_1_521' title='bbox 2748 3010 3034 3065; x_wconf 84' lang='grc' dir='ltr'>εὐλάϐειαν</span> <span class='ocrx_word' id='word_1_522' title='bbox 3057 3006 3312 3079; x_wconf 78' lang='grc' dir='ltr'>εὔχεσθαι</span> <span class='ocrx_word' id='word_1_523' title='bbox 3337 3006 3478 3078; x_wconf 84' lang='grc' dir='ltr'>ὑπὲρ</span> <span class='ocrx_word' id='word_1_524' title='bbox 3510 3003 3651 3076; x_wconf 87' lang='grc' dir='ltr'>ἐμοῦ</span> <span class='ocrx_word' id='word_1_525' title='bbox 3677 3005 3769 3058; x_wconf 76' lang='grc' dir='ltr'>καὶ</span> 
     </span>
    </p>
   </div>
   <div class='ocr_carea' id='block_1_73' title="bbox 2187 3097 3773 3173">
    <p class='ocr_par' dir='ltr' id='par_1_73' title="bbox 2187 3097 3773 3173">
     <span class='ocr_line' id='line_1_73' title="bbox 2187 3097 3773 3173; baseline -0.004 -17"><span class='ocrx_word' id='word_1_526' title='bbox 2187 3103 2289 3173; x_wconf 84' lang='grc' dir='ltr'>τῆς</span> <span class='ocrx_word' id='word_1_527' title='bbox 2329 3101 2671 3172; x_wconf 86' lang='grc' dir='ltr'>Ἐκκλησίας,</span> <span class='ocrx_word' id='word_1_528' title='bbox 2701 3102 2791 3157; x_wconf 78' lang='grc' dir='ltr'><strong>ἵνα</strong></span> <span class='ocrx_word' id='word_1_529' title='bbox 2831 3104 2861 3155; x_wconf 88' lang='grc' dir='ltr'><strong>ό</strong></span> <span class='ocrx_word' id='word_1_530' title='bbox 2900 3099 3103 3172; x_wconf 77' lang='grc' dir='ltr'>Κύριος</span> <span class='ocrx_word' id='word_1_531' title='bbox 3128 3099 3204 3171; x_wconf 87' lang='grc' dir='ltr'>δῷ</span> <span class='ocrx_word' id='word_1_532' title='bbox 3236 3100 3369 3170; x_wconf 73' lang='grc' dir='ltr'>ἡμῖν</span> <span class='ocrx_word' id='word_1_533' title='bbox 3401 3097 3773 3169; x_wconf 80' lang='grc' dir='ltr'>ἀπροσκόπως</span> 
     </span>
    </p>
   </div>
   <div class='ocr_carea' id='block_1_74' title="bbox 2186 3191 3773 3266">
    <p class='ocr_par' dir='ltr' id='par_1_74' title="bbox 2186 3191 3773 3266">
     <span class='ocr_line' id='line_1_74' title="bbox 2186 3191 3773 3266; baseline -0.002 -19"><span class='ocrx_word' id='word_1_534' title='bbox 2186 3193 2475 3266; x_wconf 87' lang='grc' dir='ltr'>παρελθεῖν</span> <span class='ocrx_word' id='word_1_535' title='bbox 2497 3194 2594 3257; x_wconf 75' lang='grc' dir='ltr'><strong>τὰς</strong></span> <span class='ocrx_word' id='word_1_536' title='bbox 2619 3192 2963 3264; x_wconf 85' lang='grc' dir='ltr'>λυπουμένας</span> <span class='ocrx_word' id='word_1_537' title='bbox 2984 3191 3200 3265; x_wconf 82' lang='grc' dir='ltr'>ἡμέρας</span> <span class='ocrx_word' id='word_1_538' title='bbox 3248 3191 3284 3264; x_wconf 79' lang='grc' dir='ltr'>ἢ</span> <span class='ocrx_word' id='word_1_539' title='bbox 3318 3191 3470 3264; x_wconf 86' lang='grc' dir='ltr'>ὥρας</span> <span class='ocrx_word' id='word_1_540' title='bbox 3490 3191 3592 3262; x_wconf 85' lang='grc' dir='ltr'>τῆς</span> <span class='ocrx_word' id='word_1_541' title='bbox 3626 3207 3773 3262; x_wconf 69' lang='grc' dir='ltr'>παρα</span> 
     </span>
    </p>
   </div>
   <div class='ocr_carea' id='block_1_75' title="bbox 2187 3283 3773 3358">
    <p class='ocr_par' dir='ltr' id='par_1_75' title="bbox 2187 3283 3773 3358">
     <span class='ocr_line' id='line_1_75' title="bbox 2187 3283 3773 3358; baseline -0.003 -20"><span class='ocrx_word' id='word_1_542' title='bbox 2187 3286 2481 3358; x_wconf 87' lang='grc' dir='ltr'>επιδημίας</span> <span class='ocrx_word' id='word_1_543' title='bbox 2518 3285 2674 3358; x_wconf 75' lang='grc' dir='ltr'>ἡμῶν</span> <span class='ocrx_word' id='word_1_544' title='bbox 2701 3303 2716 3317; x_wconf 75' lang='grc'><strong><em>⁸</em></strong></span> <span class='ocrx_word' id='word_1_545' title='bbox 2771 3287 3044 3358; x_wconf 85' lang='grc' dir='ltr'>παράσχοι</span> <span class='ocrx_word' id='word_1_546' title='bbox 3096 3285 3154 3339; x_wconf 79' lang='grc' dir='ltr'>δὲ</span> <span class='ocrx_word' id='word_1_547' title='bbox 3195 3287 3328 3356; x_wconf 81' lang='grc' dir='ltr'>ἡμῖν</span> <span class='ocrx_word' id='word_1_548' title='bbox 3356 3284 3453 3337; x_wconf 75' lang='grc' dir='ltr'>καὶ</span> <span class='ocrx_word' id='word_1_549' title='bbox 3504 3283 3636 3337; x_wconf 81' lang='grc' dir='ltr'>ίδεῖν</span> <span class='ocrx_word' id='word_1_550' title='bbox 3673 3283 3773 3353; x_wconf 75' lang='grc' dir='ltr'>τὴν</span> 
     </span>
    </p>
   </div>
   <div class='ocr_carea' id='block_1_76' title="bbox 2188 3375 3769 3450">
    <p class='ocr_par' dir='ltr' id='par_1_76' title="bbox 2188 3375 3769 3450">
     <span class='ocr_line' id='line_1_76' title="bbox 2188 3375 3769 3450; baseline -0.003 -18"><span class='ocrx_word' id='word_1_551' title='bbox 2188 3378 2411 3450; x_wconf 77' lang='grc' dir='ltr'>εἰρήνην</span> <span class='ocrx_word' id='word_1_552' title='bbox 2436 3376 2546 3432; x_wconf 85' lang='grc' dir='ltr'><strong>τῶν</strong></span> <span class='ocrx_word' id='word_1_553' title='bbox 2575 3377 2911 3449; x_wconf 85' lang='grc' dir='ltr'>Έκκλησιῶν</span> <span class='ocrx_word' id='word_1_554' title='bbox 2943 3376 3131 3445; x_wconf 78' lang='grc' dir='ltr'>αὑτοῦ,</span> <span class='ocrx_word' id='word_1_555' title='bbox 3169 3377 3266 3431; x_wconf 79' lang='grc' dir='ltr'>καὶ</span> <span class='ocrx_word' id='word_1_556' title='bbox 3291 3375 3523 3430; x_wconf 80' lang='grc' dir='ltr'>ἀκοῦσαι</span> <span class='ocrx_word' id='word_1_557' title='bbox 3550 3376 3683 3448; x_wconf 81' lang='grc' dir='ltr'>περί</span> <span class='ocrx_word' id='word_1_558' title='bbox 3710 3393 3769 3429; x_wconf 86' lang='grc' dir='ltr'><strong>τε</strong></span> 
     </span>
    </p>
   </div>
   <div class='ocr_carea' id='block_1_77' title="bbox 2188 3467 3774 3542">
    <p class='ocr_par' dir='ltr' id='par_1_77' title="bbox 2188 3467 3774 3542">
     <span class='ocr_line' id='line_1_77' title="bbox 2188 3467 3774 3542; baseline -0.004 -16"><span class='ocrx_word' id='word_1_559' title='bbox 2188 3471 2296 3526; x_wconf 86' lang='grc' dir='ltr'><strong>τῶν</strong></span> <span class='ocrx_word' id='word_1_560' title='bbox 2321 3471 2521 3528; x_wconf 86' lang='grc' dir='ltr'>λοιπῶν</span> <span class='ocrx_word' id='word_1_561' title='bbox 2562 3471 2836 3525; x_wconf 82' lang='grc' dir='ltr'>συλλειτου</span> <span class='ocrx_word' id='word_1_562' title='bbox 2845 3469 2991 3542; x_wconf 86' lang='grc' dir='ltr'>ργῶν</span> <span class='ocrx_word' id='word_1_563' title='bbox 3027 3487 3122 3523; x_wconf 91' lang='grc' dir='ltr'><strong>σου</strong></span> <span class='ocrx_word' id='word_1_564' title='bbox 3162 3469 3258 3522; x_wconf 76' lang='grc' dir='ltr'>καὶ</span> <span class='ocrx_word' id='word_1_565' title='bbox 3284 3467 3392 3523; x_wconf 85' lang='grc' dir='ltr'><strong>τῶν</strong></span> <span class='ocrx_word' id='word_1_566' title='bbox 3421 3467 3774 3539; x_wconf 77' lang='grc' dir='ltr'>συναθλητῶν</span> 
     </span>
    </p>
   </div>
   <div class='ocr_carea' id='block_1_78' title="bbox 2188 3556 3771 3635">
    <p class='ocr_par' dir='ltr' id='par_1_78' title="bbox 2188 3556 3771 3635">
     <span class='ocr_line' id='line_1_78' title="bbox 2188 3556 3771 3635; baseline -0.006 -15"><span class='ocrx_word' id='word_1_567' title='bbox 2188 3564 2225 3620; x_wconf 74' lang='grc' dir='ltr'>ἃ</span> <span class='ocrx_word' id='word_1_568' title='bbox 2257 3562 2546 3635; x_wconf 85' lang='grc' dir='ltr'>εὐχόμεθα,</span> <span class='ocrx_word' id='word_1_569' title='bbox 2576 3562 2672 3617; x_wconf 77' lang='grc' dir='ltr'>καὶ</span> <span class='ocrx_word' id='word_1_570' title='bbox 2700 3562 2831 3634; x_wconf 77' lang='grc' dir='ltr'>περὶ</span> <span class='ocrx_word' id='word_1_571' title='bbox 2860 3560 2954 3615; x_wconf 89' lang='grc' dir='ltr'><strong>σοῦ</strong></span> <span class='ocrx_word' id='word_1_572' title='bbox 3012 3559 3201 3624; x_wconf 83' lang='grc' dir='ltr'>αὐτοῦ,</span> <span class='ocrx_word' id='word_1_573' title='bbox 3235 3558 3273 3613; x_wconf 74' lang='grc' dir='ltr'>ἃ</span> <span class='ocrx_word' id='word_1_574' title='bbox 3311 3558 3505 3623; x_wconf 85' lang='grc' dir='ltr'>νυκτὸς</span> <span class='ocrx_word' id='word_1_575' title='bbox 3536 3556 3650 3630; x_wconf 85' lang='grc'><strong>(60)</strong></span> <span class='ocrx_word' id='word_1_576' title='bbox 3676 3561 3771 3611; x_wconf 71' lang='grc' dir='ltr'>καὶ</span> 
     </span>
    </p>
   </div>
   <div class='ocr_carea' id='block_1_79' title="bbox 2190 3651 3769 3728">
    <p class='ocr_par' dir='ltr' id='par_1_79' title="bbox 2190 3651 3769 3728">
     <span class='ocr_line' id='line_1_79' title="bbox 2190 3651 3769 3728; baseline -0.003 -18"><span class='ocrx_word' id='word_1_577' title='bbox 2190 3659 2406 3728; x_wconf 81' lang='grc' dir='ltr'>ἡμέρας</span> <span class='ocrx_word' id='word_1_578' title='bbox 2425 3657 2474 3710; x_wconf 81' lang='grc' dir='ltr'>οἱ</span> <span class='ocrx_word' id='word_1_579' title='bbox 2503 3655 2608 3709; x_wconf 82' lang='grc' dir='ltr'><strong>ὑπὸ</strong></span> <span class='ocrx_word' id='word_1_580' title='bbox 2632 3655 2692 3709; x_wconf 79' lang='grc' dir='ltr'>σὲ</span> <span class='ocrx_word' id='word_1_581' title='bbox 2717 3655 2837 3709; x_wconf 73' lang='grc' dir='ltr'>λαοὶ</span> <span class='ocrx_word' id='word_1_582' title='bbox 2859 3652 3079 3724; x_wconf 81' lang='grc' dir='ltr'>ζητοῦσι</span> <span class='ocrx_word' id='word_1_583' title='bbox 3120 3653 3270 3725; x_wconf 90' lang='grc' dir='ltr'><strong>παρά</strong></span> <span class='ocrx_word' id='word_1_584' title='bbox 3295 3651 3388 3707; x_wconf 86' lang='grc' dir='ltr'><strong>τοῦ</strong></span> <span class='ocrx_word' id='word_1_585' title='bbox 3431 3652 3639 3723; x_wconf 80' lang='grc' dir='ltr'>Κυρίου</span> <span class='ocrx_word' id='word_1_586' title='bbox 3673 3654 3769 3722; x_wconf 81' lang='grc' dir='ltr'>τῆς</span> 
     </span>
    </p>
   </div>
   <div class='ocr_carea' id='block_1_80' title="bbox 2189 3745 3769 3820">
    <p class='ocr_par' dir='ltr' id='par_1_80' title="bbox 2189 3745 3769 3820">
     <span class='ocr_line' id='line_1_80' title="bbox 2189 3745 3769 3820; baseline -0.002 -16"><span class='ocrx_word' id='word_1_587' title='bbox 2189 3748 2556 3820; x_wconf 80' lang='grc' dir='ltr'>δικαιοσύνης.</span> <span class='ocrx_word' id='word_1_588' title='bbox 2603 3747 2843 3801; x_wconf 87' lang='grc' dir='ltr'>Γίνωσκε</span> <span class='ocrx_word' id='word_1_589' title='bbox 2870 3746 2948 3812; x_wconf 83' lang='grc' dir='ltr'><strong>δὲ,</strong></span> <span class='ocrx_word' id='word_1_590' title='bbox 2973 3747 3055 3801; x_wconf 81' lang='grc' dir='ltr'>ὅτι</span> <span class='ocrx_word' id='word_1_591' title='bbox 3076 3745 3336 3810; x_wconf 83' lang='grc' dir='ltr'>πολλάκις</span> <span class='ocrx_word' id='word_1_592' title='bbox 3386 3745 3489 3818; x_wconf 84' lang='grc' dir='ltr'>μὲν</span> <span class='ocrx_word' id='word_1_593' title='bbox 3513 3747 3617 3800; x_wconf 81' lang='grc' dir='ltr'>οὐκ</span> <span class='ocrx_word' id='word_1_594' title='bbox 3670 3749 3769 3801; x_wconf 82' lang='grc' dir='ltr'>ἐπ-</span> 
     </span>
    </p>
   </div>
   <div class='ocr_carea' id='block_1_81' title="bbox 2192 3833 3773 3911">
    <p class='ocr_par' dir='ltr' id='par_1_81' title="bbox 2192 3833 3773 3911">
     <span class='ocr_line' id='line_1_81' title="bbox 2192 3833 3773 3911; baseline -0.001 -20"><span class='ocrx_word' id='word_1_595' title='bbox 2192 3840 2508 3911; x_wconf 88' lang='grc' dir='ltr'>εστείλαμεν</span> <span class='ocrx_word' id='word_1_596' title='bbox 2538 3877 2554 3903; x_wconf 87' lang='grc'><em>,</em></span> <span class='ocrx_word' id='word_1_597' title='bbox 2604 3836 2726 3892; x_wconf 86' lang='grc' dir='ltr'><strong>ούδέ</strong></span> <span class='ocrx_word' id='word_1_598' title='bbox 2781 3838 2970 3901; x_wconf 86' lang='grc' dir='ltr'>όσάκις</span> <span class='ocrx_word' id='word_1_599' title='bbox 3013 3835 3360 3909; x_wconf 79' lang='grc' dir='ltr'>ὀφειλόμενον</span> <span class='ocrx_word' id='word_1_600' title='bbox 3403 3833 3494 3909; x_wconf 77' lang='grc' dir='ltr'><strong>ἦν,</strong></span> <span class='ocrx_word' id='word_1_601' title='bbox 3527 3838 3773 3891; x_wconf 61' lang='lat' dir='ltr'><strong>ima-rei-</strong></span> 
     </span>
    </p>
   </div>
   <div class='ocr_carea' id='block_1_82' title="bbox 2191 3930 3775 4005">
    <p class='ocr_par' dir='ltr' id='par_1_82' title="bbox 2191 3930 3775 4005">
     <span class='ocr_line' id='line_1_82' title="bbox 2191 3930 3775 4005; baseline 0.001 -19"><span class='ocrx_word' id='word_1_602' title='bbox 2191 3932 2363 4005; x_wconf 87' lang='grc' dir='ltr'>λαμεν</span> <span class='ocrx_word' id='word_1_603' title='bbox 2419 3932 2478 3986; x_wconf 86' lang='grc' dir='ltr'>δὲ</span> <span class='ocrx_word' id='word_1_604' title='bbox 2523 3932 2674 4002; x_wconf 84' lang='grc' dir='ltr'>ὅμως</span> <span class='ocrx_word' id='word_1_605' title='bbox 2709 3934 2776 4003; x_wconf 79' lang='grc' dir='ltr'>τῇ</span> <span class='ocrx_word' id='word_1_606' title='bbox 2838 3930 3117 4002; x_wconf 72' lang='grc' dir='ltr'>θεοσεϐείᾳ</span> <span class='ocrx_word' id='word_1_607' title='bbox 3164 3948 3280 3987; x_wconf 87' lang='grc' dir='ltr'>σου.</span> <span class='ocrx_word' id='word_1_608' title='bbox 3329 3933 3441 3986; x_wconf 81' lang='grc' dir='ltr'><strong>Καὶ</strong></span> <span class='ocrx_word' id='word_1_609' title='bbox 3489 3934 3633 4004; x_wconf 84' lang='grc' dir='ltr'>τάχα</span> <span class='ocrx_word' id='word_1_610' title='bbox 3673 3934 3775 3988; x_wconf 69' lang='grc' dir='ltr'><strong>οὐκ</strong></span> 
     </span>
    </p>
   </div>
   <div class='ocr_carea' id='block_1_83' title="bbox 2192 4021 3774 4097">
    <p class='ocr_par' dir='ltr' id='par_1_83' title="bbox 2192 4021 3774 4097">
     <span class='ocr_line' id='line_1_83' title="bbox 2192 4021 3774 4097; baseline 0.003 -22"><span class='ocrx_word' id='word_1_611' title='bbox 2192 4022 2537 4094; x_wconf 76' lang='grc' dir='ltr'>ἠδυνήθησαν</span> <span class='ocrx_word' id='word_1_612' title='bbox 2580 4021 2842 4076; x_wconf 84' lang='grc' dir='ltr'>διασῶσαι</span> <span class='ocrx_word' id='word_1_613' title='bbox 2880 4022 2981 4086; x_wconf 83' lang='grc' dir='ltr'>τὰς</span> <span class='ocrx_word' id='word_1_614' title='bbox 3014 4023 3381 4095; x_wconf 82' lang='grc' dir='ltr'>προσηγορίας</span> <span class='ocrx_word' id='word_1_615' title='bbox 3410 4025 3566 4097; x_wconf 82' lang='grc' dir='ltr'>ἡμῶν</span> <span class='ocrx_word' id='word_1_616' title='bbox 3599 4027 3650 4078; x_wconf 86' lang='lat' dir='ltr'><strong>oi</strong></span> <span class='ocrx_word' id='word_1_617' title='bbox 3684 4043 3774 4079; x_wconf 85' lang='grc' dir='ltr'>πι-</span> 
     </span>
    </p>
   </div>
   <div class='ocr_carea' id='block_1_84' title="bbox 2196 4112 3771 4188">
    <p class='ocr_par' dir='ltr' id='par_1_84' title="bbox 2196 4112 3771 4188">
     <span class='ocr_line' id='line_1_84' title="bbox 2196 4112 3771 4188; baseline 0.001 -19"><span class='ocrx_word' id='word_1_618' title='bbox 2196 4114 2512 4178; x_wconf 86' lang='grc' dir='ltr'>στευθέντες</span> <span class='ocrx_word' id='word_1_619' title='bbox 2545 4114 2645 4186; x_wconf 83' lang='grc' dir='ltr'>τὴν</span> <span class='ocrx_word' id='word_1_620' title='bbox 2681 4112 2958 4168; x_wconf 84' lang='grc' dir='ltr'>διακονίαν</span> <span class='ocrx_word' id='word_1_621' title='bbox 2994 4113 3103 4167; x_wconf 85' lang='grc' dir='ltr'><strong>τῶν</strong></span> <span class='ocrx_word' id='word_1_622' title='bbox 3151 4116 3495 4188; x_wconf 84' lang='grc' dir='ltr'>γραμμάτων</span> <span class='ocrx_word' id='word_1_623' title='bbox 3532 4117 3771 4188; x_wconf 68' lang='grc' dir='ltr'>ἀδελφοί.</span> 
     </span>
    </p>
   </div>
   <div class='ocr_carea' id='block_1_85' title="bbox 2206 4205 3770 4280">
    <p class='ocr_par' dir='ltr' id='par_1_85' title="bbox 2206 4205 3770 4280">
     <span class='ocr_line' id='line_1_85' title="bbox 2206 4205 3770 4280; baseline 0.001 -20"><span class='ocrx_word' id='word_1_624' title='bbox 2206 4206 2367 4260; x_wconf 85' lang='grc' dir='ltr'>’Λλλά</span> <span class='ocrx_word' id='word_1_625' title='bbox 2397 4206 2515 4272; x_wconf 87' lang='grc' dir='ltr'>νῦν,</span> <span class='ocrx_word' id='word_1_626' title='bbox 2567 4205 2756 4278; x_wconf 80' lang='grc' dir='ltr'>ἐπειδὴ</span> <span class='ocrx_word' id='word_1_627' title='bbox 2806 4206 3142 4279; x_wconf 81' lang='grc' dir='ltr'>ἐπετύχομεν</span> <span class='ocrx_word' id='word_1_628' title='bbox 3187 4206 3473 4280; x_wconf 82' lang='grc' dir='ltr'>ἡμετέρων</span> <span class='ocrx_word' id='word_1_629' title='bbox 3501 4208 3610 4262; x_wconf 86' lang='grc' dir='ltr'><strong>τῶν</strong></span> <span class='ocrx_word' id='word_1_630' title='bbox 3635 4209 3770 4263; x_wconf 73' lang='grc' dir='ltr'>ὁδοι-</span> 
     </span>
    </p>
   </div>
   <div class='ocr_carea' id='block_1_86' title="bbox 2196 4297 3771 4371">
    <p class='ocr_par' dir='ltr' id='par_1_86' title="bbox 2196 4297 3771 4371">
     <span class='ocr_line' id='line_1_86' title="bbox 2196 4297 3771 4371; baseline 0 -18"><span class='ocrx_word' id='word_1_631' title='bbox 2196 4298 2507 4371; x_wconf 89' lang='grc' dir='ltr'>πορούντων</span> <span class='ocrx_word' id='word_1_632' title='bbox 2546 4299 2684 4369; x_wconf 82' lang='grc' dir='ltr'>πρὸς</span> <span class='ocrx_word' id='word_1_633' title='bbox 2724 4297 2826 4370; x_wconf 80' lang='grc' dir='ltr'>τὴν</span> <span class='ocrx_word' id='word_1_634' title='bbox 2881 4299 2981 4371; x_wconf 80' lang='grc' dir='ltr'>σὴν</span> <span class='ocrx_word' id='word_1_635' title='bbox 3019 4299 3327 4370; x_wconf 82' lang='grc' dir='ltr'>τιμιότητα,</span> <span class='ocrx_word' id='word_1_636' title='bbox 3358 4301 3458 4353; x_wconf 77' lang='grc' dir='ltr'>καὶ</span> <span class='ocrx_word' id='word_1_637' title='bbox 3488 4299 3558 4353; x_wconf 84' lang='grc' dir='ltr'>τὰ</span> <span class='ocrx_word' id='word_1_638' title='bbox 3590 4300 3771 4371; x_wconf 84' lang='grc' dir='ltr'>γράμ-</span> 
     </span>
    </p>
   </div>
   <div class='ocr_carea' id='block_1_87' title="bbox 2200 4389 3775 4463">
    <p class='ocr_par' dir='ltr' id='par_1_87' title="bbox 2200 4389 3775 4463">
     <span class='ocr_line' id='line_1_87' title="bbox 2200 4389 3775 4463; baseline 0.001 -20"><span class='ocrx_word' id='word_1_639' title='bbox 2200 4407 2347 4462; x_wconf 87' lang='grc' dir='ltr'>ματα</span> <span class='ocrx_word' id='word_1_640' title='bbox 2378 4390 2561 4454; x_wconf 80' lang='grc' dir='ltr'>αὐτοῖς</span> <span class='ocrx_word' id='word_1_641' title='bbox 2581 4389 2992 4462; x_wconf 84' lang='grc' dir='ltr'>ἐνεχειρίσαμεν</span> <span class='ocrx_word' id='word_1_642' title='bbox 3039 4390 3357 4463; x_wconf 84' lang='grc' dir='ltr'>προθύμως,</span> <span class='ocrx_word' id='word_1_643' title='bbox 3391 4390 3489 4444; x_wconf 78' lang='grc' dir='ltr'>καὶ</span> <span class='ocrx_word' id='word_1_644' title='bbox 3519 4392 3775 4446; x_wconf 70' lang='grc' dir='ltr'>ἀπεστείο</span> 
     </span>
    </p>
   </div>
   <div class='ocr_carea' id='block_1_88' title="bbox 518 4474 2087 4554">
    <p class='ocr_par' dir='ltr' id='par_1_88' title="bbox 518 4474 2087 4545">
     <span class='ocr_line' id='line_1_88' title="bbox 518 4474 2087 4545; baseline 0 -15"><span class='ocrx_word' id='word_1_645' title='bbox 518 4475 670 4531; x_wconf 88' lang='lat' dir='ltr'><strong>lsaac</strong></span> <span class='ocrx_word' id='word_1_646' title='bbox 698 4474 1024 4545; x_wconf 68' lang='lat' dir='ltr'><strong>patriarchae</strong></span> <span class='ocrx_word' id='word_1_647' title='bbox 1052 4474 1381 4531; x_wconf 89' lang='lat' dir='ltr'><strong>benedicere</strong></span> <span class='ocrx_word' id='word_1_648' title='bbox 1399 4475 1464 4532; x_wconf 70' lang='grc'><strong>⁸⁸.</strong></span> <span class='ocrx_word' id='word_1_649' title='bbox 1494 4475 1650 4541; x_wconf 85' lang='lat' dir='ltr'><strong>Quod</strong></span> <span class='ocrx_word' id='word_1_650' title='bbox 1673 4476 1718 4530; x_wconf 87' lang='lat' dir='ltr'><strong>si</strong></span> <span class='ocrx_word' id='word_1_651' title='bbox 1745 4476 1875 4545; x_wconf 89' lang='lat' dir='ltr'><strong>quid</strong></span> <span class='ocrx_word' id='word_1_652' title='bbox 1904 4478 2087 4541; x_wconf 84' lang='lat' dir='ltr'><strong>etiam,</strong></span> 
     </span>
    </p>
   </div>
   <div class='ocr_carea' id='block_1_89' title="bbox 2193 4474 3768 4554">
    <p class='ocr_par' dir='ltr' id='par_1_89' title="bbox 2198 4480 3768 4554">
     <span class='ocr_line' id='line_1_89' title="bbox 2198 4480 3768 4554; baseline 0.001 -18"><span class='ocrx_word' id='word_1_653' title='bbox 2198 4482 2367 4552; x_wconf 81' lang='grc' dir='ltr'>λαμέν</span> <span class='ocrx_word' id='word_1_654' title='bbox 2414 4480 2527 4553; x_wconf 83' lang='grc'><strong>(61)</strong></span> <span class='ocrx_word' id='word_1_655' title='bbox 2569 4498 2711 4545; x_wconf 87' lang='grc' dir='ltr'>τινα,</span> <span class='ocrx_word' id='word_1_656' title='bbox 2746 4480 2786 4535; x_wconf 80' lang='grc' dir='ltr'><strong>ὃ.</strong></span> <span class='ocrx_word' id='word_1_657' title='bbox 2824 4480 3161 4546; x_wconf 84' lang='grc' dir='ltr'>καταξίωσον</span> <span class='ocrx_word' id='word_1_658' title='bbox 3207 4480 3567 4547; x_wconf 79' lang='grc' dir='ltr'>ὑποδέξασθαι</span> <span class='ocrx_word' id='word_1_659' title='bbox 3622 4485 3768 4554; x_wconf 80' lang='grc' dir='ltr'><strong>παρά</strong></span> 
     </span>
    </p>
   </div>
   <div class='ocr_carea' id='block_1_90' title="bbox 521 4566 2097 4637">
    <p class='ocr_par' dir='ltr' id='par_1_90' title="bbox 521 4566 2097 4637">
     <span class='ocr_line' id='line_1_90' title="bbox 521 4566 2097 4637; baseline 0.001 -16"><span class='ocrx_word' id='word_1_660' title='bbox 521 4573 582 4622; x_wconf 87' lang='lat' dir='ltr'><strong>ut</strong></span> <span class='ocrx_word' id='word_1_661' title='bbox 602 4566 855 4636; x_wconf 89' lang='lat' dir='ltr'><strong>occupati</strong></span> <span class='ocrx_word' id='word_1_662' title='bbox 899 4566 1254 4637; x_wconf 82' lang='lat' dir='ltr'><strong>animumque</strong></span> <span class='ocrx_word' id='word_1_663' title='bbox 1279 4581 1538 4621; x_wconf 90' lang='lat' dir='ltr'><strong>curarum</strong></span> <span class='ocrx_word' id='word_1_664' title='bbox 1559 4566 1910 4624; x_wconf 87' lang='lat' dir='ltr'><strong>multitudine</strong></span> <span class='ocrx_word' id='word_1_665' title='bbox 1928 4568 2097 4623; x_wconf 87' lang='lat' dir='ltr'><strong>obru-</strong></span> 
     </span>
    </p>
   </div>
   <div class='ocr_carea' id='block_1_91' title="bbox 520 4656 2099 4729">
    <p class='ocr_par' dir='ltr' id='par_1_91' title="bbox 520 4656 2099 4729">
     <span class='ocr_line' id='line_1_91' title="bbox 520 4656 2099 4729; baseline 0 -17"><span class='ocrx_word' id='word_1_666' title='bbox 520 4666 638 4712; x_wconf 91' lang='lat' dir='ltr'><strong>tum</strong></span> <span class='ocrx_word' id='word_1_667' title='bbox 664 4656 953 4722; x_wconf 84' lang='lat' dir='ltr'><strong>habentes,</strong></span> <span class='ocrx_word' id='word_1_668' title='bbox 990 4657 1181 4712; x_wconf 86' lang='lat' dir='ltr'><strong>decori</strong></span> <span class='ocrx_word' id='word_1_669' title='bbox 1229 4656 1594 4728; x_wconf 74' lang='lat' dir='ltr'><strong>negleximus,</strong></span> <span class='ocrx_word' id='word_1_670' title='bbox 1629 4657 1765 4711; x_wconf 88' lang='lat' dir='ltr'><strong>mihi</strong></span> <span class='ocrx_word' id='word_1_671' title='bbox 1802 4673 1873 4712; x_wconf 91' lang='lat' dir='ltr'><strong>ne</strong></span> <span class='ocrx_word' id='word_1_672' title='bbox 1918 4659 2099 4729; x_wconf 89' lang='lat' dir='ltr'><strong>impu-</strong></span> 
     </span>
    </p>
   </div>
   <div class='ocr_carea' id='block_1_92' title="bbox 521 4747 2096 4819">
    <p class='ocr_par' dir='ltr' id='par_1_92' title="bbox 521 4747 2096 4819">
     <span class='ocr_line' id='line_1_92' title="bbox 521 4747 2096 4819; baseline 0.001 -16"><span class='ocrx_word' id='word_1_673' title='bbox 521 4748 747 4813; x_wconf 89' lang='lat' dir='ltr'><strong>taveris,</strong></span> <span class='ocrx_word' id='word_1_674' title='bbox 788 4763 966 4819; x_wconf 90' lang='lat' dir='ltr'><strong>neque</strong></span> <span class='ocrx_word' id='word_1_675' title='bbox 997 4748 1253 4805; x_wconf 80' lang='lat' dir='ltr'><strong>aiiiciaris</strong></span> <span class='ocrx_word' id='word_1_676' title='bbox 1286 4748 1558 4804; x_wconf 86' lang='lat' dir='ltr'><strong>tristitia:</strong></span> <span class='ocrx_word' id='word_1_677' title='bbox 1585 4747 1681 4803; x_wconf 85' lang='lat' dir='ltr'><strong>sed</strong></span> <span class='ocrx_word' id='word_1_678' title='bbox 1712 4756 1863 4802; x_wconf 89' lang='lat' dir='ltr'><strong>tuam</strong></span> <span class='ocrx_word' id='word_1_679' title='bbox 1893 4750 1951 4804; x_wconf 85' lang='lat' dir='ltr'><strong>in</strong></span> <span class='ocrx_word' id='word_1_680' title='bbox 1977 4766 2096 4805; x_wconf 87' lang='lat' dir='ltr'><strong>om-</strong></span> 
     </span>
    </p>
   </div>
   <div class='ocr_carea' id='block_1_93' title="bbox 525 4838 2097 4910">
    <p class='ocr_par' dir='ltr' id='par_1_93' title="bbox 525 4838 2097 4910">
     <span class='ocr_line' id='line_1_93' title="bbox 525 4838 2097 4910; baseline 0 -16"><span class='ocrx_word' id='word_1_681' title='bbox 525 4840 687 4894; x_wconf 89' lang='lat' dir='ltr'><strong>nibus</strong></span> <span class='ocrx_word' id='word_1_682' title='bbox 720 4838 1108 4910; x_wconf 83' lang='lat' dir='ltr'><strong>perfectionem</strong></span> <span class='ocrx_word' id='word_1_683' title='bbox 1145 4841 1365 4895; x_wconf 89' lang='lat' dir='ltr'><strong>imitare</strong></span> <span class='ocrx_word' id='word_1_684' title='bbox 1398 4858 1414 4895; x_wconf 89' lang='lat'><strong>:</strong></span> <span class='ocrx_word' id='word_1_685' title='bbox 1442 4847 1505 4894; x_wconf 91' lang='lat' dir='ltr'><strong>ut</strong></span> <span class='ocrx_word' id='word_1_686' title='bbox 1533 4846 1588 4894; x_wconf 89' lang='lat' dir='ltr'><strong>et</strong></span> <span class='ocrx_word' id='word_1_687' title='bbox 1629 4853 1730 4894; x_wconf 91' lang='lat' dir='ltr'><strong>nos</strong></span> <span class='ocrx_word' id='word_1_688' title='bbox 1769 4841 1971 4895; x_wconf 84' lang='lat' dir='ltr'><strong>virtute</strong></span> <span class='ocrx_word' id='word_1_689' title='bbox 2001 4847 2097 4894; x_wconf 89' lang='lat' dir='ltr'><strong>tua</strong></span> 
     </span>
    </p>
   </div>
   <div class='ocr_carea' id='block_1_94' title="bbox 527 4928 2097 5003">
    <p class='ocr_par' dir='ltr' id='par_1_94' title="bbox 527 4928 2097 5003">
     <span class='ocr_line' id='line_1_94' title="bbox 527 4928 2097 5003; baseline 0.003 -20"><span class='ocrx_word' id='word_1_690' title='bbox 527 4928 893 5001; x_wconf 87' lang='lat' dir='ltr'><strong>perfruamur,</strong></span> <span class='ocrx_word' id='word_1_691' title='bbox 929 4931 1388 5002; x_wconf 82' lang='lat' dir='ltr'><strong>quemadmodum</strong></span> <span class='ocrx_word' id='word_1_692' title='bbox 1415 4941 1470 4988; x_wconf 93' lang='lat' dir='ltr'><strong>et</strong></span> <span class='ocrx_word' id='word_1_693' title='bbox 1499 4932 1698 5003; x_wconf 88' lang='lat' dir='ltr'><strong>reliqui</strong></span> <span class='ocrx_word' id='word_1_694' title='bbox 1744 4947 1957 4989; x_wconf 85' lang='lat' dir='ltr'><strong>omnes.</strong></span> <span class='ocrx_word' id='word_1_695' title='bbox 1998 4931 2097 4987; x_wconf 89' lang='lat' dir='ltr'><strong>Sa-</strong></span> 
     </span>
    </p>
   </div>
   <div class='ocr_carea' id='block_1_95' title="bbox 599 5085 1125 5158">
    <p class='ocr_par' dir='ltr' id='par_1_95' title="bbox 599 5085 1125 5158">
     <span class='ocr_line' id='line_1_95' title="bbox 599 5085 1125 5158; baseline -0.01 -12"><span class='ocrx_word' id='word_1_696' title='bbox 599 5090 648 5122; x_wconf 75' lang='lat'>“</span> <span class='ocrx_word' id='word_1_697' title='bbox 666 5085 804 5146; x_wconf 86' lang='lat' dir='ltr'><strong>Gen.</strong></span> <span class='ocrx_word' id='word_1_698' title='bbox 836 5086 1125 5158; x_wconf 57' lang='lat' dir='ltr'><strong>xxvtbg&#39;l.</strong></span> 
     </span>
    </p>
   </div>
   <div class='ocr_carea' id='block_1_96' title="bbox 599 5239 2101 5312">
    <p class='ocr_par' dir='ltr' id='par_1_96' title="bbox 599 5239 2101 5312">
     <span class='ocr_line' id='line_1_96' title="bbox 599 5239 2101 5312; baseline -0.002 -15"><span class='ocrx_word' id='word_1_699' title='bbox 599 5250 620 5268; x_wconf 86' lang='lat'><strong><em>&quot;</em></strong></span> <span class='ocrx_word' id='word_1_700' title='bbox 649 5244 800 5299; x_wconf 87' lang='lat' dir='ltr'><strong>Alias</strong></span> <span class='ocrx_word' id='word_1_701' title='bbox 845 5239 1191 5299; x_wconf 79' lang='lat' dir='ltr'><strong>CCCXXV&quot;.</strong></span> <span class='ocrx_word' id='word_1_702' title='bbox 1242 5241 1456 5312; x_wconf 87' lang='lat' dir='ltr'><strong>Scripta</strong></span> <span class='ocrx_word' id='word_1_703' title='bbox 1533 5241 1744 5297; x_wconf 88' lang='lat' dir='ltr'><strong>videtur</strong></span> <span class='ocrx_word' id='word_1_704' title='bbox 1796 5256 1941 5298; x_wconf 87' lang='lat' dir='ltr'><strong>anno</strong></span> <span class='ocrx_word' id='word_1_705' title='bbox 1994 5240 2101 5296; x_wconf 78' lang='lat'><strong>577</strong></span> 
     </span>
    </p>
   </div>
   <div class='ocr_carea' id='block_1_97' title="bbox 526 5313 1309 5378">
    <p class='ocr_par' dir='ltr' id='par_1_97' title="bbox 526 5313 1309 5378">
     <span class='ocr_line' id='line_1_97' title="bbox 526 5313 1309 5378; baseline -0.004 -8"><span class='ocrx_word' id='word_1_706' title='bbox 526 5323 778 5378; x_wconf 77' lang='lat' dir='ltr'><strong>exeunte,</strong></span> <span class='ocrx_word' id='word_1_707' title='bbox 803 5321 896 5369; x_wconf 89' lang='lat' dir='ltr'><strong>aut</strong></span> <span class='ocrx_word' id='word_1_708' title='bbox 923 5313 1029 5369; x_wconf 76' lang='lat'><strong>578</strong></span> <span class='ocrx_word' id='word_1_709' title='bbox 1065 5314 1309 5369; x_wconf 90' lang='lat' dir='ltr'><strong>ineunte.</strong></span> 
     </span>
    </p>
   </div>
   <div class='ocr_carea' id='block_1_98' title="bbox 599 5379 2100 5455">
    <p class='ocr_par' dir='ltr' id='par_1_98' title="bbox 599 5379 2100 5455">
     <span class='ocr_line' id='line_1_98' title="bbox 599 5379 2100 5455; baseline -0.002 -17"><span class='ocrx_word' id='word_1_710' title='bbox 599 5384 712 5455; x_wconf 83' lang='lat'><strong>(59)</strong></span> <span class='ocrx_word' id='word_1_711' title='bbox 738 5383 911 5455; x_wconf 15' lang='grc' dir='ltr'>Πρὸς-ί</span> <span class='ocrx_word' id='word_1_712' title='bbox 944 5381 1124 5454; x_wconf 73' lang='grc' dir='ltr'>ἡμᾶς.</span> <span class='ocrx_word' id='word_1_713' title='bbox 1170 5383 1346 5442; x_wconf 86' lang='lat' dir='ltr'><strong>Harl.,</strong></span> <span class='ocrx_word' id='word_1_714' title='bbox 1380 5380 1577 5455; x_wconf 78' lang='lat' dir='ltr'><strong>_Coisl.</strong></span> <span class='ocrx_word' id='word_1_715' title='bbox 1615 5382 1879 5455; x_wconf 73' lang='lat' dir='ltr'><strong>primus,_</strong></span> <span class='ocrx_word' id='word_1_716' title='bbox 1896 5379 2100 5452; x_wconf 74' lang='lat' dir='ltr'><strong>Regius</strong></span> 
     </span>
    </p>
   </div>
   <div class='ocr_carea' id='block_1_99' title="bbox 529 5450 2101 5574">
    <p class='ocr_par' dir='ltr' id='par_1_99' title="bbox 529 5450 2101 5574">
     <span class='ocr_line' id='line_1_99' title="bbox 529 5450 2101 5574; baseline -0.001 -67"><span class='ocrx_word' id='word_1_717' title='bbox 529 5450 761 5524; x_wconf 81' lang='lat' dir='ltr'><strong>primus,</strong></span> <span class='ocrx_word' id='word_1_718' title='bbox 786 5450 1060 5537; x_wconf 25' lang='lat' dir='ltr'><strong>‘Parisfet</strong></span> <span class='ocrx_word' id='word_1_719' title='bbox 1082 5450 1264 5523; x_wconf 73' lang='lat' dir='ltr'><strong>Bigot.</strong></span> <span class='ocrx_word' id='word_1_720' title='bbox 1299 5452 1435 5524; x_wconf 79' lang='grc' dir='ltr'>πρὸς</span> <span class='ocrx_word' id='word_1_721' title='bbox 1462 5450 1634 5574; x_wconf 66' lang='grc' dir='ltr'>ήμῗιςζ</span> <span class='ocrx_word' id='word_1_722' title='bbox 1664 5451 1810 5506; x_wconf 87' lang='lat' dir='ltr'><strong>infra</strong></span> <span class='ocrx_word' id='word_1_723' title='bbox 1846 5450 2101 5522; x_wconf 54' lang='lat' dir='ltr'><strong>Regfse-</strong></span> 
     </span>
     <span class='ocr_line' id='line_1_100' title="bbox 529 5521 2101 5574; baseline 0 0"><span class='ocrx_word' id='word_1_724' title='bbox 529 5524 743 5574; x_wconf 82' lang='lat' dir='ltr'><strong>ctmdus</strong></span> <span class='ocrx_word' id='word_1_725' title='bbox 770 5533 824 5574; x_wconf 86' lang='lat' dir='ltr'><strong>et</strong></span> <span class='ocrx_word' id='word_1_726' title='bbox 845 5524 1013 5574; x_wconf 74' lang='lat' dir='ltr'><strong>Consi.</strong></span> <span class='ocrx_word' id='word_1_727' title='bbox 1046 5523 1320 5574; x_wconf 84' lang='lat' dir='ltr'><strong>secundus</strong></span> <span class='ocrx_word' id='word_1_728' title='bbox 1343 5522 1442 5574; x_wconf 77' lang='grc' dir='ltr'><strong>τὴν</strong></span> <span class='ocrx_word' id='word_1_729' title='bbox 1467 5524 1546 5574; x_wconf 79' lang='grc' dir='ltr'>ήμ</span> <span class='ocrx_word' id='word_1_730' title='bbox 1578 5523 1762 5574; x_wconf 80' lang='grc' dir='ltr'>τέοαν.</span> <span class='ocrx_word' id='word_1_731' title='bbox 1796 5533 1848 5574; x_wconf 88' lang='lat' dir='ltr'><strong>et</strong></span> <span class='ocrx_word' id='word_1_732' title='bbox 1872 5521 2101 5574; x_wconf 64' lang='grc' dir='ltr'>αἴσθωνυ</span> 
     </span>
    </p>
   </div>
   <div class='ocr_carea' id='block_1_100' title="bbox 529 5521 2102 5593">
    <p class='ocr_par' dir='ltr' id='par_1_100' title="bbox 529 5521 2102 5593">
     <span class='ocr_line' id='line_1_101' title="bbox 529 5521 2102 5593; baseline -0.001 -15"><span class='ocrx_word' id='word_1_733' title='bbox 529 5521 743 5578; x_wconf 73' lang='lat' dir='ltr'><strong>cundus</strong></span> <span class='ocrx_word' id='word_1_734' title='bbox 770 5533 824 5579; x_wconf 90' lang='lat' dir='ltr'><strong>et</strong></span> <span class='ocrx_word' id='word_1_735' title='bbox 845 5524 1013 5581; x_wconf 84' lang='lat' dir='ltr'><strong>Coisl.</strong></span> <span class='ocrx_word' id='word_1_736' title='bbox 1046 5521 1320 5581; x_wconf 79' lang='lat' dir='ltr'><strong>secundus</strong></span> <span class='ocrx_word' id='word_1_737' title='bbox 1343 5521 1442 5593; x_wconf 75' lang='grc' dir='ltr'>τὴν</span> <span class='ocrx_word' id='word_1_738' title='bbox 1467 5521 1762 5593; x_wconf 63' lang='grc' dir='ltr'>ἡμετέραν,</span> <span class='ocrx_word' id='word_1_739' title='bbox 1796 5533 1848 5578; x_wconf 89' lang='lat' dir='ltr'><strong>et</strong></span> <span class='ocrx_word' id='word_1_740' title='bbox 1872 5521 2102 5576; x_wconf 63' lang='lat' dir='ltr'><strong>aieiiww</strong></span> 
     </span>
    </p>
   </div>
   <div class='ocr_carea' id='block_1_101' title="bbox 531 5595 809 5663">
    <p class='ocr_par' dir='ltr' id='par_1_101' title="bbox 531 5595 809 5663">
     <span class='ocr_line' id='line_1_102' title="bbox 531 5595 809 5663; baseline 0.007 -18"><span class='ocrx_word' id='word_1_741' title='bbox 531 5605 619 5646; x_wconf 89' lang='grc' dir='ltr'><strong>ται</strong></span> <span class='ocrx_word' id='word_1_742' title='bbox 645 5595 809 5663; x_wconf 80' lang='grc' dir='ltr'>ἡμᾶς.</span> 
     </span>
    </p>
   </div>
   <div class='ocr_carea' id='block_1_102' title="bbox 2197 4571 3771 4645">
    <p class='ocr_par' dir='ltr' id='par_1_102' title="bbox 2197 4571 3771 4645">
     <span class='ocr_line' id='line_1_103' title="bbox 2197 4571 3771 4645; baseline 0 -18"><span class='ocrx_word' id='word_1_743' title='bbox 2197 4574 2299 4644; x_wconf 83' lang='grc' dir='ltr'>τῆς</span> <span class='ocrx_word' id='word_1_744' title='bbox 2313 4571 2586 4645; x_wconf 83' lang='grc' dir='ltr'>ἡμετέρας</span> <span class='ocrx_word' id='word_1_745' title='bbox 2602 4573 2984 4639; x_wconf 82' lang='grc' dir='ltr'>ταπεινώσεως</span> <span class='ocrx_word' id='word_1_746' title='bbox 3014 4573 3472 4645; x_wconf 81' lang='grc' dir='ltr'>ἀνυπερηφάνως,</span> <span class='ocrx_word' id='word_1_747' title='bbox 3500 4573 3597 4627; x_wconf 74' lang='grc' dir='ltr'>καὶ</span> <span class='ocrx_word' id='word_1_748' title='bbox 3617 4574 3771 4627; x_wconf 82' lang='grc' dir='ltr'>εὐλο-</span> 
     </span>
    </p>
   </div>
   <div class='ocr_carea' id='block_1_103' title="bbox 2197 4663 3767 4738">
    <p class='ocr_par' dir='ltr' id='par_1_103' title="bbox 2197 4663 3767 4738">
     <span class='ocr_line' id='line_1_104' title="bbox 2197 4663 3767 4738; baseline 0.001 -20"><span class='ocrx_word' id='word_1_749' title='bbox 2197 4666 2367 4735; x_wconf 77' lang='grc' dir='ltr'>γῆσαι</span> <span class='ocrx_word' id='word_1_750' title='bbox 2420 4665 2571 4734; x_wconf 78' lang='grc' dir='ltr'>ἡμᾶς</span> <span class='ocrx_word' id='word_1_751' title='bbox 2614 4663 2755 4718; x_wconf 80' lang='grc' dir='ltr'><strong>κατά</strong></span> <span class='ocrx_word' id='word_1_752' title='bbox 2787 4665 3018 4736; x_wconf 82' lang='grc' dir='ltr'>μίμησιν</span> <span class='ocrx_word' id='word_1_753' title='bbox 3042 4664 3137 4718; x_wconf 89' lang='grc' dir='ltr'><strong>τοῦ</strong></span> <span class='ocrx_word' id='word_1_754' title='bbox 3176 4665 3521 4738; x_wconf 80' lang='grc' dir='ltr'>πατριάρχου</span> <span class='ocrx_word' id='word_1_755' title='bbox 3567 4665 3767 4720; x_wconf 73' lang='grc' dir='ltr'>Ἰσαάκ.</span> 
     </span>
    </p>
   </div>
   <div class='ocr_carea' id='block_1_104' title="bbox 2199 4754 3771 4828">
    <p class='ocr_par' dir='ltr' id='par_1_104' title="bbox 2199 4754 3771 4828">
     <span class='ocr_line' id='line_1_105' title="bbox 2199 4754 3771 4828; baseline 0 -20"><span class='ocrx_word' id='word_1_756' title='bbox 2199 4755 2263 4808; x_wconf 83' lang='lat' dir='ltr'><strong>Ei</strong></span> <span class='ocrx_word' id='word_1_757' title='bbox 2318 4754 2378 4808; x_wconf 85' lang='grc' dir='ltr'><strong>δέ</strong></span> <span class='ocrx_word' id='word_1_758' title='bbox 2430 4771 2506 4818; x_wconf 86' lang='grc' dir='ltr'>τι,</span> <span class='ocrx_word' id='word_1_759' title='bbox 2554 4755 2649 4808; x_wconf 74' lang='grc' dir='ltr'>καὶ</span> <span class='ocrx_word' id='word_1_760' title='bbox 2688 4754 2764 4820; x_wconf 83' lang='grc' dir='ltr'><strong>ὡς</strong></span> <span class='ocrx_word' id='word_1_761' title='bbox 2805 4754 3226 4827; x_wconf 79' lang='grc' dir='ltr'>ἀσχολούμενοι,,</span> <span class='ocrx_word' id='word_1_762' title='bbox 3266 4755 3360 4809; x_wconf 77' lang='grc' dir='ltr'>καὶ</span> <span class='ocrx_word' id='word_1_763' title='bbox 3396 4755 3503 4808; x_wconf 83' lang='grc' dir='ltr'>ὑπὸ</span> <span class='ocrx_word' id='word_1_764' title='bbox 3537 4755 3771 4828; x_wconf 81' lang='grc' dir='ltr'>πλήθους</span> 
     </span>
    </p>
   </div>
   <div class='ocr_carea' id='block_1_105' title="bbox 2200 4841 3763 4917">
    <p class='ocr_par' dir='ltr' id='par_1_105' title="bbox 2200 4841 3763 4917">
     <span class='ocr_line' id='line_1_106' title="bbox 2200 4841 3763 4917; baseline 0.001 -22"><span class='ocrx_word' id='word_1_765' title='bbox 2200 4841 2496 4914; x_wconf 85' lang='grc' dir='ltr'>φροντίδων</span> <span class='ocrx_word' id='word_1_766' title='bbox 2522 4842 2615 4896; x_wconf 81' lang='grc' dir='ltr'>τὸν</span> <span class='ocrx_word' id='word_1_767' title='bbox 2637 4842 2762 4898; x_wconf 87' lang='grc' dir='ltr'>νοῦν</span> <span class='ocrx_word' id='word_1_768' title='bbox 2793 4842 3161 4915; x_wconf 85' lang='grc' dir='ltr'>βαπτισμένον</span> <span class='ocrx_word' id='word_1_769' title='bbox 3176 4844 3413 4916; x_wconf 75' lang='grc' dir='ltr'>ἔχοντες,</span> <span class='ocrx_word' id='word_1_770' title='bbox 3444 4845 3763 4917; x_wconf 82' lang='grc' dir='ltr'>παρείδομεν</span> 
     </span>
    </p>
   </div>
   <div class='ocr_carea' id='block_1_106' title="bbox 2198 4932 3763 5009">
    <p class='ocr_par' dir='ltr' id='par_1_106' title="bbox 2198 4932 3763 5009">
     <span class='ocr_line' id='line_1_107' title="bbox 2198 4932 3763 5009; baseline -0.001 -22"><span class='ocrx_word' id='word_1_771' title='bbox 2198 4933 2307 4987; x_wconf 85' lang='grc' dir='ltr'><strong>τῶν</strong></span> <span class='ocrx_word' id='word_1_772' title='bbox 2350 4932 2693 5003; x_wconf 86' lang='grc' dir='ltr'>πρεπόντων,</span> <span class='ocrx_word' id='word_1_773' title='bbox 2753 4934 2828 5007; x_wconf 81' lang='grc' dir='ltr'>μὴ</span> <span class='ocrx_word' id='word_1_774' title='bbox 2873 4934 3067 5009; x_wconf 81' lang='grc' dir='ltr'>λογίσῃ</span> <span class='ocrx_word' id='word_1_775' title='bbox 3107 4937 3261 5007; x_wconf 79' lang='grc' dir='ltr'>ἡμῖν,</span> <span class='ocrx_word' id='word_1_776' title='bbox 3318 4935 3455 5008; x_wconf 77' lang='grc' dir='ltr'>μηδὲ</span> <span class='ocrx_word' id='word_1_777' title='bbox 3489 4935 3721 5008; x_wconf 77' lang='grc' dir='ltr'>λυπηθῇς</span> <span class='ocrx_word' id='word_1_778' title='bbox 3743 4953 3763 4969; x_wconf 64' lang='grc' dir='ltr'><strong>θ</strong></span> 
     </span>
    </p>
   </div>
   <div class='ocr_carea' id='block_1_107' title="bbox 2271 5238 3758 5312">
    <p class='ocr_par' dir='ltr' id='par_1_107' title="bbox 2271 5238 3758 5312">
     <span class='ocr_line' id='line_1_108' title="bbox 2271 5238 3758 5312; baseline 0 -18"><span class='ocrx_word' id='word_1_779' title='bbox 2271 5239 2385 5312; x_wconf 79' lang='lat'><strong>(60)</strong></span> <span class='ocrx_word' id='word_1_780' title='bbox 2413 5242 2483 5294; x_wconf 79' lang='grc' dir='ltr'>Ἃ</span> <span class='ocrx_word' id='word_1_781' title='bbox 2516 5243 2758 5308; x_wconf 76' lang='grc' dir='ltr'>νυκτός.</span> <span class='ocrx_word' id='word_1_782' title='bbox 2792 5240 2940 5297; x_wconf 89' lang='lat' dir='ltr'><strong>Editi</strong></span> <span class='ocrx_word' id='word_1_783' title='bbox 2984 5239 3027 5312; x_wconf 63' lang='grc' dir='ltr'><strong>ἀ</strong></span> <span class='ocrx_word' id='word_1_784' title='bbox 3052 5241 3146 5295; x_wconf 77' lang='grc' dir='ltr'>καὶ</span> <span class='ocrx_word' id='word_1_785' title='bbox 3191 5240 3404 5312; x_wconf 60' lang='grc' dir='ltr'>νυκτός,</span> <span class='ocrx_word' id='word_1_786' title='bbox 3452 5238 3605 5297; x_wconf 82' lang='lat' dir='ltr'><strong>Deest</strong></span> <span class='ocrx_word' id='word_1_787' title='bbox 3629 5255 3758 5312; x_wconf 13' lang='lat' dir='ltr'><strong>icon-</strong></span> 
     </span>
    </p>
   </div>
   <div class='ocr_carea' id='block_1_108' title="bbox 2196 5309 3757 5434">
    <p class='ocr_par' dir='ltr' id='par_1_108' title="bbox 2196 5309 3757 5434">
     <span class='ocr_line' id='line_1_109' title="bbox 2196 5309 3757 5434; baseline -0.002 -68"><span class='ocrx_word' id='word_1_788' title='bbox 2196 5309 2411 5434; x_wconf 44' lang='lat' dir='ltr'><strong>italiam</strong></span> <span class='ocrx_word' id='word_1_789' title='bbox 2443 5312 2500 5365; x_wconf 93' lang='lat' dir='ltr'><strong>in</strong></span> <span class='ocrx_word' id='word_1_790' title='bbox 2529 5312 2803 5383; x_wconf 90' lang='lat' dir='ltr'><strong>plerisque</strong></span> <span class='ocrx_word' id='word_1_791' title='bbox 2834 5327 2970 5368; x_wconf 89' lang='lat' dir='ltr'><strong>mss.</strong></span> <span class='ocrx_word' id='word_1_792' title='bbox 2999 5310 3171 5368; x_wconf 89' lang='lat' dir='ltr'><strong>Paulo</strong></span> <span class='ocrx_word' id='word_1_793' title='bbox 3204 5321 3330 5366; x_wconf 88' lang='lat' dir='ltr'><strong>ante</strong></span> <span class='ocrx_word' id='word_1_794' title='bbox 3360 5310 3531 5368; x_wconf 82' lang='lat' dir='ltr'><strong>Coisl.</strong></span> <span class='ocrx_word' id='word_1_795' title='bbox 3565 5311 3757 5383; x_wconf 87' lang='lat' dir='ltr'><strong>primus</strong></span> 
     </span>
     <span class='ocr_line' id='line_1_110' title="bbox 2304 5397 2746 5434; baseline -0.002 0"><span class='ocrx_word' id='word_1_796' title='bbox 2304 5397 2469 5434; x_wconf 86' lang='grc' dir='ltr'>ητων.</span> <span class='ocrx_word' id='word_1_797' title='bbox 2740 5428 2746 5433; x_wconf 90' lang='grc'>.</span> 
     </span>
    </p>
   </div>
   <div class='ocr_carea' id='block_1_109' title="bbox 2200 5383 3757 5524">
    <p class='ocr_par' dir='ltr' id='par_1_109' title="bbox 2200 5383 3757 5524">
     <span class='ocr_line' id='line_1_111' title="bbox 2200 5383 3757 5524; baseline 0 -20"><span class='ocrx_word' id='word_1_798' title='bbox 2200 5383 2914 5524; x_wconf 47' lang='grc' dir='ltr'>ἀθῖἓῗῗγλπεστείλαμεν.</span> <span class='ocrx_word' id='word_1_799' title='bbox 2946 5449 3197 5524; x_wconf 80' lang='lat' dir='ltr'><strong>Quinque</strong></span> <span class='ocrx_word' id='word_1_800' title='bbox 3218 5450 3440 5524; x_wconf 74' lang='lat' dir='ltr'><strong>codices</strong></span> <span class='ocrx_word' id='word_1_801' title='bbox 3468 5449 3757 5524; x_wconf 67' lang='grc' dir='ltr'>ἐπεστείλασ</span> 
     </span>
    </p>
   </div>
   <div class='ocr_carea' id='block_1_110' title="bbox 2203 5518 3753 5656">
    <p class='ocr_par' dir='ltr' id='par_1_110' title="bbox 2203 5518 3753 5656">
     <span class='ocr_line' id='line_1_112' title="bbox 2203 5518 3753 5656; baseline -0.001 -80"><span class='ocrx_word' id='word_1_802' title='bbox 2203 5518 2603 5656; x_wconf 52' lang='grc' dir='ltr'>ἕξζὸαἳυιιιυοι·</span> <span class='ocrx_word' id='word_1_803' title='bbox 2644 5518 2982 5594; x_wconf 82' lang='grc' dir='ltr'>ἐστείλαμεν.</span> <span class='ocrx_word' id='word_1_804' title='bbox 3028 5518 3147 5576; x_wconf 76' lang='lat' dir='ltr'><strong>Mox</strong></span> <span class='ocrx_word' id='word_1_805' title='bbox 3175 5521 3346 5577; x_wconf 85' lang='lat' dir='ltr'><strong>codex</strong></span> <span class='ocrx_word' id='word_1_806' title='bbox 3383 5520 3659 5577; x_wconf 59' lang='lat' dir='ltr'><strong>Medicaus</strong></span> <span class='ocrx_word' id='word_1_807' title='bbox 3676 5518 3753 5574; x_wconf 80' lang='grc' dir='ltr'>δέ·</span> 
     </span>
    </p>
   </div>
  </div>
