3852 6224
141 258 284 315 997'

1097 252 1589 310 EPISTULARUM
1624 251 1912 308 CLASSIS
1949 253 2014 309 Il.
2055 252 2279 312 EPIST.
2319 254 2640 312 CCLXVIII.

3321 259 3422 318 998

140 374 286 428 ἀλλά
317 373 558 445 μίμησαι
614 372 715 444 τὴν
764 371 998 426 σεαυτοῦ
1030 373 1088 425 ὲν
1117 374 1254 426 πᾶσι
1279 372 1616 444 τελειότητα,
1649 371 1737 424 ἵνα

1849 388 1969 438 nus,
2010 375 2065 428 in
2095 373 2328 430 Domino
2361 376 2542 440 laetus,
2589 390 2655 430 ac
2686 389 2782 445 pro
2813 390 2900 431 me
2930 389 3117 440 orans,
3159 379 3420 436 conceda-

141 467 244 522 καὶ
301 467 464 537 ἡμεῖς
525 464 926 535 ἀπολαύσωμέν
987 481 1080 518 σου
1123 467 1222 536 τῆς
1281 465 1503 536 ἀρετῆς,
1539 465 1614 527 ὼς
1649 463 1744 517 καὶ

1853 465 1929 520 ris
1958 467 2092 520 mihi
2125 476 2178 521 et
2211 466 2306 522 Dei
2333 467 2616 525 Ecclesiae.

138 563 193 616 οί
237 563 416 616 λοιποὶ
467 561 691 626 πάντες.
752 561 1116 633 Ἐῤῥωμένος,
1168 561 1406 633 εὔθυμος
1437 560 1549 631 (62)
1601 561 1659 613 ὲν
1701 560 1912 632 Κυρίῳ,
1975 563 2409 635 ὑπερευχόμενός
2451 582 2574 635 μου,
2607 564 2925 638 χαρισθείης
2957 582 3048 637 μοι
3084 564 3178 620 καὶ
3205 568 3274 637 τῇ
3331 562 3422 620 τοῦ

138 653 282 707 Θεοῦ
326 653 624 726 Ἐκκλησία

672 767 1022 821 ΕΠΙΣΤΟΛΗ
1048 768 1212 822 ΣΞΗ’.

2253 766 2603 824 EPISTOLA
2643 765 2950 824 CCLXVIII
2973 775 3011 824 ‘.

139 887 350 957 Eusebio
366 885 665 957 mirabiliter
688 894 881 957 seruato
901 887 1193 957 gratulatur,
1215 885 1414 952 ejusque
1452 886 1665 957 reditum
1688 891 1852 957 sperat
1875 885 2205 957 adesim-run
2236 887 2460 957 precibus
2500 901 2780 957 concessum
2806 887 2890 939 iri.
2920 891 2994 957 De
3005 891 3172 957 rebus
3187 887 3340 957 illius
3364 901 3425 957 ex

206 949 406 1001 Libanio
427 951 632 1016 diacono
662 949 877 1008 edoctus,
901 949 1087 1000 ’rwu’ra
1111 949 1248 1016 scire
1271 949 1395 1016 avet,
1430 956 1514 1016 aut
1537 949 1698 1016 citius,
1715 949 1803 996 aut
1829 949 2113 1016 sgllemper
2136 949 2349 1016 Paulum
2387 951 2737 1016 presbyterum,
2771 963 2882 1000 cum
2906 951 3100 1016 redibit.
3129 949 3269 1002 Nihil
3292 950 3340 1002 ei
3375 949 3426 1000 in

203 1026 378 1062 manus
411 1012 607 1079 tradere
628 1024 776 1061 ausus
798 1018 867 1061 est
887 1025 904 1071 ;
929 1025 985 1061 eo
1002 1011 1130 1079 quod
1154 1011 1247 1079 vim
1266 1009 1536 1079 latronibus.
1554 1017 1599 1060 et
1622 1009 1949 1079 desertoribus
1970 1009 2134 1073 plana:
2165 1009 2275 1061 sint.
2302 1009 2560 1062 Exercitus
2582 1012 2791 1062 adventu
2814 1011 3032 1064 nuntiato
3071 1018 3238 1078 sperat
3268 1021 3424 1064 ηιοαιο

203 1087 316 1123 cam
335 1071 730 1138 tranquillitatem
753 1086 772 1134 ;
794 1081 985 1139 tumque
1009 1071 1157 1122 mittet
1177 1072 1387 1135 aliquem
1409 1086 1436 1123 e
1461 1073 1562 1123 suis
1580 1073 1641 1120 ad
1664 1071 1937 1121 Eusebium.

534 1199 810 1262 Εὐσεϐίῳ
845 1197 916 1252 ἐν
947 1197 1153 1266 ἐξορίςι
1197 1197 1346 1251 ὄντι.

220 1307 432 1374 Ἔδειξε
468 1307 566 1361 καὶ
619 1307 704 1377 ἐφ’
738 1306 898 1378 ἡμῶν
929 1309 956 1360 ὁ
984 1307 1210 1379 Κύριος,
1239 1308 1320 1361 ὅτι
1364 1309 1465 1362 οὐκ
1496 1309 1732 1377 ἐγκατα-

135 1402 320 1455 λείπει
371 1401 498 1464 τοὺς
559 1400 741 1463 ὁσίους
798 1399 989 1464 αὑτοῦ,
1022 1403 1088 1470 τῇ
1119 1401 1332 1471 μεγάλῃ
1361 1401 1455 1454 καὶ
1497 1403 1735 1472 κραταιᾷ

137 1491 291 1562 χειρὶ
336 1490 500 1544 αὑτοῦ
552 1489 964 1561 περισκεπάσας
1006 1489 1103 1560 τὴν
1149 1490 1293 1561 ζωὴν
1321 1491 1420 1561 τῆς
1457 1491 1735 1561 όσιότητός

141 1601 262 1636 σου.
312 1583 505 1654 Σχεδὸν
528 1581 636 1653 γὰρ
674 1582 1055 1653 παραπλήσιον
1093 1582 1250 1635 τοῦτο
1275 1583 1535 1654 τιθέμεθα
1564 1583 1642 1653 τῷ
1677 1586 1734 1637 ὲν

136 1673 324 1742 κοιλία
377 1674 575 1742 κήτους
620 1671 809 1740 ἀπαθῆ
870 1671 1142 1742 διαμεῖναι
1183 1673 1275 1726 τὸν
1331 1674 1506 1740 ἆγιον,
1541 1673 1636 1726 καὶ
1676 1676 1734 1726 ὲν

2403 1199 2634 1256 Eusebio
2664 1203 2856 1257 exsuli.

1910 1307 2109 1364 Docuit
2134 1319 2326 1367 nostra
2351 1313 2518 1367 etiam
2547 1295 2709 1369 aetate
2737 1314 3023 1380 Dominus,
3051 1323 3274 1371 sanctos
3297 1329 3429 1370 suos

1840 1415 1870 1454 a
1899 1416 1957 1455 se
1987 1417 2097 1456 non
2129 1403 2331 1471 deseri,
2370 1404 2502 1459 dum
2543 1421 2740 1477 magna
2772 1416 2825 1461 et
2871 1407 3081 1476 potenti
3119 1422 3286 1461 manu
3327 1422 3427 1462 sua

1840 1495 2008 1548 vitam
2042 1497 2357 1555 sanctitatis
2390 1505 2499 1553 tua;
2529 1500 2786 1569 protexit.
2824 1498 2959 1555 Fere
2984 1500 3132 1554 enim
3164 1499 3342 1555 simile
3373 1499 3428 1553 id

1839 1585 2096 1644 ducimus
2131 1604 2195 1643 ac
2234 1590 2288 1644 in
2315 1599 2507 1646 ventre
2537 1593 2641 1646 ceti
2675 1592 2906 1647 illaesum
2943 1607 3268 1663 permanere
3299 1606 3429 1647 san-

1841 1683 2012 1740 ctum,
2045 1685 2098 1732 et
2129 1678 2184 1733 in
2228 1680 2532 1734 vehementi
2566 1681 2782 1734 ﬂamma
2826 1684 2964 1736 citra
3001 1683 3263 1737 damnum
3304 1698 3428 1736 ver-

140 1766 280 1837 πυρὶ
335 1764 520 1836 λάϐρῳ
559 1763 812 1826 ἀϐλαϐῶς
837 1764 1144 1818 διαιτᾶσθαι
1186 1765 1313 1829 τοὺς
1364 1766 1733 1837 φοϐουμένους

1849 1769 1952 1822 sari
2011 1770 2262 1827 homines
2298 1771 2587 1826 Dominum
2632 1775 2929 1840 timentes;
2982 1773 3428 1844 quandoquidem

140 1859 238 1912 τὸν
268 1858 473 1929 Κύριον
495 1875 509 1887 ο
535 1859 670 1911 ὅπου
699 1873 764 1926 γε
804 1857 900 1910 καὶ
927 1857 1026 1929 τὴν
1057 1858 1156 1928 σὴν
1186 1857 1496 1912 θεοσέϐειαν
1529 1876 1736 1913 παντα-

141 1951 305 2022 χόθεν
330 1952 477 2021 ὑμῖν,
521 1949 596 2014 ὡς
637 1950 842 2011 ἀκούω,
897 1949 994 2002 τοῦ
1035 1951 1272 2021 πολέμου
1324 1952 1732 2023 περιχυθέντος,

139 2041 359 2113 ἀϐλαϐῆ
383 2039 689 2110 διεφύλαξε.
726 2041 836 2095 Καὶ
862 2040 1117 2110 φυλάξειὲ
1153 2042 1334 2113 γε(65)
1354 2043 1490 2114 πρὸς
1510 2043 1571 2096 τὸ
1608 2045 1734 2114 ἑξῆς

141 2135 173 2186 ό
203 2131 429 2195 δυνατὸς
461 2130 593 2195 Θεὸς
622 2133 774 2201 ἡμῖν,
800 2130 893 2184 ἐὰν
917 2131 996 2184 ἔτι
1039 2131 1222 2202 ζῶμεν
1250 2132 1383 2204 (64),
1405 2133 1466 2186 τὸ
1507 2133 1736 2187 πολύευ-

143 2242 277 2279 κτον
306 2223 512 2295 θέαμα·
537 2222 571 2294 ἢ
612 2226 723 2287 τοῖς
751 2222 882 2292 γοῦν
907 2223 1109 2286 ἄλλοις,
1133 2223 1182 2275 οἳ
1213 2224 1314 2294 τὴν
1351 2223 1449 2295 σὴν
1479 2224 1736 2278 ἐπάνοδον

141 2314 323 2380 οὕτως
376 2315 756 2386 ἀναμένουσιν,
808 2316 883 2378 ὡς
928 2316 1136 2369 οἰκείαν
1165 2317 1378 2370 ἑαυτῶν
1415 2318 1728 2388 σωτηρίαν.

143 2408 459 2480 Πέπεισμαι
495 2407 628 2478 γὰρ,
668 2408 750 2460 ὅτι
803 2411 916 2471 τοῖς
947 2408 1176 2480 δάκρυσι
1215 2409 1326 2462 τῶν
1364 2410 1728 2480 Ἐκκλησιῶν,

143 2500 246 2554 καὶ
270 2502 382 2564 τοῖς
420 2502 747 2570 στεναγμοῖς
792 2495 874 2563 οἷς
907 2499 1000 2554 ἐπὶ
1035 2501 1119 2554 σοὶ
1170 2500 1281 2570 (65)
1313 2503 1515 2566 πάντες
1549 2503 1736 2556 στενά-

145 2589 301 2654 ζουσι
337 2588 589 2661 προσχὼν
612 2591 640 2640 ὁ
667 2589 1070 2660 φιλάνθρωπος,
1093 2581 1409 2660 διαφυλάξει
1433 2609 1490 2644 σε
1515 2591 1593 2662 τῷ
1614 2591 1734 2663 βίῳ,

143 2683 255 2746 ἕως
282 2684 349 2736 ἂν
392 2682 466 2754 δῷ
512 2683 611 2754 τὴν
633 2682 792 2755 χάριν
819 2687 932 2746 τοῖς
969 2684 1162 2748 νυκτὸς
1195 2685 1290 2738 καὶ
1316 2685 1529 2756 ἡμέρας
1557 2685 1740 2756 δεομέ-

146 2792 267 2839 νοις
305 2775 492 2830 αὐτοῦ.
555 2776 637 2830 Τὰ
694 2777 792 2847 μὲν
845 2772 939 2830 οὖν
983 2777 1146 2848 μέχρι
1180 2778 1281 2847 τῆς
1316 2777 1608 2849 ἐπιδημίας
1639 2778 1735 2831 τοῦ

144 2867 437 2940 ἀγαπητοῦ
473 2868 700 2939 ἀδελφοῦ
734 2869 893 2940 ἡμῶν
953 2868 1209 2923 Λιϐανίου
1255 2868 1351 2922 τοῦ
1388 2869 1735 2923 συνδιακόνου

147 2961 519 3033 πεπραγμένα
570 2961 693 3015 καθ’
751 2962 908 3032 ὑμῶν
948 2961 1060 3032 (66)
1107 2961 1174 3014 δι’
1216 2961 1384 3015 αὑτοῦ
1446 2961 1588 3016 κατὰ
1636 2962 1737 3033 τὴν

145 3054 386 3127 πάροδον
419 3053 619 3117 ἱκανῶς
651 3052 1010 3125 ἐδιδάχθημεν
1037 3065 1055 3082 '
1098 3053 1167 3106 τὰ
1195 3053 1253 3107 δὲ
1275 3053 1371 3106 ἀπ’
1398 3053 1607 3107 ἐκείνου
1641 3052 1736 3106 τοῦ

1843 1862 2098 1931 pietatem
2137 1871 2285 1917 tuam
2330 1864 2475 1919 bello
2525 1864 2786 1935 undique,
2839 1873 2897 1920 ut
2944 1866 3128 1929 audio,
3170 1881 3266 1921 vos
3313 1866 3428 1920 cir-

1841 1960 2172 2018 cumstante,
2212 1956 2541 2011 incolumem
2594 1958 2855 2012 servavit.
2900 1957 2966 2011 Et
2994 1959 3205 2012 utinam
3249 1966 3429 2014 servet

1841 2046 2190 2115 omnipotens
2214 2046 2358 2102 Deus
2390 2048 2572 2112 nobis,
2605 2049 2995 2115 sivixerimus,
3028 2052 3430 2121 peroptandum

1843 2137 2244 2207 spectaculum,
2297 2147 2388 2192 aut
2435 2140 2631 2195 saltem
2681 2142 2823 2206 aliis,
2861 2143 2954 2212 qui
2988 2149 3143 2197 tuum
3190 2144 3429 2199 reditum

1843 2228 2071 2296 perinde
2096 2236 2415 2296 exspectant
2443 2236 2502 2281 ut
2533 2243 2690 2283 suam
2716 2230 2962 2299 ipsorum
2990 2232 3257 2285 salutem!
3291 2230 3429 2284 Nam

1843 2317 2089 2372 futurum
2119 2318 2254 2372 mihi
2298 2319 2622 2389 persuadeo,
2659 2328 2720 2372 ut
2760 2319 3133 2375 Ecclesiarum
3169 2321 3429 2394 lacrymis

1841 2418 1898 2466 et
1925 2411 2243 2480 gemitibus,
2275 2427 2414 2482 quos
2444 2423 2536 2467 tua
2580 2428 2747 2468 causa
2777 2429 2969 2471 omnes
3001 2414 3310 2483 effundunt,
3348 2427 3433 2471 at-

1844 2511 2030 2559 tentus
2077 2504 2399 2561 misericors
2451 2504 2593 2561 Deus
2640 2506 2975 2561 incolumem
3032 2516 3084 2562 te
3126 2508 3427 2576 custodiat,

1845 2595 2021 2651 donec
2048 2603 2256 2650 annuat
2295 2596 2387 2663 iis,
2422 2597 2515 2666 qui
2557 2613 2684 2653 eum
2716 2606 2886 2653 noctu
2926 2615 2992 2654 ac
3026 2598 3263 2656 interdiu
3305 2616 3432 2672 pre-

1844 2696 2060 2742 cantur.
2095 2687 2361 2759 Equidem
2403 2704 2525 2759 qua
2568 2706 2744 2760 usque
2774 2690 2843 2745 ad
2879 2690 3068 2746 dilecti
3108 2691 3298 2750 fratris
3339 2709 3433 2749 no-

1845 2782 1945 2836 stri
1978 2780 2198 2836 Libanii
2243 2782 2572 2837 condiaconi
2617 2783 2915 2840 adventum
2946 2792 3140 2840 contra
3165 2801 3266 2844 vos
3307 2795 3432 2843 acta

1845 2881 1996 2940 sunt,
2035 2873 2173 2930 satis
2197 2889 2264 2930 ex
2300 2874 2422 2944 ipso
2455 2884 2777 2932 transeunte
2805 2876 2988 2932 edocti
3027 2893 3222 2935 sumus
3258 2897 3272 2935 :
3308 2895 3433 2952 quae

1842 2980 1976 3020 vero
2022 2965 2090 3020 ab
2137 2965 2234 3020 illo
2275 2973 2523 3036 tempore
2571 2967 2957 3038 contigerunt,
3005 2967 3224 3026 discere
3272 2971 3434 3042 cupi-

1845 3071 1991 3112 mus.
2039 3055 2245 3128 Majora
2296 3058 2446 3112 enim
2479 3057 2772 3128 interiecto
2800 3067 3048 3130 tempore
3094 3070 3149 3118 et
3177 3064 3433 3135 graviora

145 3146 346 3217 χρόνου
401 3145 633 3216 δεόμεθα
663 3143 874 3216 μαθεῖν.
918 3143 1158 3209 Μείζονα
1186 3144 1298 3216 γὰρ
1332 3145 1391 3196 ὲν
1425 3143 1506 3214 τῷ
1538 3143 1740 3214 μεταξὺ

1849 3149 2103 3205 audimus
2137 3149 2283 3204 mala
2309 3149 2438 3205 istic
2469 3151 2724 3207 evenisse
2755 3169 2768 3205 :
2797 3167 2920 3222 quae
2951 3154 3194 3224 quidem,
3229 3156 3277 3210 si
3313 3156 3432 3212 lieri

147 3240 250 3294 καὶ
303 3237 662 3310 χαλεπώτερα
702 3237 974 3308 ἀκούομεν
1021 3237 1352 3307 γεγενῆσθαι
1417 3237 1563 3310 πάθη
1599 3237 1740 3308 ’περὶ

144 3334 278 3396 τοὺς
300 3332 499 3395 τόπους
525 3331 638 3402 (67)
667 3346 680 3360 ·
711 3329 878 3402 ἅπερ,
911 3330 1006 3384 ἐὰν
1037 3324 1184 3401 μὲνῇ
1209 3329 1455 3394 δυνατὸν,
1487 3331 1582 3384 καὶ
1613 3329 1742 3384 θᾶτ-

145 3441 242 3478 τον
266 3424 397 3495 (68),
426 3425 473 3477 εἰ
518 3423 576 3476 δὲ
627 3423 723 3494 μὴ,
753 3421 842 3476 διὰ
864 3419 996 3491 γοῦν
1029 3420 1125 3474 τοῦ
1160 3422 1560 3478 εὐλαϐεστάτου
1587 3424 1739 3477 ἀδελ-

147 3518 256 3587 φοῦ
287 3516 503 3571 Παύλου
555 3515 650 3569 τοῦ
691 3515 1178 3588 συμπρεσϐυτέρου
1200 3516 1518 3579 ἐπανιόντος
1550 3515 1742 3587 μάθοι-

153 3627 280 3681 μεν,
319 3610 395 3674 ὡς
442 3608 737 3680 εὐχόμεθα,
787 3608 868 3661 ὅτι
902 3606 1142 3679 ἀϐλαϐὴς
1186 3609 1282 3662 καὶ
1333 3607 1742 3678 ἀνεπηρέαστος

150 3703 315 3776 ὑμῶν
375 3703 702 3774 φυλάττεται
737 3702 772 3772 ὴ
798 3698 935 3772 ζωή.
968 3699 1069 3752 Διά
1114 3699 1171 3752 δὲ
1204 3699 1266 3752 τὸ
1297 3700 1530 3753 ἀκοῦσαι
1561 3699 1741 3754 πάντα

150 3783 381 3870 λῃστῶν’
418 3795 512 3849 καὶ
559 3794 900 3866 δησερτόρων
950 3791 1058 3864 (69)
1117 3792 1508 3864 πεπληρῶσθαι
1551 3792 1620 3846 τὰ
1642 3793 1742 3864 τῆς

149 3887 302 3952 όδοῦ,
327 3887 569 3958 ἐφοϐήθη
577 3887 675 3957 μέν
702 3903 753 3938 τι
779 3887 859 3948 είς
883 3887 1074 3957 χεῖρας
1093 3883 1350 3954 ἐμϐαλεῖν
1372 3884 1466 3937 τοῦ
1487 3882 1740 3952 ἀδελφοῦ,

155 3981 238 4054 μὴ
267 3982 361 4034 καὶ
389 3979 537 4050 αὐτῷ
566 3979 676 4051 (70)
701 3977 981 4050 παραίτιοι
998 3976 1231 4030 θανάτου
1261 3975 1569 4048 γενώμεθα.
1613 3975 1742 4030 Ἐὰν

149 4075 212 4129 δὲ
256 4072 333 4144 δῷ
382 4075 410 4126 ό
453 4072 659 4144 Κύριος
688 4071 918 4144 μετρίαν
947 4069 1212 4140 γαλήνην,
1239 4069 1316 4132 ὡς
1343 4067 1613 4139 ἀκούομεν
1645 4067 1741 4121 τοῦ

155 4164 527 4237 στρατοπέδου
595 4164 695 4234 τὴν
739 4161 995 4234 πάροδον,
1051 4159 1425 4230 σπουδάσομεν
1487 4160 1584 4214 καὶ
1632 4160 1743 4213 τῶν

150 4250 447 4325 ἡμετέρων
505 4248 789 4319 ἐκπέμψαι
841 4246 984 4311 τινὰ,
1023 4246 1116 4299 τὸν
1155 4244 1590 4315 ἐπισκεψόμενον
1651 4245 1743 4299 καὶ

152 4346 367 4398 ἕκαστα
391 4345 520 4416 ἡμῖν
539 4341 649 4395 τῶν
667 4341 797 4412 παρ’
825 4340 952 4410 ὑμῖν
988 4338 1099 4410 (7i)
1123 4337 1547 4406 ἀναγγέλλοντα.

1843 3244 2040 3312 possit,
2073 3243 2240 3297 etiam
2267 3242 2458 3307 citius,
2496 3243 2584 3298 sin
2614 3246 2820 3310 minus,
2862 3246 3055 3302 saltem
3077 3263 3175 3318 per
3213 3249 3435 3321 religio-

1843 3333 2125 3389 sissimum
2175 3333 2404 3388 fratrem
2456 3332 2688 3388 Paulum
2725 3336 3256 3407 compresbyterum,
3299 3353 3430 3396 cum

1843 3433 2174 3491 revertetur,
2204 3426 2486 3482 discamus
2517 3427 2591 3480 ita
2611 3442 2758 3494 esse,
2795 3436 2856 3481 ut
2886 3444 3200 3499 precamur,
3235 3446 3432 3502 nempe

1842 3519 2012 3573 vitam
2049 3527 2199 3572 tuam
2237 3519 2570 3574 incolumem
2600 3526 2655 3574 et
2687 3519 2917 3575 illaesum
2951 3522 3242 3576 custodiri.
3278 3521 3432 3588 Quo-

1842 3613 1993 3667 niam
2021 3619 2204 3665 autem
2243 3612 2557 3666 audivimus
2584 3618 2817 3668 cunctas
2845 3612 3200 3682 praedonibus
3243 3628 3306 3668 ac
3333 3615 3428 3671 de-

1845 3704 2155 3759 sertoribus
2197 3703 2432 3759 refertas
2481 3719 2604 3760 esse
2644 3705 2798 3770 vias,
2853 3705 3013 3760 veriti
3040 3704 3206 3778 415
3237 3721 3432 3764 sumus

1843 3796 2144 3866 quidquam
2193 3795 2249 3849 in
2300 3793 2489 3850 fratris
2536 3810 2734 3850 manus
2765 3795 3005 3859 tradere,
3043 3813 3115 3853 ne
3161 3799 3212 3853 ei
3261 3799 3431 3854 etiam

1843 3887 2040 3945 mortis
2074 3901 2244 3943 causa
2278 3887 2474 3942 simus.
2517 3885 2673 3954 Quod
2707 3887 2752 3943 si
2779 3887 2991 3944 dederit
3021 3889 3286 3947 Dominus
3312 3906 3432 3947 mo-

1843 3978 2024 4034 dicam
2078 3977 2541 4049 tranquillitatem
2599 3978 2894 4050 (siquidem
2944 3981 3224 4038 exercitus
3273 3983 3431 4038 audi-

1842 4087 1968 4127 mus
2005 4071 2350 4139 adventum),
2389 4069 2713 4126 curabimus
2741 4079 2796 4126 et
2841 4081 3157 4128 nostrorum
3191 4074 3428 4145 aliquem

1842 4164 2082 4230 mittere,
2137 4163 2233 4234 qui
2280 4179 2380 4220 vos
2423 4163 2648 4230 invisat,
2699 4171 2755 4221 et
2802 4165 3017 4239 singula
3058 4182 3180 4236 quae
3221 4167 3290 4223 ad
3329 4184 3428 4224 vos

1843 4266 2121 4330 spectant,
2161 4256 2326 4314 nobis
2354 4257 2592 4314 nuntiet.

250 4526 345 4602 62)
377 4525 669 4602 Εῷθνμος.
702 4518 847 4574 Editi
874 4517 969 4571 καὶ
1015 4515 1272 4587 εὔθυμος.
1320 4515 1482 4572 Deest
1510 4518 1742 4589 conjun-

1849 4597 1862 4602 _
1917 4523 2027 4602 (ὅθ)
2049 4522 2158 4602 Kal
2180 4520 2578 4602 δησερτόριιρν.
2600 4517 2678 4575 Ita
2708 4519 2880 4602 codex
2895 4519 3194 4602 vaticanus
3218 4541 3273 4579 .n
3296 4523 3433 4602 duo-

155 4600 272 4654 ctio
293 4595 358 4652 in
386 4595 819 4665 plerisquemss.

228 4668 344 4739 (6‘5)
368 4655 1132 4739 Πανταχόθεν-πηοεξυλάξειέ
1156 4674 1241 4739 γε.
1269 4656 1353 4739 Ita
1379 4665 1589 4739 veteres
1612 4657 1739 4739 libri

153 4728 378 4796 summo
413 4728 708 4791 consensu.
741 4729 886 4784 Editi
935 4728 1264 4798 πανταχόσε,
1309 4737 1362 4783 et
1408 4729 1568 4798 paulo
1616 4735 1742 4800 post

156 4805 504 4879 διαφυλάξειέ
532 4820 614 4879 ῘΞο
755 4868 792 4879 ,ν
858 4877 866 4879 _
1061 4876 1069 4879 _
1151 4867 1187 4879 Α.
1257 4867 1268 4878 .
1335 4867 1346 4879 .
1458 4867 1492 4879 ..

852 4877 970 4951 tres
989 4867 1349 4924 vetustissimi
1371 4867 1592 4922 codices
1615 4882 1740 4922 cum

157 4940 413 5022 pluribus
431 4940 610 5022 _aliis._’
626 4941 770 5022 Editi
790 4940 1106 5022 ξςτιςῶμεν.

232 5020 349 5093 (65)
383 5012 615 5093 Οἷς-ἐπί.
637 5011 758 5066 σοι.
790 5005 1043 5093 Plerique
1072 5005 1329 5093 msssoilg
1352 5006 1574 5093 ισοξ,
1609 5005 1744 5062 Har.

159 5077 371 5147 ligantis
406 5077 768 5142 et—Medicaeus
797 5077 1151 5135 consentiunt
1184 5091 1307 5147 cum
1343 5077 1526 5132 editis.

232 5160 348 5231 (66)
382 5157 520 5212 Καθ’
555 5152 741 5231 quam
777 5150 929 5231 Mulii
960 5149 1176 5231 codices
1209 5145 1332 5231 κοεθν
1363 5147 1527 5231 Wa;

233 5216 346 5304 (οι)
371 5216 744 5304 referebam
794 5220 954 5304 alien
1005 5217 1163 5304 σξερι
1183 5216 1348 5304 ςοθςςΔ
1369 5216 1620 5304 τδεεορς.Δ
1663 5217 1743 5271 Ita

158 5285 344 5366 Ila‘rl.;
372 5285 542 5355 Coisl.
575 5285 838 5366 uterque,
859 5285 979 5366 Vat.
1000 5297 1064 5366 et
1095 5285 1228 5366 Reg.
1262 5288 1540 5366 secundus
1572 5295 1627 5343 et
1653 5305 1744 5366 ve:-

157 5356 342 5432 iustae,
367 5370 655 5426 editiones.
717 5356 1045 5417 Parisiensis
1107 5356 1353 5426 γίνεσθαι
1411 5357 1559 5430 πάθη
1615 5359 1745 5430 περὶ

159 5444 408 5504 ἐκείνους
438 5436 928 5511 τοὺςέἀπουςλι,
1050 5501 1082 5511 _.

232 5513 349 5585 (68)
527 5497 762 5585 ῥᾶττον.
792 5497 1124 5585 gonjuilctio
1169 5497 1353 5585 addita
1395 5513 1462 5552 ex
1499 5500 1748 5585 quinque

158 5569 300 5642 mss.
331 5569 579 5638 'melioris
605 5586 766 5632 notae.
803 5573 897 5628 Sic
912 5569 1086 5628 etiam
1121 5569 1339 5642 eosdem
1366 5571 1536 5642 secuti
1568 5569 1749 5625 muta-

161 5639 346 5709 vimus
368 5652 512 5724 quod
545 5647 687 5704 infra
717 5647 995 5717 legebatur
1027 5643 1080 5697 in
1111 5639 1272 5697 editis
1299 5640 1747 5707 διαφυλάττονται

165 5727 197 5779 ὖ
205 5727 334 5794 μῶν.

1847 4588 1952 4652 bus
1987 4588 2162 4660 locis;
2203 4593 2293 4648 bis
2321 4588 2467 4647 enim
2501 4591 2616 4644 haec
2661 4591 2895 4661 epistola
2938 4594 2993 4647 in
3019 4595 3212 4650 eodem
3242 4588 3432 4651 codice

1846 4666 2142 4748 reperitur:
2187 4661 2278 4717 Sic
2309 4663 2472 4748 etiam
2513 4661 2684 4716 codex
2719 4661 3203 4748 glarohmonta'nus.
3229 4664 3432 4748 Regius

1846 4731 2060 4808 primus
2088 4733 2452 4808 aucupum»
2473 4748 2490 4764 υ
2544 4731 2816 4808 secundus
2868 4733 3213 4808 δισερτόριον.
3247 4731 3431 4808 poisl.

1887 4807 2059 4860 rimus
2081 4802 2410 4874 δισεκτόρων
2433 4819 2446 4834 ·
2479 4803 2752 4857 secundus
2768 4802 3116 4874 δισερτέρων.
3144 4804 3432 4861 Medicaeus

1881 4874 2184 4949 υσερτόρων
2209 4873 2450 4949 secunda
2469 4887 2632 4949 manu
2655 4881 2748 4949 ;_at
2774 4873 2950 4949 prima
2974 4874 3238 4949 scriptum
3262 4875 3433 4949 fuisse

1848 4942 2183 5018 δεσερτόρων
2217 4943 2442 5018 conjicit
2473 4942 2831 5018 doctissimus
2859 4942 3157 5018 Salvinius.
3195 4944 3434 5018 IIarltea-

1850 5011 2136 5073 nus'nunc
2161 5011 2333 5068 habet
2352 5021 2410 5084 ut
2444 5013 2575 5084 ediii
2615 5011 2934 5084 διακτόρων,
2972 5021 3028 5067 at
3056 5016 3183 5069 olim
3216 5017 3434 5072 videtur

1851 5083 2498 5157 Ιιοὺιιὶδεοᾲδισερτόρων.
2529 5079 2910 5157 Non‘dubium
2946 5092 3031 5137 est
3061 5086 3195 5154 quin
3249 5087 3434 5157 legen-

1851 5158 1981 5212 dum
2010 5157 2092 5227 sit
2120 5151 2483 5227 δησερτόρῳν,
2519 5152 2622 5227 vel_
2647 5151 3001 5227 δεσερ-τόριον,
3035 5151 3160 5209 cum
3215 5151 3433 5227 constet

1851 5235 1985 5281 tunc
2008 5215 2320 5288 Thraciam,
2354 5215 2444 5278 ubi
2470 5223 2759 5278 exsulabat
2777 5215 3074 5290 Eusebius,
3102 5225 3431 5295 gravissimo

1851 5298 1996 5354 bello
2033 5297 2256 5351 arsisse.

1922 5367 2035 5440 (70)
2066 5365 2177 5420 Kal
2199 5363 2381 5440 αὐτῷ.
2417 5362 2750 5440 coniunctio
2778 5362 2981 5440 addita_
3003 5381 3070 5420 ex
3102 5381 3198 5421 sex
3225 5381 3360 5440 mss.

1922 5369 2013 5440 (70
2066 5367 2177 5420 Kal
2199 5367 2381 5429 αὐτῷ.
2417 5367 2750 5432 Conjunctio
2778 5367 2965 5418 addita
3003 5381 3070 5420 ex
3102 5381 3198 5421 sex
3225 5381 3360 5422 mss.

1921 5367 2036 5509 (71)
2075 5437 2220 5509 Πρρζ
2249 5433 2424 5509 Αὑμῒνε
2458 5433 2833 5509 _Co_nser_t_tiu_nt
2867 5434 2923 5509 in
2968 5436 3071 5509 hac
3117 5452 3280 5509 vocei
3307 5437 3434 5492 libri

1853 5503 2089 5566 veteres.
2117 5505 2264 5559 Editi
2297 5503 2424 5575 παρ’
2449 5503 2624 5572 ὑμῶν.
2656 5503 2859 5575 Ibidem
2881 5505 3052 5561 Coisl.
3075 5505 3352 5564 secundus
3381 5515 3436 5564 et

1852 5580 1986 5649 Reg.
2007 5573 2391 5649 secundusrou
2407 5575 2502 5627 ml
2519 5573 2946 5649 ἐπισκεψόμενον
2963 5578 3058 5630 καὶ
3078 5578 3432 5647 ἀγγελοῦντα.

1928 5645 1960 5673 ’⁷
1978 5649 2124 5703 Alias
2149 5645 2240 5701 IX.
2275 5646 2492 5716 Scripta
2530 5660 2675 5700 anno
2707 5645 2832 5698 578.
