3852 6224
195 388 323 442 ιθοι

1106 390 1588 448 EPISTOLARUM
1626 391 1913 448 CLASSIS
1945 391 2010 448 ll.
2051 392 2267 450 EPIST.
2306 396 2556 453 CCLXX.

3297 398 3438 453 {002

191 503 355 574 αὑτῷ,
388 504 545 577 χάριν
571 505 782 577 ἔχωμεν
804 492 882 578 τῷ
916 509 1252 574 συζεύξαντι.
1278 512 1320 562 Τ
1323 522 1352 564 ο
1380 511 1479 582 μὲν
1516 512 1625 584 γὰρ
1647 510 1760 582 (85)

1871 511 1986 582 ipso
2032 510 2353 578 vixerimus,
2390 515 2598 585 gratias
2642 527 2870 585 agamus
2899 513 2950 569 ei
2990 513 3090 584 qui
3127 512 3438 584 coniunxit.

192 597 514 670 στερηθῆναι
550 598 740 670 ἀνδρὸς
787 600 964 654 κοινόν
991 617 1072 654 σοι
1094 600 1231 672 πρὸς
1258 602 1359 666 τὰς
1389 601 1553 667 ἄλλας
1579 606 1763 671 γυναῖ-

193 704 322 751 κας·
382 688 474 740 ἐπὶ
526 688 585 741 δὲ
639 689 865 761 τοιαύτῃ
910 693 1222 763 συνοικήσει
1265 694 1366 746 οὑκ
1403 688 1558 761 οἶμαι
1597 693 1763 764 ἄλλην

189 778 460 844 γυναικῶν
514 779 585 833 τὰ
638 780 726 833 ῐσα
782 781 928 850 ἔχειν
972 782 1353 853 σεμνύνεσθαι.
1412 783 1509 837 Ἓν
1540 783 1648 854 γὰρ
1685 783 1763 854 τῷ

188 869 301 920 ὄντι
338 870 642 940 ὑπόδειγμα
699 872 799 943 τῆς
830 872 1178 944 ἀνθρωπείας
1212 874 1427 943 φύσεως
1457 875 1551 928 τὸν
1596 873 1764 944 ἄνδρα

187 960 397 1013 ἐκεῖνον
424 964 453 1014 ὁ
484 962 676 1025 κτίσας
705 964 850 1034 ἡμᾶς
888 963 1321 1036 ἐδημιούργησεν
1345 982 1360 997 ·
1391 964 1532 1018 ὥστε
1565 963 1765 1027 πάντες

192 1052 292 1121 μὲν
316 1051 582 1123 ὀφθαλμοὶ
605 1053 740 1123 πρὸς
774 1054 936 1108 αὑτὸν
979 1056 1256 1128 ἐφέροντο,
1289 1057 1441 1109 πᾶσα
1468 1055 1524 1110 δὲ
1545 1055 1765 1124 γλῶσσα

186 1145 259 1196 τά
288 1144 407 1197 κατ’
430 1145 592 1199 αὑτὸν
642 1145 841 1217 διεξῄει
871 1162 884 1175 ·
922 1150 1156 1218 γραφεῖς
1184 1147 1243 1201 δὲ
1268 1147 1363 1201 καὶ
1413 1147 1645 1200 πλάσται
1666 1147 1767 1217 τῆς

190 1233 350 1300 ἀξίας
378 1235 813 1306 ἀπελιμπάνοντο
835 1254 851 1267 ο
898 1222 1163 1309 ἱστορικοὶ
1191 1237 1247 1291 δὲ
1286 1236 1498 1309 ἄνδρες,
1523 1236 1592 1291 τὰ
1626 1237 1767 1291 κατὰ

189 1327 318 1389 τοὺς
341 1326 609 1397 πολέμους
636 1328 944 1400 ἀνδραγαθή
954 1347 1099 1400 ματα
1120 1330 1484 1402 διηγούμενοι,
1507 1331 1641 1403 πρὸς
1668 1332 1768 1403 τὴν

187 1416 302 1470 τῶν
346 1417 530 1488 μύθων
593 1420 947 1474 ἐκπίπτουσιν
993 1423 1272 1478 ἀπιστίαν.
1315 1423 1478 1478 Ὅθεν
1522 1424 1644 1478 οὐδὲ
1688 1443 1770 1479 πι-

184 1508 408 1579 ¹στεύειν
433 1510 708 1582 ἠνείχοντο
736 1513 785 1565 οἱ
821 1512 1008 1566 πολλοὶ
1026 1516 1093 1586 τῇ
1126 1516 1198 1585 φή
1209 1533 1283 1587 μη
1314 1515 1414 1585 τὴν
1441 1515 1768 1588 σκυθρωπὴν

188 1601 411 1671 ἐκείνην
425 1601 685 1670 ἀγγελίαν
699 1622 765 1658 πε
773 1603 1057 1677 ριαγούσῃ,
1074 1604 1193 1657 οὑδὲ
1208 1604 1590 1674 καταδέχεσθαι
1610 1606 1765 1669 ὅλως,
1825 1602 1829 1606 ’

185 1690 542 1761 ὄτιτέθνηκεν
557 1693 875 1764 Ἀρινθαῖος.
895 1694 1033 1748 Ἀλλ’
1050 1696 1196 1766 ὅμως
1212 1694 1473 1748 πέπονθεν
1497 1693 1532 1749 ἃ
1554 1695 1613 1748 οὑ
1623 1694 1768 1767 ρανῷ

186 1779 287 1832 καὶ
326 1780 462 1851 ἡλίῳ
507 1782 602 1834 καὶ
638 1785 710 1853 γῇ
758 1784 1119 1856 συμϐήσεται.
1180 1786 1402 1855 Οἴχεται
1461 1786 1770 1850 καταλύσας

183 1871 494 1944 λαμπρῶς,
547 1875 623 1946 μὴ
664 1852 768 1927 ὑπὸ
801 1852 986 1948 γήρως
1023 1852 1455 1948 κατακαμφθεὶς,
1512 1881 1587 1951 μὴ
1634 1878 1767 1934 καθα
1799 1852 1841 1907 Β

187 1965 351 2033 υφείς
401 1964 514 2035 (84)
563 1983 616 2019 τι
648 1965 749 2037 τῆς
803 1970 1192 2040 περιφανείας·
1245 1970 1418 2041 μέγας
1454 1971 1550 2041 μὲν
1588 1973 1645 2024 ὲν
1688 1970 1766 2042 τῷ

187 2056 420 2128 παρόντι
449 2054 569 2128 βίῳ,
601 2057 774 2128 μέγας
804 2058 857 2112 δὲ
881 2062 937 2113 ὲν
957 2059 1034 2132 τῷ
1064 2059 1308 2132 μέλλοντι
1328 2079 1341 2091 ·
1373 2062 1538 2133 μηδὲν
1573 2065 1636 2117 ὲκ
1667 2063 1765 2134 τῆς

185 2148 472 2221 παρούσης
519 2150 901 2222 λαμπρότητος
932 2153 1067 2224 πρὸς
1088 2153 1183 2224 τὴν
1223 2152 1581 2225 ἐλπιζομένην
1610 2153 1766 2219 δόξαν

185 2239 510 2310 ζημιωθεὶς,
534 2243 622 2296 διὰ
663 2244 725 2296 τὸ
751 2245 928 2298 πᾶσαν
959 2244 1150 2317 κηλῖδα
1178 2246 1276 2316 τῆς
1296 2245 1475 2316 ψυχῆς
1502 2246 1637 2317 πρὸς
1670 2246 1768 2299 αύ-

181 2334 310 2394 ταῖς
329 2334 448 2396 ταῖς
476 2334 586 2404 (85)
618 2334 819 2401 ἐξόδοις
842 2334 935 2388 τοῦ
961 2335 1076 2406 βίου
1100 2335 1178 2408 τῷ
1206 2336 1416 2408 λουτρῷ
1440 2337 1541 2407 τῆς
1570 2337 1766 2405 παλιγ-

183 2425 441 2491 γενεσίας
494 2426 970 2499 ἀποκαθήρασθαι.
996 2423 1097 2481 Ὧν
1145 2426 1284 2498 αὑτὴ
1328 2428 1588 2499 πρόξενος
1619 2430 1767 2502 αὑτῷ

185 2516 287 2569 καὶ
309 2517 569 2587 συνεργὸς
601 2520 890 2590 γενομένη,
925 2519 1191 2590 μεγίστην
1230 2518 1343 2590 ἔχει
1382 2519 1764 2591 παραμυθίανο

185 2605 287 2660 καὶ
323 2608 554 2678 μετάθες
601 2609 700 2680 τὴν
728 2611 906 2681 ψυχὴν
938 2610 1046 2664 ἀπὸ
1076 2610 1185 2663 τῶν
1230 2610 1514 2683 παρόντων
1539 2612 1633 2664 ἐπὶ
1667 2613 1769 2680 τὴν

181 2698 300 2752 τῶν
366 2699 667 2770 μελλόντων
719 2702 1022 2773 μέριμναν,
1078 2701 1218 2755 ὥστε
1261 2701 1660 2773 καταξιωθῆναι
1701 2703 1766 2757 δι’

183 2789 370 2861 ἔργων
416 2790 638 2861 ἀγαθῶν
690 2792 780 2845 τὸν
822 2794 1004 2863 ὅμοιον
1062 2793 1212 2864 αὐτῷ
1260 2793 1360 2863 τῆς
1407 2792 1768 2858 ἀναπαύσεως

183 2882 355 2935 τόπον
402 2881 745 2938 καταλαϐεῖν.
794 2884 980 2938 Φείδου
1028 2883 1234 2956 μητρὸς
1278 2886 1536 2955 γηραιᾶς,
1584 2885 1765 2953 φείδου

184 2973 462 3047 θυγατρὸς
516 2977 737 3047 νεαρᾶς,
780 2969 869 3038 αἷς
899 2975 1033 3047 μόνη
1064 2976 1198 3047 πρὸς
1222 2975 1570 3046 παραμυθίαν
1602 2974 1771 3028 λέλει-

178 3065 306 3135 ψαι.
331 3065 493 3120 Γενοῦ
525 3067 831 3137 ὑπόδειγμα
863 3067 1114 3139 ἀνδρείας
1136 3069 1261 3130 ταῖς
1292 3067 1504 3130 λοιπαῖς
1520 3066 1734 3135 γυναιξί
1751 3082 1765 3096 ·

181 3159 286 3210 καὶ
313 3156 456 3211 οὑτω
482 3159 543 3211 τὸ
564 3157 735 3222 πάθος
789 3158 1082 3229 μέτρησον,
1107 3159 1182 3222 ὡς
1211 3159 1351 3229 μήτε
1389 3158 1637 3212 ἐκϐαλεῖν
1666 3157 1768 3228 τῆς

179 3249 437 3321 καρδίας,
484 3250 623 3320 μήτε
679 3251 1053 3322 καταποθῆναι
1106 3251 1211 3304 ὑπὸ
1258 3251 1359 3318 τῆς
1401 3250 1594 3323 λύπης.
1647 3251 1770 3304 Ἐπὶ

180 3343 324 3395 πᾶσι
357 3340 494 3413 πρὸς
521 3341 611 3394 τὸν
648 3341 821 3412 μέγαν
852 3342 951 3412 τῆς
994 3342 1271 3411 ὑπομονῆς
1313 3340 1503 3412 μισθὸν
1539 3341 1763 3395 ἀπόϐλε·

176 3434 308 3502 ψον,
335 3432 431 3485 τὸν
459 3431 609 3504 παρά
645 3432 741 3485 τοῦ
789 3432 995 3505 Κυρίου
1022 3431 1177 3503 ἡμῶν
1214 3431 1389 3503 Ἰησοῦ
1436 3431 1672 3503 Χριστοῦ
1709 3433 1769 3486 ὲν

177 3526 253 3594 τῇ
275 3522 626 3577 ἀνταποδόσει
653 3524 761 3576 τῶν
793 3522 1137 3594 βεϐιωμένων
1174 3525 1305 3593 ἡμῖν
1336 3522 1762 3594 ἐπηγγελμένον.

716 3680 1059 3734 ΕΠΙΣΤΟΛΗ
1111 3680 1227 3736 ΣΟ’.

182 3813 395 3880 Presbyt

1866 601 2078 657 Etenim
2113 605 2236 660 viro
2263 606 2472 670 orbari,
2507 606 2610 661 tibi
2642 620 2767 661 cum
2793 605 2919 661 aliis
2936 604 3260 660 mulieribus
3283 620 3440 659 com-

1866 710 2033 750 mune
2061 702 2145 751 est
2179 716 2191 750 :
2224 696 2321 752 sed
2348 696 2416 753 de
2441 698 2539 753 tali
2571 696 2829 767 conjugio
2862 710 2974 750 non
3001 695 3239 749 arbitror
3274 695 3436 749 aliam

1866 787 2150 842 mulierem
2193 803 2350 858 aeque
2372 803 2538 859 posse
2568 787 2817 860 gloriari.
2855 784 3037 841 Unum
3062 786 3210 841 enim
3247 799 3436 841 revera

1865 879 2144 949 exemplar
2202 888 2414 936 natura:
2465 882 2718 937 humanae
2756 881 2937 935 virum
2976 879 3129 933 illum
3173 877 3436 932 Conditor

1868 981 2057 1027 noster
2085 982 2393 1038 creaverat,
2420 974 2565 1030 unde
2604 989 2796 1030 omnes
2824 973 2880 1027 in
2911 987 3035 1026 eum
3065 969 3438 1039 conjicieban-

1867 1068 1960 1115 tur
1997 1063 2165 1128 oculi,
2199 1071 2255 1117 et
2288 1064 2470 1136 lingua
2509 1065 2690 1120 omnis
2738 1080 2830 1120 res
2880 1062 3029 1117 illius
3063 1062 3393 1132 praedicabat
3421 1081 3435 1114 :

1870 1153 2119 1224 pictores
2151 1164 2337 1210 autem
2377 1163 2433 1211 et
2482 1156 2735 1211 statuarii
2764 1154 2952 1210 forma:
2991 1154 3309 1225 dignitatem
3350 1168 3440 1209 as-

1870 1243 2026 1313 sequi
2059 1259 2169 1298 non
2200 1252 2453 1314 poterant
2484 1263 2497 1299 :
2533 1244 2783 1301 historici
2828 1258 2981 1307 vero,
3005 1244 3135 1298 dum
3179 1257 3268 1298 rcs
3300 1251 3439 1313 prae-

1868 1337 2016 1391 clare
2048 1337 2100 1391 in
2135 1337 2276 1392 bello
2304 1343 2486 1408 gestas
2523 1335 2788 1403 referunt,
2827 1334 2881 1389 in
2919 1334 3227 1390 fabularum
3260 1333 3440 1388 incre-

1869 1428 2118 1482 dibilium
2152 1427 2555 1482 incommodum
2594 1426 2862 1481 incidunt.
2909 1424 3091 1492 Quare
3136 1440 3205 1480 ne
3241 1424 3438 1479 adduci

1869 1518 2087 1589 quidem
2133 1519 2381 1590 plerique
2433 1525 2686 1589 poterant
2739 1525 2799 1571 ut
2825 1516 2983 1571 famae
3022 1517 3230 1571 tristem
3285 1516 3441 1569 illum

1871 1611 2124 1667 nuntium
2156 1609 2568 1666 circumferenti
2594 1610 2903 1673 crederent,
2927 1620 3020 1664 aut
3042 1609 3265 1664 omnino
3293 1624 3442 1665 mor-

1870 1710 2026 1757 tuum
2066 1718 2191 1758 esse
2215 1701 2557 1756 Arinthmum
2593 1700 2918 1757 faterentur.
2962 1699 3071 1756 Sed
3110 1713 3291 1756 tamen
3316 1716 3442 1770 per-

1871 1807 2066 1862 pessus
2098 1799 2205 1857 est,
2227 1807 2349 1862 quae
2381 1799 2435 1848 et
2469 1794 2611 1847 caelo
2642 1802 2697 1848 et
2742 1793 2846 1849 soli
2877 1800 2932 1848 et
2974 1801 3132 1847 terrae
3170 1790 3439 1847 accident.

1872 1884 2022 1939 Abiit
2049 1884 2398 1954 splendidum
2425 1892 2620 1940 nactus
2642 1884 2871 1949 exitum,
2900 1899 3011 1939 non
3033 1884 3188 1939 senio
3211 1883 3439 1950 fractus,

1872 1977 2126 2032 claritate
2150 1977 2286 2031 nihil
2322 1975 2608 2031 imminuta
2638 1996 2651 2031 ε
2682 1992 2914 2048 magnus
2944 1978 2999 2031 in
3029 1976 3282 2047 praesenti
3305 1976 3438 2039 vita.

1872 2084 2105 2139 magnus
2141 2068 2309 2123 etiam
2353 2069 2411 2123 in
2458 2067 2679 2134 futura;
2719 2083 2821 2124 nec
2850 2083 2916 2124 ex
2966 2068 3223 2139 praesenti
3268 2068 3443 2139 splen-

1871 2157 2007 2213 dore
2057 2157 2446 2211 detrimentum
2496 2156 2666 2211 ullum
2715 2172 2913 2228 passus
2956 2163 3284 2227 exspectatae
3320 2155 3442 2228 glo-

1873 2248 1970 2303 ria:
2002 2266 2016 2301 :
2042 2263 2109 2303 eo
2135 2247 2280 2317 quod
2324 2262 2545 2303 omnem
2587 2249 2785 2304 animae
2819 2248 3088 2304 maculam
3123 2247 3179 2302 in
3208 2248 3331 2318 ipso
3360 2247 3444 2301 vi-

1874 2347 1940 2392 tae
1969 2337 2116 2391 exitu
2145 2337 2364 2390 lavacro
2390 2337 2824 2408 regenerationis
2873 2336 3265 2408 repurgaverit.
3301 2335 3444 2403 Quo-

1873 2444 1994 2484 rum
2025 2429 2102 2483 illi
2145 2429 2493 2484 conciliatrix
2527 2444 2653 2485 cum
2680 2428 2853 2485 fueris
2888 2440 2941 2486 et
2979 2428 3243 2500 adjutrix,
3271 2428 3446 2483 maxi-

1874 2537 2022 2576 mum
2081 2521 2223 2576 habe
2302 2522 2593 2586 solatium,
2676 2536 2740 2576 ac
2804 2521 3044 2576 transfer
3103 2521 3344 2575 animum
3410 2535 3443 2575 a

1872 2611 2234 2681 prta-sentibus
2278 2610 2345 2665 ad
2401 2609 2712 2666 futurorum
2759 2625 2972 2674 curam,
3017 2618 3078 2665 ut
3130 2611 3295 2681 digna
3342 2610 3443 2665 ha-

1874 2701 2075 2769 bearis,
2102 2717 2225 2772 quae
2252 2718 2348 2772 per
2375 2703 2514 2757 bona
2547 2717 2714 2772 opera
2748 2717 2935 2774 parem
2966 2717 3031 2757 ac
3062 2702 3155 2758 ille
3180 2698 3445 2773 requietis

1873 2792 2054 2847 locum
2102 2807 2465 2863 consequare.
2514 2791 2688 2848 Parce
2743 2792 2908 2847 matri
2949 2793 3104 2847 senio
3155 2791 3444 2858 confectae,

1876 2898 2040 2955 parce
2063 2884 2189 2938 filiae
2223 2892 2445 2949 tenerze,
2469 2883 2672 2954 quibus
2703 2885 2821 2938 sola
2860 2883 2929 2938 ad
2965 2883 3223 2940 solatium
3254 2883 3448 2939 relicta

1874 2991 1955 3031 es.
1991 2974 2081 3031 Sis
2105 2975 2417 3046 exemplum
2454 2973 2799 3031 fortitudinis
2838 2976 3052 3030 cazteris
3088 2973 3441 3041 mulieribus;

1874 3075 1931 3124 ct
1955 3067 2033 3121 ita
2064 3067 2241 3122 dolori
2266 3066 2575 3132 moderare,
2600 3073 2660 3120 ut
2696 3082 2874 3137 neque
2902 3066 3054 3120 illum
3095 3065 3280 3119 animo
3319 3080 3445 3135 pro-

1870 3159 2056 3230 jicias,
2081 3175 2257 3230 neque
2287 3175 2320 3213 a
2351 3159 2573 3215 tristitia
2601 3158 2969 3214 absorbearis.
2994 3156 3055 3212 ln
3090 3155 3349 3212 omnibus
3376 3155 3446 3210 ad

1876 3267 2128 3323 magnam
2178 3252 2454 3323 patientia:
2485 3251 2794 3306 mercedem
2826 3249 3060 3320 respice,
3107 3264 3230 3320 qua:
3274 3264 3305 3304 a
3338 3246 3447 3303 Do-

1874 3343 2027 3399 mino
2052 3350 2247 3399 nostro
2273 3342 2405 3399 Jesu
2435 3342 2659 3399 Christo
2692 3341 2750 3396 in
2783 3340 2910 3396 vitaz
2931 3357 2962 3396 a
2994 3339 3153 3397 nobis
3191 3347 3328 3396 actae
3356 3354 3445 3397 re-

1873 3438 2257 3493 muneratione
2283 3435 2555 3511 promissa
2583 3442 2688 3491 est.

2314 3672 2656 3729 EPISTOLA
2692 3672 2923 3729 CCLXX
2943 3677 2985 3729 ‘.

392 3818 534 3864 ‘erum
571 3809 778 3878 aliquem
817 3808 1031 3878 Basilius
1062 3807 1112 3860 in
1146 3808 1400 3873 puniendis
1441 3807 1723 3878 raptoriaus
1746 3808 2015 3877 segniorem
2044 3807 2266 3878 objurgqt
2294 3820 2315 3878 A:
2350 3821 2409 3857 ac
2433 3813 2585 3878 sancit
2620 3814 2670 3857 ut
2698 3806 2862 3872 puella
2894 3805 3171 3878 parentibus
3203 3804 3443 3878 ‘restitua-

250 3866 1106 3938 tut-{raptor_a.p'recibus_ejiciatur_,
1142 3866 1187 3922 et
1221 3866 1659 3938 excormnun'icams
1692 3866 2015 3927 denuntietur,
2038 3866 2142 3934 ejits
2164 3866 2411 3938 adjutores
2434 3882 2521 3938 per
2541 3876 2637 3920 tres
2657 3866 2806 3919 annos
2839 3866 2950 3938 etim
2970 3874 3067 3938 tota
3087 3882 3180 3918 sua
3194 3867 3383 3938 familia
3409 3883 3443 3919 a

246 3929 473 4000 precibqu
510 3929 798 4000 ejiciinuur._
824 3929 997 3983 To'tum
1032 3931 1178 3985 etiam
1217 3947 1412 3998 pagum,
1434 3932 1518 3997 qui
1540 3938 1732 3996 raptam
1766 3938 2031 3995 receperat,
2053 3929 2137 3982 ἰλιιι
2169 3929 2480 3988 ειιζςιοάὶενιίι,
2499 3939 2581 3980 aut
2603 3944 2694 3993 pro
2715 3944 2774 3982 ea
2795 3929 3046 3981 retinenda
3068 3929 3386 3997 pugnaverat,
3407 3944 3442 3980 a

244 3992 470 4065 precibus
487 3992 670 4061 plu-iter
686 3992 832 4060 ejicit.

486 4101 924 4170 Ἆνεπίπραφος,
984 4098 1138 4167 ὑπὲρ
1189 4096 1483 4169 ἁρπαγῆς.

255 4216 409 4270 Πάνυ
437 4213 733 4286 λυποῦμαι,
771 4214 852 4267 ὅτι
887 4214 986 4285 οὑχ
1022 4212 1261 4285 εὑρίσκω
1317 4213 1461 4284 ὑμᾶς
1512 4212 1604 4264 ἐπὶ
1652 4214 1761 4276 τοῖς

177 4307 656 4379 ἀπηγορευμένοις
697 4305 819 4360 οὔτε
863 4304 1326 4375 ἀγανακτοῦντας,
1367 4303 1491 4358 οὔτε
1531 4304 1763 4374 δυναμέ-

176 4419 312 4465 νους
345 4396 675 4466 λογίζεσθαι,
703 4399 783 4451 ὅτι
820 4400 900 4460 είς
932 4397 1094 4450 αὑτὸν
1116 4396 1206 4449 τὸν
1239 4396 1351 4465 βίον
1376 4396 1470 4448 καὶ
1494 4394 1591 4465 τὴν
1619 4394 1764 4465 ζωὴν

2252 4094 2376 4151 Sine
2402 4094 2767 4163 inscriptione,
2798 4092 2863 4150 de
2888 4104 3061 4163 raptu.

1945 4208 2113 4266 Valde
2134 4209 2317 4278 doleo,
2345 4209 2492 4280 quod
2530 4223 2626 4264 vos
2670 4208 2728 4262 in
2761 4208 2941 4264 vetitis
2984 4206 3150 4264 rebus
3173 4221 3275 4262 nec
3302 4205 3446 4261 indi-

1871 4302 2028 4373 gnari
2064 4304 2355 4372 reperiam,
2384 4317 2488 4356 nec
2528 4300 2832 4371 intelligere
2858 4314 3019 4370 posse
3052 4299 3106 4353 in
3136 4299 3312 4369 ipsam
3343 4299 3445 4354 ho-

1873 4396 2083 4450 minum
2114 4396 2283 4450 vitam
2319 4402 2375 4451 et
2409 4396 2463 4449 in
2497 4394 2792 4448 humanum
2825 4408 2998 4463 genus
3023 4391 3204 4447 scelus
3231 4404 3355 4446 esse
3378 4404 3444 4445 ac

178 4495 288 4563 τὴν
337 4490 687 4562 ἀνθρωπίνην
737 4488 1051 4562 παρανομία
1108 4488 1225 4540 ἐστὶ
1272 4488 1368 4540 καὶ
1420 4488 1673 4558 τυραννὶς
1728 4486 1764 4557 η

1874 4487 2239 4558 tyrannidem,
2283 4486 2641 4542 commissum
2677 4486 2828 4539 illum
2875 4494 3113 4555 raptum,
3147 4493 3203 4538 ct
3242 4482 3442 4537 factam

177 4583 446 4654 γινομένη
487 4581 625 4653 αὕτη
652 4581 897 4654 ἁρπαγὴ,
929 4580 1024 4633 καὶ
1051 4578 1208 4650 ὕϐρις
1241 4578 1382 4632 κατὰ
1414 4578 1521 4632 τῶν
1549 4578 1764 4632 ἐλευθέ-

184 4691 323 4746 ρων.
350 4669 483 4728 Οἶδα
508 4674 637 4745 γὰρ,
663 4674 762 4737 ὅτι,
799 4674 847 4726 εἰ
882 4671 1136 4741 τοιαύτην
1173 4669 1349 4739 εἴχετε
1375 4668 1599 4740 γνώμην
1625 4670 1764 4723 πάν-

172 4782 300 4828 τες,
334 4765 488 4817 οὐδὲν
514 4763 716 4817 ἐκώλυε
763 4762 930 4816 πάλαι
973 4760 1066 4814 τοῦ
1118 4759 1290 4814 κακοῦ
1330 4759 1430 4830 τὴν
1477 4759 1763 4830 συνήθειαν

168 4855 377 4909 τούτου
424 4853 741 4925 ἐξελαθῆναι
802 4852 903 4923 τῆς
957 4850 1210 4923 πατρίδος
1265 4849 1443 4921 ἡμῶν.
1502 4849 1762 4902 Ἀνὰλαὸε

166 4947 366 5000 τοίνυν
400 4948 495 4999 ἐπὶ
522 4945 617 4999 τοῦ
656 4944 923 5016 παρόντος
948 4943 1107 5013 ζῆλον
1140 4939 1472 5013 Χριστιανοῦ
1493 4958 1506 4971 ·
1556 4941 1647 4993 καὶ
1675 4958 1762 4994 κι-

164 5039 379 5111 νήθητι
405 5038 573 5102 ἀξίως
609 5036 703 5090 τοῦ
748 5036 1113 5106 ἀδικήματος.-
1155 5035 1266 5089 Καὶ
1315 5034 1414 5105 τὴν
1446 5034 1544 5100 μὲν
1574 5033 1761 5100 παῖδα,

163 5134 431 5202 ὅπουπερ
461 5130 527 5184 ἂν
566 5129 752 5202 εῦρῃς,
785 5127 1118 5199 ἀφελόμενος
1160 5127 1309 5196 πάσῃ
1356 5125 1589 5197 εὐτονίᾳ,
1624 5127 1761 5179 ἀπο-

164 5224 532 5294 κατάστησον
563 5224 673 5286 τοῖς
702 5218 958 5291 γονεῦσι·
995 5220 1090 5272 καὶ
1129 5218 1293 5271 αὑτὸν
1329 5217 1388 5271 δὲ
1427 5219 1633 5272 ἐκεῖνον
1673 5217 1761 5283 ἐξ·

160 5320 369 5389 ὁρισον
385 5314 497 5367 τῶν
519 5313 715 5383 εὐχῶν,
750 5312 846 5365 καὶ
864 5312 1204 5383 ὲκκήρυκτον
1226 5310 1451 5382 ποίησον
1471 5326 1486 5340 ·
1517 5309 1760 5372 καὶτοὺς

160 5526 168 5531 _
257 5464 389 5539 (851
409 5466 489 5539 Τὸγ
502 5464 619 5534 μὲν
646 5461 775 5539 γάρ.
808 5461 1092 5539 Postrema
1119 5463 1311 5539 vocula
1338 5462 1520 5539 addita
1541 5478 1608 5518 ex
1635 5470 1762 5539 octo

158 5533 322 5597 mss.
354 5533 530 5590 Paulo
555 5544 677 5604 post
722 5534 914 5588 iisdem
945 5533 1065 5604 freti
1113 5534 1395 5589 codicibus
1446 5533 1760 5604 inunutavi-

157 5624 311 5668 mus
349 5607 495 5675 quod
525 5601 643 5660 erat
676 5604 733 5658 in
768 5604 932 5659 editis
968 5602 1135 5675 ᾄλλην
1164 5606 1415 5675 γυναῖκα.
1445 5601 1556 5655 Nec
1584 5604 1761 5675 longe

156 5678 318 5739 editi
348 5672 757 5747 δημιουργήσας
787 5675 931 5744 ἡμᾶς
961 5673 1192 5727 ἔκτισεν.
1227 5672 1362 5730 Tres
1398 5672 1760 5729 vetustissimi

152 5746 407 5809 codices
424 5746 493 5799 nt
521 5746 577 5798 in
610 5751 782 5797 textu.

251 5816 372 5890 (84)
404 5816 505 5881 Μὴ
536 5815 843 5882 καθυφεὶς.
896 5810 1068 5868 Cnisl.
1117 5814 1328 5883 primus
1371 5828 1497 5871 cum
1533 5813 1643 5869 alio
1682 5812 1757 5885 μὴ

461 5911 737 5971 Pyram"
771 5908 887 5969 lis.
915 5908 1185 5972 XXXI].

1870 4578 2058 4635 liberis
2086 4579 2368 4649 iniuriam.
2406 4570 2534 4634 Scio
2586 4579 2754 4644 enim,
2806 4578 2853 4633 si
2886 4578 2941 4632 id
2990 4577 3146 4633 vobis
3186 4575 3441 4632 omnibus

1867 4679 2016 4724 esset
2075 4670 2396 4735 sententiae,
2462 4669 2786 4739 jamdudum
2850 4667 2986 4722 nihil
3038 4666 3442 4736 prohibiturum

1867 4757 2060 4824 fuisse,
2087 4760 2385 4829 quominus
2427 4758 2556 4813 mali
2593 4759 2742 4814 illius
2775 4742 3118 4812 consuetudo
3157 4772 3223 4811 ex
3266 4755 3442 4825 patria

1867 4859 2058 4907 nostra
2113 4850 2427 4919 pelleretur.
2472 4850 2711 4906 Assume
2756 4849 2924 4920 igitur
2974 4848 3032 4903 in
3079 4863 3139 4903 re
3182 4847 3442 4918 praesenti

1868 4940 2043 4996 zelum
2066 4939 2391 5005 Christiani,
2410 4948 2464 4995 et
2483 4955 2582 5010 pro
2599 4940 2826 4996 sceleris
2850 4938 3046 4994 merito
3068 4953 3436 4994 commovere.

1867 5033 1946 5087 Ac
1984 5032 2222 5101 puellam
2265 5031 2522 5101 quidem,
2572 5032 2885 5103 ubicunque
2934 5031 3245 5096 inveneris,
3289 5031 3441 5085 omni

1868 5125 2179 5189 constantia
2228 5124 2525 5187 auferens,
2587 5125 2818 5180 restitue
2865 5124 3188 5194 parentibus
3229 5140 3244 5178 :
3292 5123 3441 5177 hunc

1864 5217 2045 5288 ipsum
2083 5224 2265 5272 autem
2296 5231 2425 5271 arce
2458 5231 2490 5270 a
2530 5215 2809 5286 precibus,
2843 5230 3080 5286 eumque
3121 5229 3439 5271 excommu-

1864 5308 2108 5364 nicatum
2149 5308 2451 5365 denuntia:
2483 5318 2648 5378 atque
2691 5322 2792 5365 eos
2833 5308 3024 5376 etiam,
3069 5305 3165 5379 qui
3205 5321 3328 5362 cum
3370 5320 3438 5362 eo

1863 5462 2169 5536 anucgtet'c.
2213 5459 2415 5518 ibidem
2443 5462 2602 5517 multi
2644 5461 2865 5519 codices
2904 5478 3017 5519 non
3066 5463 3436 5536 antiquissimi

1864 5533 2232 5745 ηέξὲεὲῗθέξρὸς
2281 5601 2491 5669 αὐταῖς
2537 5602 2688 5672 ταῖς.
2737 5601 2820 5659 Ita
2869 5616 3061 5660 omnes
3097 5620 3233 5662 mss.
3289 5602 3432 5661 Editi

1864 5691 1908 5728 π
1967 5691 2001 5738 ς
2036 5690 2173 5737 ταις.

1864 5690 2001 5738 προς
2036 5690 2173 5737 ταις.

1935 5746 1957 5767 θ
1989 5743 2139 5799 Alias
2173 5741 2448 5801 CCXLIV.
2473 5740 2691 5816 Scripta
2711 5750 2836 5815 post
2870 5759 3073 5801 annum
3095 5744 3224 5802 574.

3083 5866 3181 5973 δέ
3214 5868 3217 5873 ’
