3852 6224
468 380 605 441 1005

1773 391 1835 449 S.
1875 393 2122 450 BASILII
2160 395 2376 453 MAGNI

3578 401 3740 456 ιοοι

463 503 680 560 facinus
728 506 975 577 aggressi
1029 515 1197 575 sunt,
1243 508 1548 564 secundum
1571 508 1735 581 417
1759 525 2027 566 canonem

2141 513 2561 578 συνεπελθόντας
2608 513 2779 585 αὐτῷ,
2840 513 2981 568 κατὰ
3023 513 3087 567 τὸ
3126 514 3227 585 ἥδη
3272 513 3542 582 προλαδὸν
3583 518 3740 589 παρ’

459 593 575 666 jam
613 609 645 649 a
685 596 846 652 nobis
888 597 1190 669 vulgatum,
1236 605 1352 655 tres
1377 614 1558 655 annos
1597 615 1723 655 cum
1751 601 1881 656 totis
1913 603 2031 658 suis

462 682 688 740 familiis
712 701 742 739 a
773 686 1031 756 precibus
1068 686 1226 756 ejice.
1262 686 1406 753 Quin
1445 695 1502 743 et
1535 688 1688 742 illum
1720 689 1899 759 ipsum
1934 705 2035 761 pa-

461 790 613 847 gum,
650 776 744 847 qui
784 785 993 847 raptam
1022 778 1229 847 recepit
1262 792 1329 833 ac
1366 778 1684 844 eustodivit,
1742 787 1836 833 aut
1867 781 2034 835 etiam

463 872 530 926 ad
561 887 679 927 eam
710 873 1051 928 retinendam
1084 873 1364 944 pugnavit,
1396 875 1714 929 universum
1750 888 1781 926 a
1807 889 2033 943 precum

462 965 725 1019 societate
743 965 1037 1021 abscinde:
1073 974 1130 1020 ut
1151 966 1366 1021 discant
1386 980 1599 1027 omnes,
1628 972 1887 1036 tanquam
1917 981 2037 1021 ser—

464 1065 703 1127 pentem,
726 1064 984 1127 tauquam
1012 1058 1172 1111 aliam
1204 1057 1456 1127 quamvis
1494 1057 1747 1123 bestiam,
1784 1072 2036 1112 commu-

462 1161 588 1201 nem
614 1146 825 1201 hostem
866 1148 1244 1202 existimantes
1289 1157 1586 1218 raptorem,
1611 1147 1686 1202 ita
1715 1164 1843 1204 eum
1878 1149 2030 1206 inse~

461 1237 601 1291 etari
627 1244 682 1292 et
710 1237 915 1307 injuria
949 1236 1159 1293 affectis
1180 1238 1458 1308 opitulari.

900 1389 1236 1445 EPISTOLA
1274 1389 1527 1447 CCLXXI
1550 1392 1589 1445 ⁶.

2134 608 2294 679 ἡμῶν
2343 609 2604 679 κήρυγμα
2655 606 2787 676 (86),
2846 607 3089 678 τριετίαν
3137 606 3390 660 πανοικεὶ
3442 606 3557 678 (87)
3606 607 3740 664 τῶν

2166 702 2309 773 ὐχῶν
2339 702 2598 773 ἐξόρισον.
2631 701 2741 755 Καὶ
2777 700 2878 771 τὴν
2915 699 3110 771 κώμην
3158 699 3259 771 τὴν
3304 700 3741 773 ὑποδεξαμένην

2143 793 2231 863 τὴν
2261 794 2619 865 ἁρπαγεῖσαν,
2649 792 2744 844 καὶ
2776 789 3113 859 φυλάξασαν,
3161 792 3278 861 ἦτοι
3317 792 3737 863 ὑπερμαχήσαυ

2139 894 2258 940 σαν,
2280 878 2375 930 καὶ
2393 878 2561 949 αὐτὴν
2580 877 2684 943 ἐξω
2705 876 2813 930 τῶν
2836 877 3012 947 εὐχῶν
3033 877 3307 949 πανδημεὶ
3324 878 3436 950 (88)
3459 880 3736 950 ποίησονο

2136 965 2225 1019 ἴνα
2270 965 2480 1035 μάθωσι
2531 965 2751 1029 πάντες,
2803 966 2880 1028 ὡς
2919 964 3075 1034 ὅφιν,
3108 965 3184 1030 ὡς
3218 966 3347 1020 ἄλλο
3397 984 3451 1019 τι
3500 966 3738 1039 θηρίον,

2137 1056 2314 1109 κοινὸν
2345 1055 2537 1126 ἐχθρὸν
2581 1054 2872 1126 ἡγούμενοι
2926 1055 3018 1109 τὸν
3063 1056 3311 1127 ἅρπαγα,
3359 1056 3534 1119 οὕτως
3575 1058 3740 1110 ἀπο-

2135 1146 2351 1200 διώκειν
2391 1146 2502 1218 (89)
2542 1146 2743 1211 αὐτὸν,
2790 1145 2888 1200 καὶ
2935 1145 3294 1217 προΐστασθαι
3343 1146 3452 1201 τῶν
3494 1146 3738 1201 ἀδικου-

2141 1238 2337 1310 μένων.

2652 1390 2998 1445 ΕΠΙΣΤΟΛΗ
3034 1391 3199 1444 XOA’.

465 1506 722 1580 Signiﬁcat.
744 1504 956 1580 Βιῐδίίίῑέδ
977 1503 1195 1580 Ῑῗυδὲδίον
1429 1503 1544 1580 οιξιη
1562 1510 1607 1556 εί
1624 1504 1822 1580 ἀρηυξηῖ
1839 1513 1883 1557 ει
1903 1507 2225 1580 Ραζάαροςωη
2246 1514 2292 1561 et
2308 1508 2472 1580 omnia
2491 1506 2764 1580 communia
2787 1508 3035 1580 habiteer
3052 1514 3286 1578 quantum
3308 1508 3737 1580 doloris_aceepe-

525 1567 616 1637 ritf
630 1582 685 1637 eo
705 1567 754 1637 in
774 1567 978 1637 civitate,
1001 1567 1050 1615 in
1073 1567 1519 1637 quom'advenerat,
1546 1579 1641 1616 non
1668 1567 1884 1637 inveruo._
1902 1567 2102 1621 Interim
2112 1567 2228 1623 'sese
2250 1569 2503 1622 scribendo
2524 1568 2817 1630 consolatur,
2841 1569 2978 1632 eique
3002 1567 3278 1635 Cy'riacum,
3301 1577 3352 1620 ut
3374 1567 3733 1637 presbyterium

522 1628 741 1682 criminis
760 1635 1007 1692 expertem
1023 1628 1278 1692 sciantque
1298 1630 1604 1692 conjunctum
1634 1629 1952 1680 commendat.

467 1744 694 1801 Eusebio
714 1743 891 1798 sodali
907 1741 1334 1796 commendatitia
1347 1758 1445 1813 pro
1461 1742 1687 1813 Cyriaeo
1704 1743 2027 1815 presbytero.

534 1923 733 1979 Statim
763 1932 818 1977 et
846 1937 877 1977 e
900 1920 1129 1992 vestigio
1150 1927 1275 1992 post
1300 1928 1455 1976 tuum
1485 1921 1793 1978 discessum
1822 1938 1949 1978 eum
1977 1924 2033 1981 in

462 2015 739 2071 civitatem
769 2012 1131 2074 advenissem,
1164 2020 1390 2081 quanta,
1417 2020 1473 2068 te
1514 2028 1624 2067 non
1658 2013 1903 2077 invento,
1952 2016 2034 2068 af-

462 2107 639 2163 fectus
663 2104 765 2161 sim
803 2104 1051 2163 tristitia.
1087 2102 1217 2172 quid
1260 2102 1455 2157 attinet
1500 2103 1683 2159 dicere
1733 2103 1801 2158 ad
1851 2105 2032 2160 virum

462 2200 648 2255 verbis
690 2213 799 2253 non
835 2196 1189 2267 indigentem,
1226 2195 1324 2251 sed
1365 2195 1703 2265 experientia
1743 2196 2025 2261 edoctum,

463 2298 525 2345 ut
550 2290 643 2361 qui
668 2289 858 2345 eodem
895 2287 1058 2341 modo
1084 2285 1310 2342 affectus
1339 2285 1451 2340 sit?
1471 2286 1674 2351 Quanti
1714 2286 1862 2341 enim
1900 2287 2035 2341 mibi

462 2381 659 2438 fuisset
690 2380 871 2451 pretii,
902 2378 1198 2434 Eusebium
1245 2391 1505 2448 perquam
1549 2378 1818 2448 optimum
1849 2379 2035 2435 videre

460 2482 517 2530 et
542 2474 816 2546 amplecti,
853 2488 917 2528 ac
943 2471 1326 2527 recordatione
1356 2469 1422 2524 ad
1451 2470 1795 2540 juventutem
1826 2471 2031 2525 iterum

460 2564 663 2629 redire,
721 2572 775 2621 et
819 2563 1031 2619 dierum
1078 2563 1299 2618 illorum
1347 2564 1685 2626 meminisse,
1734 2564 1792 2618 in
1833 2562 2034 2632 quibus

461 2657 623 2714 nobis
660 2666 716 2711 et
745 2656 942 2711 domus
972 2671 1102 2722 una,
1131 2665 1184 2710 et
1215 2654 1371 2712 focus
1403 2671 1565 2720 unus,
1614 2663 1667 2710 et
1694 2655 2029 2725 paedagogus

460 2745 628 2812 idem,
661 2754 716 2800 et
758 2746 928 2800 animi
966 2747 1255 2810 relaxatio,
1293 2753 1349 2801 et
1385 2747 1652 2811 studium,
1698 2752 1753 2801 et
1795 2746 2027 2810 deliciae,

454 2847 515 2895 et
546 2836 751 2907 inopia,
785 2844 839 2891 et
866 2837 1049 2892 omnia
1083 2836 1228 2893 inter
1254 2852 1356 2892 nos
1401 2852 1469 2892 ex
1505 2854 1662 2909 aequo
1706 2847 1864 2894 erant
1890 2853 2035 2892 com-

459 2928 684 2984 munia!
717 2928 918 2994 Quanti
964 2943 1051 2983 me
1100 2935 1260 2999 putas
1296 2929 1691 2984 aestimaturum
1737 2930 1930 2995 fuisse,
1973 2936 2033 2983 ut

458 3018 578 3073 haec
603 3018 789 3072 omnia
823 3017 879 3071 in
902 3018 1223 3072 memoriam
1250 3033 1354 3088 per
1379 3025 1533 3071 tuum
1556 3033 1913 3088 congressum
1946 3032 2035 3073 re-

458 3124 737 3171 vocarem,
771 3115 825 3163 et
863 3108 1015 3178 gravi
1057 3108 1161 3161 hoc
1190 3108 1347 3163 senio
1379 3108 1653 3172 absterso,
1680 3109 1898 3178 juvenis
1931 3108 2033 3164 ite-

2136 1746 2405 1810 Εὑσεϐίῳ
2454 1744 2663 1813 ἑταίρῳ
2720 1741 3059 1813 avarorum
3105 1741 3204 1796 ἐπὶ
3257 1740 3531 1811 Κυριακῷ
3575 1759 3735 1812 πρε.

2778 1815 2859 1866 σε
2860 1832 2895 1866 υ
2902 1811 3063 1881 τέρφ.

2198 1912 2384 1992 Ἐὐθὺς
2422 1945 2513 1981 και
2534 1926 2675 1980 κατὰ
2710 1926 2878 1989 πόδας
2905 1925 3014 1997 (90)
3047 1926 3147 1997 τῆς
3189 1926 3288 1990 σῆς
3316 1927 3730 1999 ἀναχωρήσεως

2137 2019 2363 2083 ἐπιστὰς
2395 2022 2459 2090 τῇ
2518 2019 2691 2084 πόλει,
2739 2019 2862 2071 ὅσον
2910 2017 3167 2088 ὴθύμησα
3223 2016 3540 2089 διαμαρτών
3595 2035 3726 2084 σου,

2135 2113 2188 2165 τί
2219 2112 2300 2165 δεῖ
2343 2112 2438 2165 καὶ
2485 2110 2665 2180 λέγειν
2710 2108 2845 2181 πρὸς
2874 2108 3063 2177 -ᾰνδρα
3114 2108 3177 2161 οὐ
3229 2107 3389 2177 λόγου
3438 2109 3728 2180 δεόμενον,

2136 2182 2273 2258 ἀλλὰ
2313 2204 2479 2275 πείρα
2525 2201 2725 2266 εἰδότα,
2765 2199 2841 2272 τῷ
2880 2199 2949 2253 τὰ
2995 2199 3105 2271 (9i)
3148 2201 3310 2271 ὅμοια
3349 2201 3728 2268 πεπονθέναι;

2138 2295 2302 2350 Ὅσου
2334 2295 2444 2367 γὰρ
2484 2290 2552 2366 ἦν
2595 2292 2744 2358 ἄξιον
2771 2291 2895 2363 ἐμοὶ
2948 2290 3075 2344 ίδείν
3126 2291 3219 2344 τὸν
3270 2291 3450 2344 πάντα
3495 2292 3729 2362 ἄριστον

2136 2388 2414 2451 Εὑσὲϐιον,
2448 2386 2542 2440 καὶ
2563 2383 3021 2457 περιπτύξασθαι,
3055 2383 3313 2455 καὶπρὸς
3350 2382 3451 2455 τὴν
3488 2385 3729 2455 νεότητα

2136 2479 2300 2533 πάλιν
2359 2480 2426 2549 τῇ
2485 2478 2676 2549 μνήμῃ
2734 2475 3048 2529 ἐπανελθεῖν
3068 2515 3083 2539 ,
3135 2475 3231 2527 καὶ
3296 2475 3730 2546 ὑπομνησθῆναι

2135 2568 2358 2642 ἡμερῶν
2386 2569 2633 2633 ἐκείνων,
2676 2570 2734 2622 ἐν
2774 2561 2864 2631 αἷς
2902 2567 2996 2621 καὶ
3035 2566 3305 2637 δωμάτιον
3343 2568 3479 2637 ἡμῖν
3506 2566 3588 2630 ἓν,
3626 2571 3729 2622 καὶ

2137 2663 2290 2714 ἑστία
2349 2660 2466 2732 μία,
2516 2660 2611 2714 καὶ
2650 2658 2999 2728 παιδαγωγὸς
3043 2659 3073 2710 ὁ
3119 2658 3302 2721 αὐτὸς,
3355 2658 3452 2712 καὶ
3507 2658 3725 2726 ἄνεσις,

2137 2752 2231 2806 καὶ
2259 2752 2483 2822 σπουδὴ,
2515 2750 2609 2804 καὶ
2637 2749 2836 2821 τρυφὴ,
2866 2749 2968 2802 ’καὶ
3003 2748 3199 2813 ἔνδεια,
3236 2749 3331 2802 καὶ
3371 2750 3549 2804 πάντα
3581 2753 3728 2821 ἡμῖν

2135 2840 2196 2906 ἐξ
2228 2840 2342 2895 ἴσου
2367 2840 2478 2910 (92)
2508 2840 2645 2911 πρὸς
2673 2839 2933 2911 ἀλλήλους
2957 2839 3190 2909 ὖπῆρχε.
3237 2839 3412 2893 Πόσου
3446 2840 3547 2893 οἴει
3572 2841 3727 2894 τίθε-

2138 2926 2263 2980 σθαί
2299 2944 2367 2998 με
2394 2926 2541 2994 ἄξιον
2582 2927 2762 2980 πάντα
2796 2925 2969 2980 ταῦτα
3012 2926 3102 2979 διὰ
3141 2927 3243 2997 τῆς
3277 2928 3376 2999 σῆς
3426 2931 3724 3000 συντυχίας

2135 3017 2421 3072 ἀναλαϐεῖν
2452 3020 2517 3089 τῇ
2562 3018 2767 3089 μνήμῃ,
2803 3018 2896 3071 καὶ
2920 3017 2981 3071 τὸ
3004 3016 3142 3088 βαρὺ
3174 3017 3335 3072 τοῦτο
3366 3019 3546 3091 γῆρας
3582 3024 3723 3075 ἀπο-

2139 3107 2457 3181 ξυσάμενον,
2513 3108 2631 3163 νέον
2671 3109 2849 3163 δοκεῖν
2890 3108 3054 3164 πάλιν
3096 3113 3160 3164 ἐκ
3196 3109 3453 3182 γέροντος
3488 3115 3718 3184 γεγενῆ-

460 3217 584 3257 rum
609 3217 675 3256 ex
706 3215 835 3256 sene
880 3199 1062 3254 factus
1092 3198 1349 3255 viderer?
1383 3197 1489 3253 Sed
1535 3198 1622 3253 bis
1653 3198 2027 3268 voluptatibus

2141 3200 2293 3266 σθαι;
2337 3200 2475 3254 Ἀλλ’
2510 3201 2733 3255 ἐκείνων
2763 3202 2862 3273 μέν
2897 3219 2963 3272 με
3011 3202 3267 3272 διέφυγεν
3296 3205 3331 3274 ἢ
3372 3204 3719 3269 ἀπόλαυσις·

459 3295 635 3351 carui.
673 3292 747 3348 Ut
784 3300 966 3348 autem
1001 3306 1099 3362 per
1142 3291 1352 3347 litteras
1382 3290 1734 3362 prudentiam
1762 3300 1911 3345 tuam
1944 3290 2032 3346 vi-

459 3386 667 3450 derem,
695 3400 891 3454 meque
921 3384 1041 3454 ipse
1074 3397 1185 3453 quo
1208 3391 1453 3452 poteram
1498 3382 1661 3436 modo
1691 3382 2031 3444 consolarer,

456 3476 514 3531 id
541 3475 675 3529 mihi
705 3480 954 3545 ereptum
996 3488 1107 3528 non
1136 3479 1241 3536 est,
1285 3469 1744 3526 reverendissimo
1786 3485 2035 3540 compre—

458 3567 679 3639 sbytero
719 3571 1041 3620 occurrente
1079 3563 1342 3636 Cyriaco,
1375 3578 1536 3633 quem
1583 3578 1671 3619 me
1727 3562 1826 3617 tibi
1867 3563 2036 3633 pudet

457 3657 864 3721 commendare,
918 3671 1159 3726 eumque
1211 3656 1312 3711 tibi
1357 3655 1641 3726 proprium
1694 3669 1790 3724 per
1832 3659 2035 3709 memet

458 3749 715 3812 reddere,
757 3763 828 3803 ne
860 3747 1002 3803 forte
1045 3762 1331 3819 perperam
1372 3745 1553 3800 facere
1586 3745 1796 3810 videar,
1827 3752 1887 3800 ut
1931 3744 2032 3800 tibi

458 3840 753 3908 adducam,
812 3855 935 3910 quae
979 3839 1078 3894 tibi
1121 3841 1344 3912 propria
1392 3845 1522 3894 sunt
1569 3843 1623 3893 et
1665 3836 1887 3892 eximia.
1916 3834 2034 3891 Sed

509 4004 563 4126 lt.
579 4001 727 4055 Alias
772 3998 867 4054 XI.
914 3998 1131 4070 Scripta
1175 3999 1232 4053 in
1266 3996 1558 4069 postremis
1614 3997 1774 4052 annis
1820 3994 1879 4050 S.
1928 3994 2034 4050 Ba-

528 4086 584 4125 ιι.

533 4140 646 4212 (86)
673 4138 993 4212 Κήρυγμαη
1017 4138 1163 4194 Satis
1189 4137 1474 4212 commode
1507 4136 1610 4191 hac
1635 4149 1769 4191 voce
1809 4134 2033 4212 intelligi

458 4206 645 4282 posset
677 4206 908 4280 epistola
930 4209 997 4263 ad
1024 4207 1472 4282 promulgan_da_m
1509 4206 2032 4282 excommunicatio-

450 4276 584 4337 item
621 4276 1060 4350 quoquoversum
1105 4279 1290 4350 missa.
1329 4276 1763 4350 Sed_verisimile
1812 4290 1919 4329 non
1948 4282 2034 4330 est

458 4350 606 4405 hunc
634 4346 907 4403 hominem
948 4363 978 4401 a
1005 4347 1205 4403 Basilio
1228 4348 1340 4417 jam
1372 4346 1549 4417 palam
1576 4354 1663 4417 et_
1683 4352 1879 4417 aperte;
1903 4359 2031 4413 pro-

457 4421 719 4489 scriptum
748 4428 802 4474 et
838 4413 1777 4489 exeammunicatum't‘uisse._Tunc
1796 4414 1942 4468 enim
1971 4418 2028 4468 in

448 4484 812 4561 presbyteris,
839 4488 932 4557 qui
965 4486 1233 4561 ejusmodi
1263 4486 1535 4561 hominem
1557 4484 1627 4538 ab
1659 4486 1915 4561 episcopo
1934 4500 2029 4539 ex-

454 4554 914 4616 eomnitmicatuin
954 4554 1022 4610 ad
1058 4572 1248 4626 preces
1294 4554 1663 4617 admisissent,
1704 4554 1943 4626 audacia;
1969 4561 2024 4609 et

448 4632 738 4685 temeritas
781 4623 1104 4697 reprehendi
1150 4626 1437 4697 deberent,
1503 4638 1612 4697 non
1657 4623 2018 4697 negligentia,

454 4715 577 4769 quae
607 4692 921 4774 ωηιξη-οόιὲ
952 4696 1205 4774 a‘Basilio
1237 4693 1672 4764 reprehenditur.
1700 4692 1881 4774 Quare

460 4761 648 4841 ῥυγμα
680 4761 814 4822 nibil
844 4765 1001 4841 aliud
1031 4767 1244 4841 videtur
1279 4761 1411 4841 esse
1432 4777 1593 4841 quam
1627 4761 2016 4841 eanou__Basilii

446 4832 790 4906 trigesimus,
841 4837 899 4891 in
952 4851 1063 4906 quo
1099 4836 1167 4890 de
1209 4835 1276 4906 iis
1321 4834 1416 4904 qui
1452 4832 1711 4902 raptores
1758 4832 2019 4902 adjuvant

448 4904 642 4965 eadem
671 4922 736 4961 ac
766 4908 819 4960 in
852 4904 1210 4973 ltac'epistola
1245 4904 1629 4973 decernuntur.

548 4978 638 5045 87)
678 4976 971 5031 Πανοικεί.
1004 4971 1170 5045 Qoisl.
1216 4984 1443 5045 uterque
1477 4980 1545 5045 _et
1574 4971 1743 5045 _Medi
1776 4971 2014 5045 πανοικί.

546 5040 637 5116 88)
678 5045 1008 5116 Πανδημεί.)
1030 5044 1145 5098 Visi
1179 5053 1306 5100 sunt
1344 5040 1448 5099 sibi
1476 5042 1532 5095 in
1572 5042 1676 5116 lioc
1708 5040 1893 5097 Basilii
1920 5044 2017 5116 dge-

447 5111 629 5174 creto'
661 5111 1016 5172 eruditi—'viri
1060 5115 1349 5185 imaginem
1406 5111 1696 5185 quamdam
1738 5113 2015 5185 generalis

452 5186 725 5256 interdicti
750 5187 1077 5256 perspicere.
1229 5180 1552 5256 tanien—non
1583 5182 1697 5256 leve
1720 5180 2015 5237 discrimen

451 5252 767 5312 intercedit:
797 5252 929 5309 Nam
962 5255 1015 5309 1°
1058 5253 1458 5325 quodsreleris
1503 5252 1757 5325 conscios
1788 5263 1937 5306 arcet
1972 5266 2015 5325 Aa

450 5326 709 5396 precibus
743 5322 1175 5396 argumento'est
1212 5323 1485 5396 liturgiatn
1524 5323 1579 5375 in
1610 5322 1721 5396 _hoc
1750 5335 1884 5391 pago
1907 5322 2017 5396 _mi-

451 5391 600 5451 iiime
649 5391 1015 5450 intermissam
1059 5393 1247 5449 fuisse.
1303 5394 1360 5447 2°
1393 5391 1522 5445 Inde
1550 5391 1713 5446 etiam
1766 5391 2017 5460 sequitur

452 5480 562 5519 non
596 5479 788 5519 omnes
809 5466 932 5535 pagi
963 5465 1173 5519 incolas
1190 5478 1231 5535 'a
1259 5463 1513 5535 precibus
1545 5460 2012 5535 remotpsfuisse,

452 5535 550 5589 sed
575 5549 671 5589 eos
709 5529 941 5597 tantum,
974 5535 1066 5605 qui
1106 5529 1285 5589 scelus
1326 5532 1666 5605 adjuverant.
1712 5531 1768 5584 5°
1799 5529 1856 5605 ld_
1877 5545 2014 5584 con-

451 5606 701 5657 ﬁrmatur
726 5619 794 5657 ex
818 5601 1072 5658 accurata
1107 5603 1519 5658 enumeratione
1546 5615 1733 5654 eorum
1766 5601 1856 5669 qui
1882 5615 2014 5669 ope-

452 5687 570 5727 ram
599 5687 753 5726 suam
784 5675 1145 5740 contulerant,
1170 5681 1263 5728 aut
1292 5672 1524 5740 puellam
1548 5670 1887 5740 recipiendo,
1918 5676 2014 5723 aut

450 5742 795 5808 occultando,
842 5744 927 5798 vel
962 5738 1140 5799 etiam
1174 5738 1503 5796 dimicando.
1547 5738 1739 5795 Inutile
1769 5740 1913 5795 enim
1960 5749 2014 5794 et

450 5811 751 5870 absurdum
797 5813 991 5872 fuisset
1031 5824 1140 5869 tam
1194 5819 1449 5868 accurate
1490 5810 1639 5865 varia
1691 5811 2013 5868 delictorum

2133 3292 2195 3344 τὸ
2219 3291 2277 3345 δέ
2306 3291 2394 3345 διὰ
2425 3291 2754 3363 γράμματος
2796 3292 2925 3345 ἰδεῖν
2981 3309 3075 3345 σου
3121 3293 3219 3364 τὴν
3255 3293 3566 3365 λογιότητα,
3620 3298 3722 3350 καὶ

2134 3381 2223 3434 τὸν
2268 3382 2457 3435 ἐνόντα
2519 3383 2725 3453 τρόπον
2773 3382 2964 3435 ἐαυτὸν
3017 3382 3556 3455 παραμυθήσασθαι,
3613 3387 3722 3440 οὐκ

2135 3472 2414 3543 ἀφῃρέθην
2434 3474 2502 3543 τῇ
2532 3471 2787 3544 συντυχίᾳ
2817 3472 2911 3526 τοῦ
2944 3473 3375 3544 αἰδεσιμωτάτου
3415 3475 3710 3546 Κυριακοῦ

2132 3563 2227 3617 τοῦ
2274 3564 2788 3636 συμπρεσϐυτέρουο
2840 3564 2899 3617 ὃν
2947 3565 3274 3636 αἰσχύνομαι
3331 3568 3596 3621 συνιστῶν
3629 3585 3719 3622 σοι

2136 3656 2227 3708 καὶ
2249 3657 2445 3709 οἰκεῖον
2481 3656 2648 3709 ποιῶν
2679 3655 2747 3709 δι’
2780 3657 3043 3727 ἐμαυτοῦ,
3093 3659 3166 3728 μή
3203 3675 3333 3711 ποτε
3383 3658 3520 3725 δόξω
3560 3661 3719 3731 περι-

2135 3748 2288 3819 εργόν
2331 3766 2382 3802 τι
2422 3751 2625 3813 ποιεῖν,
2663 3748 2745 3801 σοὶ
2783 3748 3077 3818 προσάγων
3111 3749 3179 3803 τὰ
3216 3749 3326 3803 tata
3366 3767 3460 3803 σου
3495 3751 3590 3804 καὶ
3623 3752 3717 3819 ἐξ-

2134 3837 2342 3908 αίρετα.
2377 3836 2520 3891 Ἀλλ’
2554 3836 2738 3909 ἐπειδή
2773 3854 2840 3910 με
2881 3837 2963 3891 δεῖ
2997 3838 3093 3891 καὶ
3135 3839 3390 3911 μάρτυρα
3435 3833 3575 3893 εἶναι
3608 3841 3717 3913 τῆς

2134 4007 2331 4064 genera
2370 4006 2674 4064 recensere.
2716 3991 2763 4047 si
2800 3990 2987 4047 eadem
3022 3994 3292 4064 sententia
3326 3993 3713 4064 comprehensi

2138 4062 2507 4138 fuissent,_qui
2524 4062 2659 4116 nihil
2683 4076 2910 4131 prorsus
2934 4063 3343 4138 commiserant.
3373 4062 3553 4135 Pagus
3576 4083 3711 4138 erga

2136 4133 2359 4202 intelligi
2380 4132 2541 4203 debet
2558 4147 2755 4203 magna
2787 4146 2914 4201 pars
2944 4133 3267 4203 incolarum.
3289 4132 3345 4187 Si
3374 4132 3497 4203 quis
3524 4132 3711 4194 taméu

2134 4203 2405 4258 existimet
2453 4202 2662 4273 nullum
2693 4203 2748 4273 in
2792 4203 2894 4254 hoc
2931 4216 3071 4273 pago
3103 4202 3479 4273 presbyterum
3510 4204 3707 4269 fuisse.

2135 4274 2531 4342 universosque
2560 4271 2795 4342 _incolas
2837 4285 2867 4324 a
2909 4271 3185 4342 precibus,
3220 4271 3343 4342 qua:
3385 4274 3439 4327 in
3479 4274 3709 4333 alterius

2134 4341 2255 4413 pagi
2285 4340 2518 4398 ecclesia
2548 4340 2770 4402 ﬁebant,
2801 4341 3055 4395 exclusos
3080 4340 3291 4407 fuisse;
3326 4343 3460 4397 illud
3489 4360 3708 4415 semper

2135 4411 2403 4476 manebit,
2439 4411 2585 4481 quod
2616 4411 2749 4465 mihi
2786 4410 3131 4482 probandum
3174 4414 3454 4482 proposui,
3495 4417 3700 4470 nullam

2388 4451 2403 4476 ’
2440 4451 2585 4477 ιιι-νυ
2617 4451 2749 4465 IIII..-
2787 4451 2843 4477 111
2858 4451 3131 4464 νυν-ιυυιιι
3174 4451 3225 4477 ΙΙΙ
3238 4451 3454 4477 νμνῦυιν

2132 4496 2361 4603 Βτοιυευε
2405 4482 2693 4536 ecclesiam
2735 4481 2976 4547 generali
3021 4481 3243 4535 decreto
3277 4481 3621 4539 interdictam
3667 4502 3702 4540 a
3776 4490 3779 4551 l

2177 4551 2335 4603 asilio
2390 4551 2580 4603 fuisse.
2638 4549 2908 4603 Praeterea
2945 4565 3070 4603 cum
3118 4561 3375 4603 accurate
3407 4554 3702 4603 distimmal

2177 4551 2335 4625 asilio
2390 4551 2580 4606 fuisse.
2634 4549 2908 4625 _Praaterea
2945 4561 3375 4625 cum_aceurate
3407 4554 3702 4625 distinguat

2128 4620 2451 4676 delictorum
2502 4620 2730 4690 species,
2767 4618 2904 4690 inde
2942 4621 3208 4689 sequitur,
3251 4624 3333 4677 vel
3368 4638 3555 4679 omnes
3573 4618 3700 4678 ⁷ηο-

2126 4699 2312 4745 centes
2346 4689 2546 4753 fuisse,
2566 4691 2651 4746 vel
2690 4689 3006 4744 nocentium
3048 4699 3104 4743 et
3145 4690 3516 4748 innocentium
3546 4694 3699 4749 babi-

2125 4767 2240 4813 tum
2269 4760 2439 4816 fuisse
2474 4761 2788 4833 discrimen.
2811 4757 2887 4833 Ex
2915 4759 3000 4814 his
3031 4759 3165 4814 illud
3185 4762 3354 4833 etiam
3381 4763 3559 4833 colligi
3591 4779 3693 4833 po-

2125 4836 2253 4900 test,
2284 4845 2402 4896 eos,
2426 4831 2520 4900 qui
2556 4840 2847 4900 raptorem
2857 4828 3139 4900 juverunt,
3170 4829 3390 4900 ideirco
3427 4828 3546 4886 eum
3579 4828 3694 4889 tota

2124 4899 2329 4954 familia
2385 4896 2590 4970 puniri,
2620 4896 2771 4969 'quia
2823 4896 3027 4970 familia
3075 4899 3309 4970 sceleris
3338 4917 3531 4970 expers
3580 4918 3690 4960 non

2122 4978 2243 5025 erat
2272 4990 2285 5024 :
2319 4967 2482 5040 idque
2513 4967 2800 5025 conﬁrmat
2825 4967 3229 5040 ipsehBasilius,
3259 4973 3351 5040 qui
3382 4967 3475 5026 eos
3498 4987 3692 5028 secun—

2124 5040 2253 5118 dum
2292 5038 2557 5095 eanbnem
2587 5040 2701 5109 jam
2728 5053 2763 5118 a
2798 5052 2859 5118 se
2886 5038 3093 5091 editum
3120 5038 3300 5118 puniri
3321 5041 3501 5118 jubet._
3524 5045 3692 5100 Porro

2126 5109 2181 5190 in
2234 5108 2339 5190 hoc
2371 5108 2600 5164 canone
2622 5108 2828 5164 nemini
2865 5121 3096 5176 prorsus
3122 5108 3243 5166 nisi
3288 5108 3503 5166 nocenti
3528 5128 3689 5183 pinna

2126 5180 2440 5234 imponitur.

2195 5194 2756 5321 ﬁngimmmr.
2788 5243 2870 5301 Ita
2907 5260 3044 5302 mss.
3099 5258 3357 5320 quatuor.
3398 5248 3534 5305 Editi
3566 5250 3686 5305 διώ-

2123 5335 2240 5372 κειν
2247 5360 2260 5371 .

2193 5389 2308 5461 (90)
2339 5389 2466 5461 Kal,
2481 5386 2631 5442 κατὰ
2655 5387 2866 5453 πόδας.
2911 5385 3075 5461 Deest
3107 5389 3423 5461 conjunctio
3462 5389 3514 5445 in
3536 5390 3682 5461 quin-

2120 5457 2577 5532 queucodicibus,
2629 5472 2744 5512 nou
2773 5469 2956 5512 tamen
2999 5459 3057 5513 in
3115 5457 3288 5515 Coisl.
3342 5457 3682 5532 primo,'nec

2120 5526 2332 5583 inutilis
2369 5530 2600 5583 videtur.

2192 5597 2301 5668 (9i)
2342 5601 2426 5668 οὐ
2462 5599 2717 5666 λόγου...
2763 5600 2984 5665 εἰδότα,
3035 5596 3113 5664 τῷ
3161 5596 3252 5653 td.
3302 5596 3383 5654 Ita
3428 5612 3514 5656 sex
3547 5613 3672 5659 mss.

2120 5665 2264 5722 Editi
2282 5665 2349 5722 ὀὐ
2373 5665 2613 5736 λόγων...
2655 5669 2835 5723 εἰδότα
2865 5670 2955 5725 τά.

2195 5738 2307 5811 (92)
2357 5737 2460 5805 Ἐξ
2510 5737 2670 5794 low.
2704 5738 2785 5796 Ita
2818 5739 3062 5811 plerique
3093 5754 3229 5799 mss.
3258 5737 3408 5800 Editi
3449 5738 3507 5807 ἐξ
3538 5740 3667 5814 ίσης.
