  <div class='ocr_page' id='page_1' title='image "/cluster/home/n/w/nwhite01/storage/ocr_20150623/32/nnc1.0046978879/590.png"; bbox 0 0 3852 6224; ppageno 0'>
   <div class='ocr_carea' id='block_1_1' title="bbox 113 376 251 434">
    <p class='ocr_par' dir='ltr' id='par_1_1' title="bbox 113 376 251 434">
     <span class='ocr_line' id='line_1_1' title="bbox 113 376 251 434; baseline -0.007 0"><span class='ocrx_word' id='word_1_1' title='bbox 113 376 251 434; x_wconf 68' lang='grc' dir='ltr'>ιουδ</span> 
     </span>
    </p>
   </div>
   <div class='ocr_carea' id='block_1_2' title="bbox 950 374 2479 434">
    <p class='ocr_par' dir='ltr' id='par_1_2' title="bbox 950 374 2479 434">
     <span class='ocr_line' id='line_1_2' title="bbox 950 374 2479 434; baseline 0.001 -6"><span class='ocrx_word' id='word_1_2' title='bbox 950 374 1445 433; x_wconf 69' lang='lat' dir='ltr'><strong>EPISTOLARUM</strong></span> <span class='ocrx_word' id='word_1_3' title='bbox 1483 376 1775 434; x_wconf 78' lang='lat' dir='ltr'><strong>CLASSIS</strong></span> <span class='ocrx_word' id='word_1_4' title='bbox 1813 378 1879 432; x_wconf 86' lang='lat' dir='ltr'><strong>ll.</strong></span> <span class='ocrx_word' id='word_1_5' title='bbox 1924 377 2143 433; x_wconf 81' lang='lat' dir='ltr'><strong>EPIST.</strong></span> <span class='ocrx_word' id='word_1_6' title='bbox 2184 375 2479 434; x_wconf 67' lang='lat' dir='ltr'><strong>CCLXXII.</strong></span> 
     </span>
    </p>
   </div>
   <div class='ocr_carea' id='block_1_3' title="bbox 3219 370 3356 428">
    <p class='ocr_par' dir='ltr' id='par_1_3' title="bbox 3219 370 3356 428">
     <span class='ocr_line' id='line_1_3' title="bbox 3219 370 3356 428; baseline 0 -2"><span class='ocrx_word' id='word_1_7' title='bbox 3219 370 3356 428; x_wconf 67' lang='lat'><strong>1006</strong></span> 
     </span>
    </p>
   </div>
   <div class='ocr_carea' id='block_1_4' title="bbox 111 482 1719 565">
    <p class='ocr_par' dir='ltr' id='par_1_4' title="bbox 111 490 1719 565">
     <span class='ocr_line' id='line_1_4' title="bbox 111 490 1719 565; baseline -0.001 -17"><span class='ocrx_word' id='word_1_8' title='bbox 111 491 390 562; x_wconf 83' lang='grc' dir='ltr'>ἀληθείας,</span> <span class='ocrx_word' id='word_1_9' title='bbox 421 490 515 545; x_wconf 79' lang='grc' dir='ltr'><strong>καὶ</strong></span> <span class='ocrx_word' id='word_1_10' title='bbox 540 492 653 555; x_wconf 80' lang='grc' dir='ltr'>τοῖς</span> <span class='ocrx_word' id='word_1_11' title='bbox 682 491 1050 562; x_wconf 80' lang='grc' dir='ltr'>συνημμένοις</span> <span class='ocrx_word' id='word_1_12' title='bbox 1074 492 1460 563; x_wconf 79' lang='grc' dir='ltr'><strong>πνευματικῶς</strong></span> <span class='ocrx_word' id='word_1_13' title='bbox 1492 493 1561 547; x_wconf 78' lang='grc' dir='ltr'>τὰ</span> <span class='ocrx_word' id='word_1_14' title='bbox 1588 494 1688 565; x_wconf 83' lang='grc' dir='ltr'><strong>μέ·</strong></span> <span class='ocrx_word' id='word_1_15' title='bbox 1715 546 1719 553; x_wconf 77' lang='grc'><strong>,</strong></span> 
     </span>
    </p>
   </div>
   <div class='ocr_carea' id='block_1_5' title="bbox 1809 482 3359 565">
    <p class='ocr_par' dir='ltr' id='par_1_5' title="bbox 1809 482 3359 564">
     <span class='ocr_line' id='line_1_5' title="bbox 1809 482 3359 564; baseline -0.005 -16"><span class='ocrx_word' id='word_1_16' title='bbox 1809 495 2050 564; x_wconf 68' lang='grc' dir='ltr'>ιυοιιὶοιη</span> <span class='ocrx_word' id='word_1_17' title='bbox 2076 500 2293 564; x_wconf 78' lang='lat' dir='ltr'><strong>oportet</strong></span> <span class='ocrx_word' id='word_1_18' title='bbox 2322 506 2409 547; x_wconf 91' lang='lat' dir='ltr'><strong>me</strong></span> <span class='ocrx_word' id='word_1_19' title='bbox 2428 498 2484 545; x_wconf 94' lang='lat' dir='ltr'><strong>et</strong></span> <span class='ocrx_word' id='word_1_20' title='bbox 2513 499 2707 545; x_wconf 77' lang='lat' dir='ltr'><strong>testem</strong></span> <span class='ocrx_word' id='word_1_21' title='bbox 2732 502 2854 544; x_wconf 88' lang='lat' dir='ltr'><strong>esse</strong></span> <span class='ocrx_word' id='word_1_22' title='bbox 2884 482 3155 551; x_wconf 86' lang='lat' dir='ltr'><strong>veritatis,</strong></span> <span class='ocrx_word' id='word_1_23' title='bbox 3184 496 3237 541; x_wconf 91' lang='lat' dir='ltr'><strong>et</strong></span> <span class='ocrx_word' id='word_1_24' title='bbox 3266 484 3359 548; x_wconf 86' lang='lat' dir='ltr'><strong>iis.</strong></span> 
     </span>
    </p>
   </div>
   <div class='ocr_carea' id='block_1_6' title="bbox 110 581 1690 655">
    <p class='ocr_par' dir='ltr' id='par_1_6' title="bbox 110 581 1690 655">
     <span class='ocr_line' id='line_1_6' title="bbox 110 581 1690 655; baseline 0.001 -20"><span class='ocrx_word' id='word_1_25' title='bbox 110 601 273 653; x_wconf 85' lang='grc' dir='ltr'>γιστα</span> <span class='ocrx_word' id='word_1_26' title='bbox 298 582 406 637; x_wconf 86' lang='grc' dir='ltr'><strong>τῶν</strong></span> <span class='ocrx_word' id='word_1_27' title='bbox 437 581 560 652; x_wconf 79' lang='grc' dir='ltr'>ἐμοὶ</span> <span class='ocrx_word' id='word_1_28' title='bbox 595 581 905 651; x_wconf 83' lang='grc' dir='ltr'><strong>προσόντων</strong></span> <span class='ocrx_word' id='word_1_29' title='bbox 939 583 1257 654; x_wconf 74' lang='grc' dir='ltr'>χαρίζεσθαι</span> <span class='ocrx_word' id='word_1_30' title='bbox 1281 599 1294 613; x_wconf 80' lang='grc'><em>’</em></span> <span class='ocrx_word' id='word_1_31' title='bbox 1321 582 1384 635; x_wconf 83' lang='grc' dir='ltr'><strong>τὸ</strong></span> <span class='ocrx_word' id='word_1_32' title='bbox 1426 583 1525 654; x_wconf 81' lang='grc' dir='ltr'><strong>μὲν</strong></span> <span class='ocrx_word' id='word_1_33' title='bbox 1561 584 1690 655; x_wconf 72' lang='grc' dir='ltr'>περ).</span> 
     </span>
    </p>
   </div>
   <div class='ocr_carea' id='block_1_7' title="bbox 110 673 1690 746">
    <p class='ocr_par' dir='ltr' id='par_1_7' title="bbox 110 673 1690 746">
     <span class='ocr_line' id='line_1_7' title="bbox 110 673 1690 746; baseline 0 -18"><span class='ocrx_word' id='word_1_34' title='bbox 110 678 212 746; x_wconf 86' lang='grc' dir='ltr'>τὴν</span> <span class='ocrx_word' id='word_1_35' title='bbox 263 673 559 745; x_wconf 82' lang='grc' dir='ltr'>ἱερωσύνην</span> <span class='ocrx_word' id='word_1_36' title='bbox 607 673 1014 745; x_wconf 77' lang='grc' dir='ltr'>ἀνεπηρέαστον</span> <span class='ocrx_word' id='word_1_37' title='bbox 1059 674 1153 727; x_wconf 87' lang='grc' dir='ltr'><strong>τοῦ</strong></span> <span class='ocrx_word' id='word_1_38' title='bbox 1209 674 1398 746; x_wconf 78' lang='grc' dir='ltr'>ἀνδρὸς</span> <span class='ocrx_word' id='word_1_39' title='bbox 1451 674 1690 746; x_wconf 78' lang='grc' dir='ltr'>ἠγοῦμαι</span> 
     </span>
    </p>
   </div>
   <div class='ocr_carea' id='block_1_8' title="bbox 110 760 1693 837">
    <p class='ocr_par' dir='ltr' id='par_1_8' title="bbox 110 760 1693 837">
     <span class='ocr_line' id='line_1_8' title="bbox 110 760 1693 837; baseline 0.001 -19"><span class='ocrx_word' id='word_1_40' title='bbox 110 762 209 818; x_wconf 65' lang='grc' dir='ltr'><strong>καὶ</strong></span> <span class='ocrx_word' id='word_1_41' title='bbox 239 766 321 817; x_wconf 67' lang='grc' dir='ltr'><strong>σοι</strong></span> <span class='ocrx_word' id='word_1_42' title='bbox 360 765 593 835; x_wconf 77' lang='grc' dir='ltr'>φανερὸν</span> <span class='ocrx_word' id='word_1_43' title='bbox 622 760 792 819; x_wconf 73' lang='grc' dir='ltr'>εἶναι·</span> <span class='ocrx_word' id='word_1_44' title='bbox 854 765 1059 835; x_wconf 85' lang='grc' dir='ltr'>βεϐαιῶ</span> <span class='ocrx_word' id='word_1_45' title='bbox 1106 766 1164 819; x_wconf 87' lang='grc' dir='ltr'>δὲ</span> <span class='ocrx_word' id='word_1_46' title='bbox 1196 765 1350 834; x_wconf 84' lang='grc' dir='ltr'><strong>κάγὼ</strong></span> <span class='ocrx_word' id='word_1_47' title='bbox 1381 766 1515 837; x_wconf 82' lang='grc'>(95),</span> <span class='ocrx_word' id='word_1_48' title='bbox 1551 767 1693 820; x_wconf 80' lang='grc' dir='ltr'>οὐδε-</span> 
     </span>
    </p>
   </div>
   <div class='ocr_carea' id='block_1_9' title="bbox 119 855 1692 928">
    <p class='ocr_par' dir='ltr' id='par_1_9' title="bbox 119 855 1692 928">
     <span class='ocr_line' id='line_1_9' title="bbox 119 855 1692 928; baseline 0.001 -20"><span class='ocrx_word' id='word_1_49' title='bbox 119 856 247 926; x_wconf 83' lang='grc' dir='ltr'>μίαν</span> <span class='ocrx_word' id='word_1_50' title='bbox 270 855 551 927; x_wconf 74' lang='grc' dir='ltr'><strong>γνωρίζων</strong></span> <span class='ocrx_word' id='word_1_51' title='bbox 576 859 695 909; x_wconf 86' lang='grc' dir='ltr'>κατ’</span> <span class='ocrx_word' id='word_1_52' title='bbox 726 856 890 909; x_wconf 77' lang='grc' dir='ltr'>αὑτοῦ</span> <span class='ocrx_word' id='word_1_53' title='bbox 923 856 1077 928; x_wconf 82' lang='grc' dir='ltr'><strong>παρά</strong></span> <span class='ocrx_word' id='word_1_54' title='bbox 1107 857 1215 910; x_wconf 85' lang='grc' dir='ltr'><strong>τῶν</strong></span> <span class='ocrx_word' id='word_1_55' title='bbox 1258 858 1423 910; x_wconf 82' lang='grc' dir='ltr'>πᾶσιν</span> <span class='ocrx_word' id='word_1_56' title='bbox 1464 858 1692 911; x_wconf 84' lang='grc' dir='ltr'>ἐπιϐαλ-</span> 
     </span>
    </p>
   </div>
   <div class='ocr_carea' id='block_1_10' title="bbox 114 946 1690 1019">
    <p class='ocr_par' dir='ltr' id='par_1_10' title="bbox 114 946 1690 1019">
     <span class='ocr_line' id='line_1_10' title="bbox 114 946 1690 1019; baseline 0.001 -20"><span class='ocrx_word' id='word_1_57' title='bbox 114 948 313 999; x_wconf 81' lang='grc' dir='ltr'>λόντων</span> <span class='ocrx_word' id='word_1_58' title='bbox 344 947 442 1009; x_wconf 83' lang='grc' dir='ltr'>τὰς</span> <span class='ocrx_word' id='word_1_59' title='bbox 467 949 674 1017; x_wconf 85' lang='grc' dir='ltr'>χεῖρας.</span> <span class='ocrx_word' id='word_1_60' title='bbox 706 946 811 1000; x_wconf 88' lang='grc' dir='ltr'><strong>τῶν</strong></span> <span class='ocrx_word' id='word_1_61' title='bbox 842 947 916 1019; x_wconf 82' lang='grc' dir='ltr'>μὴ</span> <span class='ocrx_word' id='word_1_62' title='bbox 952 948 1303 1019; x_wconf 74' lang='grc' dir='ltr'>φοϐουμένων</span> <span class='ocrx_word' id='word_1_63' title='bbox 1344 948 1436 1000; x_wconf 78' lang='grc' dir='ltr'><strong>τὸν</strong></span> <span class='ocrx_word' id='word_1_64' title='bbox 1468 947 1690 1017; x_wconf 81' lang='grc' dir='ltr'>Κύριον,</span> 
     </span>
    </p>
   </div>
   <div class='ocr_carea' id='block_1_11' title="bbox 114 1038 1689 1111">
    <p class='ocr_par' dir='ltr' id='par_1_11' title="bbox 114 1038 1689 1111">
     <span class='ocr_line' id='line_1_11' title="bbox 114 1038 1689 1111; baseline 0 -20"><span class='ocrx_word' id='word_1_65' title='bbox 114 1039 396 1109; x_wconf 79' lang='grc' dir='ltr'>ἐπήρειαν.</span> <span class='ocrx_word' id='word_1_66' title='bbox 431 1040 688 1106; x_wconf 85' lang='grc' dir='ltr'>Καίτοιγε</span> <span class='ocrx_word' id='word_1_67' title='bbox 728 1038 856 1091; x_wconf 81' lang='grc' dir='ltr'>εἴτι</span> <span class='ocrx_word' id='word_1_68' title='bbox 888 1039 1130 1107; x_wconf 81' lang='grc' dir='ltr'>ἐγεγόνει</span> <span class='ocrx_word' id='word_1_69' title='bbox 1163 1040 1273 1108; x_wconf 76' lang='lat' dir='ltr'><strong>(9i)</strong></span> <span class='ocrx_word' id='word_1_70' title='bbox 1317 1040 1447 1111; x_wconf 84' lang='grc' dir='ltr'>παρ’</span> <span class='ocrx_word' id='word_1_71' title='bbox 1488 1039 1689 1105; x_wconf 82' lang='grc' dir='ltr'>αὐτῶν,</span> 
     </span>
    </p>
   </div>
   <div class='ocr_carea' id='block_1_12' title="bbox 113 1126 1694 1203">
    <p class='ocr_par' dir='ltr' id='par_1_12' title="bbox 113 1126 1694 1203">
     <span class='ocr_line' id='line_1_12' title="bbox 113 1126 1694 1203; baseline 0.002 -21"><span class='ocrx_word' id='word_1_72' title='bbox 113 1129 228 1182; x_wconf 77' lang='grc' dir='ltr'>οὔθ’</span> <span class='ocrx_word' id='word_1_73' title='bbox 257 1129 428 1193; x_wconf 74' lang='grc' dir='ltr'>οὕτως</span> <span class='ocrx_word' id='word_1_74' title='bbox 463 1130 679 1194; x_wconf 75' lang='grc' dir='ltr'>ἀνάξιος</span> <span class='ocrx_word' id='word_1_75' title='bbox 711 1126 779 1202; x_wconf 82' lang='grc' dir='ltr'>ἦν</span> <span class='ocrx_word' id='word_1_76' title='bbox 806 1133 835 1184; x_wconf 85' lang='grc' dir='ltr'>ὁ</span> <span class='ocrx_word' id='word_1_77' title='bbox 860 1132 1020 1203; x_wconf 79' lang='grc' dir='ltr'>ἀνήρ.</span> <span class='ocrx_word' id='word_1_78' title='bbox 1046 1133 1108 1184; x_wconf 88' lang='grc' dir='ltr'>Οί</span> <span class='ocrx_word' id='word_1_79' title='bbox 1148 1130 1205 1183; x_wconf 81' lang='grc' dir='ltr'>δὲ</span> <span class='ocrx_word' id='word_1_80' title='bbox 1240 1131 1423 1202; x_wconf 62' lang='grc' dir='ltr'>ἐχθροὶ.</span> <span class='ocrx_word' id='word_1_81' title='bbox 1450 1131 1543 1184; x_wconf 88' lang='grc' dir='ltr'><strong>τοῦ</strong></span> <span class='ocrx_word' id='word_1_82' title='bbox 1577 1133 1694 1185; x_wconf 86' lang='grc' dir='ltr'><strong>Κυ-</strong></span> 
     </span>
    </p>
   </div>
   <div class='ocr_carea' id='block_1_13' title="bbox 118 1216 1694 1292">
    <p class='ocr_par' dir='ltr' id='par_1_13' title="bbox 118 1216 1694 1292">
     <span class='ocr_line' id='line_1_13' title="bbox 118 1216 1694 1292; baseline 0.001 -20"><span class='ocrx_word' id='word_1_83' title='bbox 118 1221 236 1292; x_wconf 84' lang='grc' dir='ltr'>ρίου</span> <span class='ocrx_word' id='word_1_84' title='bbox 267 1220 541 1289; x_wconf 79' lang='grc' dir='ltr'>βεϐαιοῦσι</span> <span class='ocrx_word' id='word_1_85' title='bbox 574 1222 699 1284; x_wconf 78' lang='grc' dir='ltr'>τοὺς</span> <span class='ocrx_word' id='word_1_86' title='bbox 728 1220 968 1291; x_wconf 77' lang='grc' dir='ltr'>βαθμοὺς</span> <span class='ocrx_word' id='word_1_87' title='bbox 1002 1222 1203 1291; x_wconf 80' lang='grc' dir='ltr'>μᾶλλον</span> <span class='ocrx_word' id='word_1_88' title='bbox 1236 1216 1317 1284; x_wconf 78' lang='grc' dir='ltr'>οἷς</span> <span class='ocrx_word' id='word_1_89' title='bbox 1349 1220 1415 1273; x_wconf 83' lang='grc' dir='ltr'><strong>ἂν</strong></span> <span class='ocrx_word' id='word_1_90' title='bbox 1450 1237 1694 1291; x_wconf 82' lang='grc' dir='ltr'>προσπο-</span> 
     </span>
    </p>
   </div>
   <div class='ocr_carea' id='block_1_14' title="bbox 114 1312 1696 1385">
    <p class='ocr_par' dir='ltr' id='par_1_14' title="bbox 114 1312 1696 1385">
     <span class='ocr_line' id='line_1_14' title="bbox 114 1312 1696 1385; baseline 0 -20"><span class='ocrx_word' id='word_1_91' title='bbox 114 1312 375 1382; x_wconf 86' lang='grc' dir='ltr'>λεμῶσιν,</span> <span class='ocrx_word' id='word_1_92' title='bbox 411 1312 443 1385; x_wconf 79' lang='grc' dir='ltr'>ἢ</span> <span class='ocrx_word' id='word_1_93' title='bbox 493 1313 855 1384; x_wconf 75' lang='grc' dir='ltr'>ἀφαιροῦνται</span> <span class='ocrx_word' id='word_1_94' title='bbox 894 1329 948 1366; x_wconf 92' lang='grc' dir='ltr'><strong>τι</strong></span> <span class='ocrx_word' id='word_1_95' title='bbox 994 1314 1095 1383; x_wconf 83' lang='grc' dir='ltr'><strong>τῆς</strong></span> <span class='ocrx_word' id='word_1_96' title='bbox 1125 1312 1477 1383; x_wconf 81' lang='grc' dir='ltr'>ὑπαρχούσης</span> <span class='ocrx_word' id='word_1_97' title='bbox 1516 1313 1696 1376; x_wconf 79' lang='grc' dir='ltr'>αὐτοῖς</span> 
     </span>
    </p>
   </div>
   <div class='ocr_carea' id='block_1_15' title="bbox 115 1404 1693 1477">
    <p class='ocr_par' dir='ltr' id='par_1_15' title="bbox 115 1404 1693 1477">
     <span class='ocr_line' id='line_1_15' title="bbox 115 1404 1693 1477; baseline 0.001 -21"><span class='ocrx_word' id='word_1_98' title='bbox 115 1405 272 1475; x_wconf 81' lang='grc' dir='ltr'><strong>παρά</strong></span> <span class='ocrx_word' id='word_1_99' title='bbox 299 1404 394 1457; x_wconf 85' lang='grc' dir='ltr'><strong>τοῦ</strong></span> <span class='ocrx_word' id='word_1_100' title='bbox 428 1406 742 1476; x_wconf 85' lang='grc' dir='ltr'>Πνεύματος</span> <span class='ocrx_word' id='word_1_101' title='bbox 767 1406 1004 1477; x_wconf 78' lang='grc' dir='ltr'>χάριτος.</span> <span class='ocrx_word' id='word_1_102' title='bbox 1041 1404 1185 1475; x_wconf 85' lang='grc' dir='ltr'>Πλὴν</span> <span class='ocrx_word' id='word_1_103' title='bbox 1217 1404 1353 1470; x_wconf 83' lang='grc' dir='ltr'>ἀλλ’,</span> <span class='ocrx_word' id='word_1_104' title='bbox 1381 1405 1517 1476; x_wconf 86' lang='grc' dir='ltr'>ὅπερ</span> <span class='ocrx_word' id='word_1_105' title='bbox 1536 1404 1693 1475; x_wconf 78' lang='grc' dir='ltr'>ἔφην,</span> 
     </span>
    </p>
   </div>
   <div class='ocr_carea' id='block_1_16' title="bbox 114 1491 1696 1567">
    <p class='ocr_par' dir='ltr' id='par_1_16' title="bbox 114 1491 1696 1567">
     <span class='ocr_line' id='line_1_16' title="bbox 114 1491 1696 1567; baseline 0.001 -20"><span class='ocrx_word' id='word_1_106' title='bbox 114 1495 241 1548; x_wconf 79' lang='grc' dir='ltr'>οὐδὲ</span> <span class='ocrx_word' id='word_1_107' title='bbox 267 1496 641 1567; x_wconf 83' lang='grc' dir='ltr'>κατεπενοήθη</span> <span class='ocrx_word' id='word_1_108' title='bbox 666 1514 719 1549; x_wconf 88' lang='grc' dir='ltr'><strong>τι</strong></span> <span class='ocrx_word' id='word_1_109' title='bbox 738 1496 831 1549; x_wconf 86' lang='grc' dir='ltr'><strong>τοῦ</strong></span> <span class='ocrx_word' id='word_1_110' title='bbox 859 1495 1050 1567; x_wconf 83' lang='grc' dir='ltr'>ἀνδρός</span> <span class='ocrx_word' id='word_1_111' title='bbox 1068 1494 1199 1566; x_wconf 80' lang='lat'><strong>(95).</strong></span> <span class='ocrx_word' id='word_1_112' title='bbox 1234 1496 1321 1559; x_wconf 83' lang='grc' dir='ltr'>Ὠς</span> <span class='ocrx_word' id='word_1_113' title='bbox 1350 1491 1442 1549; x_wconf 83' lang='grc' dir='ltr'><strong>οὖν</strong></span> <span class='ocrx_word' id='word_1_114' title='bbox 1463 1495 1696 1567; x_wconf 86' lang='grc' dir='ltr'>πρεσϐύ-</span> 
     </span>
    </p>
   </div>
   <div class='ocr_carea' id='block_1_17' title="bbox 113 1587 1697 1659">
    <p class='ocr_par' dir='ltr' id='par_1_17' title="bbox 113 1587 1697 1659">
     <span class='ocr_line' id='line_1_17' title="bbox 113 1587 1697 1659; baseline 0 -20"><span class='ocrx_word' id='word_1_115' title='bbox 113 1603 276 1658; x_wconf 75' lang='grc' dir='ltr'>τερον</span> <span class='ocrx_word' id='word_1_116' title='bbox 295 1589 718 1659; x_wconf 79' lang='grc' dir='ltr'>ἀνεπηρέαστον,</span> <span class='ocrx_word' id='word_1_117' title='bbox 744 1589 839 1641; x_wconf 72' lang='grc' dir='ltr'>καὶ</span> <span class='ocrx_word' id='word_1_118' title='bbox 858 1589 988 1657; x_wconf 77' lang='grc' dir='ltr'>ἡμῖν</span> <span class='ocrx_word' id='word_1_119' title='bbox 1015 1587 1378 1658; x_wconf 80' lang='grc' dir='ltr'>συνημμένον.</span> <span class='ocrx_word' id='word_1_120' title='bbox 1399 1588 1493 1639; x_wconf 67' lang='grc' dir='ltr'><strong>καὶ¹</strong></span> <span class='ocrx_word' id='word_1_121' title='bbox 1515 1587 1697 1657; x_wconf 83' lang='grc' dir='ltr'>πάσης</span> 
     </span>
    </p>
   </div>
   <div class='ocr_carea' id='block_1_18' title="bbox 114 1676 1694 1752">
    <p class='ocr_par' dir='ltr' id='par_1_18' title="bbox 114 1676 1694 1752">
     <span class='ocr_line' id='line_1_18' title="bbox 114 1676 1694 1752; baseline 0.001 -22"><span class='ocrx_word' id='word_1_122' title='bbox 114 1677 302 1740; x_wconf 71' lang='grc' dir='ltr'>αἰδοῦς</span> <span class='ocrx_word' id='word_1_123' title='bbox 340 1676 507 1745; x_wconf 74' lang='grc' dir='ltr'>ἀξιον,</span> <span class='ocrx_word' id='word_1_124' title='bbox 554 1678 696 1732; x_wconf 78' lang='grc' dir='ltr'>οὕτω</span> <span class='ocrx_word' id='word_1_125' title='bbox 736 1679 994 1745; x_wconf 71' lang='grc' dir='ltr'>καταξίω</span> <span class='ocrx_word' id='word_1_126' title='bbox 1026 1680 1188 1733; x_wconf 77' lang='grc' dir='ltr'>αὑτὸν</span> <span class='ocrx_word' id='word_1_127' title='bbox 1215 1681 1367 1752; x_wconf 78' lang='grc' dir='ltr'>όρᾷν,</span> <span class='ocrx_word' id='word_1_128' title='bbox 1402 1680 1595 1733; x_wconf 84' lang='grc' dir='ltr'>σαυτόν</span> <span class='ocrx_word' id='word_1_129' title='bbox 1634 1696 1694 1732; x_wconf 84' lang='grc' dir='ltr'><strong>τε</strong></span> 
     </span>
    </p>
   </div>
   <div class='ocr_carea' id='block_1_19' title="bbox 113 1768 1063 1843">
    <p class='ocr_par' dir='ltr' id='par_1_19' title="bbox 113 1768 1063 1843">
     <span class='ocr_line' id='line_1_19' title="bbox 113 1768 1063 1843; baseline 0.004 -22"><span class='ocrx_word' id='word_1_130' title='bbox 113 1768 366 1838; x_wconf 83' lang='grc' dir='ltr'>ὠφελῶν,</span> <span class='ocrx_word' id='word_1_131' title='bbox 398 1772 491 1824; x_wconf 78' lang='grc' dir='ltr'>καὶ</span> <span class='ocrx_word' id='word_1_132' title='bbox 526 1772 658 1842; x_wconf 80' lang='grc' dir='ltr'>ἡμῖν</span> <span class='ocrx_word' id='word_1_133' title='bbox 686 1769 1063 1843; x_wconf 76' lang='grc' dir='ltr'>χαριζόμενος.</span> 
     </span>
    </p>
   </div>
   <div class='ocr_carea' id='block_1_20' title="bbox 633 2058 1177 2114">
    <p class='ocr_par' dir='ltr' id='par_1_20' title="bbox 633 2058 1177 2114">
     <span class='ocr_line' id='line_1_20' title="bbox 633 2058 1177 2114; baseline 0.002 -3"><span class='ocrx_word' id='word_1_134' title='bbox 633 2058 980 2114; x_wconf 81' lang='grc' dir='ltr'><strong>ΕΠΙΣΤΟΛΗ</strong></span> <span class='ocrx_word' id='word_1_135' title='bbox 1017 2058 1177 2113; x_wconf 86' lang='grc' dir='ltr'><strong>ΣΟΒ’.</strong></span> 
     </span>
    </p>
   </div>
   <div class='ocr_carea' id='block_1_21' title="bbox 1789 576 3360 654">
    <p class='ocr_par' dir='ltr' id='par_1_21' title="bbox 1789 576 3360 654">
     <span class='ocr_line' id='line_1_21' title="bbox 1789 576 3360 654; baseline -0.003 -19"><span class='ocrx_word' id='word_1_136' title='bbox 1789 585 1883 654; x_wconf 88' lang='lat' dir='ltr'><strong>qui</strong></span> <span class='ocrx_word' id='word_1_137' title='bbox 1920 583 2280 654; x_wconf 88' lang='lat' dir='ltr'><strong>spiritualiter</strong></span> <span class='ocrx_word' id='word_1_138' title='bbox 2308 581 2590 651; x_wconf 78' lang='lat' dir='ltr'><strong>conjuncti</strong></span> <span class='ocrx_word' id='word_1_139' title='bbox 2629 590 2777 643; x_wconf 89' lang='lat' dir='ltr'><strong>sunt,</strong></span> <span class='ocrx_word' id='word_1_140' title='bbox 2810 576 2997 649; x_wconf 86' lang='lat' dir='ltr'><strong>largiri</strong></span> <span class='ocrx_word' id='word_1_141' title='bbox 3031 592 3152 648; x_wconf 70' lang='lat' dir='ltr'><strong>quae</strong></span> <span class='ocrx_word' id='word_1_142' title='bbox 3184 577 3360 631; x_wconf 81' lang='lat' dir='ltr'><strong>habeo</strong></span> 
     </span>
    </p>
   </div>
   <div class='ocr_carea' id='block_1_22' title="bbox 1789 670 3361 744">
    <p class='ocr_par' dir='ltr' id='par_1_22' title="bbox 1789 670 3361 744">
     <span class='ocr_line' id='line_1_22' title="bbox 1789 670 3361 744; baseline -0.004 -15"><span class='ocrx_word' id='word_1_143' title='bbox 1789 676 2062 742; x_wconf 77' lang='lat' dir='ltr'><strong>maxima;</strong></span> <span class='ocrx_word' id='word_1_144' title='bbox 2111 675 2213 729; x_wconf 88' lang='lat' dir='ltr'><strong>viri</strong></span> <span class='ocrx_word' id='word_1_145' title='bbox 2262 674 2484 744; x_wconf 88' lang='lat' dir='ltr'><strong>quidem</strong></span> <span class='ocrx_word' id='word_1_146' title='bbox 2538 672 2593 726; x_wconf 91' lang='lat' dir='ltr'><strong>in</strong></span> <span class='ocrx_word' id='word_1_147' title='bbox 2626 671 2934 727; x_wconf 85' lang='lat' dir='ltr'><strong>sacerdotio</strong></span> <span class='ocrx_word' id='word_1_148' title='bbox 2990 670 3361 724; x_wconf 85' lang='lat' dir='ltr'><strong>innocentiam</strong></span> 
     </span>
    </p>
   </div>
   <div class='ocr_carea' id='block_1_23' title="bbox 1791 764 3361 835">
    <p class='ocr_par' dir='ltr' id='par_1_23' title="bbox 1791 764 3361 835">
     <span class='ocr_line' id='line_1_23' title="bbox 1791 764 3361 835; baseline -0.003 -17"><span class='ocrx_word' id='word_1_149' title='bbox 1791 773 1954 835; x_wconf 88' lang='lat' dir='ltr'><strong>atque</strong></span> <span class='ocrx_word' id='word_1_150' title='bbox 1976 766 2343 834; x_wconf 83' lang='lat' dir='ltr'><strong>integritatem</strong></span> <span class='ocrx_word' id='word_1_151' title='bbox 2374 764 2614 817; x_wconf 84' lang='lat' dir='ltr'><strong>arbitror</strong></span> <span class='ocrx_word' id='word_1_152' title='bbox 2641 764 2741 817; x_wconf 89' lang='lat' dir='ltr'><strong>tibi</strong></span> <span class='ocrx_word' id='word_1_153' title='bbox 2772 776 2991 832; x_wconf 91' lang='lat' dir='ltr'><strong>quoque</strong></span> <span class='ocrx_word' id='word_1_154' title='bbox 3022 768 3206 814; x_wconf 87' lang='lat' dir='ltr'><strong>notam</strong></span> <span class='ocrx_word' id='word_1_155' title='bbox 3234 774 3361 814; x_wconf 85' lang='lat' dir='ltr'><strong>esse</strong></span> 
     </span>
    </p>
   </div>
   <div class='ocr_carea' id='block_1_24' title="bbox 1791 852 3360 927">
    <p class='ocr_par' dir='ltr' id='par_1_24' title="bbox 1791 852 3360 927">
     <span class='ocr_line' id='line_1_24' title="bbox 1791 852 3360 927; baseline -0.003 -18"><span class='ocrx_word' id='word_1_156' title='bbox 1791 871 1855 910; x_wconf 91' lang='lat' dir='ltr'><strong>ac</strong></span> <span class='ocrx_word' id='word_1_157' title='bbox 1888 866 2252 927; x_wconf 79' lang='lat' dir='ltr'><strong>perspectam,</strong></span> <span class='ocrx_word' id='word_1_158' title='bbox 2287 864 2469 911; x_wconf 88' lang='lat' dir='ltr'><strong>tamen</strong></span> <span class='ocrx_word' id='word_1_159' title='bbox 2510 863 2564 909; x_wconf 91' lang='lat' dir='ltr'><strong>et</strong></span> <span class='ocrx_word' id='word_1_160' title='bbox 2611 871 2709 923; x_wconf 83' lang='lat' dir='ltr'><strong>ego</strong></span> <span class='ocrx_word' id='word_1_161' title='bbox 2753 857 2856 909; x_wconf 88' lang='lat' dir='ltr'><strong>hoc</strong></span> <span class='ocrx_word' id='word_1_162' title='bbox 2908 852 3197 915; x_wconf 84' lang='lat' dir='ltr'><strong>confirmo,</strong></span> <span class='ocrx_word' id='word_1_163' title='bbox 3234 866 3360 906; x_wconf 88' lang='lat' dir='ltr'><strong>cum</strong></span> 
     </span>
    </p>
   </div>
   <div class='ocr_carea' id='block_1_25' title="bbox 1790 942 3365 1015">
    <p class='ocr_par' dir='ltr' id='par_1_25' title="bbox 1790 942 3365 1015">
     <span class='ocr_line' id='line_1_25' title="bbox 1790 942 3365 1015; baseline -0.004 -14"><span class='ocrx_word' id='word_1_164' title='bbox 1790 948 1996 1001; x_wconf 86' lang='lat' dir='ltr'><strong>nullam</strong></span> <span class='ocrx_word' id='word_1_165' title='bbox 2027 949 2076 1002; x_wconf 88' lang='lat' dir='ltr'><strong>ei</strong></span> <span class='ocrx_word' id='word_1_166' title='bbox 2119 948 2289 1002; x_wconf 84' lang='lat' dir='ltr'><strong>sciam</strong></span> <span class='ocrx_word' id='word_1_167' title='bbox 2344 948 2412 1000; x_wconf 89' lang='lat' dir='ltr'><strong>ab</strong></span> <span class='ocrx_word' id='word_1_168' title='bbox 2444 948 2531 1011; x_wconf 89' lang='lat' dir='ltr'><strong>iis,</strong></span> <span class='ocrx_word' id='word_1_169' title='bbox 2573 946 2667 1015; x_wconf 90' lang='lat' dir='ltr'><strong>qui</strong></span> <span class='ocrx_word' id='word_1_170' title='bbox 2702 962 2896 1000; x_wconf 88' lang='lat' dir='ltr'><strong>manus</strong></span> <span class='ocrx_word' id='word_1_171' title='bbox 2929 946 2983 998; x_wconf 91' lang='lat' dir='ltr'><strong>in</strong></span> <span class='ocrx_word' id='word_1_172' title='bbox 3017 959 3208 998; x_wconf 83' lang='lat' dir='ltr'><strong>omnes</strong></span> <span class='ocrx_word' id='word_1_173' title='bbox 3243 942 3365 1011; x_wconf 88' lang='lat' dir='ltr'><strong>inji-</strong></span> 
     </span>
    </p>
   </div>
   <div class='ocr_carea' id='block_1_26' title="bbox 1791 1035 3366 1101">
    <p class='ocr_par' dir='ltr' id='par_1_26' title="bbox 1791 1035 3366 1101">
     <span class='ocr_line' id='line_1_26' title="bbox 1791 1035 3366 1101; baseline -0.004 -8"><span class='ocrx_word' id='word_1_174' title='bbox 1791 1039 1964 1101; x_wconf 91' lang='lat' dir='ltr'><strong>ciunt,</strong></span> <span class='ocrx_word' id='word_1_175' title='bbox 2013 1054 2113 1093; x_wconf 89' lang='lat' dir='ltr'><strong>nec</strong></span> <span class='ocrx_word' id='word_1_176' title='bbox 2155 1037 2444 1092; x_wconf 90' lang='lat' dir='ltr'><strong>Dominum</strong></span> <span class='ocrx_word' id='word_1_177' title='bbox 2491 1039 2702 1101; x_wconf 84' lang='lat' dir='ltr'><strong>timent,</strong></span> <span class='ocrx_word' id='word_1_178' title='bbox 2754 1046 3019 1092; x_wconf 80' lang='lat' dir='ltr'><strong>structam</strong></span> <span class='ocrx_word' id='word_1_179' title='bbox 3056 1035 3228 1089; x_wconf 89' lang='lat' dir='ltr'><strong>fuisse</strong></span> <span class='ocrx_word' id='word_1_180' title='bbox 3271 1048 3366 1088; x_wconf 90' lang='lat' dir='ltr'><strong>ca-</strong></span> 
     </span>
    </p>
   </div>
   <div class='ocr_carea' id='block_1_27' title="bbox 1792 1127 3367 1200">
    <p class='ocr_par' dir='ltr' id='par_1_27' title="bbox 1792 1127 3367 1200">
     <span class='ocr_line' id='line_1_27' title="bbox 1792 1127 3367 1200; baseline -0.002 -18"><span class='ocrx_word' id='word_1_181' title='bbox 1792 1129 2083 1186; x_wconf 87' lang='lat' dir='ltr'><strong>lumniam.</strong></span> <span class='ocrx_word' id='word_1_182' title='bbox 2116 1130 2294 1199; x_wconf 83' lang='lat' dir='ltr'><strong>Atque</strong></span> <span class='ocrx_word' id='word_1_183' title='bbox 2334 1130 2548 1185; x_wconf 86' lang='lat' dir='ltr'><strong>etiamsi</strong></span> <span class='ocrx_word' id='word_1_184' title='bbox 2574 1130 2703 1200; x_wconf 85' lang='lat' dir='ltr'><strong>quid</strong></span> <span class='ocrx_word' id='word_1_185' title='bbox 2732 1131 2799 1183; x_wconf 91' lang='lat' dir='ltr'><strong>ab</strong></span> <span class='ocrx_word' id='word_1_186' title='bbox 2839 1134 2919 1184; x_wconf 90' lang='lat' dir='ltr'><strong>eis</strong></span> <span class='ocrx_word' id='word_1_187' title='bbox 2954 1127 3266 1191; x_wconf 87' lang='lat' dir='ltr'><strong>accidisset,</strong></span> <span class='ocrx_word' id='word_1_188' title='bbox 3296 1140 3367 1179; x_wconf 91' lang='lat' dir='ltr'><strong>ne</strong></span> 
     </span>
    </p>
   </div>
   <div class='ocr_carea' id='block_1_28' title="bbox 1793 1215 3370 1294">
    <p class='ocr_par' dir='ltr' id='par_1_28' title="bbox 1793 1215 3370 1294">
     <span class='ocr_line' id='line_1_28' title="bbox 1793 1215 3370 1294; baseline -0.003 -18"><span class='ocrx_word' id='word_1_189' title='bbox 1793 1222 1874 1277; x_wconf 90' lang='lat' dir='ltr'><strong>sic</strong></span> <span class='ocrx_word' id='word_1_190' title='bbox 1910 1222 2126 1292; x_wconf 84' lang='lat' dir='ltr'><strong>quidem</strong></span> <span class='ocrx_word' id='word_1_191' title='bbox 2163 1223 2417 1293; x_wconf 88' lang='lat' dir='ltr'><strong>indignus</strong></span> <span class='ocrx_word' id='word_1_192' title='bbox 2456 1230 2601 1277; x_wconf 86' lang='lat' dir='ltr'><strong>esset</strong></span> <span class='ocrx_word' id='word_1_193' title='bbox 2634 1221 2912 1294; x_wconf 59' lang='grc' dir='ltr'><strong>ᾱιείιιθ</strong></span> <span class='ocrx_word' id='word_1_194' title='bbox 2952 1220 3056 1275; x_wconf 85' lang='lat' dir='ltr'><strong>vir.</strong></span> <span class='ocrx_word' id='word_1_195' title='bbox 3094 1217 3229 1271; x_wconf 88' lang='lat' dir='ltr'><strong>Nam</strong></span> <span class='ocrx_word' id='word_1_196' title='bbox 3262 1215 3370 1271; x_wconf 85' lang='lat' dir='ltr'><strong>Do-</strong></span> 
     </span>
    </p>
   </div>
   <div class='ocr_carea' id='block_1_29' title="bbox 1791 1311 3370 1383">
    <p class='ocr_par' dir='ltr' id='par_1_29' title="bbox 1791 1311 3370 1383">
     <span class='ocr_line' id='line_1_29' title="bbox 1791 1311 3370 1383; baseline -0.001 -18"><span class='ocrx_word' id='word_1_197' title='bbox 1791 1312 1925 1366; x_wconf 84' lang='lat' dir='ltr'><strong>mini</strong></span> <span class='ocrx_word' id='word_1_198' title='bbox 1956 1313 2141 1368; x_wconf 85' lang='lat' dir='ltr'><strong>hostes</strong></span> <span class='ocrx_word' id='word_1_199' title='bbox 2166 1314 2367 1383; x_wconf 88' lang='lat' dir='ltr'><strong>gradus</strong></span> <span class='ocrx_word' id='word_1_200' title='bbox 2411 1328 2598 1368; x_wconf 91' lang='lat' dir='ltr'><strong>eorum</strong></span> <span class='ocrx_word' id='word_1_201' title='bbox 2630 1328 2769 1383; x_wconf 84' lang='lat' dir='ltr'><strong>quos</strong></span> <span class='ocrx_word' id='word_1_202' title='bbox 2804 1315 3145 1382; x_wconf 84' lang='lat' dir='ltr'><strong>impugnant,</strong></span> <span class='ocrx_word' id='word_1_203' title='bbox 3192 1311 3370 1380; x_wconf 83' lang='lat' dir='ltr'><strong>magis</strong></span> 
     </span>
    </p>
   </div>
   <div class='ocr_carea' id='block_1_30' title="bbox 1794 1402 3366 1473">
    <p class='ocr_par' dir='ltr' id='par_1_30' title="bbox 1794 1402 3366 1473">
     <span class='ocr_line' id='line_1_30' title="bbox 1794 1402 3366 1473; baseline -0.002 -16"><span class='ocrx_word' id='word_1_204' title='bbox 1794 1404 2142 1470; x_wconf 80' lang='lat' dir='ltr'><strong>confirmant,</strong></span> <span class='ocrx_word' id='word_1_205' title='bbox 2184 1420 2345 1473; x_wconf 89' lang='lat' dir='ltr'><strong>quam</strong></span> <span class='ocrx_word' id='word_1_206' title='bbox 2375 1404 2440 1459; x_wconf 88' lang='lat' dir='ltr'><strong>de</strong></span> <span class='ocrx_word' id='word_1_207' title='bbox 2482 1418 2746 1459; x_wconf 85' lang='lat' dir='ltr'><strong>concessa</strong></span> <span class='ocrx_word' id='word_1_208' title='bbox 2779 1404 2889 1458; x_wconf 80' lang='lat' dir='ltr'><strong>illis</strong></span> <span class='ocrx_word' id='word_1_209' title='bbox 2936 1417 2966 1456; x_wconf 91' lang='lat' dir='ltr'><strong>a</strong></span> <span class='ocrx_word' id='word_1_210' title='bbox 3003 1402 3209 1473; x_wconf 89' lang='lat' dir='ltr'><strong>Spiritu</strong></span> <span class='ocrx_word' id='word_1_211' title='bbox 3237 1416 3366 1471; x_wconf 88' lang='lat' dir='ltr'><strong>gra-</strong></span> 
     </span>
    </p>
   </div>
   <div class='ocr_carea' id='block_1_31' title="bbox 1794 1492 3371 1563">
    <p class='ocr_par' dir='ltr' id='par_1_31' title="bbox 1794 1492 3371 1563">
     <span class='ocr_line' id='line_1_31' title="bbox 1794 1492 3371 1563; baseline -0.001 -17"><span class='ocrx_word' id='word_1_212' title='bbox 1794 1493 1868 1546; x_wconf 90' lang='lat' dir='ltr'><strong>tia</strong></span> <span class='ocrx_word' id='word_1_213' title='bbox 1892 1493 2189 1563; x_wconf 88' lang='lat' dir='ltr'><strong>quidquam</strong></span> <span class='ocrx_word' id='word_1_214' title='bbox 2220 1494 2531 1549; x_wconf 88' lang='lat' dir='ltr'><strong>detrahunt.</strong></span> <span class='ocrx_word' id='word_1_215' title='bbox 2572 1492 2700 1561; x_wconf 84' lang='lat' dir='ltr'><strong>Sed,</strong></span> <span class='ocrx_word' id='word_1_216' title='bbox 2726 1504 2786 1549; x_wconf 88' lang='lat' dir='ltr'><strong>ut</strong></span> <span class='ocrx_word' id='word_1_217' title='bbox 2813 1494 2947 1559; x_wconf 80' lang='lat' dir='ltr'><strong>dixi,</strong></span> <span class='ocrx_word' id='word_1_218' title='bbox 2983 1509 3053 1548; x_wconf 90' lang='lat' dir='ltr'><strong>ne</strong></span> <span class='ocrx_word' id='word_1_219' title='bbox 3090 1493 3371 1563; x_wconf 87' lang='lat' dir='ltr'><strong>excogita-</strong></span> 
     </span>
    </p>
   </div>
   <div class='ocr_carea' id='block_1_32' title="bbox 1794 1583 3373 1654">
    <p class='ocr_par' dir='ltr' id='par_1_32' title="bbox 1794 1583 3373 1654">
     <span class='ocr_line' id='line_1_32' title="bbox 1794 1583 3373 1654; baseline -0.003 -16"><span class='ocrx_word' id='word_1_220' title='bbox 1794 1591 1910 1639; x_wconf 91' lang='lat' dir='ltr'><strong>tum</strong></span> <span class='ocrx_word' id='word_1_221' title='bbox 1938 1583 2158 1654; x_wconf 86' lang='lat' dir='ltr'><strong>quidem</strong></span> <span class='ocrx_word' id='word_1_222' title='bbox 2191 1584 2295 1639; x_wconf 90' lang='lat' dir='ltr'><strong>fuit</strong></span> <span class='ocrx_word' id='word_1_223' title='bbox 2337 1583 2541 1654; x_wconf 88' lang='lat' dir='ltr'><strong>aliquid</strong></span> <span class='ocrx_word' id='word_1_224' title='bbox 2585 1584 2641 1638; x_wconf 90' lang='lat' dir='ltr'><strong>in</strong></span> <span class='ocrx_word' id='word_1_225' title='bbox 2674 1584 2877 1638; x_wconf 80' lang='lat' dir='ltr'><strong>virum.</strong></span> <span class='ocrx_word' id='word_1_226' title='bbox 2911 1583 3096 1653; x_wconf 85' lang='lat' dir='ltr'><strong>Itaque</strong></span> <span class='ocrx_word' id='word_1_227' title='bbox 3133 1583 3284 1636; x_wconf 90' lang='lat' dir='ltr'><strong>illum</strong></span> <span class='ocrx_word' id='word_1_228' title='bbox 3312 1589 3373 1635; x_wconf 89' lang='lat' dir='ltr'><strong>ut</strong></span> 
     </span>
    </p>
   </div>
   <div class='ocr_carea' id='block_1_33' title="bbox 1795 1671 3374 1748">
    <p class='ocr_par' dir='ltr' id='par_1_33' title="bbox 1795 1671 3374 1748">
     <span class='ocr_line' id='line_1_33' title="bbox 1795 1671 3374 1748; baseline -0.005 -17"><span class='ocrx_word' id='word_1_229' title='bbox 1795 1677 2173 1748; x_wconf 81' lang='lat' dir='ltr'><strong>presbyterum</strong></span> <span class='ocrx_word' id='word_1_230' title='bbox 2206 1676 2491 1731; x_wconf 76' lang='lat' dir='ltr'><strong>calumniae</strong></span> <span class='ocrx_word' id='word_1_231' title='bbox 2521 1682 2821 1746; x_wconf 85' lang='lat' dir='ltr'><strong>expertem,</strong></span> <span class='ocrx_word' id='word_1_232' title='bbox 2843 1673 3113 1743; x_wconf 89' lang='lat' dir='ltr'><strong>nobisque</strong></span> <span class='ocrx_word' id='word_1_233' title='bbox 3146 1671 3374 1741; x_wconf 83' lang='lat' dir='ltr'><strong>conjun-</strong></span> 
     </span>
    </p>
   </div>
   <div class='ocr_carea' id='block_1_34' title="bbox 1797 1766 3375 1837">
    <p class='ocr_par' dir='ltr' id='par_1_34' title="bbox 1797 1766 3375 1837">
     <span class='ocr_line' id='line_1_34' title="bbox 1797 1766 3375 1837; baseline -0.003 -16"><span class='ocrx_word' id='word_1_234' title='bbox 1797 1774 1966 1835; x_wconf 86' lang='lat' dir='ltr'><strong>ctum,</strong></span> <span class='ocrx_word' id='word_1_235' title='bbox 2007 1776 2062 1823; x_wconf 91' lang='lat' dir='ltr'><strong>et</strong></span> <span class='ocrx_word' id='word_1_236' title='bbox 2093 1770 2399 1824; x_wconf 89' lang='lat' dir='ltr'><strong>reverentia</strong></span> <span class='ocrx_word' id='word_1_237' title='bbox 2433 1769 2582 1823; x_wconf 86' lang='lat' dir='ltr'><strong>omni</strong></span> <span class='ocrx_word' id='word_1_238' title='bbox 2610 1766 2832 1837; x_wconf 88' lang='lat' dir='ltr'><strong>dignum</strong></span> <span class='ocrx_word' id='word_1_239' title='bbox 2855 1766 3041 1821; x_wconf 82' lang='lat' dir='ltr'><strong>videre</strong></span> <span class='ocrx_word' id='word_1_240' title='bbox 3079 1778 3149 1819; x_wconf 90' lang='lat' dir='ltr'><strong>ne</strong></span> <span class='ocrx_word' id='word_1_241' title='bbox 3182 1777 3375 1834; x_wconf 85' lang='lat' dir='ltr'><strong>grave-</strong></span> 
     </span>
    </p>
   </div>
   <div class='ocr_carea' id='block_1_35' title="bbox 1726 1851 3372 1932">
    <p class='ocr_par' dir='ltr' id='par_1_35' title="bbox 1726 1851 3372 1932">
     <span class='ocr_line' id='line_1_35' title="bbox 1726 1851 3372 1932; baseline -0.004 -17"><span class='ocrx_word' id='word_1_242' title='bbox 1726 1851 1769 1906; x_wconf 85' lang='lat' dir='ltr'><strong>B</strong></span> <span class='ocrx_word' id='word_1_243' title='bbox 1797 1861 1896 1925; x_wconf 90' lang='lat' dir='ltr'><strong>ris,</strong></span> <span class='ocrx_word' id='word_1_244' title='bbox 1933 1869 1986 1915; x_wconf 88' lang='lat' dir='ltr'><strong>et</strong></span> <span class='ocrx_word' id='word_1_245' title='bbox 2016 1860 2113 1917; x_wconf 89' lang='lat' dir='ltr'><strong>tibi</strong></span> <span class='ocrx_word' id='word_1_246' title='bbox 2144 1861 2261 1932; x_wconf 90' lang='lat' dir='ltr'><strong>ipse</strong></span> <span class='ocrx_word' id='word_1_247' title='bbox 2301 1860 2597 1916; x_wconf 81' lang='lat' dir='ltr'><strong>consulens</strong></span> <span class='ocrx_word' id='word_1_248' title='bbox 2625 1860 2854 1925; x_wconf 87' lang='lat' dir='ltr'><strong>utiliter,</strong></span> <span class='ocrx_word' id='word_1_249' title='bbox 2882 1866 2937 1914; x_wconf 93' lang='lat' dir='ltr'><strong>et</strong></span> <span class='ocrx_word' id='word_1_250' title='bbox 2957 1856 3119 1913; x_wconf 91' lang='lat' dir='ltr'><strong>nobis</strong></span> <span class='ocrx_word' id='word_1_251' title='bbox 3155 1851 3372 1926; x_wconf 85' lang='lat' dir='ltr'><strong>gratum</strong></span> 
     </span>
    </p>
   </div>
   <div class='ocr_carea' id='block_1_36' title="bbox 1800 1953 2029 2008">
    <p class='ocr_par' dir='ltr' id='par_1_36' title="bbox 1800 1953 2029 2008">
     <span class='ocr_line' id='line_1_36' title="bbox 1800 1953 2029 2008; baseline 0 -2"><span class='ocrx_word' id='word_1_252' title='bbox 1800 1953 2029 2008; x_wconf 81' lang='lat' dir='ltr'><strong>faciens.</strong></span> 
     </span>
    </p>
   </div>
   <div class='ocr_carea' id='block_1_37' title="bbox 2226 2062 2955 2120">
    <p class='ocr_par' dir='ltr' id='par_1_37' title="bbox 2226 2062 2955 2120">
     <span class='ocr_line' id='line_1_37' title="bbox 2226 2062 2955 2120; baseline -0.004 0"><span class='ocrx_word' id='word_1_253' title='bbox 2226 2063 2562 2120; x_wconf 80' lang='lat' dir='ltr'><strong>EPISTOLA</strong></span> <span class='ocrx_word' id='word_1_254' title='bbox 2614 2062 2892 2120; x_wconf 77' lang='lat' dir='ltr'><strong>CCLXXII</strong></span> <span class='ocrx_word' id='word_1_255' title='bbox 2918 2069 2955 2117; x_wconf 83' lang='lat'><strong>&#39;.</strong></span> 
     </span>
    </p>
   </div>
   <div class='ocr_carea' id='block_1_38' title="bbox 108 2156 3378 2241">
    <p class='ocr_par' dir='ltr' id='par_1_38' title="bbox 108 2156 3378 2241">
     <span class='ocr_line' id='line_1_38' title="bbox 108 2156 3378 2241; baseline -0.001 -16"><span class='ocrx_word' id='word_1_256' title='bbox 108 2156 246 2225; x_wconf 45' lang='lat' dir='ltr'><strong>&#39;Csm</strong></span> <span class='ocrx_word' id='word_1_257' title='bbox 262 2171 526 2241; x_wconf 58' lang='lat' dir='ltr'><strong>nuntiasset</strong></span> <span class='ocrx_word' id='word_1_258' title='bbox 535 2173 729 2241; x_wconf 68' lang='lat' dir='ltr'><strong>_1_3asilio</strong></span> <span class='ocrx_word' id='word_1_259' title='bbox 761 2175 984 2241; x_wconf 69' lang='lat' dir='ltr'><strong>4ctiacus</strong></span> <span class='ocrx_word' id='word_1_260' title='bbox 1004 2173 1235 2241; x_wconf 77' lang='lat' dir='ltr'><strong>diaconus</strong></span> <span class='ocrx_word' id='word_1_261' title='bbox 1258 2174 1586 2241; x_wconf 77' lang='lat' dir='ltr'><strong>Sophronium</strong></span> <span class='ocrx_word' id='word_1_262' title='bbox 1608 2176 1707 2241; x_wconf 85' lang='lat' dir='ltr'><strong>ipsi</strong></span> <span class='ocrx_word' id='word_1_263' title='bbox 1727 2192 2024 2239; x_wconf 81' lang='lat' dir='ltr'><strong>succensere,</strong></span> <span class='ocrx_word' id='word_1_264' title='bbox 2048 2178 2387 2231; x_wconf 80' lang='lat' dir='ltr'><strong>nonnullorum</strong></span> <span class='ocrx_word' id='word_1_265' title='bbox 2418 2177 2716 2241; x_wconf 76' lang='lat' dir='ltr'><strong>sermonibus</strong></span> <span class='ocrx_word' id='word_1_266' title='bbox 2734 2175 3013 2241; x_wconf 80' lang='lat' dir='ltr'><strong>deceptum;</strong></span> <span class='ocrx_word' id='word_1_267' title='bbox 3033 2171 3210 2224; x_wconf 83' lang='lat' dir='ltr'><strong>mirari</strong></span> <span class='ocrx_word' id='word_1_268' title='bbox 3232 2186 3285 2241; x_wconf 78' lang='lat' dir='ltr'><strong>se</strong></span> <span class='ocrx_word' id='word_1_269' title='bbox 3305 2172 3378 2224; x_wconf 59' lang='lat' dir='ltr'><strong>sia</strong></span> 
     </span>
    </p>
   </div>
   <div class='ocr_carea' id='block_1_39' title="bbox 187 2231 3015 2310">
    <p class='ocr_par' dir='ltr' id='par_1_39' title="bbox 187 2231 3015 2310">
     <span class='ocr_line' id='line_1_39' title="bbox 187 2231 3015 2310; baseline 0.001 -28"><span class='ocrx_word' id='word_1_270' title='bbox 187 2231 388 2310; x_wconf 58' lang='lat' dir='ltr'><strong>gnificat</strong></span> <span class='ocrx_word' id='word_1_271' title='bbox 414 2235 644 2310; x_wconf 56' lang='lat' dir='ltr'><strong>Basilius,</strong></span> <span class='ocrx_word' id='word_1_272' title='bbox 653 2237 797 2310; x_wconf 57' lang='lat' dir='ltr'><strong>quod</strong></span> <span class='ocrx_word' id='word_1_273' title='bbox 810 2234 1145 2310; x_wconf 63' lang='lat' dir='ltr'><strong>adulatoribus</strong></span> <span class='ocrx_word' id='word_1_274' title='bbox 1161 2250 1311 2305; x_wconf 71' lang='lat' dir='ltr'><strong>aures</strong></span> <span class='ocrx_word' id='word_1_275' title='bbox 1327 2231 1613 2310; x_wconf 51' lang='lat' dir='ltr'><strong>praebuisset</strong></span> <span class='ocrx_word' id='word_1_276' title='bbox 1627 2231 1964 2310; x_wconf 59' lang='lat' dir='ltr'><strong>Euphronius;</strong></span> <span class='ocrx_word' id='word_1_277' title='bbox 1986 2231 2128 2307; x_wconf 76' lang='lat' dir='ltr'><strong>seque</strong></span> <span class='ocrx_word' id='word_1_278' title='bbox 2144 2241 2384 2310; x_wconf 58' lang='lat' dir='ltr'><strong>declarat,</strong></span> <span class='ocrx_word' id='word_1_279' title='bbox 2405 2254 2514 2289; x_wconf 88' lang='lat' dir='ltr'><strong>cum</strong></span> <span class='ocrx_word' id='word_1_280' title='bbox 2536 2239 2709 2310; x_wconf 68' lang='lat' dir='ltr'><strong>multos</strong></span> <span class='ocrx_word' id='word_1_281' title='bbox 2727 2236 2789 2288; x_wconf 85' lang='lat' dir='ltr'><strong>ab</strong></span> <span class='ocrx_word' id='word_1_282' title='bbox 2812 2231 3015 2300; x_wconf 65' lang='lat' dir='ltr'><strong>infantia</strong></span> 
     </span>
    </p>
   </div>
   <div class='ocr_carea' id='block_1_40' title="bbox 3203 2235 3375 2285">
    <p class='ocr_par' dir='ltr' id='par_1_40' title="bbox 3203 2235 3375 2285">
     <span class='ocr_line' id='line_1_40' title="bbox 3203 2235 3375 2285; baseline 0.012 -2"><span class='ocrx_word' id='word_1_283' title='bbox 3203 2235 3267 2283; x_wconf 84' lang='lat' dir='ltr'><strong>ad</strong></span> <span class='ocrx_word' id='word_1_284' title='bbox 3300 2248 3375 2285; x_wconf 83' lang='lat' dir='ltr'><strong>se-</strong></span> 
     </span>
    </p>
   </div>
   <div class='ocr_carea' id='block_1_41' title="bbox 178 2293 3376 2368">
    <p class='ocr_par' dir='ltr' id='par_1_41' title="bbox 178 2293 3376 2368">
     <span class='ocr_line' id='line_1_41' title="bbox 178 2293 3376 2368; baseline 0 -23"><span class='ocrx_word' id='word_1_285' title='bbox 178 2293 870 2368; x_wconf 38' lang='grc' dir='ltr'>ξιεεζιιιευιμιίὶίεαςενὶιίηεῃιὶηι</span> <span class='ocrx_word' id='word_1_286' title='bbox 895 2301 1003 2367; x_wconf 73' lang='lat' dir='ltr'><strong>plus</strong></span> <span class='ocrx_word' id='word_1_287' title='bbox 1025 2296 1265 2368; x_wconf 70' lang='lat' dir='ltr'><strong>tribuisse,</strong></span> <span class='ocrx_word' id='word_1_288' title='bbox 1284 2293 1429 2361; x_wconf 78' lang='lat' dir='ltr'><strong>quam</strong></span> <span class='ocrx_word' id='word_1_289' title='bbox 1448 2293 1741 2368; x_wconf 63' lang='lat' dir='ltr'><strong>Sophronib.</strong></span> <span class='ocrx_word' id='word_1_290' title='bbox 1761 2293 2083 2362; x_wconf 63' lang='lat' dir='ltr'><strong>Quamobrem</strong></span> <span class='ocrx_word' id='word_1_291' title='bbox 2103 2301 2225 2353; x_wconf 80' lang='lat' dir='ltr'><strong>nihil</strong></span> <span class='ocrx_word' id='word_1_292' title='bbox 2244 2293 2405 2368; x_wconf 73' lang='lat' dir='ltr'><strong>magis</strong></span> <span class='ocrx_word' id='word_1_293' title='bbox 2421 2316 2451 2350; x_wconf 92' lang='lat' dir='ltr'><strong>a</strong></span> <span class='ocrx_word' id='word_1_294' title='bbox 2473 2316 2523 2351; x_wconf 90' lang='lat' dir='ltr'><strong>se</strong></span> <span class='ocrx_word' id='word_1_295' title='bbox 2548 2299 2761 2351; x_wconf 67' lang='lat' dir='ltr'><strong>alienun:</strong></span> <span class='ocrx_word' id='word_1_296' title='bbox 2782 2293 3073 2368; x_wconf 10' lang='lat' dir='ltr'><strong>resse-quam</strong></span> <span class='ocrx_word' id='word_1_297' title='bbox 3086 2293 3139 2367; x_wconf 43' lang='grc' dir='ltr'><em>,Η</em></span> <span class='ocrx_word' id='word_1_298' title='bbox 3148 2293 3376 2368; x_wconf 41' lang='lat' dir='ltr'><strong>ymeltium</strong></span> 
     </span>
    </p>
   </div>
   <div class='ocr_carea' id='block_1_42' title="bbox 181 2355 3377 2431">
    <p class='ocr_par' dir='ltr' id='par_1_42' title="bbox 181 2355 3377 2431">
     <span class='ocr_line' id='line_1_42' title="bbox 181 2355 3377 2431; baseline -0.003 -9"><span class='ocrx_word' id='word_1_299' title='bbox 181 2355 283 2431; x_wconf 37' lang='lat' dir='ltr'><strong>illi“.</strong></span> <span class='ocrx_word' id='word_1_300' title='bbox 300 2360 553 2431; x_wconf 60' lang='grc' dir='ltr'><strong>ῌνιείξνιῖερ</strong></span> <span class='ocrx_word' id='word_1_301' title='bbox 573 2368 653 2407; x_wconf 68' lang='lat' dir='ltr'><strong>“u’</strong></span> <span class='ocrx_word' id='word_1_302' title='bbox 754 2355 1086 2429; x_wconf 61' lang='lat' dir='ltr'><strong>Menenqrzimw</strong></span> <span class='ocrx_word' id='word_1_303' title='bbox 1106 2355 1481 2431; x_wconf 60' lang='lat' dir='ltr'><strong>nequiitfcontra</strong></span> <span class='ocrx_word' id='word_1_304' title='bbox 1504 2355 1607 2426; x_wconf 79' lang='lat' dir='ltr'><strong>ejus</strong></span> <span class='ocrx_word' id='word_1_305' title='bbox 1630 2355 1919 2431; x_wconf 51' lang='lat' dir='ltr'><strong>voluntatem</strong></span> <span class='ocrx_word' id='word_1_306' title='bbox 1941 2372 2024 2415; x_wconf 89' lang='lat' dir='ltr'><strong>aut</strong></span> <span class='ocrx_word' id='word_1_307' title='bbox 2048 2379 2150 2416; x_wconf 91' lang='lat' dir='ltr'><strong>rem</strong></span> <span class='ocrx_word' id='word_1_308' title='bbox 2173 2355 2368 2431; x_wconf 66' lang='lat' dir='ltr'><strong>veniré&#39;._</strong></span> <span class='ocrx_word' id='word_1_309' title='bbox 2387 2364 2596 2431; x_wconf 75' lang='lat' dir='ltr'><strong>Ingenue</strong></span> <span class='ocrx_word' id='word_1_310' title='bbox 2618 2359 2926 2431; x_wconf 66' lang='lat' dir='ltr'><strong>narratquid</strong></span> <span class='ocrx_word' id='word_1_311' title='bbox 2942 2355 3057 2431; x_wconf 59' lang='lat' dir='ltr'><strong>&#39;Igac</strong></span> <span class='ocrx_word' id='word_1_312' title='bbox 3149 2355 3208 2409; x_wconf 64' lang='lat' dir='ltr'><strong>re</strong></span> <span class='ocrx_word' id='word_1_313' title='bbox 3228 2355 3377 2412; x_wconf 73' lang='lat' dir='ltr'><strong>dixe-.-</strong></span> 
     </span>
    </p>
   </div>
   <div class='ocr_carea' id='block_1_43' title="bbox 181 2420 3122 2491">
    <p class='ocr_par' dir='ltr' id='par_1_43' title="bbox 181 2420 3122 2491">
     <span class='ocr_line' id='line_1_43' title="bbox 181 2420 3122 2491; baseline 0.001 -23"><span class='ocrx_word' id='word_1_314' title='bbox 181 2420 267 2468; x_wconf 82' lang='lat' dir='ltr'><strong>rit.</strong></span> <span class='ocrx_word' id='word_1_315' title='bbox 293 2420 443 2483; x_wconf 71' lang='lat' dir='ltr'><strong>Rogat</strong></span> <span class='ocrx_word' id='word_1_316' title='bbox 461 2427 511 2468; x_wconf 84' lang='lat' dir='ltr'><strong>ut</strong></span> <span class='ocrx_word' id='word_1_317' title='bbox 528 2420 615 2469; x_wconf 77' lang='lat' dir='ltr'><strong>has</strong></span> <span class='ocrx_word' id='word_1_318' title='bbox 637 2420 729 2469; x_wconf 83' lang='lat' dir='ltr'><strong>sibi</strong></span> <span class='ocrx_word' id='word_1_319' title='bbox 748 2420 1045 2481; x_wconf 78' lang='lat' dir='ltr'><strong>suspiciones</strong></span> <span class='ocrx_word' id='word_1_320' title='bbox 1072 2421 1298 2483; x_wconf 81' lang='lat' dir='ltr'><strong>remittat,</strong></span> <span class='ocrx_word' id='word_1_321' title='bbox 1322 2434 1381 2471; x_wconf 88' lang='lat' dir='ltr'><strong>ac</strong></span> <span class='ocrx_word' id='word_1_322' title='bbox 1398 2420 1624 2486; x_wconf 68' lang='lat' dir='ltr'><strong>deinceps</strong></span> <span class='ocrx_word' id='word_1_323' title='bbox 1644 2424 1820 2476; x_wconf 78' lang='lat' dir='ltr'><strong>Basilii</strong></span> <span class='ocrx_word' id='word_1_324' title='bbox 1847 2439 1965 2491; x_wconf 89' lang='lat' dir='ltr'><strong>erga</strong></span> <span class='ocrx_word' id='word_1_325' title='bbox 1989 2439 2042 2478; x_wconf 89' lang='lat' dir='ltr'><strong>se</strong></span> <span class='ocrx_word' id='word_1_326' title='bbox 2060 2439 2278 2477; x_wconf 88' lang='lat' dir='ltr'><strong>amorem</strong></span> <span class='ocrx_word' id='word_1_327' title='bbox 2293 2420 2537 2475; x_wconf 61' lang='lat' dir='ltr'><strong>calwn&#39;uia</strong></span> <span class='ocrx_word' id='word_1_328' title='bbox 2556 2421 2687 2473; x_wconf 88' lang='lat' dir='ltr'><strong>omni</strong></span> <span class='ocrx_word' id='word_1_329' title='bbox 2707 2420 2941 2486; x_wconf 82' lang='lat' dir='ltr'><strong>potiorem</strong></span> <span class='ocrx_word' id='word_1_330' title='bbox 2960 2422 3122 2471; x_wconf 86' lang='lat' dir='ltr'><strong>ducat.</strong></span> 
     </span>
    </p>
   </div>
   <div class='ocr_carea' id='block_1_44' title="bbox 502 2530 1313 2603">
    <p class='ocr_par' dir='ltr' id='par_1_44' title="bbox 502 2530 1313 2603">
     <span class='ocr_line' id='line_1_44' title="bbox 502 2530 1313 2603; baseline 0.002 -19"><span class='ocrx_word' id='word_1_331' title='bbox 502 2530 820 2600; x_wconf 60' lang='grc' dir='ltr'>Σωφρονίῳ</span> <span class='ocrx_word' id='word_1_332' title='bbox 851 2532 1160 2602; x_wconf 78' lang='grc' dir='ltr'>μαγίστρῳ</span> <span class='ocrx_word' id='word_1_333' title='bbox 1183 2531 1313 2603; x_wconf 83' lang='lat'><strong>(96).</strong></span> 
     </span>
    </p>
   </div>
   <div class='ocr_carea' id='block_1_45' title="bbox 198 2638 1698 2712">
    <p class='ocr_par' dir='ltr' id='par_1_45' title="bbox 198 2638 1698 2712">
     <span class='ocr_line' id='line_1_45' title="bbox 198 2638 1698 2712; baseline 0.005 -18"><span class='ocrx_word' id='word_1_334' title='bbox 198 2640 252 2694; x_wconf 86' lang='grc'><strong>1.</strong></span> <span class='ocrx_word' id='word_1_335' title='bbox 295 2638 617 2712; x_wconf 81' lang='grc' dir='ltr'>’Δπήγγειλέ</span> <span class='ocrx_word' id='word_1_336' title='bbox 653 2658 743 2712; x_wconf 88' lang='grc' dir='ltr'><strong>μοι</strong></span> <span class='ocrx_word' id='word_1_337' title='bbox 776 2641 1063 2705; x_wconf 81' lang='grc' dir='ltr'>Ἀκτίακος</span> <span class='ocrx_word' id='word_1_338' title='bbox 1090 2641 1201 2712; x_wconf 83' lang='grc'>(97)</span> <span class='ocrx_word' id='word_1_339' title='bbox 1247 2645 1276 2696; x_wconf 88' lang='grc' dir='ltr'><strong>ό</strong></span> <span class='ocrx_word' id='word_1_340' title='bbox 1319 2642 1583 2709; x_wconf 84' lang='grc' dir='ltr'>διάκονος,</span> <span class='ocrx_word' id='word_1_341' title='bbox 1615 2648 1698 2701; x_wconf 80' lang='grc' dir='ltr'><strong>ὅτι</strong></span> 
     </span>
    </p>
   </div>
   <div class='ocr_carea' id='block_1_46' title="bbox 122 2728 1703 2805">
    <p class='ocr_par' dir='ltr' id='par_1_46' title="bbox 122 2728 1703 2805">
     <span class='ocr_line' id='line_1_46' title="bbox 122 2728 1703 2805; baseline 0.004 -22"><span class='ocrx_word' id='word_1_342' title='bbox 122 2731 188 2783; x_wconf 75' lang='grc' dir='ltr'>σέ</span> <span class='ocrx_word' id='word_1_343' title='bbox 221 2746 367 2793; x_wconf 87' lang='grc' dir='ltr'>τινες</span> <span class='ocrx_word' id='word_1_344' title='bbox 390 2728 667 2799; x_wconf 78' lang='grc' dir='ltr'>ἐλύπησαν</span> <span class='ocrx_word' id='word_1_345' title='bbox 694 2730 814 2784; x_wconf 84' lang='grc' dir='ltr'>καθ’</span> <span class='ocrx_word' id='word_1_346' title='bbox 846 2731 1026 2802; x_wconf 84' lang='grc' dir='ltr'>ὴμῶν,</span> <span class='ocrx_word' id='word_1_347' title='bbox 1058 2731 1434 2798; x_wconf 85' lang='grc' dir='ltr'>διαϐάλλοντες</span> <span class='ocrx_word' id='word_1_348' title='bbox 1462 2736 1608 2805; x_wconf 77' lang='grc' dir='ltr'>ἡμᾶς</span> <span class='ocrx_word' id='word_1_349' title='bbox 1626 2736 1703 2800; x_wconf 87' lang='grc' dir='ltr'>ὡς</span> 
     </span>
    </p>
   </div>
   <div class='ocr_carea' id='block_1_47' title="bbox 119 2820 1703 2898">
    <p class='ocr_par' dir='ltr' id='par_1_47' title="bbox 119 2820 1703 2898">
     <span class='ocr_line' id='line_1_47' title="bbox 119 2820 1703 2898; baseline 0.005 -26"><span class='ocrx_word' id='word_1_350' title='bbox 119 2820 226 2872; x_wconf 75' lang='grc' dir='ltr'><strong>οὐκ</strong></span> <span class='ocrx_word' id='word_1_351' title='bbox 247 2820 504 2884; x_wconf 79' lang='grc' dir='ltr'>εὐνοϊκῶς</span> <span class='ocrx_word' id='word_1_352' title='bbox 531 2821 667 2892; x_wconf 81' lang='grc' dir='ltr'>πρὸς</span> <span class='ocrx_word' id='word_1_353' title='bbox 696 2820 793 2891; x_wconf 82' lang='grc' dir='ltr'>τὴν</span> <span class='ocrx_word' id='word_1_354' title='bbox 832 2821 931 2893; x_wconf 81' lang='grc' dir='ltr'>σὴν</span> <span class='ocrx_word' id='word_1_355' title='bbox 963 2822 1338 2894; x_wconf 84' lang='grc' dir='ltr'>διακειμένους</span> <span class='ocrx_word' id='word_1_356' title='bbox 1375 2826 1703 2898; x_wconf 88' lang='grc' dir='ltr'>σεμνότητα.</span> 
     </span>
    </p>
   </div>
   <div class='ocr_carea' id='block_1_48' title="bbox 136 2910 1704 2990">
    <p class='ocr_par' dir='ltr' id='par_1_48' title="bbox 136 2910 1704 2990">
     <span class='ocr_line' id='line_1_48' title="bbox 136 2910 1704 2990; baseline 0.006 -27"><span class='ocrx_word' id='word_1_357' title='bbox 136 2910 284 2980; x_wconf 81' lang='grc' dir='ltr'><strong>Ἐγὼ</strong></span> <span class='ocrx_word' id='word_1_358' title='bbox 309 2911 366 2964; x_wconf 86' lang='grc' dir='ltr'>δὲ</span> <span class='ocrx_word' id='word_1_359' title='bbox 408 2912 507 2965; x_wconf 75' lang='grc' dir='ltr'><strong>οὐκ</strong></span> <span class='ocrx_word' id='word_1_360' title='bbox 531 2911 819 2983; x_wconf 76' lang='grc' dir='ltr'>ἐθαύμασα</span> <span class='ocrx_word' id='word_1_361' title='bbox 852 2914 905 2967; x_wconf 80' lang='grc' dir='ltr'>ετ</span> <span class='ocrx_word' id='word_1_362' title='bbox 926 2913 1071 2978; x_wconf 82' lang='grc' dir='ltr'>τινές</span> <span class='ocrx_word' id='word_1_363' title='bbox 1110 2916 1248 2969; x_wconf 82' lang='grc' dir='ltr'>εἰσιν</span> <span class='ocrx_word' id='word_1_364' title='bbox 1283 2916 1438 2988; x_wconf 78' lang='grc' dir='ltr'>ἀνδρὶ</span> <span class='ocrx_word' id='word_1_365' title='bbox 1466 2918 1704 2990; x_wconf 87' lang='grc' dir='ltr'>τοσούτῳ</span> 
     </span>
    </p>
   </div>
   <div class='ocr_carea' id='block_1_49' title="bbox 121 3002 1709 3079">
    <p class='ocr_par' dir='ltr' id='par_1_49' title="bbox 121 3002 1709 3079">
     <span class='ocr_line' id='line_1_49' title="bbox 121 3002 1709 3079; baseline 0.003 -23"><span class='ocrx_word' id='word_1_366' title='bbox 121 3002 499 3073; x_wconf 86' lang='grc' dir='ltr'>παρεπόμενοι</span> <span class='ocrx_word' id='word_1_367' title='bbox 532 3003 778 3067; x_wconf 85' lang='grc' dir='ltr'>κόλακες.</span> <span class='ocrx_word' id='word_1_368' title='bbox 826 3003 1109 3073; x_wconf 87' lang='grc' dir='ltr'>Πεφύκασι</span> <span class='ocrx_word' id='word_1_369' title='bbox 1148 3006 1257 3077; x_wconf 87' lang='grc' dir='ltr'>γάρ</span> <span class='ocrx_word' id='word_1_370' title='bbox 1290 3023 1407 3070; x_wconf 86' lang='grc' dir='ltr'><strong>πως</strong></span> <span class='ocrx_word' id='word_1_371' title='bbox 1449 3011 1570 3071; x_wconf 82' lang='grc' dir='ltr'>ταῖς</span> <span class='ocrx_word' id='word_1_372' title='bbox 1618 3026 1709 3079; x_wconf 85' lang='grc' dir='ltr'>με·</span> 
     </span>
    </p>
   </div>
   <div class='ocr_carea' id='block_1_50' title="bbox 122 3094 1706 3171">
    <p class='ocr_par' dir='ltr' id='par_1_50' title="bbox 122 3094 1706 3171">
     <span class='ocr_line' id='line_1_50' title="bbox 122 3094 1706 3171; baseline 0.003 -22"><span class='ocrx_word' id='word_1_373' title='bbox 122 3095 327 3163; x_wconf 80' lang='grc' dir='ltr'>γάλαις</span> <span class='ocrx_word' id='word_1_374' title='bbox 348 3094 689 3158; x_wconf 82' lang='grc' dir='ltr'>δυναστείαις</span> <span class='ocrx_word' id='word_1_375' title='bbox 724 3096 781 3148; x_wconf 87' lang='grc' dir='ltr'><strong>αί</strong></span> <span class='ocrx_word' id='word_1_376' title='bbox 815 3095 1159 3168; x_wconf 84' lang='grc' dir='ltr'>ἀνελεύθεροι</span> <span class='ocrx_word' id='word_1_377' title='bbox 1214 3099 1378 3153; x_wconf 74' lang='grc' dir='ltr'>αὑταὶ</span> <span class='ocrx_word' id='word_1_378' title='bbox 1422 3100 1706 3171; x_wconf 83' lang='grc' dir='ltr'>παραφύε-</span> 
     </span>
    </p>
   </div>
   <div class='ocr_carea' id='block_1_51' title="bbox 124 3185 1705 3261">
    <p class='ocr_par' dir='ltr' id='par_1_51' title="bbox 124 3185 1705 3261">
     <span class='ocr_line' id='line_1_51' title="bbox 124 3185 1705 3261; baseline 0.004 -21"><span class='ocrx_word' id='word_1_379' title='bbox 124 3185 256 3240; x_wconf 82' lang='grc' dir='ltr'>σθαι</span> <span class='ocrx_word' id='word_1_380' title='bbox 288 3186 604 3257; x_wconf 59' lang='grc' dir='ltr'>θεραπεῖαι</span> <span class='ocrx_word' id='word_1_381' title='bbox 637 3186 687 3238; x_wconf 77' lang='grc' dir='ltr'>οἳ</span> <span class='ocrx_word' id='word_1_382' title='bbox 717 3187 805 3240; x_wconf 83' lang='grc' dir='ltr'>διὰ</span> <span class='ocrx_word' id='word_1_383' title='bbox 844 3187 905 3240; x_wconf 85' lang='grc' dir='ltr'><strong>τὸ</strong></span> <span class='ocrx_word' id='word_1_384' title='bbox 942 3188 1172 3260; x_wconf 81' lang='grc' dir='ltr'>ἀπορεῖν</span> <span class='ocrx_word' id='word_1_385' title='bbox 1214 3190 1413 3244; x_wconf 75' lang='grc' dir='ltr'>οἰκείου</span> <span class='ocrx_word' id='word_1_386' title='bbox 1474 3192 1705 3261; x_wconf 80' lang='grc' dir='ltr'>ἀγαθοῦ,</span> 
     </span>
    </p>
   </div>
   <div class='ocr_carea' id='block_1_52' title="bbox 119 3269 1708 3352">
    <p class='ocr_par' dir='ltr' id='par_1_52' title="bbox 119 3269 1708 3352">
     <span class='ocr_line' id='line_1_52' title="bbox 119 3269 1708 3352; baseline 0.003 -21"><span class='ocrx_word' id='word_1_387' title='bbox 119 3278 197 3331; x_wconf 84' lang='grc' dir='ltr'>δι’</span> <span class='ocrx_word' id='word_1_388' title='bbox 235 3269 301 3329; x_wconf 77' lang='grc' dir='ltr'>οὗ</span> <span class='ocrx_word' id='word_1_389' title='bbox 338 3277 741 3349; x_wconf 76' lang='grc' dir='ltr'>τνωρισθῶσιν,</span> <span class='ocrx_word' id='word_1_390' title='bbox 768 3279 833 3331; x_wconf 85' lang='grc' dir='ltr'><strong>ἐκ</strong></span> <span class='ocrx_word' id='word_1_391' title='bbox 870 3278 980 3333; x_wconf 88' lang='grc' dir='ltr'><strong>τῶν</strong></span> <span class='ocrx_word' id='word_1_392' title='bbox 1027 3279 1324 3352; x_wconf 81' lang='grc' dir='ltr'>ἀλλοτρίων</span> <span class='ocrx_word' id='word_1_393' title='bbox 1358 3282 1545 3336; x_wconf 86' lang='grc' dir='ltr'>κακῶν</span> <span class='ocrx_word' id='word_1_394' title='bbox 1576 3284 1708 3336; x_wconf 82' lang='grc' dir='ltr'>ἑαυ-</span> 
     </span>
    </p>
   </div>
   <div class='ocr_carea' id='block_1_53' title="bbox 120 3367 1708 3445">
    <p class='ocr_par' dir='ltr' id='par_1_53' title="bbox 120 3367 1708 3445">
     <span class='ocr_line' id='line_1_53' title="bbox 120 3367 1708 3445; baseline 0.005 -26"><span class='ocrx_word' id='word_1_395' title='bbox 120 3368 257 3431; x_wconf 76' lang='grc' dir='ltr'>τοὺς</span> <span class='ocrx_word' id='word_1_396' title='bbox 290 3367 598 3420; x_wconf 85' lang='grc' dir='ltr'>συνιστῶσι.</span> <span class='ocrx_word' id='word_1_397' title='bbox 644 3369 757 3421; x_wconf 73' lang='grc' dir='ltr'>Καὶ</span> <span class='ocrx_word' id='word_1_398' title='bbox 800 3369 1006 3438; x_wconf 85' lang='grc' dir='ltr'>σχεδὸν,</span> <span class='ocrx_word' id='word_1_399' title='bbox 1036 3369 1242 3441; x_wconf 84' lang='grc' dir='ltr'>ῶσπερ</span> <span class='ocrx_word' id='word_1_400' title='bbox 1275 3373 1308 3442; x_wconf 72' lang='grc' dir='ltr'><strong>ἡ</strong></span> <span class='ocrx_word' id='word_1_401' title='bbox 1352 3372 1580 3445; x_wconf 86' lang='grc' dir='ltr'>ἐρυσίϐη</span> <span class='ocrx_word' id='word_1_402' title='bbox 1611 3372 1708 3427; x_wconf 88' lang='grc' dir='ltr'><strong>τοῦ</strong></span> 
     </span>
    </p>
   </div>
   <div class='ocr_carea' id='block_1_54' title="bbox 125 3458 1709 3536">
    <p class='ocr_par' dir='ltr' id='par_1_54' title="bbox 125 3458 1709 3536">
     <span class='ocr_line' id='line_1_54' title="bbox 125 3458 1709 3536; baseline 0.006 -25"><span class='ocrx_word' id='word_1_403' title='bbox 125 3458 282 3512; x_wconf 80' lang='grc' dir='ltr'>σίτου</span> <span class='ocrx_word' id='word_1_404' title='bbox 309 3459 431 3512; x_wconf 79' lang='grc' dir='ltr'>ἐστὶ</span> <span class='ocrx_word' id='word_1_405' title='bbox 461 3459 636 3529; x_wconf 87' lang='grc' dir='ltr'>φθορά</span> <span class='ocrx_word' id='word_1_406' title='bbox 670 3462 726 3513; x_wconf 81' lang='grc' dir='ltr'><strong>ἐν</strong></span> <span class='ocrx_word' id='word_1_407' title='bbox 766 3459 914 3531; x_wconf 80' lang='grc' dir='ltr'>αὐτῷ</span> <span class='ocrx_word' id='word_1_408' title='bbox 959 3461 1216 3532; x_wconf 82' lang='grc' dir='ltr'>γινομένη</span> <span class='ocrx_word' id='word_1_409' title='bbox 1251 3463 1330 3534; x_wconf 78' lang='grc' dir='ltr'>τῷ</span> <span class='ocrx_word' id='word_1_410' title='bbox 1382 3466 1532 3536; x_wconf 82' lang='grc' dir='ltr'>σίτῳ,</span> <span class='ocrx_word' id='word_1_411' title='bbox 1566 3465 1709 3520; x_wconf 78' lang='grc' dir='ltr'>οὕτω</span> 
     </span>
    </p>
   </div>
   <div class='ocr_carea' id='block_1_55' title="bbox 124 3550 1710 3626">
    <p class='ocr_par' dir='ltr' id='par_1_55' title="bbox 124 3550 1710 3626">
     <span class='ocr_line' id='line_1_55' title="bbox 124 3550 1710 3626; baseline 0.004 -22"><span class='ocrx_word' id='word_1_412' title='bbox 124 3552 279 3621; x_wconf 79' lang='grc' dir='ltr'><strong>καὶὴ</strong></span> <span class='ocrx_word' id='word_1_413' title='bbox 313 3550 571 3605; x_wconf 83' lang='grc' dir='ltr'>κολακεία</span> <span class='ocrx_word' id='word_1_414' title='bbox 618 3552 713 3623; x_wconf 81' lang='grc' dir='ltr'>τὴν</span> <span class='ocrx_word' id='word_1_415' title='bbox 760 3552 942 3621; x_wconf 83' lang='grc' dir='ltr'>φιλίαν</span> <span class='ocrx_word' id='word_1_416' title='bbox 998 3553 1357 3626; x_wconf 77' lang='grc' dir='ltr'>ὑποδυομένη,</span> <span class='ocrx_word' id='word_1_417' title='bbox 1400 3555 1547 3626; x_wconf 87' lang='grc' dir='ltr'>λύμη</span> <span class='ocrx_word' id='word_1_418' title='bbox 1592 3557 1710 3610; x_wconf 81' lang='grc' dir='ltr'>ἐστὶ</span> 
     </span>
    </p>
   </div>
   <div class='ocr_carea' id='block_1_56' title="bbox 123 3640 1707 3716">
    <p class='ocr_par' dir='ltr' id='par_1_56' title="bbox 123 3640 1707 3716">
     <span class='ocr_line' id='line_1_56' title="bbox 123 3640 1707 3716; baseline 0.004 -23"><span class='ocrx_word' id='word_1_419' title='bbox 123 3642 226 3712; x_wconf 76' lang='grc' dir='ltr'>τῆς</span> <span class='ocrx_word' id='word_1_420' title='bbox 244 3640 446 3709; x_wconf 84' lang='grc' dir='ltr'>φιλίας.</span> <span class='ocrx_word' id='word_1_421' title='bbox 484 3642 559 3694; x_wconf 64' lang='lat' dir='ltr'><strong>(li)</strong></span> <span class='ocrx_word' id='word_1_422' title='bbox 592 3642 770 3695; x_wconf 86' lang='grc' dir='ltr'>τοίνυν</span> <span class='ocrx_word' id='word_1_423' title='bbox 809 3642 1114 3714; x_wconf 83' lang='grc' dir='ltr'>ἐθαύμασα,</span> <span class='ocrx_word' id='word_1_424' title='bbox 1143 3644 1218 3709; x_wconf 84' lang='grc' dir='ltr'>ὡς</span> <span class='ocrx_word' id='word_1_425' title='bbox 1249 3645 1407 3716; x_wconf 77' lang='grc' dir='ltr'>ἔφην,</span> <span class='ocrx_word' id='word_1_426' title='bbox 1449 3647 1505 3699; x_wconf 81' lang='grc' dir='ltr'>ετ</span> <span class='ocrx_word' id='word_1_427' title='bbox 1539 3664 1707 3712; x_wconf 90' lang='grc' dir='ltr'>τινες,</span> 
     </span>
    </p>
   </div>
   <div class='ocr_carea' id='block_1_57' title="bbox 123 3732 1707 3811">
    <p class='ocr_par' dir='ltr' id='par_1_57' title="bbox 123 3732 1707 3811">
     <span class='ocr_line' id='line_1_57' title="bbox 123 3732 1707 3811; baseline 0.004 -25"><span class='ocrx_word' id='word_1_428' title='bbox 123 3732 321 3805; x_wconf 85' lang='grc' dir='ltr'>ῶσπερ</span> <span class='ocrx_word' id='word_1_429' title='bbox 352 3735 401 3787; x_wconf 77' lang='grc' dir='ltr'>οἱ</span> <span class='ocrx_word' id='word_1_430' title='bbox 434 3734 677 3804; x_wconf 75' lang='grc' dir='ltr'>κηφῆνες</span> <span class='ocrx_word' id='word_1_431' title='bbox 709 3734 781 3788; x_wconf 78' lang='grc' dir='ltr'>τὰ</span> <span class='ocrx_word' id='word_1_432' title='bbox 820 3737 1025 3807; x_wconf 77' lang='grc' dir='ltr'>σμήνη,</span> <span class='ocrx_word' id='word_1_433' title='bbox 1071 3736 1240 3801; x_wconf 67' lang='grc' dir='ltr'>οὕτως</span> <span class='ocrx_word' id='word_1_434' title='bbox 1289 3738 1444 3793; x_wconf 70' lang='grc' dir='ltr'>αὐτοὶ</span> <span class='ocrx_word' id='word_1_435' title='bbox 1475 3738 1585 3809; x_wconf 88' lang='grc'><strong>(98)</strong></span> <span class='ocrx_word' id='word_1_436' title='bbox 1610 3740 1707 3811; x_wconf 82' lang='grc' dir='ltr'>τὴν</span> 
     </span>
    </p>
   </div>
   <div class='ocr_carea' id='block_1_58' title="bbox 124 3822 1707 3899">
    <p class='ocr_par' dir='ltr' id='par_1_58' title="bbox 124 3822 1707 3899">
     <span class='ocr_line' id='line_1_58' title="bbox 124 3822 1707 3899; baseline 0.004 -24"><span class='ocrx_word' id='word_1_437' title='bbox 124 3822 392 3894; x_wconf 86' lang='grc' dir='ltr'>λαμπράν</span> <span class='ocrx_word' id='word_1_438' title='bbox 417 3840 510 3875; x_wconf 85' lang='grc' dir='ltr'><strong>σου</strong></span> <span class='ocrx_word' id='word_1_439' title='bbox 543 3824 639 3876; x_wconf 74' lang='grc' dir='ltr'><strong>καὶ</strong></span> <span class='ocrx_word' id='word_1_440' title='bbox 669 3824 986 3896; x_wconf 82' lang='grc' dir='ltr'>θαυμαστὴν</span> <span class='ocrx_word' id='word_1_441' title='bbox 1032 3827 1216 3879; x_wconf 78' lang='grc' dir='ltr'>ἑστίαν</span> <span class='ocrx_word' id='word_1_442' title='bbox 1259 3827 1707 3899; x_wconf 87' lang='grc' dir='ltr'>περιϐομϐοῦσιν.</span> 
     </span>
    </p>
   </div>
   <div class='ocr_carea' id='block_1_59' title="bbox 137 3914 1709 3988">
    <p class='ocr_par' dir='ltr' id='par_1_59' title="bbox 137 3914 1709 3988">
     <span class='ocr_line' id='line_1_59' title="bbox 137 3914 1709 3988; baseline 0.004 -22"><span class='ocrx_word' id='word_1_443' title='bbox 137 3914 284 3966; x_wconf 79' lang='grc' dir='ltr'>Ἀλλ’</span> <span class='ocrx_word' id='word_1_444' title='bbox 328 3914 504 3967; x_wconf 85' lang='grc' dir='ltr'>ἐκεῖνό</span> <span class='ocrx_word' id='word_1_445' title='bbox 552 3932 643 3985; x_wconf 90' lang='grc' dir='ltr'><strong>μοι</strong></span> <span class='ocrx_word' id='word_1_446' title='bbox 702 3916 1013 3987; x_wconf 83' lang='grc' dir='ltr'>θαυμαστὸν</span> <span class='ocrx_word' id='word_1_447' title='bbox 1064 3918 1233 3988; x_wconf 84' lang='grc' dir='ltr'>ἐφάνη</span> <span class='ocrx_word' id='word_1_448' title='bbox 1290 3919 1386 3972; x_wconf 73' lang='grc' dir='ltr'><strong>καὶ</strong></span> <span class='ocrx_word' id='word_1_449' title='bbox 1433 3919 1709 3984; x_wconf 85' lang='grc' dir='ltr'>παντελῶς</span> 
     </span>
    </p>
   </div>
   <div class='ocr_carea' id='block_1_60' title="bbox 125 4004 1710 4081">
    <p class='ocr_par' dir='ltr' id='par_1_60' title="bbox 125 4004 1710 4081">
     <span class='ocr_line' id='line_1_60' title="bbox 125 4004 1710 4081; baseline 0.004 -23"><span class='ocrx_word' id='word_1_450' title='bbox 125 4004 465 4078; x_wconf 84' lang='grc' dir='ltr'>παράλογον,</span> <span class='ocrx_word' id='word_1_451' title='bbox 512 4006 574 4058; x_wconf 86' lang='grc' dir='ltr'><strong>τὸ</strong></span> <span class='ocrx_word' id='word_1_452' title='bbox 619 4008 698 4070; x_wconf 80' lang='grc' dir='ltr'>σὲ,</span> <span class='ocrx_word' id='word_1_453' title='bbox 733 4007 901 4078; x_wconf 79' lang='grc' dir='ltr'>ἄνδρα</span> <span class='ocrx_word' id='word_1_454' title='bbox 946 4008 1039 4061; x_wconf 77' lang='grc' dir='ltr'>ἐπὶ</span> <span class='ocrx_word' id='word_1_455' title='bbox 1070 4007 1148 4078; x_wconf 79' lang='grc' dir='ltr'>τῷ</span> <span class='ocrx_word' id='word_1_456' title='bbox 1198 4008 1355 4080; x_wconf 80' lang='grc' dir='ltr'>βάρει</span> <span class='ocrx_word' id='word_1_457' title='bbox 1403 4009 1497 4063; x_wconf 86' lang='grc' dir='ltr'><strong>τοῦ</strong></span> <span class='ocrx_word' id='word_1_458' title='bbox 1547 4010 1710 4081; x_wconf 73' lang='grc' dir='ltr'>ἤθους</span> 
     </span>
    </p>
   </div>
   <div class='ocr_carea' id='block_1_61' title="bbox 127 4096 1711 4173">
    <p class='ocr_par' dir='ltr' id='par_1_61' title="bbox 127 4096 1711 4173">
     <span class='ocr_line' id='line_1_61' title="bbox 127 4096 1711 4173; baseline 0.006 -26"><span class='ocrx_word' id='word_1_459' title='bbox 127 4096 372 4167; x_wconf 76' lang='grc' dir='ltr'>μάλιστα</span> <span class='ocrx_word' id='word_1_460' title='bbox 436 4096 705 4168; x_wconf 80' lang='grc' dir='ltr'>διαφανῆ,</span> <span class='ocrx_word' id='word_1_461' title='bbox 756 4097 1083 4169; x_wconf 78' lang='grc' dir='ltr'>ἀνασχέσθαι</span> <span class='ocrx_word' id='word_1_462' title='bbox 1153 4100 1337 4164; x_wconf 75' lang='grc' dir='ltr'>αὐτοῖς</span> <span class='ocrx_word' id='word_1_463' title='bbox 1392 4100 1711 4173; x_wconf 83' lang='grc' dir='ltr'>ἀμφοτέρας</span> 
     </span>
    </p>
   </div>
   <div class='ocr_carea' id='block_1_62' title="bbox 125 4188 1711 4264">
    <p class='ocr_par' dir='ltr' id='par_1_62' title="bbox 125 4188 1711 4264">
     <span class='ocr_line' id='line_1_62' title="bbox 125 4188 1711 4264; baseline 0.003 -23"><span class='ocrx_word' id='word_1_464' title='bbox 125 4189 340 4242; x_wconf 87' lang='grc' dir='ltr'>ἀνεῖναι</span> <span class='ocrx_word' id='word_1_465' title='bbox 385 4188 483 4252; x_wconf 77' lang='grc' dir='ltr'>τὰς</span> <span class='ocrx_word' id='word_1_466' title='bbox 523 4189 713 4253; x_wconf 75' lang='grc' dir='ltr'>ἀκοὰς,</span> <span class='ocrx_word' id='word_1_467' title='bbox 757 4191 851 4243; x_wconf 76' lang='grc' dir='ltr'><strong>καὶ</strong></span> <span class='ocrx_word' id='word_1_468' title='bbox 901 4189 1153 4261; x_wconf 83' lang='grc' dir='ltr'>διαϐολὴν</span> <span class='ocrx_word' id='word_1_469' title='bbox 1185 4192 1307 4245; x_wconf 78' lang='grc' dir='ltr'>κατ’</span> <span class='ocrx_word' id='word_1_470' title='bbox 1353 4191 1489 4261; x_wconf 88' lang='grc' dir='ltr'>ἐμοῦ</span> <span class='ocrx_word' id='word_1_471' title='bbox 1534 4208 1711 4264; x_wconf 77' lang='grc' dir='ltr'>παρα-</span> 
     </span>
    </p>
   </div>
   <div class='ocr_carea' id='block_1_63' title="bbox 124 4264 1711 4356">
    <p class='ocr_par' dir='ltr' id='par_1_63' title="bbox 124 4264 1711 4356">
     <span class='ocr_line' id='line_1_63' title="bbox 124 4264 1711 4356; baseline 0.004 -24"><span class='ocrx_word' id='word_1_472' title='bbox 124 4264 390 4345; x_wconf 73' lang='grc' dir='ltr'>δέξασθαι</span> <span class='ocrx_word' id='word_1_473' title='bbox 416 4280 549 4351; x_wconf 84' lang='grc'>(99)·</span> <span class='ocrx_word' id='word_1_474' title='bbox 581 4281 640 4345; x_wconf 83' lang='grc' dir='ltr'>ὃς</span> <span class='ocrx_word' id='word_1_475' title='bbox 665 4281 892 4344; x_wconf 86' lang='grc' dir='ltr'>πολλοὺς</span> <span class='ocrx_word' id='word_1_476' title='bbox 936 4283 1229 4354; x_wconf 81' lang='grc' dir='ltr'>ἀγαπήσας</span> <span class='ocrx_word' id='word_1_477' title='bbox 1254 4285 1319 4336; x_wconf 85' lang='grc' dir='ltr'><strong>ἐκ</strong></span> <span class='ocrx_word' id='word_1_478' title='bbox 1341 4284 1438 4355; x_wconf 82' lang='grc' dir='ltr'>τῆς</span> <span class='ocrx_word' id='word_1_479' title='bbox 1486 4283 1711 4356; x_wconf 82' lang='grc' dir='ltr'>πρώτης</span> 
     </span>
    </p>
   </div>
   <div class='ocr_carea' id='block_1_64' title="bbox 126 4370 1711 4443">
    <p class='ocr_par' dir='ltr' id='par_1_64' title="bbox 126 4370 1711 4443">
     <span class='ocr_line' id='line_1_64' title="bbox 126 4370 1711 4443; baseline 0.005 -22"><span class='ocrx_word' id='word_1_480' title='bbox 126 4370 351 4442; x_wconf 61' lang='grc' dir='ltr'><strong>⁴ἡλικίας</strong></span> <span class='ocrx_word' id='word_1_481' title='bbox 398 4371 558 4442; x_wconf 80' lang='grc' dir='ltr'>μέχρι</span> <span class='ocrx_word' id='word_1_482' title='bbox 601 4370 696 4424; x_wconf 87' lang='grc' dir='ltr'><strong>τοῦ</strong></span> <span class='ocrx_word' id='word_1_483' title='bbox 752 4373 939 4443; x_wconf 83' lang='grc' dir='ltr'>γήρως</span> <span class='ocrx_word' id='word_1_484' title='bbox 990 4372 1202 4438; x_wconf 88' lang='grc' dir='ltr'>τούτου,</span> <span class='ocrx_word' id='word_1_485' title='bbox 1252 4374 1444 4429; x_wconf 77' lang='grc' dir='ltr'>οὐδένα</span> <span class='ocrx_word' id='word_1_486' title='bbox 1477 4371 1595 4429; x_wconf 75' lang='grc' dir='ltr'>οῖδα</span> <span class='ocrx_word' id='word_1_487' title='bbox 1629 4378 1711 4440; x_wconf 83' lang='grc' dir='ltr'><strong>είς</strong></span> 
     </span>
    </p>
   </div>
   <div class='ocr_carea' id='block_1_65' title="bbox 2287 2526 2899 2598">
    <p class='ocr_par' dir='ltr' id='par_1_65' title="bbox 2287 2526 2899 2598">
     <span class='ocr_line' id='line_1_65' title="bbox 2287 2526 2899 2598; baseline -0.01 -14"><span class='ocrx_word' id='word_1_488' title='bbox 2287 2527 2584 2598; x_wconf 85' lang='lat' dir='ltr'><strong>Sophronia</strong></span> <span class='ocrx_word' id='word_1_489' title='bbox 2619 2526 2899 2596; x_wconf 85' lang='lat' dir='ltr'><strong>magistro.</strong></span> 
     </span>
    </p>
   </div>
   <div class='ocr_carea' id='block_1_66' title="bbox 1877 2636 3376 2704">
    <p class='ocr_par' dir='ltr' id='par_1_66' title="bbox 1877 2636 3376 2704">
     <span class='ocr_line' id='line_1_66' title="bbox 1877 2636 3376 2704; baseline -0.004 -9"><span class='ocrx_word' id='word_1_490' title='bbox 1877 2641 1930 2695; x_wconf 78' lang='grc'><strong>1.</strong></span> <span class='ocrx_word' id='word_1_491' title='bbox 1970 2640 2253 2697; x_wconf 86' lang='lat' dir='ltr'><strong>Nuntiavit</strong></span> <span class='ocrx_word' id='word_1_492' title='bbox 2294 2641 2427 2696; x_wconf 90' lang='lat' dir='ltr'><strong>mihi</strong></span> <span class='ocrx_word' id='word_1_493' title='bbox 2455 2640 2711 2696; x_wconf 88' lang='lat' dir='ltr'><strong>Actiacus</strong></span> <span class='ocrx_word' id='word_1_494' title='bbox 2752 2638 3041 2704; x_wconf 86' lang='lat' dir='ltr'><strong>diaconus,</strong></span> <span class='ocrx_word' id='word_1_495' title='bbox 3077 2636 3376 2691; x_wconf 88' lang='lat' dir='ltr'><strong>nonnullos</strong></span> 
     </span>
    </p>
   </div>
   <div class='ocr_carea' id='block_1_67' title="bbox 1806 2725 3374 2799">
    <p class='ocr_par' dir='ltr' id='par_1_67' title="bbox 1806 2725 3374 2799">
     <span class='ocr_line' id='line_1_67' title="bbox 1806 2725 3374 2799; baseline -0.004 -15"><span class='ocrx_word' id='word_1_496' title='bbox 1806 2730 1906 2785; x_wconf 88' lang='lat' dir='ltr'><strong>tibi</strong></span> <span class='ocrx_word' id='word_1_497' title='bbox 1947 2739 2007 2784; x_wconf 91' lang='lat' dir='ltr'><strong>ut</strong></span> <span class='ocrx_word' id='word_1_498' title='bbox 2057 2732 2218 2786; x_wconf 88' lang='lat' dir='ltr'><strong>nobis</strong></span> <span class='ocrx_word' id='word_1_499' title='bbox 2250 2745 2604 2788; x_wconf 86' lang='lat' dir='ltr'><strong>succenseres</strong></span> <span class='ocrx_word' id='word_1_500' title='bbox 2646 2728 3011 2799; x_wconf 87' lang='lat' dir='ltr'><strong>persuasisse,</strong></span> <span class='ocrx_word' id='word_1_501' title='bbox 3039 2725 3374 2781; x_wconf 84' lang='lat' dir='ltr'><strong>calumniam</strong></span> 
     </span>
    </p>
   </div>
   <div class='ocr_carea' id='block_1_68' title="bbox 1806 2816 3373 2886">
    <p class='ocr_par' dir='ltr' id='par_1_68' title="bbox 1806 2816 3373 2886">
     <span class='ocr_line' id='line_1_68' title="bbox 1806 2816 3373 2886; baseline -0.006 -10"><span class='ocrx_word' id='word_1_502' title='bbox 1806 2822 1968 2877; x_wconf 87' lang='lat' dir='ltr'><strong>nobis</strong></span> <span class='ocrx_word' id='word_1_503' title='bbox 1995 2821 2317 2886; x_wconf 81' lang='lat' dir='ltr'><strong>inferentes,</strong></span> <span class='ocrx_word' id='word_1_504' title='bbox 2352 2826 2411 2875; x_wconf 88' lang='lat' dir='ltr'><strong>ut</strong></span> <span class='ocrx_word' id='word_1_505' title='bbox 2448 2818 2633 2874; x_wconf 90' lang='lat' dir='ltr'><strong>animo</strong></span> <span class='ocrx_word' id='word_1_506' title='bbox 2677 2832 2786 2872; x_wconf 89' lang='lat' dir='ltr'><strong>non</strong></span> <span class='ocrx_word' id='word_1_507' title='bbox 2828 2816 3006 2870; x_wconf 88' lang='lat' dir='ltr'><strong>amico</strong></span> <span class='ocrx_word' id='word_1_508' title='bbox 3057 2829 3189 2884; x_wconf 87' lang='lat' dir='ltr'><strong>erga</strong></span> <span class='ocrx_word' id='word_1_509' title='bbox 3216 2822 3373 2869; x_wconf 89' lang='lat' dir='ltr'><strong>tuam</strong></span> 
     </span>
    </p>
   </div>
   <div class='ocr_carea' id='block_1_69' title="bbox 1807 2909 3379 2985">
    <p class='ocr_par' dir='ltr' id='par_1_69' title="bbox 1807 2909 3379 2985">
     <span class='ocr_line' id='line_1_69' title="bbox 1807 2909 3379 2985; baseline -0.004 -16"><span class='ocrx_word' id='word_1_510' title='bbox 1807 2914 2016 2970; x_wconf 78' lang='lat' dir='ltr'><strong>affectis</strong></span> <span class='ocrx_word' id='word_1_511' title='bbox 2046 2914 2390 2985; x_wconf 75' lang='lat' dir='ltr'><strong>gravitatem.</strong></span> <span class='ocrx_word' id='word_1_512' title='bbox 2427 2910 2540 2983; x_wconf 86' lang='lat' dir='ltr'><strong>Ego</strong></span> <span class='ocrx_word' id='word_1_513' title='bbox 2586 2919 2769 2965; x_wconf 85' lang='lat' dir='ltr'><strong>autem</strong></span> <span class='ocrx_word' id='word_1_514' title='bbox 2814 2909 3044 2966; x_wconf 89' lang='lat' dir='ltr'><strong>miratus</strong></span> <span class='ocrx_word' id='word_1_515' title='bbox 3074 2923 3184 2963; x_wconf 90' lang='lat' dir='ltr'><strong>non</strong></span> <span class='ocrx_word' id='word_1_516' title='bbox 3226 2923 3379 2974; x_wconf 72' lang='lat' dir='ltr'><strong>sum,</strong></span> 
     </span>
    </p>
   </div>
   <div class='ocr_carea' id='block_1_70' title="bbox 1807 3001 3382 3078">
    <p class='ocr_par' dir='ltr' id='par_1_70' title="bbox 1807 3001 3382 3078">
     <span class='ocr_line' id='line_1_70' title="bbox 1807 3001 3382 3078; baseline -0.004 -16"><span class='ocrx_word' id='word_1_517' title='bbox 1807 3008 1855 3063; x_wconf 89' lang='lat' dir='ltr'><strong>si</strong></span> <span class='ocrx_word' id='word_1_518' title='bbox 1898 3007 2120 3078; x_wconf 84' lang='lat' dir='ltr'><strong>quidam</strong></span> <span class='ocrx_word' id='word_1_519' title='bbox 2164 3014 2379 3061; x_wconf 89' lang='lat' dir='ltr'><strong>tantum</strong></span> <span class='ocrx_word' id='word_1_520' title='bbox 2428 3006 2608 3061; x_wconf 91' lang='lat' dir='ltr'><strong>virum</strong></span> <span class='ocrx_word' id='word_1_521' title='bbox 2657 3010 2997 3059; x_wconf 85' lang='lat' dir='ltr'><strong>assectentur</strong></span> <span class='ocrx_word' id='word_1_522' title='bbox 3047 3001 3382 3056; x_wconf 70' lang='lat' dir='ltr'><strong>adulatores.</strong></span> 
     </span>
    </p>
   </div>
   <div class='ocr_carea' id='block_1_71' title="bbox 1811 3092 3383 3167">
    <p class='ocr_par' dir='ltr' id='par_1_71' title="bbox 1811 3092 3383 3167">
     <span class='ocr_line' id='line_1_71' title="bbox 1811 3092 3383 3167; baseline -0.006 -14"><span class='ocrx_word' id='word_1_523' title='bbox 1811 3099 1999 3154; x_wconf 84' lang='lat' dir='ltr'><strong>Solent</strong></span> <span class='ocrx_word' id='word_1_524' title='bbox 2022 3099 2167 3154; x_wconf 88' lang='lat' dir='ltr'><strong>enim</strong></span> <span class='ocrx_word' id='word_1_525' title='bbox 2197 3096 2603 3167; x_wconf 90' lang='lat' dir='ltr'><strong>quodammodo</strong></span> <span class='ocrx_word' id='word_1_526' title='bbox 2642 3096 2847 3166; x_wconf 77' lang='lat' dir='ltr'><strong>magnis</strong></span> <span class='ocrx_word' id='word_1_527' title='bbox 2876 3093 3242 3164; x_wconf 89' lang='lat' dir='ltr'><strong>potestatibus</strong></span> <span class='ocrx_word' id='word_1_528' title='bbox 3272 3092 3383 3146; x_wconf 90' lang='lat' dir='ltr'><strong>illi-</strong></span> 
     </span>
    </p>
   </div>
   <div class='ocr_carea' id='block_1_72' title="bbox 1808 3182 3385 3260">
    <p class='ocr_par' dir='ltr' id='par_1_72' title="bbox 1808 3182 3385 3260">
     <span class='ocr_line' id='line_1_72' title="bbox 1808 3182 3385 3260; baseline -0.006 -13"><span class='ocrx_word' id='word_1_529' title='bbox 1808 3192 2023 3247; x_wconf 89' lang='lat' dir='ltr'><strong>beralcs</strong></span> <span class='ocrx_word' id='word_1_530' title='bbox 2049 3188 2321 3260; x_wconf 85' lang='lat' dir='ltr'><strong>ejusmodi</strong></span> <span class='ocrx_word' id='word_1_531' title='bbox 2351 3188 2533 3243; x_wconf 88' lang='lat' dir='ltr'><strong>cultus</strong></span> <span class='ocrx_word' id='word_1_532' title='bbox 2571 3185 2870 3250; x_wconf 66' lang='lat' dir='ltr'><strong>adhaerere,</strong></span> <span class='ocrx_word' id='word_1_533' title='bbox 2900 3184 3100 3253; x_wconf 88' lang='lat' dir='ltr'><strong>quibus</strong></span> <span class='ocrx_word' id='word_1_534' title='bbox 3125 3198 3249 3237; x_wconf 92' lang='lat' dir='ltr'><strong>cum</strong></span> <span class='ocrx_word' id='word_1_535' title='bbox 3282 3182 3385 3238; x_wconf 86' lang='lat' dir='ltr'><strong>de~</strong></span> 
     </span>
    </p>
   </div>
   <div class='ocr_carea' id='block_1_73' title="bbox 1810 3278 3383 3355">
    <p class='ocr_par' dir='ltr' id='par_1_73' title="bbox 1810 3278 3383 3355">
     <span class='ocr_line' id='line_1_73' title="bbox 1810 3278 3383 3355; baseline -0.008 -13"><span class='ocrx_word' id='word_1_536' title='bbox 1810 3290 1881 3343; x_wconf 88' lang='lat' dir='ltr'><strong>sit</strong></span> <span class='ocrx_word' id='word_1_537' title='bbox 1920 3287 2125 3341; x_wconf 90' lang='lat' dir='ltr'><strong>bonum</strong></span> <span class='ocrx_word' id='word_1_538' title='bbox 2169 3282 2452 3355; x_wconf 91' lang='lat' dir='ltr'><strong>proprium</strong></span> <span class='ocrx_word' id='word_1_539' title='bbox 2491 3278 2636 3335; x_wconf 90' lang='lat' dir='ltr'><strong>unde</strong></span> <span class='ocrx_word' id='word_1_540' title='bbox 2680 3285 3107 3349; x_wconf 75' lang='lat' dir='ltr'><strong>cognoscantur,</strong></span> <span class='ocrx_word' id='word_1_541' title='bbox 3146 3291 3270 3331; x_wconf 89' lang='lat' dir='ltr'><strong>sese</strong></span> <span class='ocrx_word' id='word_1_542' title='bbox 3315 3290 3383 3330; x_wconf 81' lang='lat' dir='ltr'><strong>ex</strong></span> 
     </span>
    </p>
   </div>
   <div class='ocr_carea' id='block_1_74' title="bbox 1807 3366 3384 3438">
    <p class='ocr_par' dir='ltr' id='par_1_74' title="bbox 1807 3366 3384 3438">
     <span class='ocr_line' id='line_1_74' title="bbox 1807 3366 3384 3438; baseline -0.009 -6"><span class='ocrx_word' id='word_1_543' title='bbox 1807 3378 2001 3433; x_wconf 82' lang='lat' dir='ltr'><strong>alienis</strong></span> <span class='ocrx_word' id='word_1_544' title='bbox 2028 3376 2188 3430; x_wconf 90' lang='lat' dir='ltr'><strong>malis</strong></span> <span class='ocrx_word' id='word_1_545' title='bbox 2218 3372 2623 3429; x_wconf 89' lang='lat' dir='ltr'><strong>commendant.</strong></span> <span class='ocrx_word' id='word_1_546' title='bbox 2654 3369 2721 3423; x_wconf 86' lang='lat' dir='ltr'><strong>Et</strong></span> <span class='ocrx_word' id='word_1_547' title='bbox 2749 3370 2882 3435; x_wconf 78' lang='lat' dir='ltr'><strong>fere,</strong></span> <span class='ocrx_word' id='word_1_548' title='bbox 2921 3366 3384 3438; x_wconf 83' lang='lat' dir='ltr'><strong>quemadmodum</strong></span> 
     </span>
    </p>
   </div>
   <div class='ocr_carea' id='block_1_75' title="bbox 1807 3459 3385 3539">
    <p class='ocr_par' dir='ltr' id='par_1_75' title="bbox 1807 3459 3385 3539">
     <span class='ocr_line' id='line_1_75' title="bbox 1807 3459 3385 3539; baseline -0.007 -16"><span class='ocrx_word' id='word_1_549' title='bbox 1807 3468 2004 3539; x_wconf 87' lang='lat' dir='ltr'><strong>rubigo</strong></span> <span class='ocrx_word' id='word_1_550' title='bbox 2029 3467 2203 3536; x_wconf 88' lang='lat' dir='ltr'><strong>pestis</strong></span> <span class='ocrx_word' id='word_1_551' title='bbox 2230 3475 2314 3519; x_wconf 91' lang='lat' dir='ltr'><strong>est</strong></span> <span class='ocrx_word' id='word_1_552' title='bbox 2345 3463 2514 3517; x_wconf 91' lang='lat' dir='ltr'><strong>tritici</strong></span> <span class='ocrx_word' id='word_1_553' title='bbox 2558 3463 2615 3516; x_wconf 90' lang='lat' dir='ltr'><strong>in</strong></span> <span class='ocrx_word' id='word_1_554' title='bbox 2647 3461 2766 3531; x_wconf 92' lang='lat' dir='ltr'><strong>ipso</strong></span> <span class='ocrx_word' id='word_1_555' title='bbox 2803 3468 2931 3515; x_wconf 90' lang='lat' dir='ltr'><strong>nata</strong></span> <span class='ocrx_word' id='word_1_556' title='bbox 2961 3459 3175 3526; x_wconf 89' lang='lat' dir='ltr'><strong>tritico;</strong></span> <span class='ocrx_word' id='word_1_557' title='bbox 3213 3459 3289 3513; x_wconf 92' lang='lat' dir='ltr'><strong>ita</strong></span> <span class='ocrx_word' id='word_1_558' title='bbox 3328 3466 3385 3513; x_wconf 88' lang='lat' dir='ltr'><strong>et</strong></span> 
     </span>
    </p>
   </div>
   <div class='ocr_carea' id='block_1_76' title="bbox 1808 3552 3384 3623">
    <p class='ocr_par' dir='ltr' id='par_1_76' title="bbox 1808 3552 3384 3623">
     <span class='ocr_line' id='line_1_76' title="bbox 1808 3552 3384 3623; baseline -0.005 -10"><span class='ocrx_word' id='word_1_559' title='bbox 1808 3560 2104 3615; x_wconf 89' lang='lat' dir='ltr'><strong>assentatio</strong></span> <span class='ocrx_word' id='word_1_560' title='bbox 2146 3573 2205 3613; x_wconf 91' lang='lat' dir='ltr'><strong>se</strong></span> <span class='ocrx_word' id='word_1_561' title='bbox 2258 3558 2315 3611; x_wconf 90' lang='lat' dir='ltr'><strong>in</strong></span> <span class='ocrx_word' id='word_1_562' title='bbox 2362 3554 2660 3610; x_wconf 88' lang='lat' dir='ltr'><strong>amicitiam</strong></span> <span class='ocrx_word' id='word_1_563' title='bbox 2706 3554 3018 3613; x_wconf 86' lang='lat' dir='ltr'><strong>insinuans,</strong></span> <span class='ocrx_word' id='word_1_564' title='bbox 3078 3552 3250 3623; x_wconf 86' lang='lat' dir='ltr'><strong>pestis</strong></span> <span class='ocrx_word' id='word_1_565' title='bbox 3296 3560 3384 3606; x_wconf 87' lang='lat' dir='ltr'><strong>est</strong></span> 
     </span>
    </p>
   </div>
   <div class='ocr_carea' id='block_1_77' title="bbox 1807 3642 3384 3717">
    <p class='ocr_par' dir='ltr' id='par_1_77' title="bbox 1807 3642 3384 3717">
     <span class='ocr_line' id='line_1_77' title="bbox 1807 3642 3384 3717; baseline -0.005 -14"><span class='ocrx_word' id='word_1_566' title='bbox 1807 3649 2083 3703; x_wconf 64' lang='lat' dir='ltr'><strong>amicitiae.</strong></span> <span class='ocrx_word' id='word_1_567' title='bbox 2141 3645 2262 3701; x_wconf 87' lang='lat' dir='ltr'><strong>Non</strong></span> <span class='ocrx_word' id='word_1_568' title='bbox 2311 3648 2497 3717; x_wconf 88' lang='lat' dir='ltr'><strong>igitur,</strong></span> <span class='ocrx_word' id='word_1_569' title='bbox 2551 3652 2610 3699; x_wconf 91' lang='lat' dir='ltr'><strong>ut</strong></span> <span class='ocrx_word' id='word_1_570' title='bbox 2659 3642 2796 3707; x_wconf 85' lang='lat' dir='ltr'><strong>dixi,</strong></span> <span class='ocrx_word' id='word_1_571' title='bbox 2859 3642 3088 3696; x_wconf 87' lang='lat' dir='ltr'><strong>miratus</strong></span> <span class='ocrx_word' id='word_1_572' title='bbox 3134 3657 3257 3697; x_wconf 90' lang='lat' dir='ltr'><strong>sum</strong></span> <span class='ocrx_word' id='word_1_573' title='bbox 3310 3643 3384 3705; x_wconf 90' lang='lat' dir='ltr'><strong>si,</strong></span> 
     </span>
    </p>
   </div>
   <div class='ocr_carea' id='block_1_78' title="bbox 1807 3731 3385 3812">
    <p class='ocr_par' dir='ltr' id='par_1_78' title="bbox 1807 3731 3385 3812">
     <span class='ocr_line' id='line_1_78' title="bbox 1807 3731 3385 3812; baseline -0.004 -16"><span class='ocrx_word' id='word_1_574' title='bbox 1807 3740 2265 3812; x_wconf 86' lang='lat' dir='ltr'><strong>quemadmodum</strong></span> <span class='ocrx_word' id='word_1_575' title='bbox 2315 3739 2424 3794; x_wconf 91' lang='lat' dir='ltr'><strong>fuci</strong></span> <span class='ocrx_word' id='word_1_576' title='bbox 2483 3737 2718 3807; x_wconf 85' lang='lat' dir='ltr'><strong>apiaria,</strong></span> <span class='ocrx_word' id='word_1_577' title='bbox 2772 3733 2847 3788; x_wconf 92' lang='lat' dir='ltr'><strong>ita</strong></span> <span class='ocrx_word' id='word_1_578' title='bbox 2902 3734 2989 3788; x_wconf 91' lang='lat' dir='ltr'><strong>isti</strong></span> <span class='ocrx_word' id='word_1_579' title='bbox 3040 3731 3385 3803; x_wconf 86' lang='lat' dir='ltr'><strong>splendidam</strong></span> 
     </span>
    </p>
   </div>
   <div class='ocr_carea' id='block_1_79' title="bbox 1809 3818 3379 3892">
    <p class='ocr_par' dir='ltr' id='par_1_79' title="bbox 1809 3818 3379 3892">
     <span class='ocr_line' id='line_1_79' title="bbox 1809 3818 3379 3892; baseline -0.007 -7"><span class='ocrx_word' id='word_1_580' title='bbox 1809 3843 1959 3886; x_wconf 90' lang='lat' dir='ltr'><strong>tuam</strong></span> <span class='ocrx_word' id='word_1_581' title='bbox 1988 3846 2051 3883; x_wconf 89' lang='lat' dir='ltr'><strong>ac</strong></span> <span class='ocrx_word' id='word_1_582' title='bbox 2081 3829 2349 3883; x_wconf 90' lang='lat' dir='ltr'><strong>illustrem</strong></span> <span class='ocrx_word' id='word_1_583' title='bbox 2388 3827 2608 3881; x_wconf 91' lang='lat' dir='ltr'><strong>domum</strong></span> <span class='ocrx_word' id='word_1_584' title='bbox 2649 3825 3122 3892; x_wconf 90' lang='lat' dir='ltr'><strong>circumstrepaut.</strong></span> <span class='ocrx_word' id='word_1_585' title='bbox 3171 3818 3278 3875; x_wconf 90' lang='lat' dir='ltr'><strong>Sed</strong></span> <span class='ocrx_word' id='word_1_586' title='bbox 3310 3820 3379 3875; x_wconf 88' lang='lat' dir='ltr'><strong>il-</strong></span> 
     </span>
    </p>
   </div>
   <div class='ocr_carea' id='block_1_80' title="bbox 1808 3913 3385 3985">
    <p class='ocr_par' dir='ltr' id='par_1_80' title="bbox 1808 3913 3385 3985">
     <span class='ocr_line' id='line_1_80' title="bbox 1808 3913 3385 3985; baseline -0.006 -6"><span class='ocrx_word' id='word_1_587' title='bbox 1808 3925 1901 3979; x_wconf 88' lang='lat' dir='ltr'><strong>lud</strong></span> <span class='ocrx_word' id='word_1_588' title='bbox 1943 3923 2079 3978; x_wconf 89' lang='lat' dir='ltr'><strong>mihi</strong></span> <span class='ocrx_word' id='word_1_589' title='bbox 2117 3922 2316 3976; x_wconf 89' lang='lat' dir='ltr'><strong>mirum</strong></span> <span class='ocrx_word' id='word_1_590' title='bbox 2358 3928 2415 3975; x_wconf 92' lang='lat' dir='ltr'><strong>et</strong></span> <span class='ocrx_word' id='word_1_591' title='bbox 2454 3919 2678 3974; x_wconf 91' lang='lat' dir='ltr'><strong>omnino</strong></span> <span class='ocrx_word' id='word_1_592' title='bbox 2719 3918 3154 3985; x_wconf 76' lang='lat' dir='ltr'><strong>inexspectatum</strong></span> <span class='ocrx_word' id='word_1_593' title='bbox 3201 3913 3385 3969; x_wconf 86' lang='lat' dir='ltr'><strong>visum</strong></span> 
     </span>
    </p>
   </div>
   <div class='ocr_carea' id='block_1_81' title="bbox 1809 4006 3384 4083">
    <p class='ocr_par' dir='ltr' id='par_1_81' title="bbox 1809 4006 3384 4083">
     <span class='ocr_line' id='line_1_81' title="bbox 1809 4006 3384 4083; baseline -0.008 -12"><span class='ocrx_word' id='word_1_594' title='bbox 1809 4023 1914 4078; x_wconf 86' lang='lat' dir='ltr'><strong>est,</strong></span> <span class='ocrx_word' id='word_1_595' title='bbox 1936 4025 2010 4081; x_wconf 87' lang='lat' dir='ltr'><strong>te,</strong></span> <span class='ocrx_word' id='word_1_596' title='bbox 2036 4015 2211 4068; x_wconf 91' lang='lat' dir='ltr'><strong>virum</strong></span> <span class='ocrx_word' id='word_1_597' title='bbox 2235 4014 2499 4083; x_wconf 87' lang='lat' dir='ltr'><strong>gravitate</strong></span> <span class='ocrx_word' id='word_1_598' title='bbox 2516 4026 2727 4067; x_wconf 90' lang='lat' dir='ltr'><strong>morum</strong></span> <span class='ocrx_word' id='word_1_599' title='bbox 2746 4010 2981 4064; x_wconf 73' lang='lat' dir='ltr'><strong>maxime</strong></span> <span class='ocrx_word' id='word_1_600' title='bbox 3000 4006 3384 4077; x_wconf 89' lang='lat' dir='ltr'><strong>conspicuum,</strong></span> 
     </span>
    </p>
   </div>
   <div class='ocr_carea' id='block_1_82' title="bbox 1810 4100 3386 4173">
    <p class='ocr_par' dir='ltr' id='par_1_82' title="bbox 1810 4100 3386 4173">
     <span class='ocr_line' id='line_1_82' title="bbox 1810 4100 3386 4173; baseline -0.007 -12"><span class='ocrx_word' id='word_1_601' title='bbox 1810 4106 2103 4161; x_wconf 90' lang='lat' dir='ltr'><strong>adductum</strong></span> <span class='ocrx_word' id='word_1_602' title='bbox 2130 4121 2272 4169; x_wconf 87' lang='lat' dir='ltr'><strong>esse,</strong></span> <span class='ocrx_word' id='word_1_603' title='bbox 2305 4113 2365 4159; x_wconf 95' lang='lat' dir='ltr'><strong>ut</strong></span> <span class='ocrx_word' id='word_1_604' title='bbox 2395 4112 2683 4173; x_wconf 90' lang='lat' dir='ltr'><strong>utramque</strong></span> <span class='ocrx_word' id='word_1_605' title='bbox 2722 4102 2831 4157; x_wconf 85' lang='lat' dir='ltr'><strong>illis</strong></span> <span class='ocrx_word' id='word_1_606' title='bbox 2863 4100 3134 4172; x_wconf 71' lang='lat' dir='ltr'><strong>praeberes</strong></span> <span class='ocrx_word' id='word_1_607' title='bbox 3170 4113 3386 4163; x_wconf 89' lang='lat' dir='ltr'><strong>aurem,</strong></span> 
     </span>
    </p>
   </div>
   <div class='ocr_carea' id='block_1_83' title="bbox 1810 4189 3387 4263">
    <p class='ocr_par' dir='ltr' id='par_1_83' title="bbox 1810 4189 3387 4263">
     <span class='ocr_line' id='line_1_83' title="bbox 1810 4189 3387 4263; baseline -0.008 -9"><span class='ocrx_word' id='word_1_608' title='bbox 1810 4208 1865 4254; x_wconf 89' lang='lat' dir='ltr'><strong>et</strong></span> <span class='ocrx_word' id='word_1_609' title='bbox 1892 4208 2084 4254; x_wconf 89' lang='lat' dir='ltr'><strong>contra</strong></span> <span class='ocrx_word' id='word_1_610' title='bbox 2113 4212 2200 4252; x_wconf 89' lang='lat' dir='ltr'><strong>me</strong></span> <span class='ocrx_word' id='word_1_611' title='bbox 2228 4196 2566 4251; x_wconf 85' lang='lat' dir='ltr'><strong>calumniam</strong></span> <span class='ocrx_word' id='word_1_612' title='bbox 2609 4194 2888 4263; x_wconf 85' lang='lat' dir='ltr'><strong>acciperes</strong></span> <span class='ocrx_word' id='word_1_613' title='bbox 2915 4209 2931 4247; x_wconf 89' lang='lat'><strong>:</strong></span> <span class='ocrx_word' id='word_1_614' title='bbox 2954 4191 3048 4262; x_wconf 90' lang='lat' dir='ltr'><strong>qui</strong></span> <span class='ocrx_word' id='word_1_615' title='bbox 3090 4205 3215 4245; x_wconf 90' lang='lat' dir='ltr'><strong>cum</strong></span> <span class='ocrx_word' id='word_1_616' title='bbox 3244 4189 3387 4243; x_wconf 80' lang='lat' dir='ltr'><strong>mul-</strong></span> 
     </span>
    </p>
   </div>
   <div class='ocr_carea' id='block_1_84' title="bbox 1812 4282 3386 4360">
    <p class='ocr_par' dir='ltr' id='par_1_84' title="bbox 1812 4282 3386 4360">
     <span class='ocr_line' id='line_1_84' title="bbox 1812 4282 3386 4360; baseline -0.01 -12"><span class='ocrx_word' id='word_1_617' title='bbox 1812 4303 1899 4348; x_wconf 91' lang='lat' dir='ltr'><strong>tos</strong></span> <span class='ocrx_word' id='word_1_618' title='bbox 1941 4289 2227 4346; x_wconf 77' lang='lat' dir='ltr'><strong>dilexerim</strong></span> <span class='ocrx_word' id='word_1_619' title='bbox 2257 4304 2287 4343; x_wconf 90' lang='lat' dir='ltr'><strong>a</strong></span> <span class='ocrx_word' id='word_1_620' title='bbox 2322 4290 2498 4360; x_wconf 90' lang='lat' dir='ltr'><strong>prima</strong></span> <span class='ocrx_word' id='word_1_621' title='bbox 2526 4296 2683 4342; x_wconf 61' lang='lat' dir='ltr'><strong>astate</strong></span> <span class='ocrx_word' id='word_1_622' title='bbox 2715 4302 2891 4355; x_wconf 90' lang='lat' dir='ltr'><strong>usque</strong></span> <span class='ocrx_word' id='word_1_623' title='bbox 2919 4285 2986 4340; x_wconf 91' lang='lat' dir='ltr'><strong>ad</strong></span> <span class='ocrx_word' id='word_1_624' title='bbox 3014 4285 3117 4338; x_wconf 91' lang='lat' dir='ltr'><strong>hoc</strong></span> <span class='ocrx_word' id='word_1_625' title='bbox 3148 4282 3386 4349; x_wconf 88' lang='lat' dir='ltr'><strong>senium,</strong></span> 
     </span>
    </p>
   </div>
   <div class='ocr_carea' id='block_1_85' title="bbox 1811 4373 3387 4451">
    <p class='ocr_par' dir='ltr' id='par_1_85' title="bbox 1811 4373 3387 4451">
     <span class='ocr_line' id='line_1_85' title="bbox 1811 4373 3387 4451; baseline -0.008 -12"><span class='ocrx_word' id='word_1_626' title='bbox 1811 4383 2087 4440; x_wconf 89' lang='lat' dir='ltr'><strong>neminem</strong></span> <span class='ocrx_word' id='word_1_627' title='bbox 2142 4382 2269 4436; x_wconf 86' lang='lat' dir='ltr'><strong>novi</strong></span> <span class='ocrx_word' id='word_1_628' title='bbox 2328 4395 2492 4451; x_wconf 85' lang='lat' dir='ltr'><strong>quem</strong></span> <span class='ocrx_word' id='word_1_629' title='bbox 2544 4380 2601 4433; x_wconf 91' lang='lat' dir='ltr'><strong>in</strong></span> <span class='ocrx_word' id='word_1_630' title='bbox 2649 4377 2892 4432; x_wconf 89' lang='lat' dir='ltr'><strong>amicitia</strong></span> <span class='ocrx_word' id='word_1_631' title='bbox 2938 4373 3237 4446; x_wconf 86' lang='lat' dir='ltr'><strong>integritati</strong></span> <span class='ocrx_word' id='word_1_632' title='bbox 3283 4382 3387 4428; x_wconf 73' lang='lat' dir='ltr'><strong>tua:</strong></span> 
     </span>
    </p>
   </div>
   <div class='ocr_carea' id='block_1_86' title="bbox 128 4460 1719 4553">
    <p class='ocr_par' dir='ltr' id='par_1_86' title="bbox 128 4460 1708 4537">
     <span class='ocr_line' id='line_1_86' title="bbox 128 4460 1708 4537; baseline 0.003 -24"><span class='ocrx_word' id='word_1_633' title='bbox 128 4460 318 4531; x_wconf 82' lang='grc' dir='ltr'>φιλίαν</span> <span class='ocrx_word' id='word_1_634' title='bbox 354 4461 452 4530; x_wconf 79' lang='grc' dir='ltr'>τῆς</span> <span class='ocrx_word' id='word_1_635' title='bbox 496 4460 593 4531; x_wconf 80' lang='grc' dir='ltr'>σῆς</span> <span class='ocrx_word' id='word_1_636' title='bbox 650 4460 984 4533; x_wconf 82' lang='grc' dir='ltr'>τελειότητος</span> <span class='ocrx_word' id='word_1_637' title='bbox 1038 4464 1403 4535; x_wconf 84' lang='grc' dir='ltr'>προτιμήσας.</span> <span class='ocrx_word' id='word_1_638' title='bbox 1448 4465 1559 4517; x_wconf 76' lang='grc' dir='ltr'>Καὶ</span> <span class='ocrx_word' id='word_1_639' title='bbox 1600 4465 1708 4537; x_wconf 88' lang='grc' dir='ltr'>γὰρ</span> 
     </span>
    </p>
   </div>
   <div class='ocr_carea' id='block_1_87' title="bbox 1809 4460 3385 4553">
    <p class='ocr_par' dir='ltr' id='par_1_87' title="bbox 1812 4464 3385 4544">
     <span class='ocr_line' id='line_1_87' title="bbox 1812 4464 3385 4544; baseline -0.004 -16"><span class='ocrx_word' id='word_1_640' title='bbox 1812 4472 2168 4544; x_wconf 73' lang='lat' dir='ltr'><strong>prmtulerim.</strong></span> <span class='ocrx_word' id='word_1_641' title='bbox 2217 4469 2354 4524; x_wconf 83' lang='lat' dir='ltr'><strong>Nam</strong></span> <span class='ocrx_word' id='word_1_642' title='bbox 2402 4469 2620 4525; x_wconf 89' lang='lat' dir='ltr'><strong>etiamsi</strong></span> <span class='ocrx_word' id='word_1_643' title='bbox 2671 4468 2814 4522; x_wconf 80' lang='lat' dir='ltr'><strong>ratio</strong></span> <span class='ocrx_word' id='word_1_644' title='bbox 2857 4481 2966 4522; x_wconf 90' lang='lat' dir='ltr'><strong>non</strong></span> <span class='ocrx_word' id='word_1_645' title='bbox 3006 4464 3385 4536; x_wconf 81' lang='lat' dir='ltr'><strong>persuaderet.</strong></span> 
     </span>
    </p>
   </div>
   <div class='ocr_carea' id='block_1_88' title="bbox 127 4551 1705 4627">
    <p class='ocr_par' dir='ltr' id='par_1_88' title="bbox 127 4551 1705 4627">
     <span class='ocr_line' id='line_1_88' title="bbox 127 4551 1705 4627; baseline 0.004 -22"><span class='ocrx_word' id='word_1_646' title='bbox 127 4553 226 4605; x_wconf 73' lang='grc' dir='ltr'>καὶ</span> <span class='ocrx_word' id='word_1_647' title='bbox 253 4554 303 4606; x_wconf 90' lang='grc' dir='ltr'><strong>εί</strong></span> <span class='ocrx_word' id='word_1_648' title='bbox 346 4552 421 4621; x_wconf 82' lang='grc' dir='ltr'>μὴ</span> <span class='ocrx_word' id='word_1_649' title='bbox 442 4553 470 4604; x_wconf 87' lang='grc' dir='ltr'>ὁ</span> <span class='ocrx_word' id='word_1_650' title='bbox 491 4551 647 4620; x_wconf 80' lang='grc' dir='ltr'>λόγος</span> <span class='ocrx_word' id='word_1_651' title='bbox 679 4552 864 4606; x_wconf 77' lang='grc' dir='ltr'>ἐπεισέ</span> <span class='ocrx_word' id='word_1_652' title='bbox 912 4571 979 4624; x_wconf 90' lang='grc' dir='ltr'><strong>με</strong></span> <span class='ocrx_word' id='word_1_653' title='bbox 1021 4555 1242 4627; x_wconf 81' lang='grc' dir='ltr'>ἀγαπᾷν</span> <span class='ocrx_word' id='word_1_654' title='bbox 1275 4556 1516 4610; x_wconf 87' lang='grc' dir='ltr'>τοιοῦτον</span> <span class='ocrx_word' id='word_1_655' title='bbox 1555 4557 1705 4622; x_wconf 78' lang='grc' dir='ltr'>ὄντα,</span> 
     </span>
    </p>
   </div>
   <div class='ocr_carea' id='block_1_89' title="bbox 127 4645 1708 4721">
    <p class='ocr_par' dir='ltr' id='par_1_89' title="bbox 127 4645 1708 4721">
     <span class='ocr_line' id='line_1_89' title="bbox 127 4645 1708 4721; baseline 0.001 -21"><span class='ocrx_word' id='word_1_656' title='bbox 127 4646 355 4718; x_wconf 74' lang='grc' dir='ltr'>ἐξήρκει</span> <span class='ocrx_word' id='word_1_657' title='bbox 388 4647 421 4717; x_wconf 82' lang='grc' dir='ltr'><strong>ἡ</strong></span> <span class='ocrx_word' id='word_1_658' title='bbox 447 4647 512 4698; x_wconf 80' lang='grc' dir='ltr'><strong>ἐκ</strong></span> <span class='ocrx_word' id='word_1_659' title='bbox 541 4645 729 4709; x_wconf 81' lang='grc' dir='ltr'>παιδὸς</span> <span class='ocrx_word' id='word_1_660' title='bbox 759 4647 1017 4718; x_wconf 85' lang='grc' dir='ltr'>συνήθεια</span> <span class='ocrx_word' id='word_1_661' title='bbox 1041 4649 1345 4720; x_wconf 85' lang='grc' dir='ltr'>προσδῆσαί</span> <span class='ocrx_word' id='word_1_662' title='bbox 1383 4666 1449 4720; x_wconf 90' lang='grc' dir='ltr'><strong>με</strong></span> <span class='ocrx_word' id='word_1_663' title='bbox 1471 4652 1537 4721; x_wconf 80' lang='grc' dir='ltr'>τῇ</span> <span class='ocrx_word' id='word_1_664' title='bbox 1562 4648 1708 4721; x_wconf 72' lang='grc' dir='ltr'>ψυχῇ</span> 
     </span>
    </p>
   </div>
   <div class='ocr_carea' id='block_1_90' title="bbox 131 4734 1706 4812">
    <p class='ocr_par' dir='ltr' id='par_1_90' title="bbox 131 4734 1706 4812">
     <span class='ocr_line' id='line_1_90' title="bbox 131 4734 1706 4812; baseline 0.003 -21"><span class='ocrx_word' id='word_1_665' title='bbox 131 4756 253 4792; x_wconf 85' lang='grc' dir='ltr'>σου.</span> <span class='ocrx_word' id='word_1_666' title='bbox 282 4734 441 4801; x_wconf 83' lang='grc' dir='ltr'>Οἶδας</span> <span class='ocrx_word' id='word_1_667' title='bbox 471 4738 530 4791; x_wconf 84' lang='grc' dir='ltr'>δὲ</span> <span class='ocrx_word' id='word_1_668' title='bbox 562 4740 685 4793; x_wconf 77' lang='grc' dir='ltr'>ὅσον</span> <span class='ocrx_word' id='word_1_669' title='bbox 726 4738 950 4793; x_wconf 88' lang='grc' dir='ltr'>δύναται</span> <span class='ocrx_word' id='word_1_670' title='bbox 981 4741 1055 4810; x_wconf 88' lang='grc' dir='ltr'><strong>(ι)</strong></span> <span class='ocrx_word' id='word_1_671' title='bbox 1094 4742 1229 4812; x_wconf 85' lang='grc' dir='ltr'>πρὸς</span> <span class='ocrx_word' id='word_1_672' title='bbox 1257 4741 1441 4811; x_wconf 85' lang='grc' dir='ltr'>φιλίαν</span> <span class='ocrx_word' id='word_1_673' title='bbox 1477 4742 1536 4795; x_wconf 80' lang='grc' dir='ltr'>τὸ</span> <span class='ocrx_word' id='word_1_674' title='bbox 1567 4741 1706 4807; x_wconf 79' lang='grc' dir='ltr'>ἔθος.</span> 
     </span>
    </p>
   </div>
   <div class='ocr_carea' id='block_1_91' title="bbox 126 4829 1708 4904">
    <p class='ocr_par' dir='ltr' id='par_1_91' title="bbox 126 4829 1708 4904">
     <span class='ocr_line' id='line_1_91' title="bbox 126 4829 1708 4904; baseline 0.003 -20"><span class='ocrx_word' id='word_1_675' title='bbox 126 4830 194 4884; x_wconf 81' lang='lat' dir='ltr'><strong>Ei</strong></span> <span class='ocrx_word' id='word_1_676' title='bbox 216 4830 278 4883; x_wconf 77' lang='grc' dir='ltr'>δὲ</span> <span class='ocrx_word' id='word_1_677' title='bbox 304 4829 454 4882; x_wconf 79' lang='grc' dir='ltr'>οὐδὲν</span> <span class='ocrx_word' id='word_1_678' title='bbox 479 4829 728 4900; x_wconf 87' lang='grc' dir='ltr'>δείκνυμι</span> <span class='ocrx_word' id='word_1_679' title='bbox 752 4831 853 4901; x_wconf 79' lang='grc' dir='ltr'>τῆς</span> <span class='ocrx_word' id='word_1_680' title='bbox 888 4832 1265 4903; x_wconf 78' lang='grc' dir='ltr'>προαιρέσεως</span> <span class='ocrx_word' id='word_1_681' title='bbox 1292 4834 1496 4904; x_wconf 88' lang='grc' dir='ltr'>ταύτης</span> <span class='ocrx_word' id='word_1_682' title='bbox 1537 4833 1708 4899; x_wconf 85' lang='grc' dir='ltr'>ἄξιον,</span> 
     </span>
    </p>
   </div>
   <div class='ocr_carea' id='block_1_92' title="bbox 128 4918 1711 4996">
    <p class='ocr_par' dir='ltr' id='par_1_92' title="bbox 128 4918 1711 4996">
     <span class='ocr_line' id='line_1_92' title="bbox 128 4918 1711 4996; baseline 0.003 -23"><span class='ocrx_word' id='word_1_683' title='bbox 128 4918 411 4988; x_wconf 78' lang='grc' dir='ltr'>σύγγνωθι</span> <span class='ocrx_word' id='word_1_684' title='bbox 453 4937 553 4990; x_wconf 79' lang='grc' dir='ltr'><strong>μου</strong></span> <span class='ocrx_word' id='word_1_685' title='bbox 598 4924 667 4992; x_wconf 83' lang='grc' dir='ltr'>τῇ</span> <span class='ocrx_word' id='word_1_686' title='bbox 716 4920 989 4993; x_wconf 87' lang='grc' dir='ltr'>ἀσθενείᾳ.</span> <span class='ocrx_word' id='word_1_687' title='bbox 1040 4923 1152 4976; x_wconf 81' lang='grc' dir='ltr'><strong>Καὶ</strong></span> <span class='ocrx_word' id='word_1_688' title='bbox 1206 4924 1315 4996; x_wconf 79' lang='grc' dir='ltr'>γὰρ</span> <span class='ocrx_word' id='word_1_689' title='bbox 1371 4924 1493 4977; x_wconf 80' lang='grc' dir='ltr'>οὐδὲ</span> <span class='ocrx_word' id='word_1_690' title='bbox 1548 4925 1711 4988; x_wconf 81' lang='grc' dir='ltr'>αὐτὸς</span> 
     </span>
    </p>
   </div>
   <div class='ocr_carea' id='block_1_93' title="bbox 202 5052 1705 5127">
    <p class='ocr_par' dir='ltr' id='par_1_93' title="bbox 202 5052 1705 5127">
     <span class='ocr_line' id='line_1_93' title="bbox 202 5052 1705 5127; baseline 0.003 -17"><span class='ocrx_word' id='word_1_691' title='bbox 202 5055 319 5126; x_wconf 80' lang='lat'><strong>(93)</strong></span> <span class='ocrx_word' id='word_1_692' title='bbox 352 5052 573 5127; x_wconf 52' lang='grc' dir='ltr'>Βεϐαςῶ</span> <span class='ocrx_word' id='word_1_693' title='bbox 616 5055 685 5109; x_wconf 78' lang='grc' dir='ltr'>δὲ</span> <span class='ocrx_word' id='word_1_694' title='bbox 722 5056 901 5127; x_wconf 74' lang='grc' dir='ltr'>κάγώ.</span> <span class='ocrx_word' id='word_1_695' title='bbox 954 5057 1045 5113; x_wconf 90' lang='lat' dir='ltr'><strong>Sic</strong></span> <span class='ocrx_word' id='word_1_696' title='bbox 1097 5058 1272 5125; x_wconf 85' lang='lat' dir='ltr'><strong>Harl.,</strong></span> <span class='ocrx_word' id='word_1_697' title='bbox 1323 5058 1489 5121; x_wconf 76' lang='lat' dir='ltr'><strong>Med.,</strong></span> <span class='ocrx_word' id='word_1_698' title='bbox 1534 5059 1705 5115; x_wconf 89' lang='lat' dir='ltr'><strong>Coisl.</strong></span> 
     </span>
    </p>
   </div>
   <div class='ocr_carea' id='block_1_94' title="bbox 126 5124 1709 5199">
    <p class='ocr_par' dir='ltr' id='par_1_94' title="bbox 126 5124 1709 5199">
     <span class='ocr_line' id='line_1_94' title="bbox 126 5124 1709 5199; baseline 0.003 -20"><span class='ocrx_word' id='word_1_699' title='bbox 126 5124 470 5199; x_wconf 47' lang='lat' dir='ltr'><strong>uterquehet</strong></span> <span class='ocrx_word' id='word_1_700' title='bbox 511 5124 711 5197; x_wconf 78' lang='lat' dir='ltr'><strong>Regius</strong></span> <span class='ocrx_word' id='word_1_701' title='bbox 737 5124 965 5199; x_wconf 76' lang='lat' dir='ltr'><strong>primus.</strong></span> <span class='ocrx_word' id='word_1_702' title='bbox 1002 5128 1145 5184; x_wconf 85' lang='lat' dir='ltr'><strong>Editi</strong></span> <span class='ocrx_word' id='word_1_703' title='bbox 1188 5124 1362 5183; x_wconf 81' lang='lat' dir='ltr'><strong>Paris.</strong></span> <span class='ocrx_word' id='word_1_704' title='bbox 1416 5129 1614 5199; x_wconf 85' lang='grc' dir='ltr'>βεϐαιῶ</span> <span class='ocrx_word' id='word_1_705' title='bbox 1649 5147 1709 5183; x_wconf 90' lang='grc' dir='ltr'><strong>σε</strong></span> 
     </span>
    </p>
   </div>
   <div class='ocr_carea' id='block_1_95' title="bbox 124 5193 1705 5269">
    <p class='ocr_par' dir='ltr' id='par_1_95' title="bbox 124 5193 1705 5269">
     <span class='ocr_line' id='line_1_95' title="bbox 124 5193 1705 5269; baseline 0.002 -19"><span class='ocrx_word' id='word_1_706' title='bbox 124 5193 312 5269; x_wconf 39' lang='grc' dir='ltr'><strong>κὰγ-(ἑξ.</strong></span> <span class='ocrx_word' id='word_1_707' title='bbox 374 5193 756 5269; x_wconf 59' lang='grc' dir='ltr'>ῌξιειιηοὲιιεὶέ</span> <span class='ocrx_word' id='word_1_708' title='bbox 788 5206 840 5251; x_wconf 88' lang='lat' dir='ltr'><strong>et</strong></span> <span class='ocrx_word' id='word_1_709' title='bbox 883 5196 1235 5269; x_wconf 68' lang='lat' dir='ltr'><strong>Basileenses</strong></span> <span class='ocrx_word' id='word_1_710' title='bbox 1283 5193 1486 5269; x_wconf 77' lang='grc' dir='ltr'>βεϐαιῶ</span> <span class='ocrx_word' id='word_1_711' title='bbox 1530 5199 1705 5268; x_wconf 83' lang='grc' dir='ltr'>κάγώ.</span> 
     </span>
    </p>
   </div>
   <div class='ocr_carea' id='block_1_96' title="bbox 206 5266 1707 5337">
    <p class='ocr_par' dir='ltr' id='par_1_96' title="bbox 206 5266 1707 5337">
     <span class='ocr_line' id='line_1_96' title="bbox 206 5266 1707 5337; baseline 0.001 -16"><span class='ocrx_word' id='word_1_712' title='bbox 206 5266 322 5336; x_wconf 69' lang='grc'><strong>(94)</strong></span> <span class='ocrx_word' id='word_1_713' title='bbox 363 5266 437 5337; x_wconf 73' lang='grc' dir='ltr'><strong>ει</strong></span> <span class='ocrx_word' id='word_1_714' title='bbox 467 5283 521 5318; x_wconf 86' lang='grc' dir='ltr'><strong>τι</strong></span> <span class='ocrx_word' id='word_1_715' title='bbox 565 5268 845 5337; x_wconf 72' lang='grc' dir='ltr'>ἐγεγόνει.</span> <span class='ocrx_word' id='word_1_716' title='bbox 883 5266 961 5321; x_wconf 87' lang='lat' dir='ltr'><strong>Ita</strong></span> <span class='ocrx_word' id='word_1_717' title='bbox 993 5267 1166 5333; x_wconf 78' lang='lat' dir='ltr'><strong>Harl.,</strong></span> <span class='ocrx_word' id='word_1_718' title='bbox 1193 5266 1332 5325; x_wconf 83' lang='lat' dir='ltr'><strong>Med.</strong></span> <span class='ocrx_word' id='word_1_719' title='bbox 1379 5279 1435 5325; x_wconf 84' lang='lat' dir='ltr'><strong>et</strong></span> <span class='ocrx_word' id='word_1_720' title='bbox 1460 5266 1628 5325; x_wconf 73' lang='lat' dir='ltr'><strong>Coisl.</strong></span> <span class='ocrx_word' id='word_1_721' title='bbox 1650 5271 1707 5324; x_wconf 75' lang='grc'><strong>2.</strong></span> 
     </span>
    </p>
   </div>
   <div class='ocr_carea' id='block_1_97' title="bbox 123 5335 1709 5410">
    <p class='ocr_par' dir='ltr' id='par_1_97' title="bbox 123 5335 1709 5410">
     <span class='ocr_line' id='line_1_97' title="bbox 123 5335 1709 5410; baseline 0.003 -22"><span class='ocrx_word' id='word_1_722' title='bbox 123 5335 279 5410; x_wconf 75' lang='lat' dir='ltr'><strong>Editi</strong></span> <span class='ocrx_word' id='word_1_723' title='bbox 308 5336 408 5410; x_wconf 58' lang='grc' dir='ltr'>ἐξ</span> <span class='ocrx_word' id='word_1_724' title='bbox 434 5353 521 5399; x_wconf 85' lang='grc' dir='ltr'><strong>τις</strong></span> <span class='ocrx_word' id='word_1_725' title='bbox 572 5335 831 5410; x_wconf 82' lang='grc' dir='ltr'>ἐγεγόνει.</span> <span class='ocrx_word' id='word_1_726' title='bbox 889 5337 1059 5394; x_wconf 90' lang='lat' dir='ltr'><strong>Paulo</strong></span> <span class='ocrx_word' id='word_1_727' title='bbox 1084 5348 1233 5410; x_wconf 32' lang='lat' dir='ltr'><strong>Apost</strong></span> <span class='ocrx_word' id='word_1_728' title='bbox 1286 5341 1439 5404; x_wconf 90' lang='lat' dir='ltr'><strong>editi,</strong></span> <span class='ocrx_word' id='word_1_729' title='bbox 1472 5341 1535 5394; x_wconf 87' lang='grc' dir='ltr'>Εί</span> <span class='ocrx_word' id='word_1_730' title='bbox 1597 5341 1709 5410; x_wconf 84' lang='grc' dir='ltr'><strong>γὰρ</strong></span> 
     </span>
    </p>
   </div>
   <div class='ocr_carea' id='block_1_98' title="bbox 123 5405 1711 5475">
    <p class='ocr_par' dir='ltr' id='par_1_98' title="bbox 123 5405 1711 5475">
     <span class='ocr_line' id='line_1_98' title="bbox 123 5405 1711 5475; baseline 0.003 -16"><span class='ocrx_word' id='word_1_731' title='bbox 123 5406 338 5475; x_wconf 80' lang='grc' dir='ltr'>ἐχθροί.</span> <span class='ocrx_word' id='word_1_732' title='bbox 375 5405 480 5461; x_wconf 83' lang='lat' dir='ltr'><strong>Sex</strong></span> <span class='ocrx_word' id='word_1_733' title='bbox 516 5422 650 5461; x_wconf 85' lang='lat' dir='ltr'><strong>mss.</strong></span> <span class='ocrx_word' id='word_1_734' title='bbox 684 5423 744 5460; x_wconf 89' lang='lat' dir='ltr'><strong>ut</strong></span> <span class='ocrx_word' id='word_1_735' title='bbox 790 5408 844 5461; x_wconf 94' lang='lat' dir='ltr'><strong>in</strong></span> <span class='ocrx_word' id='word_1_736' title='bbox 879 5416 1051 5463; x_wconf 83' lang='lat' dir='ltr'><strong>textu.</strong></span> <span class='ocrx_word' id='word_1_737' title='bbox 1076 5405 1169 5466; x_wconf 82' lang='lat' dir='ltr'><strong>Sic</strong></span> <span class='ocrx_word' id='word_1_738' title='bbox 1208 5410 1372 5465; x_wconf 89' lang='lat' dir='ltr'><strong>etiam</strong></span> <span class='ocrx_word' id='word_1_739' title='bbox 1416 5410 1584 5466; x_wconf 90' lang='lat' dir='ltr'><strong>editio</strong></span> <span class='ocrx_word' id='word_1_740' title='bbox 1608 5405 1711 5464; x_wconf 76' lang='lat' dir='ltr'><strong>lla-</strong></span> 
     </span>
    </p>
   </div>
   <div class='ocr_carea' id='block_1_99' title="bbox 122 5476 932 5547">
    <p class='ocr_par' dir='ltr' id='par_1_99' title="bbox 122 5476 932 5547">
     <span class='ocr_line' id='line_1_99' title="bbox 122 5476 932 5547; baseline 0.005 -18"><span class='ocrx_word' id='word_1_741' title='bbox 122 5492 260 5547; x_wconf 83' lang='lat' dir='ltr'><strong>gan.</strong></span> <span class='ocrx_word' id='word_1_742' title='bbox 300 5486 353 5530; x_wconf 90' lang='lat' dir='ltr'><strong>et</strong></span> <span class='ocrx_word' id='word_1_743' title='bbox 376 5478 550 5546; x_wconf 87' lang='lat' dir='ltr'><strong>prima</strong></span> <span class='ocrx_word' id='word_1_744' title='bbox 586 5476 932 5547; x_wconf 78' lang='lat' dir='ltr'><strong>Basileeusis.</strong></span> 
     </span>
    </p>
   </div>
   <div class='ocr_carea' id='block_1_100' title="bbox 205 5545 1708 5620">
    <p class='ocr_par' dir='ltr' id='par_1_100' title="bbox 205 5545 1708 5620">
     <span class='ocr_line' id='line_1_100' title="bbox 205 5545 1708 5620; baseline 0.004 -21"><span class='ocrx_word' id='word_1_745' title='bbox 205 5547 318 5618; x_wconf 82' lang='lat'><strong>(95)</strong></span> <span class='ocrx_word' id='word_1_746' title='bbox 350 5545 982 5620; x_wconf 51' lang='lat' dir='ltr'><strong>Katsxsyorilquttoiﬁ</strong></span> <span class='ocrx_word' id='word_1_747' title='bbox 1007 5548 1245 5620; x_wconf 78' lang='grc' dir='ltr'>ἀνδρός.</span> <span class='ocrx_word' id='word_1_748' title='bbox 1291 5549 1371 5605; x_wconf 80' lang='lat' dir='ltr'><strong>Ita</strong></span> <span class='ocrx_word' id='word_1_749' title='bbox 1405 5549 1566 5620; x_wconf 75' lang='lat' dir='ltr'><strong>iide_m</strong></span> <span class='ocrx_word' id='word_1_750' title='bbox 1613 5565 1708 5605; x_wconf 81' lang='lat' dir='ltr'><strong>sex</strong></span> 
     </span>
    </p>
   </div>
   <div class='ocr_carea' id='block_1_101' title="bbox 121 5615 1707 5693">
    <p class='ocr_par' dir='ltr' id='par_1_101' title="bbox 121 5615 1707 5693">
     <span class='ocr_line' id='line_1_101' title="bbox 121 5615 1707 5693; baseline 0.004 -22"><span class='ocrx_word' id='word_1_751' title='bbox 121 5615 268 5671; x_wconf 85' lang='lat' dir='ltr'><strong>mss.</strong></span> <span class='ocrx_word' id='word_1_752' title='bbox 280 5615 307 5679; x_wconf 69' lang='grc'>,⁷</span> <span class='ocrx_word' id='word_1_753' title='bbox 321 5632 525 5693; x_wconf 66' lang='lat' dir='ltr'><strong>nempe</strong></span> <span class='ocrx_word' id='word_1_754' title='bbox 552 5616 736 5693; x_wconf 40' lang='grc' dir='ltr'><strong>μοι-Ι..-</strong></span> <span class='ocrx_word' id='word_1_755' title='bbox 754 5615 1131 5693; x_wconf 56' lang='lat' dir='ltr'><strong>Med.._Coisl.&#39;</strong></span> <span class='ocrx_word' id='word_1_756' title='bbox 1157 5615 1387 5693; x_wconf 82' lang='lat' dir='ltr'><strong>uterque</strong></span> <span class='ocrx_word' id='word_1_757' title='bbox 1415 5629 1470 5675; x_wconf 89' lang='lat' dir='ltr'><strong>et</strong></span> <span class='ocrx_word' id='word_1_758' title='bbox 1504 5617 1707 5692; x_wconf 77' lang='lat' dir='ltr'><strong>Regius</strong></span> 
     </span>
    </p>
   </div>
   <div class='ocr_carea' id='block_1_102' title="bbox 122 5686 993 5759">
    <p class='ocr_par' dir='ltr' id='par_1_102' title="bbox 122 5686 993 5759">
     <span class='ocr_line' id='line_1_102' title="bbox 122 5686 993 5759; baseline 0.002 -17"><span class='ocrx_word' id='word_1_759' title='bbox 122 5695 392 5759; x_wconf 77' lang='lat' dir='ltr'><strong>uterque.</strong></span> <span class='ocrx_word' id='word_1_760' title='bbox 432 5686 574 5740; x_wconf 82' lang='lat' dir='ltr'><strong>Editi</strong></span> <span class='ocrx_word' id='word_1_761' title='bbox 608 5687 751 5759; x_wconf 80' lang='grc' dir='ltr'>κατὰ</span> <span class='ocrx_word' id='word_1_762' title='bbox 780 5687 993 5759; x_wconf 89' lang='grc' dir='ltr'>ἀνδρός.</span> 
     </span>
    </p>
   </div>
   <div class='ocr_carea' id='block_1_103' title="bbox 204 5756 1708 5838">
    <p class='ocr_par' dir='ltr' id='par_1_103' title="bbox 204 5756 1708 5838">
     <span class='ocr_line' id='line_1_103' title="bbox 204 5756 1708 5838; baseline 0.005 -28"><span class='ocrx_word' id='word_1_763' title='bbox 204 5756 322 5838; x_wconf 69' lang='grc' dir='ltr'>(θβ)</span> <span class='ocrx_word' id='word_1_764' title='bbox 368 5756 1052 5838; x_wconf 47' lang='grc' dir='ltr'>ξωφρονίςρημα-γίὸςτρφ.</span> <span class='ocrx_word' id='word_1_765' title='bbox 1110 5758 1183 5838; x_wconf 79' lang='lat' dir='ltr'><strong>Ita</strong></span> <span class='ocrx_word' id='word_1_766' title='bbox 1236 5761 1412 5838; x_wconf 53' lang='lat' dir='ltr'><strong>Har},</strong></span> <span class='ocrx_word' id='word_1_767' title='bbox 1446 5764 1603 5838; x_wconf 66' lang='lat' dir='ltr'><strong>Med.</strong></span> <span class='ocrx_word' id='word_1_768' title='bbox 1652 5770 1708 5819; x_wconf 89' lang='lat' dir='ltr'><strong>et</strong></span> 
     </span>
    </p>
   </div>
   <div class='ocr_carea' id='block_1_104' title="bbox 122 5825 1698 5906">
    <p class='ocr_par' dir='ltr' id='par_1_104' title="bbox 122 5825 1698 5906">
     <span class='ocr_line' id='line_1_104' title="bbox 122 5825 1698 5906; baseline 0.004 -23"><span class='ocrx_word' id='word_1_769' title='bbox 122 5825 310 5883; x_wconf 77' lang='lat' dir='ltr'><strong>Coisl.</strong></span> <span class='ocrx_word' id='word_1_770' title='bbox 336 5825 567 5899; x_wconf 82' lang='lat' dir='ltr'><strong>primus.</strong></span> <span class='ocrx_word' id='word_1_771' title='bbox 598 5825 833 5900; x_wconf 60' lang='lat' dir='ltr'><strong>_Alii&quot;ri§i</strong></span> <span class='ocrx_word' id='word_1_772' title='bbox 864 5825 1031 5901; x_wconf 76' lang='grc' dir='ltr'>αὐτῷ,</span> <span class='ocrx_word' id='word_1_773' title='bbox 1062 5835 1190 5903; x_wconf 82' lang='lat' dir='ltr'><strong>quia</strong></span> <span class='ocrx_word' id='word_1_774' title='bbox 1240 5833 1306 5888; x_wconf 86' lang='lat' dir='ltr'><strong>ad</strong></span> <span class='ocrx_word' id='word_1_775' title='bbox 1334 5825 1698 5906; x_wconf 76' lang='lat' dir='ltr'><strong>SOphronium</strong></span> 
     </span>
    </p>
   </div>
   <div class='ocr_carea' id='block_1_105' title="bbox 1812 4560 3387 4625">
    <p class='ocr_par' dir='ltr' id='par_1_105' title="bbox 1812 4560 3387 4625">
     <span class='ocr_line' id='line_1_105' title="bbox 1812 4560 3387 4625; baseline -0.01 -4"><span class='ocrx_word' id='word_1_776' title='bbox 1812 4573 1874 4621; x_wconf 88' lang='lat' dir='ltr'><strong>ut</strong></span> <span class='ocrx_word' id='word_1_777' title='bbox 1908 4574 1961 4620; x_wconf 92' lang='lat' dir='ltr'><strong>te</strong></span> <span class='ocrx_word' id='word_1_778' title='bbox 1987 4565 2156 4620; x_wconf 90' lang='lat' dir='ltr'><strong>talem</strong></span> <span class='ocrx_word' id='word_1_779' title='bbox 2196 4563 2374 4617; x_wconf 89' lang='lat' dir='ltr'><strong>virum</strong></span> <span class='ocrx_word' id='word_1_780' title='bbox 2409 4561 2747 4625; x_wconf 89' lang='lat' dir='ltr'><strong>adamarem,</strong></span> <span class='ocrx_word' id='word_1_781' title='bbox 2778 4560 2915 4613; x_wconf 86' lang='lat' dir='ltr'><strong>inita</strong></span> <span class='ocrx_word' id='word_1_782' title='bbox 2942 4566 3123 4613; x_wconf 89' lang='lat' dir='ltr'><strong>tamen</strong></span> <span class='ocrx_word' id='word_1_783' title='bbox 3144 4564 3328 4611; x_wconf 86' lang='lat' dir='ltr'><strong>tecum</strong></span> <span class='ocrx_word' id='word_1_784' title='bbox 3355 4568 3387 4607; x_wconf 92' lang='lat' dir='ltr'><strong>a</strong></span> 
     </span>
    </p>
   </div>
   <div class='ocr_carea' id='block_1_106' title="bbox 1810 4648 3383 4728">
    <p class='ocr_par' dir='ltr' id='par_1_106' title="bbox 1810 4648 3383 4728">
     <span class='ocr_line' id='line_1_106' title="bbox 1810 4648 3383 4728; baseline -0.008 -17"><span class='ocrx_word' id='word_1_785' title='bbox 1810 4671 1984 4728; x_wconf 90' lang='lat' dir='ltr'><strong>puero</strong></span> <span class='ocrx_word' id='word_1_786' title='bbox 2009 4654 2352 4711; x_wconf 89' lang='lat' dir='ltr'><strong>consuetudo</strong></span> <span class='ocrx_word' id='word_1_787' title='bbox 2385 4653 2522 4709; x_wconf 90' lang='lat' dir='ltr'><strong>satis</strong></span> <span class='ocrx_word' id='word_1_788' title='bbox 2544 4668 2631 4707; x_wconf 93' lang='lat' dir='ltr'><strong>me</strong></span> <span class='ocrx_word' id='word_1_789' title='bbox 2653 4660 2759 4706; x_wconf 74' lang='lat' dir='ltr'><strong>tua:</strong></span> <span class='ocrx_word' id='word_1_790' title='bbox 2781 4650 3143 4721; x_wconf 85' lang='lat' dir='ltr'><strong>agglutinaret</strong></span> <span class='ocrx_word' id='word_1_791' title='bbox 3168 4648 3383 4700; x_wconf 66' lang='lat' dir='ltr'><strong>animm.</strong></span> 
     </span>
    </p>
   </div>
   <div class='ocr_carea' id='block_1_107' title="bbox 1810 4737 3384 4814">
    <p class='ocr_par' dir='ltr' id='par_1_107' title="bbox 1810 4737 3384 4814">
     <span class='ocr_line' id='line_1_107' title="bbox 1810 4737 3384 4814; baseline -0.008 -13"><span class='ocrx_word' id='word_1_792' title='bbox 1810 4748 2086 4814; x_wconf 87' lang='lat' dir='ltr'><strong>Quantum</strong></span> <span class='ocrx_word' id='word_1_793' title='bbox 2125 4755 2307 4801; x_wconf 89' lang='lat' dir='ltr'><strong>autem</strong></span> <span class='ocrx_word' id='word_1_794' title='bbox 2344 4745 2524 4800; x_wconf 85' lang='lat' dir='ltr'><strong>valeat</strong></span> <span class='ocrx_word' id='word_1_795' title='bbox 2570 4743 2635 4797; x_wconf 88' lang='lat' dir='ltr'><strong>ad</strong></span> <span class='ocrx_word' id='word_1_796' title='bbox 2679 4742 2976 4796; x_wconf 86' lang='lat' dir='ltr'><strong>amicitiam</strong></span> <span class='ocrx_word' id='word_1_797' title='bbox 3012 4737 3384 4802; x_wconf 88' lang='lat' dir='ltr'><strong>consuetudo,</strong></span> 
     </span>
    </p>
   </div>
   <div class='ocr_carea' id='block_1_108' title="bbox 1809 4830 3383 4911">
    <p class='ocr_par' dir='ltr' id='par_1_108' title="bbox 1809 4830 3383 4911">
     <span class='ocr_line' id='line_1_108' title="bbox 1809 4830 3383 4911; baseline -0.006 -16"><span class='ocrx_word' id='word_1_798' title='bbox 1809 4840 1958 4895; x_wconf 87' lang='lat' dir='ltr'><strong>haud</strong></span> <span class='ocrx_word' id='word_1_799' title='bbox 1986 4840 2228 4911; x_wconf 86' lang='lat' dir='ltr'><strong>ignoras.</strong></span> <span class='ocrx_word' id='word_1_800' title='bbox 2262 4837 2418 4904; x_wconf 87' lang='lat' dir='ltr'><strong>Quod</strong></span> <span class='ocrx_word' id='word_1_801' title='bbox 2445 4836 2491 4892; x_wconf 90' lang='lat' dir='ltr'><strong>si</strong></span> <span class='ocrx_word' id='word_1_802' title='bbox 2521 4836 2661 4890; x_wconf 88' lang='lat' dir='ltr'><strong>nihil</strong></span> <span class='ocrx_word' id='word_1_803' title='bbox 2707 4833 2939 4889; x_wconf 83' lang='lat' dir='ltr'><strong>exhibeo</strong></span> <span class='ocrx_word' id='word_1_804' title='bbox 2968 4832 3072 4886; x_wconf 84' lang='lat' dir='ltr'><strong>hac</strong></span> <span class='ocrx_word' id='word_1_805' title='bbox 3097 4830 3383 4885; x_wconf 81' lang='lat' dir='ltr'><strong>voluntate</strong></span> 
     </span>
    </p>
   </div>
   <div class='ocr_carea' id='block_1_109' title="bbox 1810 4918 3388 5005">
    <p class='ocr_par' dir='ltr' id='par_1_109' title="bbox 1810 4918 3388 5005">
     <span class='ocr_line' id='line_1_109' title="bbox 1810 4918 3388 5005; baseline -0.004 -19"><span class='ocrx_word' id='word_1_806' title='bbox 1810 4932 2058 5003; x_wconf 89' lang='lat' dir='ltr'><strong>dignum,</strong></span> <span class='ocrx_word' id='word_1_807' title='bbox 2082 4931 2149 4985; x_wconf 85' lang='lat' dir='ltr'><strong>da</strong></span> <span class='ocrx_word' id='word_1_808' title='bbox 2176 4930 2392 4985; x_wconf 88' lang='lat' dir='ltr'><strong>veniam</strong></span> <span class='ocrx_word' id='word_1_809' title='bbox 2425 4943 2557 4983; x_wconf 60' lang='lat' dir='ltr'><strong>mea:</strong></span> <span class='ocrx_word' id='word_1_810' title='bbox 2587 4925 2968 4982; x_wconf 87' lang='lat' dir='ltr'><strong>imbecillitati.</strong></span> <span class='ocrx_word' id='word_1_811' title='bbox 3004 4925 3191 4994; x_wconf 87' lang='lat' dir='ltr'><strong>Neque</strong></span> <span class='ocrx_word' id='word_1_812' title='bbox 3237 4918 3388 5005; x_wconf 81' lang='lat' dir='ltr'><strong>enim</strong></span> 
     </span>
    </p>
   </div>
   <div class='ocr_carea' id='block_1_110' title="bbox 1808 5060 3388 5189">
    <p class='ocr_par' dir='ltr' id='par_1_110' title="bbox 1808 5060 3388 5189">
     <span class='ocr_line' id='line_1_110' title="bbox 1809 5060 3388 5134; baseline -0.001 -16"><span class='ocrx_word' id='word_1_813' title='bbox 1809 5072 2165 5132; x_wconf 70' lang='lat' dir='ltr'><strong>praecesserat</strong></span> <span class='ocrx_word' id='word_1_814' title='bbox 2208 5064 2459 5134; x_wconf 84' lang='lat' dir='ltr'><strong>epistola.</strong></span> <span class='ocrx_word' id='word_1_815' title='bbox 2494 5060 2639 5119; x_wconf 90' lang='lat' dir='ltr'><strong>Editi</strong></span> <span class='ocrx_word' id='word_1_816' title='bbox 2680 5061 2759 5133; x_wconf 84' lang='grc' dir='ltr'>τῷ</span> <span class='ocrx_word' id='word_1_817' title='bbox 2816 5063 2961 5133; x_wconf 83' lang='grc' dir='ltr'>αὐτῷ</span> <span class='ocrx_word' id='word_1_818' title='bbox 3000 5063 3089 5117; x_wconf 84' lang='grc' dir='ltr'>διὰ</span> <span class='ocrx_word' id='word_1_819' title='bbox 3136 5061 3388 5134; x_wconf 80' lang='grc' dir='ltr'>διαϐολὴν</span> 
     </span>
     <span class='ocr_line' id='line_1_111' title="bbox 1808 5133 3174 5189; baseline -0.003 0"><span class='ocrx_word' id='word_1_820' title='bbox 1808 5134 2021 5189; x_wconf 86' lang='grc' dir='ltr'>ἐαυτοῦ.</span> <span class='ocrx_word' id='word_1_821' title='bbox 2055 5133 2241 5188; x_wconf 87' lang='lat' dir='ltr'><strong>Eidem</strong></span> <span class='ocrx_word' id='word_1_822' title='bbox 2269 5134 2331 5189; x_wconf 90' lang='lat' dir='ltr'><strong>ob</strong></span> <span class='ocrx_word' id='word_1_823' title='bbox 2360 5133 2681 5187; x_wconf 86' lang='lat' dir='ltr'><strong>calumniam</strong></span> <span class='ocrx_word' id='word_1_824' title='bbox 2711 5133 2811 5187; x_wconf 87' lang='lat' dir='ltr'><strong>sibi</strong></span> <span class='ocrx_word' id='word_1_825' title='bbox 2838 5134 3174 5187; x_wconf 86' lang='lat' dir='ltr'><strong>instructam.</strong></span> 
     </span>
    </p>
   </div>
   <div class='ocr_carea' id='block_1_111' title="bbox 1873 5144 3388 5275">
    <p class='ocr_par' dir='ltr' id='par_1_111' title="bbox 1873 5144 3388 5275">
     <span class='ocr_line' id='line_1_112' title="bbox 1873 5144 3174 5198; baseline -0.001 -12"><span class='ocrx_word' id='word_1_826' title='bbox 1873 5151 2021 5198; x_wconf 87' lang='grc' dir='ltr'>υτου,</span> <span class='ocrx_word' id='word_1_827' title='bbox 2055 5144 2241 5188; x_wconf 72' lang='lat' dir='ltr'><strong>Eidem</strong></span> <span class='ocrx_word' id='word_1_828' title='bbox 2269 5144 2331 5189; x_wconf 81' lang='lat' dir='ltr'><strong>ob</strong></span> <span class='ocrx_word' id='word_1_829' title='bbox 2360 5144 2681 5187; x_wconf 85' lang='lat' dir='ltr'><strong>calumniam</strong></span> <span class='ocrx_word' id='word_1_830' title='bbox 2711 5144 2811 5187; x_wconf 78' lang='lat' dir='ltr'><strong>sibi</strong></span> <span class='ocrx_word' id='word_1_831' title='bbox 2838 5144 3174 5187; x_wconf 75' lang='lat' dir='ltr'><strong>instructam.</strong></span> 
     </span>
     <span class='ocr_line' id='line_1_113' title="bbox 1881 5198 3388 5275; baseline -0.003 -17"><span class='ocrx_word' id='word_1_832' title='bbox 1881 5203 1991 5275; x_wconf 88' lang='lat'><strong>(97)</strong></span> <span class='ocrx_word' id='word_1_833' title='bbox 2048 5205 2373 5269; x_wconf 82' lang='grc' dir='ltr'>Ἀκτίακος.</span> <span class='ocrx_word' id='word_1_834' title='bbox 2416 5202 2490 5275; x_wconf 67' lang='lat' dir='ltr'><strong>Ita</strong></span> <span class='ocrx_word' id='word_1_835' title='bbox 2523 5201 2699 5267; x_wconf 82' lang='lat' dir='ltr'><strong>llarl.,</strong></span> <span class='ocrx_word' id='word_1_836' title='bbox 2735 5203 2902 5275; x_wconf 63' lang='lat' dir='ltr'><strong>Cgisl.</strong></span> <span class='ocrx_word' id='word_1_837' title='bbox 2952 5204 3184 5275; x_wconf 74' lang='lat' dir='ltr'><strong>primus,</strong></span> <span class='ocrx_word' id='word_1_838' title='bbox 3221 5198 3388 5275; x_wconf 63' lang='lat' dir='ltr'><strong>Med,</strong></span> 
     </span>
    </p>
   </div>
   <div class='ocr_carea' id='block_1_112' title="bbox 1809 5271 3392 5344">
    <p class='ocr_par' dir='ltr' id='par_1_112' title="bbox 1809 5271 3392 5344">
     <span class='ocr_line' id='line_1_114' title="bbox 1809 5271 3392 5344; baseline -0.003 -15"><span class='ocrx_word' id='word_1_839' title='bbox 1809 5271 2114 5344; x_wconf 50' lang='lat' dir='ltr'><strong>Vat.,&#39;Reg.</strong></span> <span class='ocrx_word' id='word_1_840' title='bbox 2154 5275 2384 5342; x_wconf 87' lang='lat' dir='ltr'><strong>primus,</strong></span> <span class='ocrx_word' id='word_1_841' title='bbox 2413 5272 2653 5327; x_wconf 89' lang='lat' dir='ltr'><strong>Clarom.</strong></span> <span class='ocrx_word' id='word_1_842' title='bbox 2688 5286 2758 5344; x_wconf 79' lang='lat' dir='ltr'><strong>et_</strong></span> <span class='ocrx_word' id='word_1_843' title='bbox 2771 5271 2969 5341; x_wconf 43' lang='lat' dir='ltr'><strong>Bigut.‘</strong></span> <span class='ocrx_word' id='word_1_844' title='bbox 2998 5272 3392 5344; x_wconf 41' lang='grc' dir='ltr'><strong>[θείων-Ἀκο-</strong></span> 
     </span>
    </p>
   </div>
   <div class='ocr_carea' id='block_1_113' title="bbox 1807 5341 3388 5411">
    <p class='ocr_par' dir='ltr' id='par_1_113' title="bbox 1807 5341 3388 5411">
     <span class='ocr_line' id='line_1_115' title="bbox 1807 5341 3388 5411; baseline -0.002 -12"><span class='ocrx_word' id='word_1_845' title='bbox 1807 5345 1986 5407; x_wconf 86' lang='grc' dir='ltr'>τιανός</span> <span class='ocrx_word' id='word_1_846' title='bbox 2029 5341 2087 5398; x_wconf 80' lang='lat' dir='ltr'><strong>iri</strong></span> <span class='ocrx_word' id='word_1_847' title='bbox 2118 5341 2239 5399; x_wconf 89' lang='lat' dir='ltr'><strong>aliis</strong></span> <span class='ocrx_word' id='word_1_848' title='bbox 2270 5344 2470 5406; x_wconf 90' lang='lat' dir='ltr'><strong>tribus,</strong></span> <span class='ocrx_word' id='word_1_849' title='bbox 2508 5358 2702 5411; x_wconf 87' lang='lat' dir='ltr'><strong>nempe</strong></span> <span class='ocrx_word' id='word_1_850' title='bbox 2731 5342 2862 5411; x_wconf 83' lang='lat' dir='ltr'><strong>Reg.</strong></span> <span class='ocrx_word' id='word_1_851' title='bbox 2903 5341 3167 5409; x_wconf 86' lang='lat' dir='ltr'><strong>secundo,</strong></span> <span class='ocrx_word' id='word_1_852' title='bbox 3213 5341 3388 5397; x_wconf 87' lang='lat' dir='ltr'><strong>Coisl.</strong></span> 
     </span>
    </p>
   </div>
   <div class='ocr_carea' id='block_1_114' title="bbox 1809 5412 3136 5476">
    <p class='ocr_par' dir='ltr' id='par_1_114' title="bbox 1809 5412 3136 5476">
     <span class='ocr_line' id='line_1_116' title="bbox 1809 5412 3136 5476; baseline -0.005 -5"><span class='ocrx_word' id='word_1_853' title='bbox 1809 5414 2050 5471; x_wconf 88' lang='lat' dir='ltr'><strong>secundo</strong></span> <span class='ocrx_word' id='word_1_854' title='bbox 2080 5422 2133 5468; x_wconf 92' lang='lat' dir='ltr'><strong>et</strong></span> <span class='ocrx_word' id='word_1_855' title='bbox 2163 5413 2339 5468; x_wconf 84' lang='lat' dir='ltr'><strong>Paris.</strong></span> <span class='ocrx_word' id='word_1_856' title='bbox 2364 5412 2508 5468; x_wconf 88' lang='lat' dir='ltr'><strong>Editi</strong></span> <span class='ocrx_word' id='word_1_857' title='bbox 2541 5412 2811 5468; x_wconf 83' lang='lat' dir='ltr'><strong>habebant</strong></span> <span class='ocrx_word' id='word_1_858' title='bbox 2844 5412 3136 5476; x_wconf 83' lang='grc' dir='ltr'>Ἀντίοχος.</span> 
     </span>
    </p>
   </div>
   <div class='ocr_carea' id='block_1_115' title="bbox 1808 5478 3393 5609">
    <p class='ocr_par' dir='ltr' id='par_1_115' title="bbox 1808 5478 3393 5609">
     <span class='ocr_line' id='line_1_117' title="bbox 1808 5478 3393 5609; baseline -0.001 -71"><span class='ocrx_word' id='word_1_859' title='bbox 1808 5484 1986 5609; x_wconf 51' lang='grc' dir='ltr'><strong>οὗξξῗ)</strong></span> <span class='ocrx_word' id='word_1_860' title='bbox 2020 5484 2218 5595; x_wconf 66' lang='grc' dir='ltr'>Οὕτως</span> <span class='ocrx_word' id='word_1_861' title='bbox 2245 5483 2435 5538; x_wconf 80' lang='grc' dir='ltr'>αὐτοι.</span> <span class='ocrx_word' id='word_1_862' title='bbox 2486 5482 2653 5539; x_wconf 87' lang='lat' dir='ltr'><strong>Coisl.</strong></span> <span class='ocrx_word' id='word_1_863' title='bbox 2686 5485 2897 5553; x_wconf 88' lang='lat' dir='ltr'><strong>primus</strong></span> <span class='ocrx_word' id='word_1_864' title='bbox 2934 5492 2989 5538; x_wconf 89' lang='lat' dir='ltr'><strong>et</strong></span> <span class='ocrx_word' id='word_1_865' title='bbox 3024 5478 3192 5536; x_wconf 54' lang='lat' dir='ltr'><strong>&quot;Harl.</strong></span> <span class='ocrx_word' id='word_1_866' title='bbox 3218 5478 3393 5548; x_wconf 74' lang='grc' dir='ltr'>οὕτως</span> 
     </span>
    </p>
   </div>
   <div class='ocr_carea' id='block_1_116' title="bbox 1879 5595 3417 5707">
    <p class='ocr_par' dir='ltr' id='par_1_116' title="bbox 1879 5595 3417 5707">
     <span class='ocr_line' id='line_1_118' title="bbox 1879 5595 3417 5707; baseline -0.001 -28"><span class='ocrx_word' id='word_1_867' title='bbox 1879 5595 2498 5707; x_wconf 53' lang='grc' dir='ltr'>ξᾷξλῌαραδέξασθαι.</span> <span class='ocrx_word' id='word_1_868' title='bbox 2537 5622 2707 5707; x_wconf 59' lang='grc' dir='ltr'><strong>ροίξι.</strong></span> <span class='ocrx_word' id='word_1_869' title='bbox 2764 5623 2975 5707; x_wconf 70' lang='lat' dir='ltr'><strong>primus</strong></span> <span class='ocrx_word' id='word_1_870' title='bbox 3004 5622 3388 5707; x_wconf 61' lang='grc' dir='ltr'>ἀναδέξασθαι.</span> <span class='ocrx_word' id='word_1_871' title='bbox 3400 5676 3417 5707; x_wconf 39' lang='grc' dir='ltr'>δ</span> 
     </span>
    </p>
   </div>
   <div class='ocr_carea' id='block_1_117' title="bbox 1879 5693 3389 5773">
    <p class='ocr_par' dir='ltr' id='par_1_117' title="bbox 1879 5693 3389 5773">
     <span class='ocr_line' id='line_1_119' title="bbox 1879 5693 3389 5773; baseline -0.001 -24"><span class='ocrx_word' id='word_1_872' title='bbox 1879 5693 2493 5773; x_wconf 28' lang='grc' dir='ltr'><strong>(Ιχ-’ξΟσΨ-δὶρχαξαι..</strong></span> <span class='ocrx_word' id='word_1_873' title='bbox 2537 5693 2793 5773; x_wconf 50' lang='grc' dir='ltr'>ῌετιηει</span> <span class='ocrx_word' id='word_1_874' title='bbox 2833 5693 2973 5749; x_wconf 85' lang='lat' dir='ltr'><strong>Med.</strong></span> <span class='ocrx_word' id='word_1_875' title='bbox 3002 5694 3103 5773; x_wconf 71' lang='grc' dir='ltr'><strong>ὅσα</strong></span> <span class='ocrx_word' id='word_1_876' title='bbox 3142 5694 3389 5773; x_wconf 64' lang='grc' dir='ltr'>δύναται,</span> 
     </span>
    </p>
   </div>
   <div class='ocr_carea' id='block_1_118' title="bbox 1808 5761 3384 5893">
    <p class='ocr_par' dir='ltr' id='par_1_118' title="bbox 1808 5761 3384 5893">
     <span class='ocr_line' id='line_1_120' title="bbox 1808 5761 3384 5893; baseline -0.003 -71"><span class='ocrx_word' id='word_1_877' title='bbox 1808 5761 2086 5893; x_wconf 47' lang='grc' dir='ltr'>Βδέἰῇξίεε</span> <span class='ocrx_word' id='word_1_878' title='bbox 2123 5764 2427 5825; x_wconf 76' lang='lat' dir='ltr'><strong>CCCXXX.</strong></span> <span class='ocrx_word' id='word_1_879' title='bbox 2460 5766 2677 5837; x_wconf 88' lang='lat' dir='ltr'><strong>Scripta</strong></span> <span class='ocrx_word' id='word_1_880' title='bbox 2705 5763 2763 5821; x_wconf 89' lang='lat' dir='ltr'><strong>in</strong></span> <span class='ocrx_word' id='word_1_881' title='bbox 2810 5766 3105 5836; x_wconf 80' lang='lat' dir='ltr'><strong>postremis</strong></span> <span class='ocrx_word' id='word_1_882' title='bbox 3132 5765 3292 5822; x_wconf 88' lang='lat' dir='ltr'><strong>annis</strong></span> <span class='ocrx_word' id='word_1_883' title='bbox 3325 5761 3384 5842; x_wconf 71' lang='lat' dir='ltr'><strong>S,‘</strong></span> 
     </span>
    </p>
   </div>
  </div>
