3852 6224
497 373 633 432 10οἹ

1832 373 1894 429 S.
1935 372 2179 429 BASILII
2222 373 2440 429 MAGNI

3610 379 3759 435 1008

490 498 609 566 ipse
632 507 772 565 Opus
801 508 832 549 a
854 507 943 549 me
966 493 1023 547 in
1052 492 1310 548 amicitiae
1339 493 1618 564 specimen
1643 495 1900 566 exquires
1926 514 1940 549 :
1965 493 2061 550 sed

2177 496 2325 568 ἔργον
2357 497 2485 567 παρ’
2522 494 2655 568 ἐμοῦ
2687 497 2767 559 είς
2800 495 3071 563 ἀπόδειξιν
3105 496 3202 567 τῆς
3240 494 3451 558 εὐνοίας
3481 493 3757 567 ἐπιζητή-

487 586 829 649 voluntatem
875 584 1128 639 videlicet
1176 584 1383 654 optima
1422 599 1653 655 quaeque
1684 583 1783 640 tibi
1833 600 2064 657 precan-

488 686 620 735 tem.
645 676 805 732 Absit
833 676 980 732 enim
1007 683 1065 730 ut
1096 674 1391 746 aliquando
1423 691 1510 732 res
1541 685 1648 732 tuae
1677 692 1742 732 eo
1771 693 1949 749 usque
1969 678 2063 734 de-

485 770 815 839 primantur,
844 775 905 824 ut
942 768 1078 823 adeo
1121 768 1393 831 tenuium,
1430 769 1611 838 qualis
1637 785 1740 842 ego
1783 786 1930 836 sum,
1964 771 2060 826 be-

485 860 687 916 neﬁcio
722 874 905 931 egeas.

554 950 611 1006 2.
653 949 939 1019 Quomodo
977 950 1145 1022 igitur
1176 965 1278 1022 ego
1312 961 1506 1005 contra
1537 960 1590 1007 te
1615 950 1856 1006 dicerem
1897 952 2062 1023 quid-

483 1056 648 1113 quam
675 1048 769 1105 aut
797 1039 1029 1094 facerem
1053 1040 1107 1093 in
1139 1038 1435 1096 Memnonii
1459 1041 1720 1112 negotio?
1749 1040 1876 1097 Haec
1904 1043 2051 1097 enim

484 1135 620 1189 mihi
651 1132 896 1188 narravit
926 1131 1214 1186 diaconus.
1246 1132 1531 1198 Quomodo
1565 1132 1925 1189 familiaritati
1953 1143 2062 1188 tuae

486 1225 724 1297 Hymetii
759 1238 891 1295 opes
941 1224 1402 1293 anteposuissem,
1439 1224 1683 1281 hominis
1715 1226 1792 1279 ita
1831 1225 2060 1297 prodige

483 1334 599 1374 rem
642 1332 796 1372 suam
839 1316 1222 1372 absumentis?
1267 1315 1521 1372 Profecto
1566 1317 1704 1372 nihil
1737 1317 1932 1372 horum
1967 1333 2062 1371 ve-

485 1425 606 1464 rum
649 1416 735 1463 est
764 1428 776 1462 :
808 1423 990 1476 neque
1018 1407 1157 1473 dixi,
1190 1423 1368 1479 neque
1401 1407 1503 1464 feci
1531 1409 1829 1479 quidquam
1861 1417 2056 1465 contra

483 1508 557 1557 te.
594 1500 761 1571 [.19
790 1499 928 1553 Illud
978 1509 1158 1555 autem
1212 1499 1448 1557 fortasse
1508 1502 1853 1557 occasionem
1901 1502 2055 1557 dedit

481 1594 898 1657 mentientibus,
925 1592 1073 1661 quod
1103 1607 1132 1645 a
1157 1608 1243 1647 me
1266 1593 1549 1647 nonnullis
1582 1592 2051 1648 tumultuantibus

484 1681 694 1737 dictum
727 1691 813 1736 est
848 1701 860 1736 :
892 1679 951 1735 Si
1006 1681 1195 1735 statuit
1225 1683 1316 1737 ille
1358 1682 1443 1735 vir
1472 1682 1541 1737 ad
1583 1697 1723 1753 opus
1757 1683 2062 1753 perducere

486 1771 776 1828 consilium
808 1785 992 1833 suum,
1026 1771 1141 1824 sive
1167 1770 1596 1835 tumultuemini,
1621 1772 1738 1827 sive
1768 1788 1900 1837 non,
1929 1772 2061 1829 [ient

2168 588 2401 658 σεις(2)·
2434 588 2571 642 ἀλλά
2603 588 2921 659 προαίρεσιν
2964 587 3203 659 δηλονότι
3251 586 3319 639 τά
3356 586 3612 657 βέλτιστά
3672 603 3760 639 σοι

2167 681 2588 752 συνευχομένην.
2629 682 2721 752 Μὴ
2754 681 2863 751 γάρ
2890 697 3019 733 ποτε
3063 682 3143 743 είς
3169 678 3329 732 τοῦτο
3371 679 3654 749 καταϐαίη
3687 678 3761 732 τὰ

2167 773 2254 838 σά,
2284 772 2425 825 ὥστε
2450 773 2548 843 τῆς
2570 772 2721 844 παρά
2762 772 2870 825 τῶν
2899 771 3041 825 οὕτω
3072 772 3302 845 μικρῶν,
3354 772 3535 834 ὁποῖος
3583 772 3763 834 αὑτός

2164 862 2301 932 εἰμι,
2330 859 2653 931 εὐεργεσίας
2680 858 3100 931 προσδεηθῆναι.

2234 952 2287 1002 2.
2313 947 2449 1011 ’Πῶς
2482 946 2574 1001 οὖν
2604 947 2828 1019 ἔμελλον
2859 946 2970 1015 ἐγὼ
2996 948 3313 1003 ὑπεναντίον
3340 949 3394 1002 τί
3421 966 3502 1002 σοι
3541 950 3761 1018 λέγειν,

2162 1041 2197 1113 ἦ
2253 1041 2515 1113 πράττειν
2586 1043 2645 1094 ἐν
2696 1042 2810 1104 τοῖς
2861 1038 3005 1092 κατὰ
3056 1042 3359 1111 Μεμνόνιον
3424 1041 3761 1113 πράγμασις

2164 1132 2349 1187 Ταῦτα
2388 1133 2496 1204 γάρ
2538 1149 2627 1203 μοι
2655 1130 2991 1203 ἀπήγγειλεν
3024 1133 3052 1185 ὁ
3079 1131 3344 1197 διάκονος.
3392 1133 3515 1196 Πῶς
3548 1133 3609 1187 δὲ
3652 1134 3762 1204 τὴν

2175 1222 2438 1295 Ὑμητίου
2478 1224 2556 1295 (5)
2598 1223 2856 1294 εὐπορίαν
2902 1223 3303 1295 προτιμοτέραν
3342 1223 3603 1294 ἐτιθέμην
3650 1225 3758 1293 τῆς

2166 1316 2265 1386 σῆς
2316 1313 2642 1379 οἱκειώσεως
2689 1312 2791 1384 (4),
2830 1313 3023 1384 ἀνδρὸς
3063 1311 3207 1366 οὑτω
3267 1314 3619 1376 δαπανῶντος
3652 1314 3760 1382 τὴν

2162 1406 2381 1470 οὑσίαν;
2439 1405 2577 1459 Ἀλλ’
2622 1405 2723 1459 οὐκ
2760 1404 2876 1458 ἐστι
2922 1404 3127 1458 τούτων
3168 1404 3319 1458 οὐδὲν
3354 1404 3586 1474 ἀληθέςο
3622 1405 3757 1457 οὗτε

2160 1514 2214 1550 τι
2246 1496 2461 1570 εἴρηται
2500 1496 2629 1569 παρ’
2676 1495 2834 1567 ἐμοῦ,
2872 1493 2994 1548 οὔτε
3042 1495 3357 1567 πέπρακται
3394 1495 3754 1549 ὑπεναντίον.

2175 1588 2381 1641 Ἐκεῖνο
2419 1588 2477 1642 δέ
2506 1587 2635 1651 ἴσως
2662 1585 2919 1657 ἀφορμὴν
2948 1585 3116 1638 ἔδωκε
3166 1588 3279 1649 τοῖς
3330 1585 3399 1638 τά
3435 1584 3609 1655 ψευδῆ
3660 1586 3759 1636 λέ-

2162 1696 2339 1750 γουσι,
2383 1679 2444 1732 τὸ
2497 1680 2627 1750 παρ’
2662 1677 2796 1749 ἐμοῦ
2838 1676 2974 1748 πρὸς
3000 1677 3151 1741 τινὰς
3199 1677 3307 1731 τῶν
3369 1675 3759 1748 θορυϐούντων

2162 1772 2384 1842 λεχθέν’
2437 1772 2541 1835 ὅτι,
2598 1770 2661 1823 Εἰ
2703 1770 2801 1841 μὲν
2850 1767 3173 1840 προείρηται
3213 1770 3293 1832 εἰς
3320 1767 3479 1838 ἔργον
3514 1767 3758 1834 ἀγαγεῖν

482 1862 750 1936 proiecto,
775 1869 829 1916 et
853 1861 1207 1931 loquentibus
1228 1861 1385 1916 vobis
1412 1868 1468 1916 et
1495 1862 1826 1926 tacentibus,
1857 1863 2059 1916 nihilo-

2177 1864 2257 1935 ςὴν
2303 1862 2498 1918 ἐαυτοῦ
2546 1862 2774 1933 γνώμην
2818 1862 2849 1914 ὁ
2888 1858 3205 1930 ἄνθρωπος,
3255 1859 3359 1913 κᾶν
3404 1857 3757 1929 θορυϐήσητε

482 1955 664 2010 minus
707 1968 830 2023 quae
868 1953 973 2008 sibi
1021 1953 1296 2022 proponit.
1351 1953 1448 2007 Sin
1486 1961 1669 2007 autem
1718 1956 2052 2009 sententiam

480 2047 797 2110 mutaverit,
828 2052 1016 2100 cavete
1039 2044 1342 2114 deturpetis
1369 2046 1740 2101 venerandum
1766 2046 1928 2099 amici
1950 2061 2053 2100 no-

484 2139 588 2195 stri
619 2153 816 2193 nomen
847 2155 861 2192 :
895 2137 1073 2207 neque
1104 2137 1208 2191 sub
1246 2138 1429 2207 specie
1472 2137 1643 2193 studii
1680 2139 1735 2192 in
1765 2140 2059 2208 patronum

482 2237 750 2293 vestrum,
776 2228 935 2283 vobis
966 2228 1179 2282 lucrum
1207 2243 1304 2298 per
1335 2234 1575 2284 terrores
1607 2243 1671 2283 ac
1692 2228 1892 2293 minas,
1920 2242 2059 2298 quas

480 2320 793 2384 intentatis,
843 2325 1179 2388 comparate.
1226 2318 1307 2373 Ad
1342 2318 1478 2373 illud
1522 2328 1704 2374 autem
1748 2320 1845 2390 qui
1888 2326 2060 2375 testa-

481 2424 662 2474 menta
690 2416 1041 2486 conscripsit,
1072 2429 1251 2483 neque
1281 2428 1379 2484 per
1417 2428 1504 2469 me
1537 2429 1716 2485 neque
1759 2430 1857 2486 per
1886 2414 2057 2469 alium

480 2513 548 2568 de
573 2513 677 2565 hoc
708 2507 928 2580 negotio
973 2521 1226 2577 magnum
1270 2506 1522 2563 minusve
1562 2506 1865 2577 quidquam
1896 2507 2059 2562 locu-

481 2612 568 2661 tus
601 2617 743 2659 sum.

548 2863 601 2918 Ξ.
642 2860 832 2917 Fidem
858 2867 1041 2915 autem
1068 2856 1156 2913 bis
1176 2871 1287 2912 non
1314 2855 1482 2913 debes
1506 2856 1806 2928 denegare,
1835 2856 1949 2912 nisi
1973 2871 2060 2911 me

480 2953 705 3010 omnino
738 2952 1091 3021 desperatum
1121 2963 1246 3004 esse
1279 2954 1463 3018 putes,
1495 2963 1559 3003 ac
1601 2963 1859 3019 magnum
1898 2963 2059 3003 men-

480 3045 623 3101 dacii
663 3058 948 3116 peccatum
978 3040 1390 3112 parvipendere.
1427 3040 1537 3095 Sed
1563 3042 1792 3096 omnino
1820 3040 1956 3096 mihi
2005 3048 2061 3096 et

480 3143 548 3196 de
581 3141 685 3195 hoc
740 3137 960 3208 negotio
999 3137 1371 3206 suspicionem
1413 3135 1653 3201 remitte,
1705 3144 1761 3192 et
1797 3136 1854 3190 in
1883 3143 2062 3207 poste-

482 3250 600 3290 rum
633 3231 907 3287 calumnia
937 3228 1085 3283 omni
1116 3228 1379 3298 majorem
1405 3228 1661 3282 existima
1696 3242 1873 3282 meam
1913 3227 1971 3282 in
2003 3235 2059 3281 te

480 3326 647 3381 animi
700 3321 1044 3377 affectionem
1094 3334 1207 3375 :ac
1258 3318 1479 3374 imitare
1525 3318 1919 3383 Alexandrum,
1965 3319 2060 3389 qui

479 3433 604 3474 cum
651 3416 946 3486 epistolam
996 3418 1189 3466 contra
1236 3411 1513 3465 medicum
1574 3417 1634 3464 ut
1675 3409 2060 3465 insidiatorem

481 3511 803 3579 accepisset,
856 3513 1021 3575 atque
1069 3505 1174 3558 hoc
1212 3503 1333 3573 ipso
1378 3510 1625 3571 tempore
1676 3500 2059 3556 medicamen-

481 3612 595 3658 tum
621 3600 689 3655 ad
719 3598 1014 3654 bibendum
1047 3602 1309 3660 sumeret,
1342 3601 1555 3647 tantum
1598 3591 1773 3647 abfuit
1803 3600 1862 3646 ut
1897 3591 2059 3647 ﬁdem

481 3694 764 3750 adhiberet
796 3687 1178 3751 calumnianti,
1214 3695 1274 3741 ut
1311 3686 1474 3741 simul
1510 3685 1718 3756 legeret
1744 3685 2057 3755 epistolam,

480 3794 534 3842 et
563 3785 842 3856 potionem
875 3783 1104 3837 biberet.
1138 3778 1299 3833 Nullo
1329 3779 1476 3833 enim
1502 3794 1571 3833 ex
1610 3778 1703 3842 iis,
1734 3777 1831 3848 qui
1862 3778 2058 3832 amici-

481 3878 569 3932 tiae
603 3875 761 3930 laude
795 3872 1024 3944 spectati
1051 3878 1202 3934 sunt,
1241 3867 1622 3938 ignobiliorem
1658 3881 1744 3921 me
1779 3881 1903 3921 esse
1933 3882 2062 3936 pro-

482 3971 661 4034 ﬁteor,
687 3969 955 4039 siquidem
990 3978 1271 4034 nunquam
1298 3962 1355 4015 in
1396 3960 1640 4014 amicitia
1672 3974 1939 4030 peccasse
1966 3959 2062 4014 de—

483 4062 789 4133 prehensus
820 4074 964 4123 sum,
991 4072 1054 4110 ac
1082 4063 1347 4125 praeterea
1369 4066 1400 4105 a
1431 4050 1543 4106 Deo
1578 4065 1700 4105 meo
1736 4050 2057 4104 mandatum

481 4154 769 4210 charitatis
804 4150 985 4220 accepi
1016 4169 1028 4203 :
1065 4148 1227 4216 cujus
1255 4143 1352 4199 tibi
1388 4159 1508 4199 sum
1553 4142 1790 4207 debitor,
1825 4158 1935 4196 non
1976 4157 2062 4197 so-

481 4252 593 4303 lum
635 4246 705 4301 ob
736 4257 1083 4301 communem
1118 4239 1401 4294 hominum
1433 4243 1714 4300 naturam,
1768 4233 1863 4290 sed
1894 4235 2062 4289 etiam

482 4342 613 4412 quia
635 4338 890 4412 privatim
920 4344 977 4390 te
1012 4343 1127 4388 tum
1154 4332 1210 4386 in
1252 4346 1360 4395 me,
1395 4337 1511 4383 tum
1536 4328 1594 4383 in
1622 4329 1858 4398 patriam
1890 4328 2062 4383 bene-

483 4432 646 4488 ﬁcum
679 4442 940 4500 agnosco.

888 4554 1228 4615 EPISTOLA
1265 4552 1571 4610 CCLXXI“
1597 4554 1638 4607 '.

2163 1957 2341 2027 ὑμεῖς,
2389 1955 2493 2009 κᾶν
2552 1954 2648 2026 μὴ,
2693 1955 2983 2024 γενήσεται
3037 1954 3255 2015 πάντως
3295 1950 3391 2003 καὶ
3440 1949 3757 2002 λαλούντων

2161 2048 2315 2119 ὑμῶν
2341 2049 2436 2102 καὶ
2463 2046 2793 2101 σιωπώντων
2829 2047 2981 2100 οὐδὲν
3006 2041 3168 2118 ἦττον
3197 2044 3265 2097 τὰ
3298 2041 3714 2112 σπουδαζόμενα
3732 2058 3752 2072 ο

2160 2140 2208 2191 εί
2243 2138 2299 2191 δὲ
2344 2137 2853 2210 μεταϐουλεὺσεται,
2887 2138 2961 2209 μὴ
2998 2136 3356 2208 παρασὺρητε
3380 2134 3441 2188 τὸ
3475 2134 3759 2205 σεμνότα-

2160 2247 2253 2283 τον
2290 2230 2364 2302 (5)
2403 2230 2574 2299 ὄνομα
2600 2228 2697 2283 τοῦ
2731 2229 2889 2299 φίλου
2921 2228 3101 2300 ἡμῶν,
3136 2228 3271 2299 μηδὲ
3311 2228 3369 2280 ἐν
3396 2230 3759 2297 προσχήματι

2159 2320 2320 2392 δῆθεν
2355 2320 2457 2391 τῆς
2486 2321 2615 2392 περὶ
2661 2320 2752 2374 τὸν
2794 2321 3105 2392 προστάτην
3136 2319 3290 2390 ὑμῶν
3333 2318 3590 2388 σπουδῆς,
3618 2319 3758 2369 ἐαυ-

2160 2415 2274 2477 τοῖς
2303 2430 2355 2466 τι
2386 2411 2576 2484 κέρδος
2618 2411 2887 2477 ἐντεῦθεν,
2921 2411 2979 2479 ἐξ
3024 2406 3099 2465 ὧν
3140 2408 3553 2464 ἐπανατείνεσθε
3580 2408 3760 2478 φόϐον

2161 2505 2258 2559 καὶ
2286 2504 2539 2576 ἀπειλὴν,
2576 2503 3047 2577 καταπράττεσθε.
3079 2502 3225 2575 Πρὸς
3257 2501 3314 2554 δὲ
3346 2501 3508 2555 αὐτὸν
3539 2501 3757 2551 ἐκεῖνον

2159 2594 2254 2649 τὸν
2282 2595 2382 2659 τὰς
2406 2594 2674 2664 διαθήκας
2698 2595 2982 2665 γράφοντα
3009 2592 3132 2646 οὐτε
3160 2591 3229 2645 δι’
3259 2589 3499 2661 ἐμαυτοῦ
3525 2588 3653 2642 οὐτε
3680 2588 3755 2641 δι’

2162 2686 2349 2758 ἐτέρου
2413 2685 2766 2756 ἐφθεγξάμην
2813 2685 2847 2757 ἦ
2892 2684 3088 2756 μικρὸν
3153 2684 3188 2756 ἢ
3243 2680 3428 2754 μεῖζον
3474 2681 3607 2752 περὶ
3652 2681 3756 2733 τοῦ

2162 2779 2489 2850 πράγματος
2513 2777 2723 2831 τούτου.

2234 2869 2287 2924 5.
2322 2870 2432 2923 Καὶ
2448 2867 2661 2932 τούτοις
2699 2869 2951 2921 ἀπιστεῖν
2995 2867 3096 2920 οὐκ
3124 2865 3381 2935 ὀφείλεις,
3413 2865 3463 2917 εί
3496 2863 3570 2935 μὴ
3609 2880 3761 2916 πανο

2162 2960 2330 3026 τελῶς
2379 2978 2446 3033 με
2484 2959 2907 3030 ἀπεγνωσμένον
2942 2961 3051 3030 ἡγῇ
3089 2958 3186 3029 (6),
3234 2958 3330 3012 καὶ
3380 2960 3757 3027 καταφρονεῖν

2161 3055 2261 3124 τῆς
2324 3052 2565 3123 μεγάλης
2619 3053 2893 3123 ἁμαρτίας
2948 3051 3042 3104 τοῦ
3090 3050 3339 3120 ψεύδους.
3378 3049 3543 3103 Ἀλλά
3600 3050 3751 3103 πάνυ

2162 3143 2296 3212 ἡμῖν
2328 3140 2490 3204 αὐτὸς
2516 3140 2611 3194 καὶ
2634 3139 2733 3211 τὴν
2760 3140 2855 3193 ἐπὶ
2874 3140 2953 3210 τῷ
2981 3140 3266 3211 πράγματι
3287 3137 3464 3208 τούτῳ
3488 3138 3758 3191 ὑπόνοιαν

2161 3234 2318 3302 ἄφες,
2363 3234 2457 3286 καὶ
2502 3231 2596 3286 τοῦ
2649 3231 2839 3284 λοιποῦ
2886 3230 3068 3301 πάσης
3116 3229 3367 3299 διαϐολῆς
3407 3228 3757 3299 ὑψηλοτέραν

2161 3320 2314 3375 ποιοῦ
2343 3322 2443 3393 τὴν
2476 3321 2614 3393 ἐμὴν
2666 3321 2795 3392 περὶ
2840 3321 2899 3373 σὲ
2930 3320 3008 3391 (7)
3040 3319 3302 3384 διάθεσιν,
3351 3319 3443 3373 τὸν
3499 3319 3761 3385 Ἀλέξαν-

2159 3414 2284 3486 δρον
2324 3413 2677 3485 μιμούμενος,
2727 3412 2805 3479 ὃς,
2862 3413 3149 3482 ἐπιστολὴν
3204 3412 3346 3465 κατὰ
3395 3411 3490 3465 τοῦ
3559 3411 3760 3483 ἰατροῦ

2159 3505 2448 3576 δεξάμενος
2468 3503 2543 3567 ὡς
2569 3503 3032 3567 ἐπιϐουλεύοντος,
3069 3501 3258 3573 ἐπειδὴ
3285 3501 3474 3571 ἔτυχεν
3511 3502 3569 3555 ἐν
3598 3502 3763 3572 αὐτῷ

2159 3595 2238 3667 τῷ
2297 3594 2474 3667 καιρῷ
2527 3595 2821 3667 φάρμακον
2873 3594 3054 3649 λαϐὼν
3096 3593 3238 3647 ὥστε
3286 3596 3452 3656 πιεῖν,
3494 3594 3763 3647 τοσοῦτον

2161 3688 2368 3758 ἀπέσχε
2404 3686 2692 3739 πιστεῦσαι
2720 3685 2797 3757 τῷ
2827 3686 3189 3748 διαϐάλλοντι,
3229 3684 3370 3739 ὥστε
3403 3684 3538 3755 ὁμοῦ
3570 3702 3633 3737 τε
3656 3685 3763 3757 τὴν

2163 3777 2453 3847 ἐπιστολὴν
2494 3777 2848 3846 ἀνεγίνωσκε,
2874 3778 2968 3831 καὶ
2994 3777 3054 3831 τὸ
3090 3776 3378 3849 φάρμακον
3407 3775 3611 3829 ἔπινεν.
3645 3779 3763 3829 Οὑο

2162 3871 2311 3936 δενὸς
2336 3871 2446 3942 γὰρ
2472 3870 2580 3924 τῶν
2605 3871 2697 3923 ἐπὶ
2722 3869 2871 3941 φιλίᾳ
2896 3869 3191 3941 γνωρίμων
3221 3868 3543 3939 ἀτιμότερον
3574 3870 3765 3939 ἐμαυ-

2164 3964 2252 4018 τὸν
2289 3964 2424 4031 ἀξιῶ
2451 3962 2717 4024 τίθεσθαι,
2759 3961 2838 4033 τῷ
2874 3963 3011 4033 μήτε
3036 3960 3238 4016 ἀλῶναί
3270 3978 3400 4014 ποτε
3446 3962 3527 4023 εἰς
3565 3961 3767 4029 φιλίαν

2165 4053 2512 4127 ἐξαμαρτὼν,
2537 4055 2630 4107 καὶ
2664 4053 2743 4106 ἐτι
2768 4053 2919 4124 παρά
2959 4051 3054 4106 τοῦ
3105 4052 3243 4106 Θεοῦ
3291 4069 3393 4123 μου
3438 4051 3629 4106 λαϐεῖν
3655 4054 3767 4123 τὴν

2166 4145 2385 4217 ἐντολὴν
2423 4144 2522 4215 τῆς
2554 4146 2797 4215 ἀγάπης,
2849 4139 2918 4215 ἦς
2971 4141 3254 4215 χρεώστης
3312 4140 3430 4212 εἰμὶ
3475 4142 3536 4194 οὐ
3591 4143 3766 4213 μόνον

2164 4236 2307 4290 κατά
2341 4235 2439 4307 τὴν
2475 4236 2661 4307 κοινὴν
2688 4235 2796 4288 τῶν
2836 4233 3140 4305 ἀνθρώπων
3169 4232 3351 4302 φύσιν,
3399 4229 3515 4283 ἀλλ’
3547 4230 3632 4285 ὅτι
3660 4234 3766 4287 καὶ

2168 4327 2313 4390 ἰδίως
2364 4327 2659 4399 εὐεργέτην
2710 4343 2770 4379 σε
2808 4322 3059 4396 γνωρίζω
3112 4323 3350 4395 ἐμαυτοῦ
3397 4339 3459 4375 τε
3503 4323 3604 4376 καὶ
3654 4325 3765 4395 τῆς

2166 4419 2444 4489 πατρίδος.

2687 4553 3036 4607 ΕΠΙΣΤΟΛΗ
3066 4550 3207 4604 ΣΟΡ
3237 4572 3251 4583 ·

1365 4670 1550 4719 Herum
1568 4664 1867 4719 commendat
1888 4663 2072 4717 homini
2083 4664 2194 4732 jam
2208 4681 2337 4733 sape
2357 4667 2419 4719 de
2438 4681 2489 4720 se
2511 4666 2625 4719 bene
2655 4666 2846 4718 merito.

835 4813 963 4872 Sine
1004 4812 1368 4880 inscriptione,
1413 4827 1509 4881 pro
1544 4809 1711 4865 Ilera.

553 4930 694 4986 Cum
723 4927 948 4984 omnino
972 4938 1296 4997 persuasum
1329 4925 1402 4979 sit
1422 4922 1556 4977 mihi
1583 4937 1671 4978 me
1699 4937 1730 4977 a
1755 4930 1850 4977 tua
1880 4922 2063 4994 digni-

483 5030 596 5077 tate
624 5020 704 5074 ita
735 5018 913 5089 diligi,
936 5026 994 5072 ut
1019 5030 1142 5086 quae
1170 5014 1240 5069 ad
1270 5029 1358 5069 me
1381 5021 1656 5085 spectant,
1683 5021 1778 5068 tua
1805 5023 2064 5086 reputes;

551 5198 573 5219 ‘
600 5192 754 5251 Alias
796 5189 1025 5249 CCXVI.
1045 5188 1261 5262 Scripta
1285 5190 1342 5244 in
1359 5189 1653 5259 postremis
1682 5188 1843 5243 annis
1880 5186 1937 5241 S.
1974 5187 2071 5242 Ba-

558 5336 633 5406 (2)
671 5331 1117 5406 ξΕπιζητῄσεις.
1152 5330 1233 5406 [_la
1262 5328 1436 5406 Harl.,
1470 5328 1613 5385 Med.
1644 5335 1711 5406 _et
1742 5325 1914 5406 C_oisl.
1963 5328 2070 5406 pri-

485 5398 630 5461 mus.
668 5403 810 5459 Editi
837 5398 1133 5474 ἐπιζητεῖς.
1165 5401 1336 5474 Paulo
1366 5408 1508 5474 post
1528 5399 1748 5474 eosdem
1776 5404 1891 5474 tres
1921 5398 2069 5474 codi-

488 5491 580 5530 ces
606 5475 778 5530 secuti
817 5469 1148 5529 mutavimus
1164 5472 1308 5544 quod
1340 5469 1460 5526 erat
1497 5470 1553 5524 in
1585 5469 1748 5525 editis
1776 5469 1855 5529 εἰς
1890 5469 2070 5522 τοσοῦ-

487 5560 578 5598 τον
618 5544 914 5614 καταϐαίη.

582 5616 637 5685 ὅ)
678 5608 970 5685 Ὑμητζου.
1008 5613 1154 5685 ιίθεἒ
1188 5611 1399 5685 primus
1425 5617 1481 5665 et
1525 5608 1701 5685 Biggt.
1765 5609 2065 5685 ’Υμιντίου.

583 5684 639 5755 ᾧ)
676 5679 1071 5755 Οἱκέιώο-εως.
1093 5679 1287 5755 Ἑοῖει.
1338 5679 1756 5755 υιθημςμίὶες.
1787 5679 2068 5755 secundus

491 5762 547 5810 et
571 5750 753 5809 Paris.
782 5754 979 5816 οἰκίας.
1012 5750 1346 5807 Ηονιαιοηιιε
1373 5760 1428 5806 et
1462 5750 1553 5806 alii
1584 5750 1898 5806 cum‘editis
1933 5766 2068 5806 con-

493 5826 757 5882 sentiunt.
789 5821 1017 5878 Videtur
1047 5837 1158 5878 non
1190 5821 1311 5877 sine
1338 5821 1513 5877 ironia
1556 5819 1793 5877 Basilius
1827 5819 2065 5898 Hymetii

2556 4814 2999 4883 ‘Arszlrpassoc,
3033 4811 3166 4880 περὶ
3206 4811 3371 4880 Ἦρα.

2254 4926 2522 4998 Ἀκριϐῶς
2564 4927 2929 4998 πεπεισμένος
2964 4925 3138 4989 οὑτως
3188 4927 3341 4997 ἡμᾶς
3386 4925 3613 4997 ἀγαπᾷν
3659 4928 3765 4999 τὴν

2171 5016 2269 5088 σὴν
2296 5019 2606 5092 τιμιότητα,
2630 5019 2770 5073 ὥστε
2810 5019 2881 5073 τά
2918 5019 3049 5089 ἡμῖν
3090 5016 3417 5090 διαφέροντα
3459 5019 3637 5071 οἰκεῖα
3669 5017 3766 5071 λο-

2170 5205 2316 5315 purgari
2340 5191 2661 5262 praedicare,
2699 5207 2862 5263 quem
2910 5190 3137 5263 prodige
3181 5206 3273 5248 res
3311 5204 3445 5246 suas
3491 5190 3571 5245 ait
3600 5190 3767 5247 absn.

2243 5331 2319 5402 (5)
2362 5330 2432 5402 Τὸ
2453 5332 2845 5401 σεμνότατον.
2868 5330 2948 5386 Ita
2977 5341 3091 5388 tres
3114 5330 3480 5388 vetustissimi
3506 5330 3767 5389 codices.

2168 5399 2314 5473 Editi
2339 5401 2401 5473 τὸ
2439 5399 2655 5473 σεμνόν.

2242 5472 2318 5541 (6)
2362 5468 2845 5543 ’μεγινωσμένον
2885 5470 3024 5541 ἡγῇ.
3076 5468 3341 5543 ltajiarl.
3382 5478 3439 5526 et
3479 5471 3574 5543 alii
3619 5486 3766 5528 non-

2168 5537 2325 5595 nulli.
2368 5537 2512 5613 Editi
2549 5543 2625 5606 ὡς
2656 5537 3102 5613 ’ἀπεγνωσμένον
3138 5537 3278 5595 εῖναι
3322 5543 3457 5613 ἡγῇ.
3490 5540 3653 5598 Deest
3682 5545 3764 5611 ὡς

2168 5544 2325 5621 nulli.
2363 5544 2625 5624 .Editifb;
2679 5544 3102 5625 ἀπεγνωσμένον
3138 5544 3278 5624 εἶναι
3320 5544 3433 5668 m

2167 5619 2416 5698 etiam‘m
2442 5611 2611 5669 Consi.
2646 5628 2844 5684 primo.
2886 5612 3094 5670 Ibidem
3120 5613 3279 5667 multi
3432 5630 3433 5664 :

2247 5699 2387 5734 ονειν
2429 5700 2517 5738 με.

2170 5698 2615 5826 ῗέῗῖῗιῖἶεῗῗσέ.
2640 5752 2793 5826 Harl.
2816 5761 2871 5826 et
2890 5752 3068 5826 ACoisl.
3092 5752 3304 5826 primus
3324 5751 3466 5825 πρὸς
3490 5754 3573 5810 σέ.
3608 5752 3760 5810 Infra

2170 5822 2332 5881 iidem
2362 5824 2580 5881 codices
2615 5823 2754 5890 πρὸς
2784 5824 2991 5888 φιλίαν.
3092 5822 3111 5826 ⁷
3372 5822 3385 5825 ’
3540 5887 3545 5891 ,

3432 5614 3547 5668 ices
3578 5629 3761 5667 κατα-
