3852 6224
80 212 239 281 diu».

984 207 1470 265 EPISTOLARUM
1507 206 1796 264 CLASSIS
1829 206 1892 262 ΙΙ.
1932 205 2150 262 EPIST.
2188 203 2484 262 CCLXXV.

3205 174 3361 263 1010‘

81 333 358 402 jﬂaoﬂat,
393 333 485 390 τὸν
526 335 953 409 αίδεσιμώτατον
990 335 1218 406 ἀδελφὸν
1252 334 1412 407 ἡμῶν
1458 334 1659 406 Ἥραν,
1690 388 1693 396 η

1792 332 2212 390 οιεηᾶίεείιηυπι
2244 330 2471 387 fratrem
2500 336 2751 387 nostrum
2780 318 3007 396 Beram,
3038 343 3200 401 quem
3228 344 3344 385 non

90 425 156 497 ’δν
178 425 235 479 οὐ
269 425 412 480 κατὰ
457 426 747 500 συνήθειάν
781 444 903 481 τινα
940 425 1166 497 ἀδελφὸν
1210 427 1367 500 ἡμῶν
1395 444 1665 499 προσαγο-

1792 443 1837 480 :x
1875 426 2112 496 quadam
2161 423 2567 480 consuetudine
2606 422 2833 480 fratrem
2867 421 3104 494 appello,
3149 418 3247 477 sed
3274 436 3344 478 ex

86 516 341 591 ρεύομεν,
374 516 514 571 ἀλλὰ
539 518 680 573 κατὰ
700 519 1099 591 ἀκριϐεστάτην
1124 518 1219 573 καὶ
1244 518 1497 590 οὐδεμίαν
1519 518 1665 589 ἔχου-

102 622 197 658 σαν
220 606 290 677 (8)
317 605 621 678 ὑπερϐολὴν
650 608 746 679 τῆς
776 606 961 675 φιλίας
998 606 1258 670 διάθεσιν,
1296 605 1530 659 συνιστῶ
1561 622 1655 657 σου

104 697 167 766 τῇ
201 696 463 767 ὑπερφυεῖ
490 696 885 769 καλοκαγαθίᾳ,
916 696 1010 751 καὶ
1036 695 1334 768 παρακαλῶ
1358 695 1574 758 οἰκείως
1591 694 1666 765 (9)

98 804 157 840 τε
189 788 343 842 αὐτὸν
376 789 693 853 θεάσασθαι,
747 791 841 844 καὶ
874 790 973 861 τὴν
1003 787 1146 842 κατὰ
1176 788 1404 859 δύναμίν
1439 804 1520 840 σοι
1564 803 1670 839 πα-

105 880 391 951 ρασχέσθαι
449 881 601 952 αὐτῷ
650 881 984 953 προστασίαν
1018 882 1075 933 ὲν
1104 874 1186 943 οἷς
1215 878 1282 934 ἂν
1329 879 1519 951 δέηται
1567 876 1670 947 τῆς

105 973 444 1043 μεγαλονοίας
494 991 589 1027 σου
610 991 624 1006 ο
679 973 821 1027 ὥστε
880 990 947 1044 με
1006 975 1118 1035 τοῖς
1172 971 1386 1035 πολλοῖς
1432 965 1514 1035 οἷς
1565 970 1667 1040 ἤδη

99 1063 361 1134 τετύχηκα
417 1064 572 1137 παρὰ
610 1066 694 1119 σοὶ
736 1065 962 1135 ἀγαθοῖς
1004 1066 1098 1119 καὶ
1139 1063 1342 1135 ταύτην
1391 1062 1533 1116 ἔνειν
1570 1061 1668 1134 τὴν

100 1157 409 1229 εὐεργεσίαν
435 1158 806 1230 συναριθμεῖν.

603 1291 951 1344 ΕΠΙΣΤΟΛΗ
988 1286 1147 1345 ΣΟΔ’.

1769 517 2211 582 accuratissima,
2236 523 2293 570 et
2336 530 2446 585 qua
2479 515 2657 584 major
2694 529 2820 570 esse
2855 528 2968 569 non
2996 512 3172 583 possit
3201 510 3345 567 ami-

1767 609 1911 664 citiae
1945 607 2252 673 affectione,
2281 621 2513 663 summae
2542 615 2652 661 tuae
2687 604 2949 676 probitati
2989 602 3345 668 commendo,

1770 716 1837 757 ac
1879 716 2036 773 rogo,
2086 708 2149 756 ut
2191 709 2247 756 et
2300 699 2455 755 illum
2498 715 2610 755 non
2658 713 2820 755 secus
2871 712 2936 754 ac
2971 697 3345 754 necessarium

1772 801 1926 847 tuum
1967 789 2316 861 conspicias,
2375 790 2536 861 eique
2581 804 2682 860 pro
2723 788 2935 845 viribus
2978 787 3346 859 patrocinium

1772 882 2083 952 impendas,
2116 881 2319 951 quibus
2346 881 2402 935 in
2432 881 2599 937 rebus
2635 895 2774 951 opus
2802 882 2855 937 ei
2885 879 3051 937 fuerit
3079 888 3176 936 tua
3210 895 3346 950 pru-

1779 973 1964 1029 dentia
1988 992 2003 1041 ;
2031 973 2167 1029 adeo
2192 981 2253 1027 ut
2291 973 2434 1028 inter
2463 973 2657 1037 multa,
2682 988 2805 1043 quae
2831 972 2947 1043 jam
2976 972 3044 1029 de
3068 988 3157 1030 me
3183 971 3350 1030 meri-

1768 1072 1860 1120 tus
1888 1081 1972 1131 es,
2004 1065 2109 1121 hoc
2130 1066 2294 1120 etiam
2322 1063 2650 1121 beneficium
2680 1079 2972 1123 numerare
2997 1065 3231 1137 possim.

2090 1284 2256 1359 5.20
2274 1285 2613 1343 EPISTOLA
2649 1286 2953 1343 CCLXXIV
2980 1289 3019 1342 ⁶.

451 1404 762 1456 Commendat
783 1402 1003 1454 Himerio
1024 1401 1247 1455 eumdem
1266 1403 1469 1463 Herum,
1488 1413 1630 1466 quem
1650 1398 1714 1451 ab
1732 1398 1935 1464 infantia
1956 1415 2105 1468 usque
2122 1401 2188 1452 ad
2205 1408 2491 1454 senectutem
2511 1401 2724 1455 amicum
2741 1403 2990 1457 habuerat.

543 1513 756 1582 νμερίφ
786 1512 1247 1583 (10)μαγιστρῳο

2295 1511 2536 1568 Himerio
2563 1513 2845 1585 magistro.

177 1627 243 1682 Ἦ
272 1627 408 1697 πρὸς
438 1628 527 1679 τὸν
564 1625 989 1696 αἱδεσιμώτατον
1026 1624 1254 1694 ἀδελφὸν
1288 1625 1469 1696 ’Ἥραν
1518 1622 1670 1693 φιλία

1852 1623 2025 1679 Meam
2060 1638 2186 1679 cum
2234 1622 2402 1679 fratre
2434 1623 2828 1680 colendissimo
2866 1623 3008 1679 Hera
3052 1625 3351 1680 amicitiam

96 1735 189 1792 μοι
234 1718 327 1772 καὶ
381 1717 657 1788 συνήθεια,
703 1720 785 1772 ὅτι
838 1719 903 1772 ἐκ
959 1717 1102 1771 πάνυ
1148 1715 1337 1781 παιδὸς
1366 1717 1467 1787 τὴν
1499 1715 1673 1786 ἀρχὴν

92 1809 275 1874 ἐλαὸε,
322 1810 419 1863 καὶ
466 1808 631 1880 μέχρι
668 1811 854 1882 γήρως
890 1808 1301 1880 συμπαρὲμεινε
1329 1807 1441 1877 (Η)
1484 1809 1551 1877 τῇ
1578 1805 1673 1859 τοῦ

93 1901 229 1956 Θεοῦ
260 1902 462 1972 χάριτι,
502 1901 703 1964 παντὸς
750 1900 972 1972 ἄμεινον
1016 1900 1111 1955 καὶ
1159 1900 1321 1963 αὐτὸς
1353 1899 1669 1952 ἐπίστασαι.

93 1993 285 2064 Σχεδὸν
314 1992 422 2062 γὰρ
457 1991 553 2045 καλ¹
587 1991 684 2063 τὴν
731 1992 831 2063 τῆς
885 1992 984 2063 σῆς
1035 1990 1404 2063 μεγαλοφυῖας
1458 1989 1677 2058 ἀγάπην

93 2085 156 2150 ἐξ
180 2084 393 2138 ἐκείνου
447 2085 579 2153 ἡμῖν
620 2085 648 2137 ὁ
685 2083 889 2156 Κύριος
938 2083 1250 2156 ἐχαρίσατο,
1310 2080 1369 2149 ἐξ
1408 2081 1532 2135 ὅτου
1582 2081 1678 2134 κα)⁸

92 2179 193 2249 τὴν
222 2178 355 2249 πρὸς
381 2176 641 2248 ἀλλήλους
678 2178 810 2247 ἡμῖν
831 2176 1032 2245 γνῶσιν
1086 2176 1469 2250 προεξένησεν.
1525 2175 1680 2227 Ἐπεὶ

93 2265 188 2323 οὖν
232 2268 398 2322 δεῖται
426 2268 526 2338 τῆς
555 2267 706 2339 παρὰ
753 2266 849 2320 σοῦ
900 2267 1258 2339 προστασίας,
1291 2263 1593 2337 παρακαλῶ
1620 2281 1679 2318 σε

94 2362 191 2415 καὶ
219 2359 574 2423 καθικετεύω,
616 2362 681 2431 τῇ
717 2376 779 2412 τε
818 2358 1021 2430 ἀρχαίᾳ
1048 2357 1160 2429 (12)
1196 2358 1326 2428 περὶ
1366 2357 1516 2429 ἡμᾶς
1558 2355 1679 2409 δια-

94 2452 243 2506 θέσει
272 2450 647 2523 χαριζὸμενον,
683 2452 778 2505 καὶ
813 2453 878 2522 τῇ
924 2450 1020 2505 νῦν
1057 2448 1404 2520 κατασχούσῃ
1462 2447 1676 2518 ἀνάγκῃ

92 2545 421 2616 προσχόντα,
452 2543 625 2609 οὕτως
651 2542 1036 2598 οἰκειώσασθαι
1067 2543 1135 2596 τὰ
1181 2543 1300 2597 κατ’
1343 2541 1506 2596 αὐτὸν
1550 2541 1686 2611 πρά-

99 2654 324 2707 γματα,
389 2635 527 2689 ὥστε
560 2637 832 2707 μηδεμιᾶς
887 2635 1049 2689 αὐτὸν
1109 2635 1302 2705 ἑτέρας
1351 2632 1683 2704 προστασίας

91 2726 370 2798 δεηθῆναι,
393 2726 505 2779 ἀλλ’
536 2726 847 2780 ἐπανελθεῖν
869 2726 1005 2797 πρὸς
1032 2726 1179 2796 ἡμᾶς
1198 2724 1374 2778 πάντα
1402 2740 1686 2795 καταπρα-

95 2819 331 2889 ξάμενον
358 2818 425 2872 τὰ
462 2821 582 2872 κατ’
631 2818 822 2889 εὐχάς·
859 2818 1000 2871 ὥστε
1032 2819 1155 2881 ταῖς
1199 2816 1422 2878 πολλαῖς
1449 2810 1537 2879 αἶς
1576 2833 1677 2868 πε-

92 2911 371 2982 πόνθαμεν
417 2912 570 2983 παρὰ
622 2911 714 2964 σοῦ
759 2910 1125 2982 εὐεργεσίαις,
1182 2909 1277 2963 καὶ
1299 2908 1503 2977 ταύτην
1537 2909 1684 2978 ἡμᾶς

1774 1724 1830 1773 et
1872 1719 2327 1775 consuetudinem
2363 1733 2394 1772 a
2425 1732 2600 1789 puero
2625 1732 2855 1788 prorsus
2885 1717 3162 1789 incepisse
3197 1722 3255 1773 et
3285 1717 3357 1772 ad

1776 1818 2118 1866 senectutem
2164 1826 2342 1881 usque
2395 1810 2491 1866 Dei
2537 1810 2684 1866 dono
2730 1826 3135 1881 perseverasse,
3192 1828 3357 1869 nemo

1776 1910 1862 1958 est
1907 1903 2005 1973 qui
2039 1903 2235 1959 melius
2265 1918 2428 1973 quam
2474 1909 2533 1957 tu
2565 1904 2926 1973 perspexerit.
2973 1902 3169 1961 Ferme
3208 1906 3358 1963 enim

1777 2004 1831 2049 et
1855 2004 1963 2050 tua:
1993 1994 2465 2066 magnanimitatis
2517 1995 2819 2050 amicitiam
2863 1996 2934 2051 ab
2966 1995 3063 2050 illo
3108 2002 3387 2068 tempore

1779 2086 1941 2140 nobis
1989 2085 2260 2141 Dominus
2309 2085 2541 2155 largitus
2580 2093 2686 2152 est,
2730 2101 2797 2141 ex
2852 2101 2964 2156 quo
2999 2087 3165 2142 etiam
3217 2088 3359 2144 inter

1782 2195 1912 2242 nos,
1961 2193 2029 2234 eo
2069 2179 2331 2241 donante,
2367 2178 2745 2249 cognovimus.
2793 2178 2927 2233 Cum
2981 2179 3150 2250 igitur
3185 2180 3235 2234 ei
3264 2188 3360 2236 tuo

1782 2271 2095 2342 patrocinio
2120 2286 2262 2342 opus
2295 2271 2388 2336 sit,
2421 2270 2683 2326 adhortor
2709 2278 2764 2327 te
2792 2284 2856 2325 ac
2895 2286 3051 2343 rogo,
3085 2266 3147 2326 ut
3178 2270 3241 2328 'et
3266 2288 3361 2327 ve-

1781 2363 1885 2416 trri
1915 2370 2119 2417 nostra:
2147 2363 2404 2417 amicitiae
2431 2362 2640 2433 aliquid
2670 2363 2943 2427 tribuens,
2970 2370 3025 2418 et
3059 2362 3128 2418 ad
3156 2379 3361 2432 urgen-

1782 2460 1890 2508 tem
1925 2468 2072 2507 nune
2107 2453 2492 2508 necessitatem
2541 2459 2804 2518 attentus,
2840 2453 2917 2508 ita
2958 2455 3173 2525 negotia
3210 2455 3360 2510 illius

1783 2553 1875 2598 tua
1925 2542 2119 2607 facias,
2178 2552 2237 2597 ut
2294 2543 2448 2598 nullo
2507 2544 2619 2598 alio
2661 2544 2974 2614 patrocinio
3018 2552 3227 2615 egeat:
3265 2546 3360 2600 sed

1784 2636 2043 2691 omnibus
2077 2652 2143 2691 ex
2176 2635 2452 2692 sententia
2478 2637 2771 2701 confectis,
2801 2636 2868 2691 ad
2894 2651 2995 2691 nos
3019 2645 3360 2695 revertatur:

1786 2727 1923 2783 adeo
1952 2737 2006 2782 ut
2048 2728 2192 2783 inter
2219 2728 2392 2782 multa
2416 2728 2683 2784 beneficia
2723 2745 2845 2798 quae
2873 2737 2930 2783 tu
2955 2730 3009 2783 in
3050 2744 3137 2785 me
3168 2738 3363 2784 contu-

1786 2819 1917 2883 listi,
1978 2818 2114 2873 illud
2167 2821 2331 2874 etiam
2389 2834 2588 2890 queam
2645 2835 2961 2886 numerare,
3014 2837 3126 2893 quo
3180 2823 3362 2892 majus

1787 2912 1959 2975 aliud,
1992 2919 2087 2966 aut
2111 2912 2259 2982 quod
2287 2913 2464 2983 magis
2486 2927 2606 2968 mea
2636 2913 2862 2978 referat,
2899 2914 3030 2969 milii
3063 2914 3364 2972 attribuere

94 3002 242 3072 ἔχειν
302 3004 685 3075 συναριθμεῖν,
735 2998 804 3074 ἦς
851 3004 951 3055 οὐκ
996 3001 1063 3055 ἂν
1134 3001 1355 3072 μείζονα
1428 2995 1680 3062 ὲαυτόἶς,

1792 3020 1854 3059 ac
1887 3005 2169 3060 vindicare
2210 3020 2318 3059 non
2355 3005 2586 3075 possim.
3318 3030 3348 3051 ο

91 3090 217 3144 οὐδὲ
249 3090 451 3160 μᾶλλον
501 3093 633 3162 ἡμῖν
676 3091 1037 3162 διαφέρουσαν
1075 3090 1419 3162 εὑρίσκοντες
1448 3089 1676 3141 οἰκειούιο

94 3182 261 3257 μεθα.

607 3318 956 3372 ΕΠΙΣΤΟΛΗ
992 3315 1153 3370 ΣΟΕ’.

2208 3305 2543 3362 EPISTOLA
2565 3305 2795 3362 CCLXX
2804 3309 2905 3364 V“.
2946 3378 2947 3381 η

799 3433 971 3486 Eidem
994 3435 1146 3486 Heroa
1160 3430 1483 3496 patrocinium
1510 3430 1739 3495 implorat
1754 3426 1990 3479 adversus
2011 3424 2321 3478 inimicorum
2357 3422 2649 3475 calumnias.

478 3561 926 3631 Ἀνεπίγραερος,
963 3560 1099 3629 περὶ
1130 3560 1305 3627 "Hpa.

166 3690 474 3765 Προέλαϐες
503 3692 601 3754 τὰς
629 3692 756 3761 παρ’
785 3689 943 3761 ἡμῶν
972 3689 1084 3761 (15)
1117 3689 1496 3761 παρακλήσεις
1523 3688 1582 3741 ὲν
1608 3690 1675 3760 τῇ

90 3784 236 3854 πρὸς
266 3784 359 3837 τὸν
406 3782 831 3855 αίδεσιμώτατον
879 3781 1105 3849 ἀδελφὸν
1154 3781 1266 3852 (14)
1314 3781 1472 3853 ἡμῶν
1499 3781 1678 3851 Ἥραν

87 3874 358 3938 διαθέσει,
413 3875 508 3927 καὶ
532 3873 765 3942 γέγονας
810 3872 959 3944 αὐτῷ
994 3874 1159 3944 εὐχῆς
1191 3873 1431 3944 ἀμείνων
1466 3873 1574 3927 τῶν
1617 3889 1679 3925 τε

88 3963 275 4033 τιμῶν
307 3964 428 4025 ταῖς
456 3961 782 4033 ὑπερϐολαῖς
809 3955 900 4025 αἷς
941 3962 1021 4024 εἰς
1050 3961 1213 4014 αὐτὸν
1260 3959 1520 4025 ἐπεδείξω
1565 3961 1677 4031 (15)

89 4055 187 4107 καὶ
223 4055 350 4116 ταῖς
383 4051 468 4122 ἐφ’
499 4052 728 4105 ἑκάστου
756 4050 948 4122 καιροῦ
993 4051 1373 4123 προστασίαις.
1408 4053 1596 4122 Ὅμως
1622 4051 1680 4104 δὲ

89 4147 189 4198 καὶ
237 4146 425 4215 ἡμεῖς,
471 4143 659 4214 ἐπειδὴ
708 4146 889 4215 σιωπῇ
929 4142 1115 4214 φέρειν
1143 4141 1212 4196 τὰ
1258 4142 1379 4196 κατ’
1416 4141 1577 4195 αὐτὸν
1616 4142 1678 4194 οὐ

86 4236 400 4309 δυνάμεθα,
434 4233 858 4308 παρακαλοῦμεν
895 4251 990 4288 σου
1022 4234 1120 4306 τὴν
1149 4232 1558 4304 ἀνυπέρϐλητον
1600 4249 1682 4285 τι-

2143 3549 2271 3606 Sine
2311 3551 2674 3620 inscriptione,
2703 3567 2801 3622 pro
2837 3552 3004 3609 Hera.

1853 3685 2188 3742 Prmvertisti
2220 3702 2408 3757 preces
2438 3703 2588 3744 meas
2626 3696 2720 3743 tua
2760 3704 2890 3760 erga
2913 3691 3360 3749 colendissimum

1782 3773 2008 3829 fratrem
2048 3788 2298 3831 nostrum
2339 3774 2538 3831 Heram
2570 3777 2739 3832 animi
2772 3778 3089 3845 affectione,
3124 3797 3188 3837 ac
3228 3782 3366 3839 libe-

1784 3868 1959 3923 ralius
1990 3883 2113 3922 cum
2145 3882 2211 3922 eo
2238 3868 2422 3938 egisti,
2456 3884 2618 3939 quam
2646 3871 2852 3940 precati
2881 3871 3201 3938 fuissemus,
3234 3890 3360 3930 cum

1781 3956 2003 4012 eximiis
2034 3956 2342 4013 honoribus
2373 3973 2514 4028 quos
2557 3959 2608 4013 ei
2658 3959 2922 4026 habuisti,
2945 3968 3067 4028 tum
3103 3973 3362 4035 suscepto

1778 4047 1947 4112 illius,
1973 4048 2220 4119 quolibet
2249 4055 2518 4120 tempore,
2548 4051 2874 4120 patrocinio.
2904 4051 3009 4108 Sed
3030 4060 3213 4109 tamen
3237 4071 3360 4111 cum

1780 4156 1871 4196 res
1903 4140 2052 4196 illius
2099 4141 2322 4195 silentio
2365 4141 2647 4211 praeterire
2677 4158 2789 4197 non
2839 4146 3069 4214 possim,
3100 4145 3356 4201 eximiam

1782 4236 1933 4283 tuam
1955 4228 2274 4300 dignitatem
2299 4245 2454 4300 rogo,
2481 4240 2542 4285 ut
2569 4239 2624 4286 et
2645 4247 2763 4287 mea
2789 4248 2959 4288 causa
2982 4241 3078 4289 tuo
3107 4234 3163 4289 in
3184 4235 3363 4290 virum

94 4328 341 4400 μιότητα
380 4325 474 4378 καὶ
502 4327 582 4388 είς
625 4325 898 4396 ἡμετέραν
943 4323 1103 4394 χάριν
1132 4321 1449 4393 προσθεῖναι
1482 4321 1548 4390 τῇ
1599 4320 1681 4382 εἰς

1792 4320 1971 4376 studio
2016 4321 2225 4392 aliquid
2254 4322 2445 4387 addas,
2476 4338 2713 4395 eumque
2749 4325 3101 4381 inimicorum
3136 4343 3363 4384 suorum

87 4419 188 4473 τὸν
219 4417 392 4491 ἄνδρα
422 4417 646 4487 σπουδῇ,
676 4416 770 4470 καὶ
800 4413 1127 4484 ἀποπέμψαι
1157 4412 1320 4466 αὐτὸν
1358 4413 1425 4482 τῇ
1463 4409 1679 4480 πατρίδι

88 4510 390 4583 κρείττονα
431 4510 528 4581 τῆς
570 4509 722 4580 παρὰ
768 4507 877 4561 τῶν
927 4504 1138 4577 ἐχθρῶν
1182 4502 1348 4560 αὐτοῦ
1382 4502 1679 4579 ἐπηρείας·

87 4604 222 4658 ἐπεὶ
249 4602 348 4657 νῦν
373 4619 440 4671 γε
477 4603 577 4655 οὐκ
607 4600 711 4667 ἔξω
744 4601 862 4653 ἐστὶ
889 4597 1059 4670 βελῶν
1081 4597 1178 4651 τοῦ
1220 4595 1438 4666 φθόνου,
1472 4593 1682 4648 πολλῶν

171 4805 254 4876 (8)
298 4806 631 4876 Ἤκουσαν.
679 4801 820 4876 Editi
847 4802 996 4876 hunc
1023 4801 1206 4876 locum
1244 4797 1630 4876 sie‘exhibcnt
1667 4816 1679 4852 :

90 4868 212 4930 Kal.
234 4868 840 4945 ὀὐδεμίανύπερδολὴν
885 4871 991 4945 τῆς
1003 4871 1207 4945 ’φιλίας
1241 4868 1480 4945 διάθεσιν
1496 4869 1684 4945 ’ὐπερ-

88 4938 396 5016 εχομένηνξ
426 4942 598 5016 Coisl.
639 4938 847 5016 primus
875 4938 1261 5016 e_t‘M_ediczcus
1297 4939 1446 5016 _nih_il
1477 4938 1685 5016 discre-

91 5007 236 5083 p’ftn't
285 5007 354 5068 ab
392 5013 572 5075 editis,
610 5007 727 5083 nisi
769 5010 914 5083 quod
942 5011 1144 5083 habent
1181 5027 1193 5061 :
1227 5008 1461 5083 nisi];
1504 5007 1686 5083 φιλίας

89 5078 352 5140 διάθεσιν
384 5078 804 5154 ὑπερεχόμενονζ
840 5080 1215 5154 _Co_mbefisius
1245 5086 1304 5154 ut
1342 5078 1516 5154 lucem
1557 5078 1685 5131 affe-

87 5166 229 5235 rat,_
244 5149 802 5235 Ιεςὶεπαρεχομένην.
835 5149 1080 5235 sedtota
1103 5165 1191 5205 res
1214 5149 1469 5235 enitescit
1493 5162 1687 5235 exuco-

87 5218 327 5280 dicibus
359 5218 527 5292 Regio
548 5218 828 5292 secundo,
858 5220 1042 5292 Coisl.
1083 5218 1355 5292 secundo,
1392 5233 1456 5292 ex
1489 5218 1686 5286 quibus

89 5297 423 5349 addidimus
442 5288 672 5363 ἔχουσαν
699 5302 756 5363 et
784 5290 1085 5363 delevimus
1106 5288 1543 5363 Δὑπερεχομένην.

170 5365 259 5442 (ἐξ)
302 5357 560 5442 Οίκεέιξξςς
590 5361 681 5442 Sic
707 5360 848 5442 bled.
878 5369 935 5442 et
971 5359 1140 5442 Coisl.
1178 5357 1388 5442 primus
1413 5372 1536 5442 cum
1563 5357 1688 5442 aliis

90 5427 352 5489 duobus.
409 5433 553 5486 Editi
600 5434 821 5499 οἰκεῖον.
882 5431 1002 5485 Mox
1059 5427 1263 5499 Regius
1310 5427 1586 5499 secundus
1630 5437 1686 5482 et

93 5503 283 5559 Coisl.
320 5502 598 5559 secundus
628 5497 853 5627 oigjfn
885 5500 1130 5585 πέπονθα
1149 5497 1308 5570 ’παρὰ
1336 5498 1451 5552 σοῦ.

173 5572 302 5627 “Ol
365 5572 612 5627 Ἰιιεοιω.
646 5572 773 5627 Cois
800 5612 813 5627 .
870 5586 1084 5627 primus
1144 5578 1199 5625 et
1249 5568 1451 5625 Clarou

173 5572 302 5644 (10)
365 5572 612 5645 Ἰμεριῳ.
646 5572 813 5629 Coisl.

92 5647 226 5716 ρίῳ.

870 5571 1084 5644 primus
1144 5578 1199 5625 et
1242 5567 1498 5625 'Clarom.
1545 5567 1717 5659 'Htts'

1783 4412 2074 4469 calumniis
2126 4415 2465 4483 superiorem
2516 4415 2573 4469 in
2630 4417 2865 4486 patriam
2915 4420 3198 4488 remittas;
3251 4436 3362 4476 non

1784 4505 1927 4560 enim
1957 4521 2105 4561 nunc
2136 4515 2222 4563 est
2254 4519 2411 4561 extra
2442 4507 2663 4563 invidiae
2695 4511 2822 4573 tela,
2855 4512 3046 4568 multis
3070 4513 3218 4569 illius
3238 4514 3366 4570 vita

1785 4599 2231 4668 tranquillitatem
2255 4601 2579 4671 perturbare
2604 4604 2952 4660 conantibus.
2986 4603 3137 4671 Quos
3165 4615 3361 4662 contra
3390 4587 3397 4595 ’

1860 4796 1972 4874 (li)
2004 4798 2470 4874 ngzagéyewe.
2496 4798 2641 4874 _Med.
2673 4808 2728 4874 et
2768 4799 2891 4856 Vat.
2936 4815 3062 4856 cum
3092 4800 3228 4874 Reg.
3278 4818 3367 4858 se-

1786 4868 1967 4942 cundo
1996 4877 2069 4942 _et
2102 4868 2273 4942 Coisl.
2295 4870 2549 4942 secundo
2580 4872 2901 4942 παρέμεινε.

1850 4938 1963 5013 (_l_2_)_
1994 4938 2258 5013 ’épxalq.
2294 4936 2462 5013 [)eest
2478 4956 2541 4994 ea
2564 4936 2675 5013 vox:
2704 4936 2761 4994 in
2789 4941 3130 5013 Goisliniano
3162 4942 3362 5013 primo.

1860 5008 1972 5078 (i3)
2001 5005 2143 5076 Παῤ
2196 5005 2754 5082 ἡμῶν.-Ρι·ωρρεῑῑίο
2805 5011 2992 5065 addita
3025 5028 3092 5067 ex
3126 5005 3366 5082 quatuor

1788 5094 1950 5150 ms_s.,
1984 5093 2178 5150 nempe
2207 5077 2375 5150 Med";
2403 5077 2568 5150 Vat,
2592 5079 2726 5150 Reg.
2763 5082 3006 5135 secundo
3036 5091 3089 5137 et
3119 5077 3359 5138 Claram.

1860 5146 1972 5224 (μ)
2015 5146 2318 5224 negasset».
2348 5148 2520 5205 Coisl.
2547 5146 2826 5207 secundus
2854 5159 2908 5207 et
2931 5151 3062 5224 Reg.
3088 5152 3365 5211 secundus

1788 5224 1843 5272 et
1871 5217 2112 5271 Clarom.
2143 5219 2377 5272 ἑταῖρον.

1862 5268 1987 5365 (ιε)
2010 5268 2465 5365 aggerem“,
2511 5289 2682 5347 Coisl.
2736 5298 2970 5362 uterque
3019 5299 3076 5348 et
3102 5290 3238 5365 Reg.
3272 5307 3362 5348 se-

1790 5357 2023 5413 cundus.
2065 5357 2207 5411 Editi
2243 5358 2529 5426 ἁπεδείξω.

1792 5429 2061 5554 Ορᾶθῇξεε
2085 5427 2399 5484 CCCCXVI.
2424 5428 2639 5502 Scripta
2663 5431 2854 5488 eodem
2875 5438 3121 5503 tempore
3149 5447 3213 5488 ac
3234 5448 3362 5503 pra:-

1867 5571 1904 5591 “
1941 5568 2091 5627 Alias
2120 5568 2372 5626 CCXVII.
2407 5568 2625 5642 Scripta
2655 5570 2847 5629 eodem
2874 5577 3138 5644 tempore.
