3852 6224
120 5106 129 5113 -
229 5073 375 5145 Med.
397 5073 473 5145 et
496 5073 607 5145 Reg

198 203 343 259 i0i5

1029 204 1530 263 EPISTOLARUM
1565 205 1856 264 CLASSIS
1892 207 1960 265 Π.
2003 208 2222 268 EPIST.
2262 211 2608 270 CCLXIV".

3316 212 3453 270 1014

195 316 328 388 περὶ
364 316 464 385 τῆς
513 318 840 389 σεμνότητός
873 335 989 385 σου,
1034 322 1130 374 καὶ
1158 321 1445 392 ἐνεποίησέ
1488 337 1581 392 μοι
1610 320 1777 375 πόθον
1804 387 1809 395 η

1905 324 1947 378 ιὰ
1983 335 2130 382 tuam
2159 328 2481 400 gravitatem
2510 334 2784 399 spectant,
2816 325 3059 397 mihique
3084 325 3281 397 injecit
3302 328 3450 384 desi—

196 406 300 477 τῆς
357 410 455 479 σῆς
503 410 811 481 συντυχίας,
862 410 1112 483 ἐναργῶς
1158 411 1268 483 (24)
1317 411 1650 482 ὑπογράφων
1701 408 1780 481 τῷ

195 496 345 571 λόγῳ
381 501 481 572 τῆς
522 502 703 573 ψυχῆς
738 520 832 556 σου
865 503 958 557 τὸν
991 503 1348 576 χαρακτῆρον
1404 502 1500 557 καὶ
1530 501 1782 557 τοσοῦτον

198 589 466 654 ἐξέκαυσε
502 609 593 662 μοι
623 593 684 645 τὸ
730 594 861 665 περὶ
891 594 950 647 σὲ
998 594 1238 664 φίλτρον,
1272 593 1424 657 ὥστ’,
1468 594 1516 645 εί
1557 592 1668 663 (25)
1706 592 1781 665 μὴ

200 683 300 736 καὶ
322 682 401 754 τῷ
431 685 579 756 γήρᾳ⁴
604 684 971 756 ἐϐαρυνόμην,
1002 686 1098 738 καὶ
1119 688 1185 757 τῇ
1222 685 1505 757 συντρόφῳ
1532 683 1784 754 κατειχό-

203 791 316 845 μην
346 775 618 848 ἀσθενείᾳ,
670 777 768 831 καὶ
807 775 1035 848 μυρίαις
1080 780 1201 841 ταῖς
1242 776 1384 830 κατά
1414 777 1515 847 τὴν
1554 776 1786 847 Ἐκκλη-

204 866 327 919 σίαν
362 868 638 938 φροντίσιν
666 868 815 940 ήμην
849 867 1247 939 πεπεδημένος,
1274 867 1429 922 οὐδὲν
1454 866 1522 921 ἀν
1551 884 1618 939 με
1654 883 1787 921 κατ-

202 960 365 1032 έσχεν
410 961 573 1015 αὑτὸν
604 961 856 1030 γενέσθαι
898 960 1050 1034 παρά
1084 964 1165 1015 σέ.
1205 962 1319 1015 Καὶ
1342 959 1453 1032 γὰρ
1497 960 1560 1014 οὐ
1591 959 1786 1031 μικρὸν

203 1052 285 1122 τῷ
313 1053 424 1106 ὄντι
455 1054 666 1128 κέρδος,
695 1052 756 1118 ἐξ
784 1054 959 1118 οἰκίας
994 1053 1236 1125 μεγάλης
1267 1053 1364 1105 καὶ
1410 1051 1602 1120 γένους
1632 1068 1788 1123 περι-

206 1144 411 1212 φανοῦς
440 1146 578 1216 πρὸς
604 1146 696 1199 τὸν
728 1140 1083 1215 εὐαγγελικδν
1117 1143 1232 1214 (26)
1271 1145 1617 1214 μεταστάντα
1651 1142 1785 1213 βίον,

206 1235 507 1307 χαλινῶσαι
542 1237 640 1308 μὲν
674 1239 918 1311 λογισμῷ
941 1240 1042 1310 τὴν
1073 1240 1321 1311 νεότητα,
1348 1237 1419 1291 τὰ
1442 1238 1500 1292 δὲ
1531 1238 1630 1308 τῆς
1658 1254 1793 1307 σαρ-

206 1329 306 1393 κὸς
332 1330 480 1402 πάθη
513 1331 675 1386 δοῦλα
702 1332 781 1404 τῷ
818 1332 963 1404 λόγῳ
996 1333 1107 1404 (27)
1142 1331 1364 1403 ποιῆσαι
1385 1347 1398 1362 ’
1431 1346 1792 1402 ταπεινοφρο-

207 1423 347 1494 σύνῃ
377 1422 437 1475 δὲ
465 1424 790 1494 κεχρῆσθαι,
817 1427 883 1496 τῇ
920 1424 1246 1496 ὀφειλομένη
1287 1421 1620 1494 Χριπιανῷ,
1658 1438 1793 1493 φρο-

206 1513 388 1567 ’δοῦντι
421 1515 550 1586 περὶ
573 1514 792 1580 ἑαυτοῦ,
824 1511 914 1569 οἶα
942 1516 1110 1580 εἰκὸς,
1146 1514 1267 1568 ὅθεν
1296 1513 1420 1583 ἔφυ,
1469 1514 1564 1566 καὶ
1594 1506 1650 1566 οἵ
1678 1511 1788 1585 (28)

205 1603 526 1675 πορεύεται.
570 1605 637 1658 Ἦ
660 1606 772 1677 γὰρ
800 1606 901 1678 τῆς
945 1606 1162 1675 φύσεως
1207 1604 1386 1658 ἔννοια
1432 1602 1787 1657 καταστέλλει

1884 418 2097 473 derium
2130 421 2210 475 tui
2249 435 2615 492 congressus,
2655 420 2806 475 clare
2860 417 3161 491 depingens
3205 418 3456 486 oratione

1885 510 2056 564 animi
2089 511 2170 566 tui
2198 510 2466 584 eﬂigiem;
2518 526 2584 566 ac
2611 519 2822 565 tantum
2864 508 2922 564 in
2958 524 3047 565 me
3089 508 3172 564 tui
3212 523 3455 566 amorem

1884 600 2128 657 incendit
2148 610 2229 667 ut,
2266 604 2376 659 nisi
2404 612 2459 658 et
2489 602 2645 657 senio
2682 615 2964 673 gravarer,
3005 607 3062 657 et
3092 614 3306 655 mecum
3353 616 3460 655 nu-

1885 695 2016 749 trita
2056 695 2334 752 detinerer
2380 695 2721 758 inﬁmitate,
2756 701 2811 749 et
2854 692 3165 748 innumeris
3201 691 3461 750 Ecclesia

1885 788 2038 845 curis
2068 789 2405 844 constrictus
2434 801 2638 851 essem,
2666 786 2806 841 nihil
2835 785 3105 842 remorari
3136 800 3224 839 me
3249 792 3458 856 posset,

1886 881 2184 951 quominus
2220 889 2273 936 te
2311 880 2684 936 convenirem.
2719 877 2907 949 Neque
2938 878 3084 932 enim
3114 891 3344 948 parvum
3374 892 3464 932 re-

1886 985 2015 1026 vera
2041 972 2256 1027 lucrum
2285 977 2391 1034 est,
2414 985 2481 1025 ex
2519 970 2701 1041 ampla
2725 968 2933 1023 familia
2963 976 3017 1024 et
3039 968 3237 1023 illustri
3266 970 3465 1037 genere

1889 1062 1955 1116 ad
1987 1062 2357 1133 evangelicam
2382 1061 2716 1116 translatum
2735 1061 2927 1125 vitam,
2953 1059 3232 1116 refrenare
3254 1060 3466 1114 ratione

1884 1151 2227 1220 iuventutem
2255 1191 2271 1217 ,
2307 1151 2604 1220 carnisque
2639 1150 2896 1207 libidines
2940 1152 3176 1206 rationis
3229 1150 3463 1220 imperio

1890 1242 2181 1311 subjicere,
2233 1249 2288 1297 et
2334 1242 2701 1297 humilitatem
2748 1242 3003 1311 amplecti
3035 1248 3465 1297 consentaneam

1889 1332 2227 1394 Christiano,
2257 1332 2326 1387 de
2357 1334 2561 1403 seipso,
2585 1341 2646 1386 ut
2676 1348 2776 1404 par
2795 1340 2901 1398 est,
2931 1334 3076 1389 unde
3106 1333 3318 1389 scilicet
3340 1347 3469 1404 pro-

1890 1424 2073 1488 dierit,
2103 1432 2158 1480 et
2191 1440 2303 1496 quo
2337 1426 2589 1483 abiturus
2627 1427 2720 1494 sit,
2755 1425 3036 1481 sentienti.
3078 1424 3217 1479 Nam
3255 1431 3472 1481 natura:

1890 1517 2259 1572 consideratio
2301 1519 2554 1589 reprimit
2593 1519 2764 1573 animi
2810 1526 3104 1583 tumorem,
3150 1526 3205 1574 et
3251 1533 3469 1574 omnem

1887 1605 2209 1676 iactantiam
2262 1623 2327 1662 ac
2381 1608 2787 1664 contumaciam
2840 1609 3199 1675 exterminat;
3246 1623 3309 1663 ac
3360 1623 3472 1663 uno

211 1692 314 1763 μὲν
340 1693 443 1764 τῆς
476 1694 654 1766 ψυχῆς
682 1697 744 1749 τὺ
773 1697 1127 1767 φλεγμαῖνον,
1159 1694 1478 1758 ἀλαζονείαν
1516 1693 1575 1746 δὲ
1608 1694 1790 1746 πᾶσαν

1905 1698 2092 1766 verbo,
2143 1699 2478 1769 discipulum
2522 1700 2815 1755 constituit
2858 1699 3109 1768 Domini,
3154 1702 3247 1770 qui
3295 1699 3469 1754 dixit:

208 1785 307 1837 καὶ⁸
337 1785 627 1840 αὐθάδειαν
652 1786 965 1860 ὑπερορίζει
984 1802 1000 1820 ο
1035 1788 1129 1841 καὶ
1155 1787 1218 1840 τὸ
1247 1786 1387 1852 ὅλον,
1424 1784 1675 1859 ιωθητὴν
1695 1785 1791 1839 τοῦ

207 1875 418 1946 Κυρίου
451 1877 756 1948 καθίστησι,
782 1879 877 1933 τοῦ
905 1880 1148 1945 εἰπόντος
1171 1897 1185 1912 ο
1217 1880 1447 1935 Μάθετε
1483 1877 1588 1935 ἀπ’
1618 1879 1788 1949 ἐμοῦ,

208 1966 304 2021 ὅτι
334 1967 524 2037 πρᾶός
566 1972 685 2040 ειμι
723 1972 820 2025 καὶ
850 1972 1133 2040 ταπεινὸς
1160 1971 1237 2042 τῇ
1282 1972 1517 2041 καρδίᾳ.
1556 1972 1648 2043 Τῷ
1678 1971 1793 2025 ὄντι

208 2057 342 2128 γὰρ,
389 2057 609 2126 φίλτατε
672 2060 898 2125 παίδων,
960 2063 1119 2132 μόνον
1178 2062 1644 2135 περισπούδαστον
1697 2061 1793 2115 καὶ

210 2150 496 2202 ἐπαινετὸν
519 2149 581 2202 τὸ
609 2150 831 2222 διαρκὲς
859 2152 1083 2221 ἀγαθόν.
1118 2153 1288 2206 Τοῦτο
1315 2151 1372 2205 δέ
1400 2154 1547 2205 ἐστιν
1575 2155 1609 2223 ἡ
1643 2151 1796 2223 παρά

209 2239 348 2294 ε)εοῦ
379 2242 536 2313 τιμή.
562 2240 643 2296 Τά
673 2242 731 2296 δὲ
752 2242 1066 2316 ἀνθρώπινα
1086 2244 1261 2299 ταῦτα
1290 2246 1448 2307 σκιᾶς
1478 2245 1627 2297 ἐστιν
1654 2244 1797 2314 ἀμυ-

209 2331 462 2405 δρότερα,
497 2334 591 2387 καὶ
635 2335 859 2407 ὀνείρων
892 2335 1293 2408 ἀπατηλότερα.
1327 2336 1402 2389 Ἥ
1435 2353 1496 2389 τε
1526 2334 1637 2408 γὰρ
1680 2334 1797 2389 νεόο

210 2442 311 2494 της
337 2424 447 2477 τῶν
477 2426 681 2497 ἠρινῶν
712 2427 917 2497 ἀνθέων
952 2427 1203 2499 ὀξύτερον
1236 2430 1522 2500 καταρρεῖ,
1550 2429 1644 2482 καὶ
1676 2426 1797 2499 ῶρα

215 2518 468 2589 σώματος
495 2519 529 2590 ἢ
560 2520 704 2590 νόσῳ
735 2519 769 2591 ἢ
804 2519 983 2591 χρόνῳ
1014 2521 1486 2593 καταμαραίνεται
1517 2520 1651 2592 (29).
1686 2522 1807 2574 Καὶ

211 2610 447 2675 πλοῦτος
481 2611 581 2681 μὲν
617 2613 864 2674 ἄπιστος,
902 2610 1034 2676 δόξα
1061 2610 1119 2665 δὲ
1156 2610 1605 2682 εὐπερίτρεπτος.
1637 2610 1709 2662 Δῖ
1737 2625 1797 2661 τε

212 2701 345 2773 περὶ
372 2702 470 2765 τάς
502 2700 696 2772 τέχνας
724 2701 1067 2772 διαπονήσεις
1095 2700 1174 2771 τῷ
1205 2701 1381 2772 χρόνῳ
1395 2698 1569 2771 τούτῳ
1589 2715 1797 2753 συναπ-

211 2792 547 2865 αρτίζονται.
614 2790 778 2845 Ἀλλά
825 2791 921 2844 καὶ
946 2791 1008 2844 τὸ
1052 2791 1521 2863 περισπούδαστον
1565 2789 1792 2855 ἅπασιν,

212 2885 264 2937 οἱ
296 2883 448 2956 λόγοι
478 2884 606 2954 ἄχρι
643 2882 746 2954 τῆς
787 2884 957 2954 ἀκοῆς
1000 2883 1155 2955 χάριν
1183 2881 1418 2954 ἔχουσιν.
1464 2884 1692 2953 Ἀρετῆς
1738 2881 1797 2934 δὲ

217 2973 456 3042 ἄσκησις
508 2973 689 3043 τίμιον
737 2972 836 3042 μὲν
881 2972 1069 3043 κτῆμα
1107 2972 1187 3042 τῷ
1237 2972 1434 3042 ἔχοντι,
1479 2972 1695 3043 ἥδιστον
1740 2971 1798 3024 δὲ

212 3062 510 3134 θεαμάτων
554 3062 669 3134 ('50)
716 3064 831 3126 τοῖς
883 3062 1316 3132 ἐντυγχάνουσιν.
1367 3058 1473 3115 ’Ὧν
1509 3061 1799 3134 ἐπιμελού-

218 3172 401 3227 μενος,
452 3153 600 3219 ἄξιον
634 3154 861 3208 σεαυτὸν
905 3154 1268 3224 καταστήσεις
1304 3151 1412 3207 τῶν
1457 3154 1515 3206 ὲν
1560 3155 1798 3222 ἐπαγγε-

215 3246 364 3312 λίαις
409 3248 787 3318 ἀποκειμένων
819 3246 968 3319 παρά
998 3246 1092 3300 τοῦ
1140 3246 1347 3317 Κυρίου
1383 3246 1625 3316 ἀγαθῶν.
1681 3245 1799 3300 Τίνι

213 3341 264 3393 δ’
300 3340 368 3393 ἂν
414 3339 600 3411 τρόπῳ
634 3338 806 3403 ἔλθοις
854 3338 990 3410 πρὸς
1023 3336 1121 3409 τὴν
1162 3336 1272 3390 τῶν
1308 3336 1488 3391 καλῶν
1534 3336 1800 3408 ἀνάληψιν

216 3431 316 3485 καὶ
348 3431 497 3494 ὅπως
528 3428 595 3483 ἂν
625 3429 695 3482 τὰ
737 3428 1005 3501 κτηθέντα
1042 3426 1333 3482 διασώσαιο
1361 3428 1494 3498 (51),
1530 3426 1800 3498 μακρότε⁶

223 3541 319 3595 ρον
351 3525 525 3576 εἰπεῖν
558 3523 590 3594 ἢ
645 3522 785 3576 κατά
812 3522 910 3593 τὴν
940 3521 1224 3594 παροῦσαν
1255 3519 1431 3591 ὁρμὴν
1470 3518 1567 3573 τοῦ
1612 3519 1798 3587 λόγου.

233 3614 471 3685 Ἐπῆλθε
508 3614 553 3668 δ’
583 3609 676 3667 οὖν
705 3614 829 3683 ἐμοὶ
854 3613 948 3666 καὶ
979 3613 1119 3667 αὐτά
1161 3610 1338 3665 ταῦτά
1366 3610 1477 3681 (52)
1513 3628 1594 3664 σοι
1632 3626 1802 3682 προσ-

220 3702 581 3776 φυεγξασθαι,
615 3700 672 3768 ἐξ
718 3695 793 3755 ὧν
827 3702 1051 3772 ιἥκουσα.
1085 3700 1239 3772 παρά
1266 3700 1360 3753 τοῦ
1395 3699 1630 3768 ἀδελφοῦ
1674 3698 1803 3752 Θεο-

218 3796 418 3859 ⁸τέκνου
442 3811 457 3825 ο
484 3793 542 3846 ὃν
578 3793 809 3846 πάντοτε
845 3792 942 3862 μὲν
965 3790 1194 3862 εὔχομαι
1229 3790 1533 3861 ἀληθεύειν,
1566 3787 1803 3859 μάλιστα

218 3887 281 3940 δὲ
314 3888 372 3946 ὲν
412 3887 529 3948 τοῖς
555 3882 686 3954 περὶ
727 3881 820 3935 σοῦ
849 3881 1050 3949 λόγοις,
1082 3881 1172 3935 ἵνα
1200 3879 1361 3933 πλέον
1389 3876 1680 3951 δοξάζηται
1709 3880 1803 3932 ἐπὶ

223 3977 313 4032 σοὶ
339 3977 369 4029 ὁ
397 3974 622 4047 Κύριος,
649 3972 758 4026 ἀπὸ
780 3971 937 4043 ῥίζης
962 3970 1247 4041 ἀλλοτρίας
1272 3973 1386 4035 τοῖς
1416 3970 1803 4042 πολυτιμήτοις

220 4070 461 4140 καρποῖς
483 4066 582 4136 τῆς
612 4063 894 4126 εὐσεϐείας
931 4062 1169 4133 βρύοντι.

296 4221 345 4253 ³⁸
368 4217 561 4274 Matth.
591 4234 672 4283 ιι,
711 4216 802 4273 29η.

1892 1787 2092 1843 Discite
2123 1806 2155 1843 a
2181 1806 2269 1844 me
2295 1791 2422 1860 quia
2451 1790 2595 1845 mitis
2619 1807 2736 1845 sum
2765 1802 2817 1846 et
2847 1791 3070 1846 humilis
3093 1791 3247 1846 corde
3270 1792 3336 1845 ⁸³.
3360 1789 3473 1847 Be-

1890 1896 2022 1936 vera
2052 1882 2222 1949 enim,
2269 1881 2344 1936 fili
2392 1883 2741 1949 charissime,
2775 1899 2946 1938 unum
2975 1890 3060 1939 est
3110 1882 3475 1954 expetendum

1892 1979 1947 2027 et
1987 1971 2278 2038 laudabile,
2327 1982 2593 2029 aeternum
2643 1976 2896 2042 bonum;
2945 1974 3108 2046 5.22
3155 1974 3259 2029 hoc
3291 1981 3475 2030 autem

1894 2071 1998 2127 est,
2039 2061 2097 2116 in
2138 2064 2315 2133 pretio
2348 2071 2403 2119 et
2442 2064 2654 2121 honore
2690 2081 2817 2122 esse
2850 2067 2993 2136 apud
3035 2064 3227 2119 Deum.
3271 2066 3341 2118 At
3371 2064 3477 2119 hu-

1894 2168 2058 2208 mana
2086 2154 2204 2209 haec
2249 2156 2502 2210 tenuiora
2535 2163 2666 2211 sunt
2704 2157 2923 2220 umbra,
2963 2162 3018 2211 et
3062 2154 3292 2211 somniis
3322 2153 3477 2209 falla-

1896 2246 2065 2300 ciera.
2092 2244 2366 2302 Iuventus
2400 2249 2546 2302 enim
2586 2249 2774 2304 vernis
2804 2247 3036 2302 floribus
3064 2246 3231 2302 citius
3261 2243 3474 2311 deﬂuit,

1896 2342 1952 2390 et
1989 2336 2245 2406 corporis
2276 2346 2540 2393 venustas
2573 2346 2669 2392 aut
2697 2338 2893 2392 morbo
2925 2343 3020 2389 aut
3060 2341 3309 2405 tempore
3348 2333 3479 2389 ﬂac-

1896 2425 2087 2479 cescit.
2115 2426 2297 2496 Atque
2349 2426 2555 2483 divitiae
2595 2427 2816 2498 quidem
2871 2426 3052 2482 infidae
3085 2433 3216 2482 sunt
3250 2445 3266 2481 :
3304 2425 3479 2497 gloria

1896 2531 2029 2572 vero
2056 2517 2214 2574 facile
2241 2519 2547 2575 mutabilis.
2579 2519 2701 2590 Ipsa
2731 2521 2898 2576 etiam
2930 2520 3135 2575 artium
3163 2518 3347 2575 studia
3376 2517 3482 2572 hu-

1893 2607 1987 2676 jus
2019 2609 2121 2664 aevi
2149 2609 2351 2665 ﬁnibus
2382 2610 2757 2666 continentur.
2788 2609 2896 2667 Sed
2925 2618 2981 2667 et
3002 2610 3337 2683 eloquentia,
3358 2624 3482 2679 qua:

1898 2699 2083 2754 studio
2129 2700 2296 2771 digna
2328 2701 2587 2758 omnibus
2616 2702 2856 2768 videtur,
2889 2703 3116 2757 auribus
3163 2710 3324 2757 tenus
3354 2715 3482 2771 gra-

1899 2792 2033 2846 tiam
2070 2792 2301 2847 obtinet.
2335 2790 2444 2848 Sed
2490 2793 2713 2849 virtutis
2756 2794 3080 2850 exercitatio
3124 2793 3368 2864 pretiosa
3395 2799 3483 2849 est

1901 2884 2121 2939 habenti
2151 2885 2454 2953 possessio,
2503 2886 2880 2956 spectaculum
2926 2885 3345 2940 occurrentibus
3390 2884 3482 2953 ju-

1901 2975 2324 3030 cundissimum.
2360 2974 2457 3031 His
2490 2976 2738 3031 studium
2768 2976 3114 3047 impendens,
3140 2975 3368 3046 dignum
3397 2983 3483 3030 te-

1907 3065 2087 3135 ipsum
2121 3066 2414 3136 praestabis
2449 3069 2742 3137 promissis
2771 3082 2802 3122 a
2832 3067 3064 3123 Domino
3091 3067 3275 3125 bonis.
3310 3067 3483 3123 Caete-

1906 3172 2030 3211 rum
2058 3158 2335 3227 quomodo
2369 3157 2439 3213 ad
2477 3158 2808 3229 optimarum
2842 3176 3027 3215 rerum
3063 3160 3484 3230 acquisitionem

1906 3249 2207 3319 pertingas,
2228 3257 2282 3304 et
2303 3250 2904 3321 quomodo_acquisitas
2924 3266 3242 3315 conserves,
3264 3251 3482 3321 longius

1905 3346 1991 3393 est
2014 3338 2221 3404 dicere,
2251 3356 2416 3410 quam
2445 3356 2546 3412 pro
2588 3342 2843 3411 praesenti
2892 3342 3164 3397 sermonis
3191 3342 3481 3396 instituto:

1907 3432 2004 3487 sed
2034 3438 2220 3486 tamen
2250 3432 2400 3487 venit
2448 3434 2585 3488 mihi
2624 3435 2683 3488 in
2736 3447 2993 3497 mentem,
3044 3433 3158 3487 haec
3210 3432 3327 3501 ipsa
3379 3433 3482 3486 tibi

1906 3519 2109 3583 dicere,
2134 3519 2206 3574 ob
2234 3534 2298 3575 ea
2323 3535 2445 3591 qua:
2466 3535 2497 3574 a
2526 3520 2701 3575 fratre
2724 3520 3036 3575 Theotecno
3064 3519 3249 3574 audivi
3273 3537 3289 3585 ;
3317 3535 3484 3588 quem

1908 3625 2123 3680 semper
2143 3612 2365 3682 quidem
2399 3612 2633 3684 Optarim
2658 3627 2850 3667 verum
2879 3611 3051 3682 loqui,
3084 3610 3320 3667 maxime
3347 3624 3481 3665 vero

1907 3717 2032 3757 cum
2062 3702 2131 3758 de
2154 3710 2209 3758 te
2238 3717 2547 3758 sermonem
2578 3702 2760 3767 habet,
2793 3711 2854 3757 ut
2886 3703 3111 3758 uberius
3136 3700 3478 3773 gloriﬁcetur

1909 3793 1965 3848 in
1997 3791 2371 3858 teDominus,
2407 3793 2825 3863 pretiosissimis
2857 3794 3075 3867 pietatis
3101 3793 3372 3851 fructibus
3407 3808 3479 3851 ex

1909 3882 2095 3940 radice
2133 3883 2311 3940 aliena
2344 3881 2666 3939 abundanti.

224 4376 351 4432 Vat.
393 4384 449 4432 et
480 4375 625 4446 Reg.
666 4373 933 4446 secundo.
979 4370 1186 4446 Regius
1232 4372 1443 4441 primus
1466 4369 1700 4446 _et_editi_
1725 4368 1805 4442 τῷ
1833 4388 1879 4445 ι)
1908 4372 2128 4446 codices
2156 4363 2211 4428 et
2237 4372 2372 4441 Reg.
2406 4373 2773 4446 se_cundus__ut
2792 4372 2850 4446 in
2871 4379 3054 4446 textu.

226 4446 400 4517 αὐτῷ.
442 4445 496 4500 id
542 4440 943 4517 e§t,Maxi_mo
990 4440 1336 4517 philosopho,
1391 4442 1492 4517 cui
1532 4440 1803 4517 inscripta

225 4511 608 4587 erat'epistola
632 4516 768 4587 alias
797 4513 889 4587 il,
927 4511 1091 4567 istam
1128 4513 1443 4587 praecedens
1480 4511 1536 4587 in
1575 4511 1805 4587 antiquo

225 4580 539 4641 litterarum
567 4585 776 4640 ordine.
810 4580 1432 4653 Utrumque’hjaxjmum
1464 4580 1811 4653 distinguen-

227 4656 360 4712 dum
399 4672 522 4711 esse
554 4654 874 4710 ostendetur
899 4656 954 4708 in
993 4651 1115 4705 Vita
1149 4650 1209 4707 S.
1239 4651 1453 4705 Basilii.

300 4726 417 4797 (24)
467 4724 791 4797 Ἐναργῶςτ
810 4723 902 4777 Sic
932 4738 1063 4797 mss.
1102 4729 1344 4797 septem;
1357 4719 1505 4797 _Editi
1540 4718 1748 4797 σαφῶς.

460 4789 789 4868 ξΕξέὲιᾲ-υᾴἐ
812 4812 982 4868 μοι...
1013 4789 1182 4868 ὥστ’,
1212 4789 1538 4868 el._Sic_t_res
1554 4791 1815 4868 vetustis-

230 4860 354 4923 sithi
378 4860 614 4921 codices.
639 4864 782 4919 Editi
808 4860 1068 4928 ἐξέκαυσέ
1093 4876 1263 4931 μου...
1286 4861 1381 4925 ὡς.
1406 4860 1620 4931 Habent
1642 4861 1805 4915 etiam

229 4936 402 4992 Coisl.
434 4934 709 4991 secundus
734 4942 789 4990 et
818 4934 960 5005 Reg.
982 4929 1257 5005 secundus
1289 4929 1552 5005 ἐξέκαυσε
1584 4947 1696 5001 μοι.

302 5005 417 5077 (26)
464 4999 923 5077 Ιξῠαγτελικόνῖ
944 5003 1030 5077 lta_
1052 4999 1259 5077 __li_arl.,
1300 5002 1490 5077 Δ(ὲοῇει.
1550 4999 1803 5071 uterque,

663 5073 957 5130 secundus.
991 5069 1148 5142 Editi_
1164 5072 1470 5142 ἀγγελικόν.

569 5140 747 5226 λόγω.
782 5145 862 5199 lta
899 5142 1076 5207 Harl.,
1109 5140 1279 5199 Coisl.
1320 5146 1529 5214 primus
1567 5152 1623 5199 et
1664 5141 1805 5198 Med.

229 5213 374 5269 Editi
401 5213 483 5283 τῷ
506 5215 769 5283 λογισμῷ.

305 5231 374 5267 uti
405 5231 483 5283 τῳ
508 5231 659 5283 Αογισ
754 5254 769 5267 .

305 5283 419 5355 (28)
451 5284 565 5338 Καὶ
593 5231 954 5355 οἰμῗνοοιιιίιηι
982 5285 1292 5355 secundam
1338 5283 1589 5355 addimus
1621 5298 1686 5339 ex
1713 5297 1808 5355 sex

233 5353 372 5411 mss.
401 5353 604 5410 Ibidem
628 5353 846 5424 quidam
871 5353 1091 5424 codices
1114 5353 1464 5424 πορεόσεται,
1492 5353 1611 5408 Νοη
1629 5353 1810 5424 multo

234 5370 372 5411 mss.
401 5370 604 5410 Ibidem
667 5370 846 5409 uiuam
871 5370 1091 5410 couices
1114 5371 1464 5424 πορευσεται,
1492 5370 1611 5408 non
1635 5370 1810 5406 multo

234 5435 358 5499 post
385 5425 517 5481 editi
551 5370 799 5498 μαθητὴν
836 5423 929 5477 τοῦ
962 5424 1223 5493 Χριστοῦ.
1259 5422 1402 5479 Tres
1437 5423 1819 5480 vetustissimi

1978 4439 2651 4516 (29)]ςαταμὰραίνεται.
2680 4442 2831 4516 Harl.
2860 4441 3312 4516 ἀπομαραίνεται.
3337 4439 3483 4508 Quae

1905 4511 2036 4571 tuor
2071 4511 2161 4567 alii
2196 4511 2415 4584 codices
2447 4528 2557 4584 non
2593 4511 3338 4584 antiquissimipapaiverat.

1982 4582 2456 4654 (ὃθλβεαμάτων.
2492 4582 2570 4637 Ita
2595 4581 2773 4654 Harl},
2800 4581 2967 4654 coisl.
2989 4581 3272 4654 primuset
3297 4581 3482 4654 plures

1916 4651 2033 4709 alii.
2085 4652 2213 4724 Vat.
2234 4651 2246 4654 ⁷
2266 4652 2972 4724 θα-υμᾴτιιυν,ῌτηὶῖαιξιιίιιηιΔ
3007 4651 3478 4724 iucundissimum.

1920 4723 2065 4779 Editi
2100 4722 2300 4795 θέαμα.
2327 4717 2535 4795 Ibidem
2551 4722 2680 4795 editi
2702 4717 2770 4793 ἦς
2794 4717 3234 4795 ἐπιμελούμενος.
3264 4719 3480 4795 Septem

1916 4809 2051 4850 mss.
2094 4802 2162 4847 ut-
2187 4790 2243 4848 in
2278 4799 2449 4848 textu.
2502 4790 2674 4861 Paulo
2727 4790 2849 4861 post
2880 4790 3072 4845 iisdem
3115 4790 3237 4861 freti
3272 4790 3482 4861 codici-

1915 4864 2018 4919 bus
2042 4864 2375 4917 mutavimus
2403 4860 2552 4932 quod
2577 4869 2695 4917 erat
2728 4858 2972 4932 inaeditis
2999 4861 3151 4931 παρά
3181 4858 3317 4914 Θεοῦ
3348 4862 3485 4928 ἁγα-

1916 4933 2043 4997 θῶν,
2072 4933 2134 4986 τὸ
2164 4933 2241 4995 δὲ,
2277 4930 2577 5003 ποίῳάν...
2608 4932 2703 4985 καὶ
2733 4930 2871 4994 πῶς,

1987 4998 2483 5074 (51)ῌΔιᾳσώᾳὰιο.
2538 5002 2631 5074 l_ta_
2668 5013 2784 5074 tres
2831 4998 3187 5074 vetustissimi
3237 5000 3479 5057 codices.

1915 5068 2050 5127 Tres
2077 5068 2168 5125 alii
2197 5071 2500 5125 ἅασώσοιο.
2537 5070 2679 5124 Editi
2709 5068 3011 5133 διασώσεις.

1985 5141 2097 5212 (52)
2125 5142 2289 5212 Aera
2319 5141 2526 5212 ταῦτα.
2556 5140 2803 5212 lta_r_nss.
2837 5154 2952 5195 sex.
2972 5137 3281 5212 yaticanus
3309 5138 3484 5212 codex

1914 5208 2089 5264 αὑτοῦ
2108 5209 2300 5264 ταῦτα.
2337 5210 2617 5266 Editiones
2650 5208 2860 5279 Hagan.
2891 5217 2945 5266 et
2970 5209 3139 5265 Basil.
3167 5209 3264 5264 τοῦ
3288 5209 3480 5264 ταῦτα.

1912 5279 2091 5336 Paris.
2134 5281 2310 5350 prima
2336 5281 2402 5334 τὰ
2438 5279 2630 5336 ταῦτα.
2666 5280 2852 5336 Altera
2904 5295 3027 5335 cum
3080 5280 3486 5353 antiquioribus

1912 5353 2203 5408 consentit.
