3852 6224
331 133 470 192 1015

740 276 1081 335 EPISTOLA
1107 277 1504 336 CCLXXVIII‘.

1634 139 1692 195 S.
1734 139 1980 198 BASILII
2009 137 2229 195 MAGNI

3453 132 3594 192 ιοιε

2535 274 2883 330 ΕΠΙΣΤΟΛΗ
2925 275 3094 330 ΣΟΗ’.

463 394 586 444 Cum
603 402 732 455 sepe
753 389 1014 443 Valeriani
1032 389 1232 444 videndi
1252 406 1363 458 spes
1386 390 1624 444 Basiliam
1640 391 1879 458 frustrata
1906 398 2045 453 esset,
2070 395 2211 456 rogat
2236 404 2346 441 eum
2367 403 2455 455 per
2489 388 2675 442 litteras
2695 394 2748 439 ut
2770 388 2836 439 ad
2856 401 2907 439 se
2927 385 3092 439 venire
3111 399 3203 437 non
3223 390 3467 452 gravetur.

976 497 1282 555 Valeriano.

410 607 587 665 Tuam
614 623 717 682 ego
750 608 1114 677 nobilitatem,
1148 609 1312 667 etiam
1343 610 1401 666 in
1433 608 1760 680 Orphanene
1787 627 1912 668 cum

342 717 548 767 essem,
582 701 868 773 cupiebam
897 702 1103 758 videre.
1135 703 1432 775 Sperabam
1459 703 1609 760 enim
1639 713 1693 759 te
1718 704 1915 760 Cursa-

340 793 512 866 gaanis
545 799 875 859 versantem,
926 793 1158 850 libenter
1192 794 1262 849 ad
1301 811 1404 851 nos
1453 810 1830 863 accessurum,
1865 796 1912 853 si

340 894 670 940 conventum
723 884 782 939 in
835 884 1135 956 Attagaenis
1188 886 1616 944 celebraremus.
1665 888 1732 942 At
1787 903 1910 943 cum

337 976 488 1032 hunc
514 983 845 1032 conventum
876 990 985 1030 non
1015 976 1320 1041 habuerim,
1349 978 1403 1032 in
1431 987 1617 1034 monte
1644 978 1832 1034 videre
1858 987 1914 1035 te

336 1066 682 1136 exoptabam.
734 1063 949 1121 Rursus
1008 1065 1153 1121 enim
1207 1065 1298 1120 hic
1342 1064 1572 1128 Evesus,
1621 1082 1746 1121 cum
1801 1082 1913 1122 non

336 1157 500 1228 longe
552 1157 717 1221 absit,
766 1172 918 1229 spem
961 1173 1294 1230 congressus
1341 1164 1596 1230 augebat.
1634 1159 1740 1215 Sed
1787 1175 1912 1215 cum

335 1257 593 1305 neutrum
616 1250 673 1303 in
702 1250 885 1304 locum
913 1251 1180 1317 venerim,
1215 1252 1459 1308 scribere
1486 1252 1723 1318 institui,
1754 1261 1815 1308 ut
1843 1253 1914 1309 ad

336 1349 427 1389 me
465 1335 704 1405 digneris
742 1336 1048 1407 proficisci,
1094 1353 1222 1393 cum
1260 1355 1377 1395 rem
1414 1356 1625 1411 aequam
1670 1341 1913 1409 faciens,

336 1427 467 1482 dum
494 1424 720 1496 juvenis
751 1427 819 1482 ad
858 1443 1043 1484 senem
1075 1430 1338 1499 accedes;
1368 1439 1484 1487 tum
1526 1447 1627 1503 per
1651 1449 1917 1506 congres-

336 1532 458 1573 sum
492 1518 715 1588 aliquod
746 1533 777 1572 a
820 1534 908 1574 me
941 1520 1236 1576 consilium
1268 1534 1617 1595 accepturus,
1663 1533 1915 1597 propter-

337 1623 402 1664 ea
421 1608 567 1679 quod
600 1612 819 1679 negotia
842 1609 1106 1666 Caesareae
1126 1626 1249 1666 cum
1273 1615 1552 1671 nonnullis
1574 1616 1764 1683 habes,
1792 1634 1916 1689 quae

337 1706 398 1753 ut
439 1709 872 1771 componantur,
922 1717 1088 1773 opera
1133 1720 1253 1761 mea
1303 1707 1572 1779 indigent.
1624 1709 1832 1782 Itaque,
1867 1712 1914 1766 si

338 1788 625 1846 molestum
659 1806 770 1847 non
791 1801 896 1858 est,
932 1808 1001 1849 ne
1022 1792 1255 1865 pigreris
1285 1796 1354 1851 ad
1386 1814 1472 1852 me
1506 1800 1714 1855 venire.

759 2030 1095 2089 EPISTULA
1121 2031 1503 2088 CCLXXIX"'

1942 518 1991 573 Α

2608 491 3003 564 Οὐαλεριανῷ.

2101 609 2240 678 Ἐγὼ
2273 610 2372 681 τὴν
2414 607 2692 678 εὐγένειάν
2727 625 2844 673 σου,
2883 607 2979 661 καὶ
3015 605 3158 659 κατὰ
3188 603 3286 677 τὴν
3327 603 3600 673 Ὀρφανή-

2014 720 2113 775 νην
2158 702 2273 775 (55)
2320 703 2634 773 γενόμενος,
2694 700 3005 769 ἐπεθύμουν
3055 698 3202 752 ἰδεῖν.
3243 694 3601 767 Προσεδέκων

2013 793 2122 863 γάρ
2155 808 2214 845 σε
2245 793 2306 845 ἐν
2331 791 2734 863 Κορσαγαίνοις
2761 788 3018 857 διάγοντα
3052 786 3127 858 μὴ
3175 785 3426 856 ὀκνήσειν
3458 784 3600 856 πρὸς

2013 885 2162 955 ἡμᾶς
2187 884 2438 953 διαϐῆναι
2485 885 2557 936 ἐν
2584 882 2953 951 ’Δτταγαίνοις
3003 879 3113 949 (54)
3159 877 3450 939 τελοῦντας
3494 876 3601 945 τὴν

2016 975 2253 1030 σύνοδον.
2314 974 2470 1028 Ἐπεὶ
2511 974 2570 1027 δέ
2609 974 2825 1045 ἐκείνης
2873 973 3174 1043 διήμαρτον
3206 969 3307 1037 τῆς
3350 966 3601 1044 συνύδου,

2014 1066 2325 1136 ἐπεθύμουν
2357 1066 2486 1120 ἰδεῖν
2524 1067 2582 1120 ἐν
2631 1064 2708 1136 τῷ
2735 1064 2871 1135 ὄρει.
2905 1062 3075 1118 Πάλιν
3100 1061 3211 1131 γὰρ
3249 1061 3421 1130 ἐκεῖὴ
3453 1058 3602 1129 Εὔη-

2016 1173 2108 1221 σος
2152 1157 2288 1228 (55),
2320 1156 2549 1228 πλησίον
2589 1152 2747 1221 οὖσα,
2784 1154 2883 1226 τὴν
2929 1153 3120 1208 ἐλπίδα
3156 1151 3257 1221 τῆς
3308 1149 3603 1219 συντυχίας

2014 1248 2308 1304 ἐπέτεινεν.
2362 1250 2451 1313 Ὠς
2498 1249 2556 1302 δὲ
2604 1248 2930 1320 ἀμφοτέρων
2960 1247 3280 1319 διήμαρτον.
3307 1239 3475 1314 ἦλθον
3502 1243 3603 1295 ἐπὶ

2013 1340 2074 1393 τὸ
2102 1340 2356 1411 γράφειν,
2408 1341 2496 1395 ἴνα
2550 1338 2897 1410 καταξιώσῃς
2949 1355 3018 1409 με
3067 1335 3429 1391 καταλαϐεῖν
3458 1333 3601 1405 ὁμοῦ

2019 1430 2117 1501 μὲν
2148 1432 2209 1485 τὸ
2234 1432 2382 1495 εἰκὸς
2419 1432 2612 1496 ποιῶν,
2641 1431 2762 1495 νέος
2792 1431 2993 1501 φοιτῶν
3025 1429 3176 1500 παρὰ
3199 1429 3437 1499 γέροντι,
3461 1425 3602 1498 ὁμοῦ

2013 1525 2071 1578 δὲ
2113 1525 2210 1578 καὶ
2233 1524 2322 1580 διὰ
2356 1528 2456 1597 τῆς
2486 1525 2776 1595 συντυχίας
2807 1522 3094 1594 δεχόμενός
3126 1538 3249 1574 τινα
3277 1521 3408 1591 παρ’
3441 1519 3601 1590 ἡμῶν

2016 1615 2348 1687 συμϐουλὴν,
2382 1616 2470 1670 διὰ
2498 1615 2560 1668 τὸ
2600 1610 2743 1668 εἶναι
2794 1630 2875 1667 σοι
2922 1612 3224 1684 πράγματα
3270 1613 3409 1682 πρός
3445 1625 3602 1673 τινας

2014 1706 2124 1760 τῶν
2152 1709 2210 1760 ὲν
2244 1705 2572 1778 Καισαρείᾳ,
2606 1704 2678 1759 τὰ
2723 1704 2957 1775 δεόμενα
3001 1703 3100 1772 τῆς
3130 1702 3410 1773 ἡμετέρας
3443 1716 3600 1769 μεσι-

2015 1795 2168 1858 τείας
2201 1796 2337 1866 πρὸς
2363 1796 2460 1867 τὴν
2481 1794 2790 1866 διόρθωσιν.
2835 1793 2961 1846 Ἐὰν
2991 1788 3085 1846 οὖν
3114 1792 3421 1862 ἀνεπαχθὲς
3440 1786 3498 1863 ᾗ,
3523 1790 3600 1861 μὴ

1947 1861 1991 1917 Β
2019 1861 2360 1961 κατοκνῆσῃς
2389 1861 2540 1959 μᾶς
2567 1861 2919 1945 καταλαϐεῖν.

2556 2041 2902 2097 ΕΠΙΣΤΟΛΗ
2947 2041 3110 2098 ΣΟΘ’.

1424 2151 1743 2204 Commendat
1762 2155 1995 2221 praefecto
2016 2156 2169 2209 civem
2199 2160 2517 2224 Tyanensem.

857 2262 1097 2318 Modesto
1127 2265 1398 2335 praefecto.

404 2370 666 2440 Quamvis
700 2375 857 2429 multi
879 2375 1093 2432 litteras
1126 2391 1157 2430 a
1188 2392 1275 2433 me
1303 2377 1374 2432 ad
1405 2384 1557 2433 tuam
1588 2379 1911 2449 dignitatem

340 2463 633 2535 perferant,
663 2473 844 2522 tamen
872 2467 946 2522 ob
969 2467 1234 2523 eximium
1264 2468 1553 2532 honorem,
1582 2485 1746 2541 quem
1781 2471 1915 2525 mihi

341 2555 532 2623 habes,
579 2559 1021 2629 magnanimitati
1066 2567 1176 2615 tua:
1215 2562 1423 2616 nullam
1472 2563 1713 2618 arbitror
1749 2565 1918 2620 mole-

341 2648 503 2704 stiam
537 2650 891 2706 multitudine
921 2651 1230 2708 litterarum
1253 2654 1522 2711 exhiberi.
1547 2654 1915 2722 Quamobrem

341 2740 574 2797 libenter
598 2742 727 2797 huic
749 2741 912 2813 523
944 2746 1109 2799 etiam
1133 2746 1291 2800 fratri
1316 2746 1459 2801 hanc
1487 2748 1774 2816 epistolam
1802 2756 1917 2803 tra-

343 2834 487 2900 didi;
524 2850 648 2890 cum
681 2836 812 2889 mihi
843 2845 1187 2907 compertum
1220 2839 1293 2895 sit
1336 2847 1392 2894 et
1435 2839 1614 2910 ipsum
1649 2842 1917 2905 omnium,

2439 2273 2727 2338 Modéirttp
2758 2272 2872 2343 (56)
2905 2272 3175 2342 ὑπάρχῳ.

2092 2384 2213 2439 Κᾶν
2260 2385 2446 2439 πολλοὶ⁹
2476 2381 2609 2441 ὦσιν
2657 2387 2707 2439 oi
2738 2387 3045 2459 γράμματα
3074 2384 3207 2456 παρ’
3236 2383 3393 2455 ἡμῶν
3430 2399 3605 2453 προσ-

2020 2476 2334 2549 κομίζοντες
2368 2480 2434 2550 τῇ
2474 2480 2744 2551 τιμιότητί
2784 2497 2900 2542 σου,
2935 2476 3071 2531 ἀλλὰ
3112 2476 3200 2529 διὰ
3230 2477 3291 2528 τὺ
3322 2473 3603 2545 ὑπερϐαλ-

2020 2569 2110 2623 λον
2140 2570 2241 2640 τῆς
2275 2570 2373 2640 σῆς
2406 2571 2537 2641 περὶ
2562 2572 2710 2642 ἡμᾶς
2755 2571 2866 2641 (57)
2914 2570 3082 2641 τιμῆς
3109 2566 3346 2638 ἡγοῦμαι
3372 2565 3435 2619 τδ
3461 2564 3603 2636 πλῆ-

2029 2660 2121 2724 θος
2144 2660 2254 2714 τῶν
2296 2663 2641 2733 γραμμάτων
2677 2662 2832 2733 ὄχλον
2868 2661 3069 2732 μηδένα
3112 2658 3374 2731 παρέχειν
3410 2660 3475 2728 τῇ
3509 2673 3610 2727 με-

2016 2752 2285 2821 γαλοφυΐα
2318 2769 2433 2806 σου.
2479 2752 2577 2805 Διὰ
2622 2752 2781 2807 τοῦτο
2824 2751 3121 2823 προθύμως
3152 2752 3248 2804 καὶ
3272 2748 3356 2826 τῷ
3391 2746 3607 2817 ἀδελφῷ

2015 2844 2191 2915 τούτῳ
2222 2843 2321 2915 τὴν
2350 2843 2635 2916 ἐπιστολὴν
2671 2845 2851 2899 ἔδωκα
2894 2843 3005 2915 (58)
3050 2844 3255 2913 ταύτην
3278 2858 3293 2872 ·
3324 2840 3483 2904 εἰδὼς
3512 2841 3598 2894 ὅτι

343 2942 465 2995 quae
494 2926 552 2981 in
580 2927 785 2998 Optatis
811 2927 999 2992 habet,
1031 2938 1344 3000 compotem
1390 2929 1529 2994 fore,
1564 2939 1618 2986 et
1651 2945 1737 2986 me
1776 2933 1920 3002 apud

2033 2934 2104 2987 :atl.
2138 2934 2302 2998 αὐτὸς
2328 2935 2545 2989 πάντων
2576 2934 2830 3000 τεύξεται
2860 2934 2970 2988 τῶν
3000 2934 3474 3003 σπουδαζομένων,
3509 2932 3611 2984 καὶ

345 3026 399 3074 te
428 3019 571 3074 inter
602 3018 878 3076 beneﬁcos
920 3022 1345 3087 numerandum,
1386 3024 1481 3094 qui
1528 3023 1917 3079 beneficiorum

2033 3027 2179 3095 ιλμεῖς
2226 3027 2285 3078 ἐν
2309 3028 2424 3088 τοῖς
2455 3026 2773 3097 εὐεργέταις
2814 3022 3254 3096 λογισθησόμεθα
3299 3020 3453 3094 παρὰ
3496 3020 3604 3082 σοὶ,

344 3111 667 3166 occasiones
691 3111 849 3166 bona
873 3120 978 3167 tua:
1000 3113 1271 3168 voluntati
1297 3114 1624 3170 ministrem.
1649 3113 1824 3181 Quam
1850 3115 1918 3169 ad

2033 3113 2273 3185 ἰφορμὰς
2306 3114 2562 3169 εὐποιιῶν
2606 3114 2990 3186 προξενοῦντες
3028 3116 3096 3185 τῇ
3128 3112 3308 3183 ἀγαθῇ
3342 3109 3608 3182 προαιρέ-

345 3215 460 3255 rem
485 3202 671 3271 itaque
705 3203 1012 3271 patrocinio
1046 3211 1141 3258 tuo
1174 3204 1435 3275 indigeat,
1464 3206 1580 3274 ipse
1608 3204 1711 3259 tibi
1752 3220 1922 3276 expo-

2033 3220 2108 3257 σει
2140 3221 2256 3258 σου.
2298 3205 2370 3258 Τὸ
2407 3206 2503 3276 μὲν
2545 3203 2638 3259 οὖν
2684 3208 2918 3277 πρᾶγμα
2958 3208 3039 3261 είς
3070 3205 3097 3257 ὃ
3130 3204 3297 3257 δεῖται
3344 3202 3444 3273 τῆς
3475 3217 3609 3270 προα

345 3300 460 3358 net,
491 3293 539 3349 si
568 3293 732 3349 modo
754 3294 908 3348 illum
937 3293 1175 3363 benigno
1193 3294 1436 3365 digneris
1465 3296 1713 3366 aspicere
1736 3298 1922 3363 oculo,

346 3386 507 3456 eique
537 3387 682 3458 apud
712 3386 1225 3457 praestantissimam
1271 3395 1420 3442 tuam
1464 3395 1796 3458 potestatem
1842 3389 1927 3444 lo-

348 3478 554 3548 quendi
588 3478 843 3534 fiduciam
870 3478 1109 3535 dederis.
1143 3477 1257 3549 Ego
1281 3488 1459 3535 autem
1491 3481 1543 3534 id
1570 3481 1716 3551 quod
1755 3481 1810 3536 in
1840 3497 1928 3537 me

352 3567 519 3623 situm
555 3579 641 3624 est
663 3608 680 3633 ,
712 3584 808 3639 per
837 3569 1052 3625 litteras
1093 3568 1339 3633 declaro,
1372 3570 1640 3640 quidquid
1689 3570 1742 3625 in
1774 3571 1927 3624 illum

350 3660 466 3726 ﬂet,
496 3661 778 3731 proprium
818 3661 953 3715 mihi
985 3661 1414 3717 emolumentum
1447 3662 1654 3731 videri;
1701 3679 1930 3734 praeser-

351 3751 451 3806 tim
481 3751 610 3821 quia
633 3750 841 3823 Tyanis
872 3751 1179 3822 profectus,
1206 3752 1351 3808 hanc
1380 3753 1453 3808 ob
1482 3769 1705 3811 causam
1738 3755 1804 3811 ad
1844 3736 1935 3810 me

352 3844 524 3908 venit,
559 3845 716 3913 quasi
743 3859 1000 3916 magnum
1031 3844 1253 3915 aliquod
1286 3847 1500 3901 lucrum
1534 3848 1849 3915 habiturus,
1884 3850 1931 3905 si

353 3932 643 4002 epistolam
690 3949 868 3989 mcam
914 3933 1084 3988 veluti
1131 3935 1493 4005 supplicantis
1537 3938 1753 4009 insigne
1802 3954 1935 4008 pro-

359 4024 546 4080 ferret.
568 4023 776 4096 Itaque,
812 4032 873 4079 ut
902 4032 956 4081 et
981 4026 1098 4096 ipse
1125 4026 1192 4081 dc
1222 4042 1319 4096 spe
1343 4043 1452 4083 non
1476 4027 1717 4094 decidat,
1753 4041 1808 4085 ct
1830 4047 1934 4102 ego

359 4113 570 4173 honore
604 4128 869 4173 consueto
901 4117 1179 4188 perfruar,
1214 4125 1269 4173 et
1300 4128 1456 4174 tuum
1487 4122 1622 4189 illud
1666 4123 1934 4178 bonarum

361 4224 547 4265 rerum
576 4209 817 4265 studium
847 4209 1015 4264 etiam
1034 4209 1090 4265 in
1114 4213 1370 4281 praesenti
1398 4213 1619 4282 negotio
1641 4214 1909 4285 adimplea
1925 4245 1938 4255 -

362 4311 476 4368 tur,
509 4316 808 4372 precamur.
838 4300 992 4354 illum
1030 4315 1060 4355 a
1094 4309 1147 4356 te
1175 4301 1413 4374 benigne
1445 4305 1675 4376 suscipi,
1703 4315 1756 4361 et
1795 4307 1940 4362 inter

359 4402 489 4451 tuos
512 4393 750 4450 maxime
770 4391 1116 4450 necessarios
1139 4394 1440 4450 numerari.

752 4635 1092 4694 EPISTOLA
1131 4632 1500 4692 CCLXXX‘“.

2024 3298 2251 3362 στασίας
2285 3315 2400 3360 σου,
2426 3298 2584 3362 αὐτὸς
2613 3299 2753 3371 ἐρεῖ,
2781 3300 2877 3352 ἐὰν
2907 3297 3069 3352 αὑτὸν
3093 3297 3312 3367 εὐμενεί
3337 3290 3613 3356 καταξιώ-

2026 3406 2125 3459 σῃς
2177 3390 2448 3462 προσιδεῖν
2490 3390 2571 3461 τῷ
2605 3390 2899 3461 βλέμματι,
2949 3389 3040 3442 καὶ
3078 3386 3184 3457 δῷς
3217 3384 3366 3454 αύτῷ
3409 3383 3611 3454 θάρσος

2025 3480 2167 3534 ὥστε
2215 3482 2399 3552 φωνὴν
2446 3481 2608 3553 ῥῆξαι
2641 3482 2732 3534 ἐπὶ
2761 3481 2860 3552 τῆς
2893 3479 3134 3551 μεγάλης
3172 3494 3264 3530 σου
3299 3475 3393 3528 καὶ
3435 3474 3611 3543 ὑπερ-

2028 3569 2196 3639 φυοῦς
2228 3568 2506 3635 ἐξουσίαςο
2538 3571 2700 3642 ἡμεῖς
2727 3570 2784 3623 δὲ
2818 3570 2878 3622 τὸ
2903 3569 3174 3640 ἡμέτερον
3201 3564 3288 3618 διὰ
3313 3563 3410 3617 τοῦ
3436 3564 3621 3633 γράμ-

2031 3680 2199 3733 ματος
2231 3661 2604 3734 παριστῶμεν,
2637 3663 2720 3715 ὅτι
2767 3661 2830 3714 τὸ
2870 3662 2951 3725 εἰς
2995 3659 3159 3713 αὐτὸν
3208 3657 3494 3728 γινόμενον
3533 3656 3618 3707 οἰ-

2029 3758 2177 3809 κεῖον
2223 3755 2504 3826 ἡγούμεθα
2554 3755 2777 3825 κέρδος·
2834 3752 2924 3808 διὰ
2973 3752 3036 3805 τὸ
3090 3750 3345 3823 μάλιστα,
3401 3751 3467 3802 ἐκ
3514 3748 3623 3817 τῆς

2030 3844 2283 3898 Τυανέων
2332 3845 2492 3899 αὐτὸν
2557 3843 2862 3897 ἀναστάντα
2883 3882 2903 3907 ,
2959 3841 3148 3895 τούτου
3200 3840 3386 3893 ἕνεκεν
3438 3837 3619 3893 ἐλθεῖν

2033 3937 2169 4007 πρὸς
2199 3936 2367 4005 ἡμᾶς,
2407 3935 2483 3999 ὡς
2526 3936 2668 4005 μέγα
2716 3952 2769 3988 τι
2798 3934 2989 4000 ἕξοντα
3032 3932 3245 4005 κέρδος,
3277 3933 3326 3983 εἰ
3361 3930 3459 4002 τὴν
3484 3933 3625 4000 ἡμε.

2031 4026 2197 4098 τέραν
2255 4025 2546 4097 ἐπιστολὴν
2592 4025 2709 4080 ἀνθ’
2768 4024 3047 4097 ἱκετηρίας
3096 4023 3441 4095 προϐάλοιτο.
3499 4023 3624 4075 Ἵνα

2034 4114 2128 4172 οὗν
2164 4119 2302 4189 μήτε
2330 4118 2494 4182 αὐτὸς
2522 4117 2631 4171 τῶν
2672 4118 2901 4171 ἐλπίδων
2930 4116 3164 4188 ἐκπέσῃ,
3200 4117 3294 4169 καὶ
3318 4117 3486 4186 ἡμεῖς
3517 4114 3622 4184 τῆς

2038 4208 2302 4281 συνήθους
2342 4210 2506 4281 τιμῆς
2557 4208 2977 4279 ἀπολαύσωμεν,
3026 4209 3120 4261 καὶ
3170 4208 3253 4260 σοὶ
3301 4209 3334 4276 ἡ
3378 4206 3509 4277 περὶ
3548 4205 3625 4259 τὰ

2037 4300 2217 4368 ἀγαθὰ
2263 4301 2466 4372 σπουδὴ
2517 4301 2613 4355 κα)⁹
2666 4300 2760 4353 ἐπὶ
2807 4300 2906 4371 τῆς
2967 4298 3251 4368 παρούσης
3305 4296 3627 4358 ὑποθέσεως

2038 4391 2324 4464 πληρωθῇ,
2372 4391 2630 4464 ἀξιοῦμεν
2683 4391 2937 4464 δεχθῆναι
2987 4390 3151 4444 αὑτὸν
3198 4388 3465 4458 εὐμενῶς,
3524 4386 3627 4441 καὶ

2040 4483 2355 4555 ἐναρίθμιον
2379 4481 2633 4551 γενέσθαι
2660 4484 2771 4545 τοῖς
2802 4482 3155 4544 οἰκειοτάτοις
3183 4478 3299 4533 σοῦ.

2562 4636 2911 4692 ΕΠΙΣΤΟΛΗ
2962 4639 3092 4690 ΣῘΡ.

1068 4753 1378 4806 Commendat
1396 4750 1636 4804 hominem
1653 4750 1748 4803 sibi
1768 4751 2114 4820 propinquant,
2141 4766 2376 4819 quemque
2408 4754 2461 4805 in
2478 4752 2574 4819 [iiii
2596 4754 2702 4806 loco
2721 4753 2939 4805 habebat.

879 4862 1123 4921 Modesto
1147 4863 1418 4934 prwfecto.

432 4979 775 5050 Quamquam
824 4976 1057 5032 audacia
1101 4982 1189 5031 est
1234 4982 1389 5031 tanto
1419 4974 1541 5030 viro
1587 4989 1686 5046 per
1724 4974 1938 5031 litteras

434 5116 457 5137 '
494 5113 643 5169 Alias
702 5110 1388 5183 CCQCQCX_XY._Scripta7in
1418 5111 1760 5181 episcopatu.

435 5186 478 5206 “
510 5184 661 5238 Alias
688 5181 1013 5252 CCLXXIY.
1036 5181 1271 5252 iScrip‘la
1307 5182 1362 5235 in
1397 5184 1741 5252 episcOpatu.

436 5253 503 5276 "‘
522 5254 673 5307 Alias
700 5250 1003 5307 CtZLXXV'.
1026 5250 1244 5322 Scripta
1274 5253 1327 5306 in
1357 5250 1694 5322 episcopatu.

439 5321 552 5462 (δῖ)
599 5322 992 5392 Ὀρφανήνηγ.
1019 5321 1190 5380 Coisl.
1222 5323 1435 5393 primus
1460 5332 1516 5377 et
1546 5321 1784 5377 Clarom.
1827 5321 1944 5392 Ὄρ-

439 5408 476 5443 ιν
518 5408 569 5447 ν.

412 5408 569 5447 ανην.

368 5408 569 5531 “mi
599 5461 1014 5531 Ἁτταγαίντοις.
1048 5462 1218 5518 Coisl.
1253 5461 1461 5531 primus
1506 5463 1792 5525 Ἀταῖνοις.

467 5529 555 5590 55)
583 5529 841 5597 Εὕησος.
873 5530 1040 5588 Coisl.
1077 5529 1287 5602 primus
1312 5532 1550 5603 Εύήσας.

2538 4861 2823 4929 Μοδέστφ
2854 4865 3128 4933 ὑπάρχῳ.

2115 4976 2179 5028 Ei
2224 4975 2320 5028 καὶ
2360 4973 2633 5049 τολμηρὸν
2670 4975 2825 5047 ἀνδρὶ
2855 4970 3099 5046 τοσούτῳ
3147 4975 3238 5030 διὰ
3282 4975 3626 5048 γραμμάτων

2116 5108 2564 5182 (56)-Μοδέστῳ.
2589 5107 2689 5163 Hic
2711 5108 2893 5182 obiter
2913 5109 3152 5182 monebo
3178 5116 3395 5182 veteres
3428 5109 3621 5169 libros.

2046 5177 2350 5250 in'quibus
2402 5179 2486 5234 ha:
2531 5179 2777 5250 epistolae
2815 5177 3203 5250 variorordine
3230 5181 3623 5250 continentur,

2051 5248 2472 5320 ιιοιίὺπᾴρχου,
2523 5248 2616 5320 sed
2663 5250 2908 5319 ἐπάρχου
2958 5249 3175 5320 titulum
3230 5248 3478 5304 Modesto
3530 5249 3626 5302 tri-

2050 5322 2239 5376 buere.
2269 5318 2426 5385 Quod
2448 5319 2666 5388 quidem
2690 5329 2837 5373 recte
2861 5319 3210 5374 emendatum
3237 5320 3341 5388 fuit
3367 5320 3423 5373 in
3442 5320 3624 5375 editis.

2048 5462 2078 5513 ᾧ
2119 5391 2233 5513 (ΞἹ)
2271 5381 2413 5458 Περὶ
2459 5381 2637 5458 ἡμᾶς.
2685 5388 2761 5442 Ita
2800 5388 3046 5459 plerique
3097 5404 3231 5445 mss.
3290 5381 3437 5445 Editi
3492 5388 3626 5459 πρὸς

2073 5478 2126 5513 .U.
2167 5478 2213 5513 ς.

2070 5478 2232 5602 ἱρξῗόἷ)
2269 5529 2515 5584 Ἔδωκα.
2549 5529 2682 5598 Reg.
2716 5527 2993 5585 secundus
3019 5529 3248 5585 δέδωκα.
