3852 6224
424 158 588 217 ’1019

857 338 1200 397 EPISTOLA
1239 339 1641 396 CCLXXXIII'.

1795 163 1852 220 S.
1896 164 2145 222 BASILII
2181 163 2401 221 MAGNI

3592 154 3743 208 mea
3816 154 3817 225 ι

2645 340 2989 401 ΕΠΙΣΤΟΔΗ
3026 340 3192 395 XIII”.

442 477 592 545 Spem
610 476 750 543 σπάνι
771 475 932 530 vidua:
952 476 1161 530 scillam
1182 477 1418 541 visurum,
1442 478 1543 530 alio
1567 484 1813 543 conventu,
1852 486 2035 594 βοεξιὲ

2160 495 2213 594 gs
2237 478 2369 533 brevi
2391 475 2642 530 habiturus
2668 482 2793 535 erat,
2815 473 3013 526 indicto.
3038 472 3289 524 Somnium
3310 470 3580 537 quoddam
3605 464 3749 517 illius

2193 557 2270 595 ur.

1064 670 1146 725 Ad
1178 671 1412 728 viduam.

516 806 669 861 Diem
709 806 931 876 quidem
961 808 1260 863 conventui
1289 808 1547 863 idoneum
1574 809 1898 865 inventuros
1927 826 2028 866 nos

445 915 758 970 speramus,
794 908 921 970 post
947 915 1042 955 eos
1074 908 1404 964 conventus,
1436 917 1579 972 quos
1625 902 1683 958 in
1739 904 2027 959 montanis

448 993 590 1047 locis
645 992 906 1046 indicturi
965 1008 1180 1049 sumus.
1239 992 1491 1063 Colloqui
1543 1002 1725 1049 autem
1769 1002 2026 1065 tempus,

449 1090 651 1154 praeter
683 1092 989 1139 conventus
1022 1084 1445 1139 celebrationem
1466 1129 1481 1151 ,
1507 1086 1721 1140 nullum
1753 1086 1902 1141 aliud
1929 1101 2031 1141 no-

445 1174 534 1229 bis
568 1181 823 1244 apparet,
853 1174 961 1230 nisi
993 1176 1123 1245 quid
1153 1186 1353 1245 praeter
1384 1190 1538 1245 spem
1583 1176 1853 1231 Dominus
1911 1176 2030 1231 dis-

452 1268 790 1339 pensaverit.
840 1264 1230 1334 Conjecturam
1285 1273 1467 1320 autem
1522 1265 1709 1321 facere
1750 1266 1920 1321 debes
1963 1281 2032 1321 ex

448 1365 596 1413 statu
628 1372 812 1412 rerum
843 1363 1085 1411 tuarum.
1117 1356 1174 1410 Si
1214 1355 1361 1411 enim
1400 1355 1738 1412 nobilitatem
1772 1364 1924 1411 tuam
1963 1356 2033 1413 de

447 1463 560 1501 una
586 1448 751 1503 domo
786 1448 1079 1503 sollicitam
1115 1454 1268 1501 tanta
1311 1448 1636 1502 circumstat
1665 1448 1829 1503 turba
1864 1463 2032 1503 cura-

446 1555 573 1597 rum
595 1578 610 1603 ,
635 1540 860 1610 quantis
883 1548 1045 1609 putas
1080 1555 1167 1595 me
1196 1540 1448 1609 quotidie
1476 1539 1715 1610 negotiis
1738 1539 2034 1596 distineri?
2057 1575 2063 1584 -

448 1630 628 1685 Tuum
662 1639 847 1686 autem
882 1631 1160 1685 somnium
1190 1631 1522 1698 perfectiore
1547 1633 1784 1702 quadam
1816 1633 2034 1688 ratione

448 1723 689 1776 arbitror
730 1722 785 1775 id
819 1721 1167 1793 signiﬁcare,
1199 1723 1682 1793 contemplationis
1723 1725 1895 1778 animi
1937 1739 2036 1779 cu-

447 1830 567 1869 ram
602 1814 842 1884 aliquam
884 1829 1009 1869 esse
1050 1815 1496 1885 suscipiendam;
1526 1830 1591 1870 ac
1642 1816 1834 1871 oculos
1870 1816 2031 1882 illos,

449 1905 652 1975 quibus
692 1903 837 1960 Deus
879 1905 1127 1975 conspici
1159 1912 1378 1976 potest,
1418 1920 1543 1961 esse
1573 1907 1871 1962 sanandos.
1913 1906 2037 1961 Ca:-

450 2007 632 2053 terum
681 1997 939 2052 solatium
988 2013 1056 2051 ex
1089 1996 1393 2068 Scripturis
1419 1998 1622 2053 divinis
1660 1996 1902 2063 habens,
1936 2014 2035 2053 ne-

2057 691 2106 748 Α

2764 670 3093 739 Ἐλευθέρᾳ.

2217 807 2457 878 Ἦμέραν
2494 806 2593 876 μὲν
2641 802 2953 871 ἐπιτηδείαν
3000 802 3101 871 τῆς
3147 799 3367 854 συνόδου
3402 797 3517 868 (ιο)
3572 794 3749 850 ἑλπί-

2136 898 2301 970 ξομεν
2334 897 2606 970 εὑρίσκειν
2640 895 2779 967 μετὰ
2810 895 2904 959 τὰς
2935 893 3076 948 κατὰ.
3108 891 3207 963 τὴν
3240 890 3455 962 ὀρεινὴν
3488 885 3749 957 μελλού-

2137 1008 2238 1055 σας
2265 993 2395 1062 παρ’
2424 989 2580 1061 ἡμῶν
2615 987 2918 1041 τυποῦσθαι
2939 1003 2956 1017 ο
2978 984 3268 1055 συντυχίας
3297 982 3353 1035 δὲ
3381 981 3495 1051 (47)
3526 976 3752 1049 καιρὸς

2136 1083 2263 1136 ἄνευ
2297 1082 2396 1154 τῆς
2428 1079 2572 1135 κατὰ
2610 1078 2708 1150 τὴν
2738 1078 2954 1132 σύνοδον
2999 1074 3341 1146 λειτουργίας
3378 1072 3542 1134 ἄλλος
3597 1071 3751 1141 ⁴ἡμῖν

2136 1174 2239 1244 οὐχ
2266 1171 2657 1240 ὑποφαίνεταιο
2692 1168 2829 1239 πλὴν
2855 1167 2949 1221 ἐὰν
2997 1168 3070 1238 μή
3113 1182 3168 1218 τι
3218 1163 3322 1228 ἔξω
3359 1161 3467 1215 τῶν
3500 1158 3752 1223 ἐλπιζο-

2142 1265 2319 1336 μένων
2347 1265 2376 1316 ὀ
2398 1261 2600 1334 Κύριος
2632 1261 2984 1332 οἰκονομήσῃ.
3009 1254 3370 1328 Στοχάζεσθαι
3397 1253 3456 1306 δὲ
3482 1251 3752 1321 ὀφείλεις

2138 1359 2204 1411 ὲκ
2225 1356 2334 1410 τῶν
2364 1356 2505 1410 κατὰ
2535 1354 2770 1424 σεαυτὴν
2798 1352 2909 1423 (48)
2939 1351 3303 1423 πραγμάτων.
3325 1348 3389 1401 Εί
3411 1345 3520 1416 γὰρ
3550 1346 3636 1415 τῇ
3673 1345 3745 1413 σῇ

2138 1449 2387 1520 εὐγενείᾳ
2419 1449 2551 1520 μιᾶς
2578 1444 2941 1518 φροντιζούσῃ
2966 1442 3078 1513 (49)
3112 1439 3365 1502 τοσοῦτος
3401 1437 3749 1508 περίκειται

2139 1541 2293 1612 ϐχλος
2331 1539 2632 1611 μεριμνῶν,
2668 1537 2840 1600 πόσας
2867 1534 3108 1604 νομίζεις
3145 1532 3293 1603 ἡμᾶς
3332 1529 3433 1592 τὰς
3467 1529 3555 1596 ἐφ’
3598 1527 3748 1580 ἑκά.-

2142 1647 2274 1701 στης
2311 1631 2524 1701 ἡμέρας
2560 1628 2815 1698 ἀσχολίας
2843 1626 3031 1696 ἕχειν;
3058 1624 3131 1676 Τὸ
3155 1623 3214 1676 δὲ
3263 1621 3354 1674 σὸν
3393 1620 3527 1691 ὄναρ
3558 1618 3748 1689 ἡγοῦμ-

2145 1737 2242 1792 μαι
2273 1720 2606 1791 τελειότερον
2633 1716 3023 1778 ἐνδείκνυσθαι,
3059 1714 3136 1777 ὡς
3178 1713 3287 1784 ἄρα
3323 1710 3432 1764 δέοι
3462 1711 3599 1780 περὶ
3630 1707 3747 1777 τῆς

2143 1810 2284 1865 κατὰ
2332 1810 2508 1881 ψυχὴν
2563 1808 2800 1880 θεωρίας
2849 1805 3120 1861 ποιεῖσθαί
3184 1821 3307 1857 τινα
3365 1801 3747 1872 ἐπιμέλειαν,

2142 1904 2428 1967 κάκείνους
2482 1903 2609 1965 τοὺς
2653 1899 2966 1969 ὀφθαλμοὺς
3000 1895 3325 1970 θεραπεύειν
3380 1889 3462 1958 οἷς
3516 1895 3548 1946 ὁ
3592 1890 3745 1954 Θεὸς

2141 1995 2371 2068 ὁρᾶσθαι
2405 1993 2668 2063 πέφυκεν.
2694 1993 2930 2062 Ἕχουσα
2953 1990 3011 2044 δὲ
3044 1988 3142 2060 τὴν
3170 1990 3235 2042 ὲκ
3257 1986 3365 2040 τῶν
3393 1984 3554 2039 θείων
3577 1984 3744 2055 Γρα-

450 2104 559 2159 que
595 2103 714 2153 me,
746 2103 927 2157 neque
979 2089 1091 2142 alio
1145 2059 1422 2158 quoquam
1455 2087 1523 2142 ad
1570 2104 1632 2145 ea
1681 2103 1803 2158 quae
1837 2059 2035 2143 decent

2160 2059 2257 2156 ρῶν
2288 2059 2656 2158 παράκλησιν,
2696 2059 2819 2136 οὔτε
2852 2082 3011 2153 ἡμῶν
3047 2059 3175 2134 οὗτε
3209 2079 3369 2133 ἄλλου
3414 2078 3563 2141 τινὸς
3597 2076 3743 2147 δεηο

449 2180 834 2254 perspicienda
876 2180 1180 2251 indigebis,
1217 2182 1355 2235 satis
1382 2179 1597 2234 munita
1642 2177 1881 2250 Spiritus
1911 2196 2037 2236 san-

450 2272 527 2326 cti
569 2271 850 2338 consiliis,
887 2270 1123 2341 ejusque
1159 2270 1454 2345 praesidio,
1486 2271 1555 2325 ad
1584 2285 1649 2327 ea
1678 2286 1800 2343 quae
1830 2271 2036 2328 condu-

451 2370 604 2427 cunt.

861 2493 1203 2551 EPISTOLA
1238 2494 1664 2552 CCLXXXIV".

2142 2179 2285 2250 θήσῃ
2319 2178 2456 2250 πρὸς
2486 2177 2546 2233 τὸ
2593 2175 2661 2230 τὰ
2698 2174 2888 2229 δέοντα
2936 2175 3168 2244 συνορᾷν
3190 2212 3205 2238 ,
3236 2171 3487 2241 αὐτάρκη
3519 2169 3625 2241 τὴν
3669 2170 3744 2222 ὲκ

2140 2269 2235 2323 τοῦ
2263 2269 2420 2339 ἁγίου
2446 2267 2761 2338 Πνεύματος
2789 2265 2992 2337 ἔχουσα
3017 2265 3351 2337 συμϐουλίαν
3380 2264 3476 2318 καὶ
3501 2260 3745 2333 ὁδηγίαν

2143 2361 2279 2433 πρὸς
2311 2361 2372 2414 τὸ
2406 2360 2705 2432 συμφέρον.

2654 2496 3001 2552 ΕΠΙΣΤΟΛΗ
3040 2499 3205 2555 ΣΠΔ⁹.

1539 2632 1670 2686 Petit
1689 2639 1741 2685 ut
1764 2632 1988 2686 monachi
2005 2648 2036 2685 a
2057 2634 2247 2688 tributis
2269 2633 2366 2687 sint
2385 2634 2643 2688 immunes.

699 2767 786 2822 Ad
822 2768 1138 2823 censitorcm
1162 2807 1177 2833 ,
1205 2783 1375 2822 causa
1409 2769 1816 2823 monachorum.
1900 2766 1907 2773 ’

527 2896 795 2967 Equidem
831 2908 964 2969 puto
993 2899 1106 2970 jam
1159 2914 1409 2954 normam
1458 2900 1699 2970 aliquam
1762 2901 2036 2956 constitu-

458 2997 575 3044 tam
604 3004 725 3046 esse
754 2991 899 3060 apud
927 2999 1075 3045 tuam
1098 2991 1418 3061 dignitatem
1453 2992 1521 3048 de
1552 2992 1621 3046 iis
1644 3008 1764 3062 quae
1787 2999 2040 3061 spectant

455 3081 525 3136 ad
548 3083 870 3148 monachos,
891 3084 1029 3137 adeo
1046 3090 1106 3136 ut
1123 3099 1348 3137 necesse
1378 3100 1487 3137 non
1509 3083 1740 3137 habeam
1762 3082 2039 3153 peculiare

466 3172 801 3228 beneﬁcium
835 3174 971 3244 ipsis
1018 3173 1181 3246 425
1229 3182 1446 3244 petere,
1480 3174 1575 3230 sed
1623 3175 1762 3230 satis
1813 3176 1884 3230 sit
1925 3175 2038 3240 eis,

460 3266 739 3319 communi
777 3280 902 3319 cum
956 3267 1217 3320 omnibus
1268 3264 1473 3336 perfrui
1527 3266 1889 3320 humanitate.
1933 3264 2042 3320 Sed

2385 2773 2528 2838 Περὶ
2558 2769 2942 2840 μοναζόντων
2967 2770 3102 2844 (50),
3137 2769 3472 2840 κηνσίτορι.

2215 2898 2382 2972 Οἶμαι
2435 2901 2534 2973 μέν
2561 2919 2685 2956 τινα
2723 2902 2823 2974 ῆδη
2851 2902 3022 2956 τύπον
3062 2897 3432 2973 κεκρατῆσθαι
3473 2894 3631 2968 παρὰ
3662 2895 3734 2965 τῇ

2143 2993 2419 3065 τιμιότητί
2472 3011 2563 3047 σου
2606 2994 2716 3047 τῶν
2766 2994 3106 3066 μοναζόντων
3151 2993 3370 3057 ἕνεκεν,
3415 2989 3494 3053 ὡς
3564 2987 3739 3059 μηδὲν

2147 3086 2295 3155 ἡμᾶς
2349 3084 2556 3139 δεῖσθαι
2613 3084 2918 3151 ἰδιάζουσαν
2948 3085 3112 3157 χάριν
3162 3086 3253 3137 ἐπ’
3299 3082 3486 3144 αὐτοῖς
3532 3082 3737 3140 αἰτεῖν,

2148 3175 2261 3230 ἀλλ’
2295 3177 2545 3247 ἐξαρκεῖν
2587 3178 2810 3241 αὐτοῖς,
2845 3178 2894 3229 εί
2945 3179 3046 3248 τῆς
3083 3175 3267 3246 κοινῆς
3328 3173 3467 3244 μετὰ
3512 3172 3734 3226 πάντων

2148 3269 2520 3321 ἀπολαύσειαν
2588 3267 3030 3339 φιλανθρωπίας·
3073 3269 3222 3338 ὅμως
3267 3264 3325 3319 δὲ
3369 3266 3465 3339 καὶ
3508 3262 3733 3335 ἐμαυτῷ

455 3363 643 3412 tamen
689 3357 797 3411 mei
847 3356 1009 3411 ollicii
1055 3373 1179 3412 esse
1231 3356 1478 3419 ducens,
1514 3357 1709 3411 horum
1755 3357 2035 3411 hominum

2160 3358 2459 3413 ἐπιϐάλλειν
2499 3336 2803 3429 ἡγούμενος
2846 3336 3188 3429 φροντίζειν,
3221 3355 3292 3409 τὰ
3337 3336 3576 3419 δυνατά,
3623 3352 3734 3406 τῶν

454 3460 557 3516 pro
581 3445 788 3501 viribus
819 3460 1009 3500 curam
1058 3461 1247 3517 gerere
1275 3485 1290 3508 ,
1333 3445 1401 3499 ad
1433 3446 1691 3501 eximiam
1720 3452 1868 3499 tuam
1906 3461 2040 3517 pru-

455 3538 698 3594 dentiam
752 3539 972 3593 litteras
1030 3540 1222 3605 mitto,
1268 3546 1330 3592 ut
1365 3539 1460 3609 qui
1491 3539 1601 3607 jam
1651 3538 1782 3592 olim
1836 3537 2041 3592 saeculo

454 3627 713 3682 nuntium
741 3628 1109 3691 remiserunt,
1147 3642 1211 3681 ac
1237 3643 1398 3682 suum
1445 3627 1693 3697 ipsorum
1729 3641 1935 3696 corpus
1966 3626 2042 3681 ita

453 3710 864 3780 mortiﬁcarunt
884 3760 898 3783 ,
930 3727 988 3773 ut
1028 3735 1208 3788 neque
1252 3720 1502 3789 pecuniis
1522 3759 1537 3784 ,
1565 3734 1744 3789 neque
1771 3733 2042 3788 corporeo

453 3809 644 3865 labore
693 3810 995 3881 quidquam
1040 3809 1306 3880 prodesse
1356 3811 1589 3880 publica:
1638 3811 1719 3866 rei
1777 3811 2032 3880 possint,

453 3902 682 3958 tributis
711 3903 1047 3958 eximantur.
1084 3902 1377 3958 Enimvero
1397 3947 1411 3968 ,
1441 3903 1491 3956 si
1537 3902 1703 3957 modo
1736 3903 2039 3958 secundum

455 3992 862 4064 professionem
889 3994 1113 4059 vivant,
1148 4008 1327 4064 neque
1360 3994 1658 4064 pecunias,
1705 4008 1886 4062 neque
1912 4007 2042 4047 cor-

455 4100 593 4157 pora
631 4085 873 4152 habent;
906 4100 1031 4139 cum
1056 4086 1178 4142 illas
1201 4086 1456 4142 videlicet
1486 4086 1543 4140 in
1571 4100 1868 4157 egenorum
1904 4099 2040 4139 usus

454 4175 834 4248 profuderint,
870 4177 985 4232 haec
1011 4193 1142 4233 vero
1166 4178 1468 4248 jejunando
1498 4194 1564 4234 ac
1598 4178 1875 4249 precando
1903 4193 2040 4233 con-

456 4268 737 4324 triverint.
766 4267 895 4323 Scio
933 4278 1115 4325 autem
1153 4269 1306 4336 fore,
1341 4278 1400 4325 ut
1423 4272 1560 4325 nihil
1589 4273 1762 4342 magis
1784 4286 2041 4326 reverea-

452 4362 536 4417 ris
560 4400 577 4428 ,
612 4376 775 4431 quam
808 4361 1060 4417 homines
1104 4362 1178 4416 ita
1225 4362 1502 4427 viventes,
1544 4362 1753 4432 tibique
1781 4362 1905 4416 illos
1936 4361 2038 4416 ad-

453 4449 669 4522 jutores
718 4466 914 4520 parare
951 4451 1088 4507 velis
1115 4492 1130 4516 ,
1160 4460 1223 4505 ut
1274 4452 1369 4521 qui
1408 4468 1504 4522 per
1535 4450 1912 4523 evangelicum
1954 4453 2039 4507 vi-

455 4541 617 4599 vendi
640 4557 815 4613 genus
852 4540 1141 4598 Dominum
1178 4544 1397 4614 placare
1433 4545 1697 4614 possint;

528 4719 557 4741 "
575 4716 726 4772 Alias
746 4713 1119 4788 οςωίξχιγ.
1149 4715 1362 4785 Scripta
1398 4717 1451 4771 in
1481 4717 1820 4788 episcopatu.

526 4788 569 4856 ἡ·
604 4788 755 4856 Alias
782 4784 1005 4840 CCCIV.
1046 4784 1344 4856 Scripta'in
1368 4784 1705 4856 episcopatu.

528 4854 639 4932 (ίθ)
686 4855 1116 4932 Tricca-680p.
1163 4854 1367 4932 S_ynodi
1404 4854 1637 4932 nomine
1679 4861 1845 4932 multa
1895 4863 2038 4932 apud

454 4924 720 4999 Basilium
749 4924 1312 4999 Asigniﬁcari‘solent,
1352 4926 1625 4982 interdum
1656 4924 2036 4999 episcoporum

455 4998 714 5057 concilia,
748 4994 1022 5049 interdum
1072 4994 1309 5049 ﬁdelium
1346 5006 1646 5051 conventus
1686 4994 1750 5055 ad
1801 4994 2033 5057 dies'fe-

456 5079 574 5121 sms
618 5072 937 5137 martyrum,
997 5074 1057 5119 ut
1090 5066 1143 5119 in
1180 5065 1428 5136 epistolis
1478 5067 1566 5132 95,
1602 5066 1691 5131 98,
1742 5070 1864 5123 126.
1909 5070 2040 5137 Ipsae

456 5136 929 5208 etianimecclesiae
968 5144 1235 5191 vocantur
1281 5136 1498 5208 synodi,
1532 5139 1587 5191 in
1638 5139 1781 5208 epist
1840 5136 1947 5196 286
1981 5148 2036 5197 et

457 5205 584 5260 521.
614 5203 713 5258 Hic
762 5213 941 5278 autem
981 5221 1077 5278 eos
1122 5203 1423 5261 conventus
1459 5203 1717 5278 designat
1765 5209 2032 5274 Basilius,

459 5290 620 5343 quos,
655 5289 776 5346 cum
812 5275 1077 5346 ecclesias
1117 5291 1370 5346 agrorum
1418 5275 1687 5342 visitaret,
1718 5282 2035 5336 convocatis

459 5345 817 5467 gresbyterjs,
859 5344 1101 5431 indicere
1128 5344 1337 5401 solebat
1376 5365 1389 5400 ε
1430 5346 1621 5402 horum
1663 5352 1910 5420 exempla
1944 5352 2039 5405 ha-

505 5428 560 5466 es
591 5430 643 5466 In
673 5415 899 5467 entstola
927 5414 1052 5467 278.

505 5415 643 5484 es_in
673 5414 899 5484 epistola
927 5414 1052 5469 2’78.

534 5482 646 5560 (47)
677 5482 1008 5560 Συζςυχίας
1032 5484 1119 5560 δέ.
1156 5484 1231 5539 Ita
1271 5485 1438 5560 Coisl.
1470 5495 1729 5560 uterque,
1756 5487 1893 5560 Reg.
1935 5506 2037 5545 se—

464 5551 675 5606 cundus
703 5551 1011 5608 etClarom.
1043 5557 1231 5612 Plures
1265 5556 1481 5612 codices
1511 5551 1938 5615 non'habuimus
1972 5560 2027 5615 in

2064 3409 2111 3464 C

2142 3447 2398 3501 τοιούτων
2423 3488 2437 3512 ,
2486 3447 2786 3501 ἐπιστέλλω
2838 3449 2903 3518 τῇ
2949 3447 3132 3518 τελείᾳ.
3185 3446 3398 3500 συνέσει
3456 3462 3551 3499 σου
3606 3442 3735 3504 τοὺς

2144 3540 2310 3593 πάλαι
2347 3539 2448 3610 μὲν
2488 3537 2937 3608 ἁποταξαμένους
2976 3537 3056 3607 τῷ
3107 3537 3228 3608 βίῳ,
3258 3535 3649 3607 νεκρὼσαντας
3677 3532 3732 3586 δὲ

2144 3628 2351 3683 έαυτῶν
2385 3628 2446 3682 τὸ
2482 3628 2663 3699 σῶμα,
2691 3628 2769 3689 ὡς
2809 3627 2950 3698 μήτε
2982 3626 3091 3679 ἀπὸ
3117 3626 3418 3699 χρημάτων
3450 3626 3593 3697 μήτε
3622 3624 3735 3680 ἀπὸ

2141 3719 2239 3786 τῆς
2272 3717 2592 3788 σωματικῆς
2619 3716 2924 3787 ὑπηρεσίας
2954 3716 3215 3770 δύνασθαί
3238 3734 3293 3770 τι
3322 3717 3592 3787 παρέχειν
3618 3719 3733 3779 τοῖς

2140 3808 2419 3881 δημοσίοις
2459 3812 2729 3881 χρήσιμον
2753 3850 2768 3875 ,
2813 3811 3031 3880 ἀφιέναι
3077 3811 3186 3864 τῶν
3222 3810 3563 3865 συντελειῶν.
3626 3814 3736 3866 Και

2141 3902 2249 3974 γὰρ
2295 3903 2456 3973 εἴπερ
2505 3902 2614 3955 είσὶ
2657 3901 2802 3956 κατὰ
2838 3901 2899 3955 τὸ
2948 3902 3275 3973 ἐπάγγελμα
3312 3901 3552 3967 ζῶντες,
3610 3901 3732 3955 οὔτε

2144 4002 2400 4067 χρήματα
2424 3994 2640 4064 ἔχουσιν
2679 3993 2804 4047 οὔτε
2844 3992 3075 4064 σώματα
3101 4010 3113 4023 ·
3141 3994 3212 4047 τὰ
3244 3994 3345 4064 μὲν
3371 3995 3454 4056 είς
3487 3993 3588 4064 τὴν
3625 3994 3734 4047 τῶν

2140 4086 2412 4158 δεομένων
2466 4085 2753 4140 κοινωνίαν
2790 4086 3272 4157 ἀποκτησάμενοι,
3308 4085 3380 4139 τὰ
3421 4085 3481 4138 δὲ
3530 4087 3595 4140 ὲν
3643 4102 3736 4155 νη-

2144 4179 2348 4241 στείαις
2381 4179 2473 4232 καὶ
2515 4181 2853 4251 προσευχαῖς
2883 4178 3341 4249 κατατρίψαντες.
3373 4174 3506 4232 Οἶδα
3531 4178 3616 4241 δὲ,
3651 4180 3732 4232 ὅτι

2140 4271 2264 4332 τοὺς
2283 4271 2425 4323 οὕτω
2446 4269 2776 4340 βεϐιωκότας
2804 4269 3006 4333 παντὸς
3032 4269 3234 4341 μᾶλλον
3258 4270 3326 4323 δι’
3352 4268 3535 4333 αἰδοῦς
3556 4269 3727 4335 ἄξεις,

2142 4363 2237 4415 καὶ
2270 4362 2520 4434 βουλήσει
2545 4362 2657 4434 (51)
2694 4362 2905 4433 σεαυτῷ
2938 4363 3245 4434 κτήσασθαι
3287 4362 3540 4434 βοηθοὺς,
3566 4364 3727 4418 δυνα-

2141 4455 2267 4518 τοὺς
2307 4454 2394 4507 διὰ
2440 4455 2539 4525 τῆς
2583 4455 2726 4508 κατὰ
2769 4454 2833 4508 τὸ
2877 4454 3211 4523 Εὐαῃέλιον
3274 4454 3553 4519 πολιτείας
3600 4456 3725 4510 δυσ-

2142 4548 2359 4616 ωπῆσαι
2383 4545 2475 4599 τὸν
2506 4544 2732 4617 Κύριον.

2070 4759 2116 4813 D
2144 4724 2623 4813 Itanla‘epi’stolam.
2652 4722 2793 4813 Editli
2825 4724 3115 4813 συντυχίας
3139 4726 3349 4798 καιρός.

2217 4794 2327 4869 (ιδ)
2362 4794 2522 4869 Κατὰ
2560 4795 2844 4869 σεαυτήν..
2886 4793 3166 4852 εἰς’ἱίάθω
3215 4793 3354 4853 mss.
3399 4794 3583 4852 Editio
3618 4798 3727 4869 pri-

2145 4880 2233 4919 ma
2268 4863 2440 4919 Paris.
2473 4863 2613 4917 κατὰ
2646 4864 2890 4918 σεαυτόν.

2216 4935 2326 5006 (49)
2368 4933 2514 5000 Μιᾶς
2535 4932 2945 5006 φροντιζούσῃ.
2985 4933 3156 4990 Coisl.
3189 4936 3466 4991 secundus
3498 4946 3555 4991 et
3587 4935 3715 5003 Reg.

2146 5004 2421 5061 secundus
2449 5006 2674 5069 addunt,
2709 5005 2854 5074 quod
2884 5004 3039 5059 deest
3070 5014 3183 5059 tum
3210 5008 3261 5059 in
3294 5006 3478 5073 editis,
3519 5015 3637 5061 tum
3664 5009 3715 5061 in

2145 5076 2425 5130 codicibus
2456 5075 2628 5131 Coisl.
2659 5078 2838 5144 primo
2881 5081 2936 5128 et
2966 5074 3139 5144 Clara,
3169 5077 3363 5139 οἰκίας.

2213 5145 2498 5217 (50)]1ερὶ
2542 5143 3139 5217 μοναζόντωγηίὶυιιο
3170 5146 3386 5201 titulum
3435 5147 3520 5202 sic
3562 5147 3710 5203 exhi-

2142 5213 2274 5272 bent
2307 5213 2485 5285 Coisl.
2518 5216 2729 5285 primus
2766 5222 2820 5269 et
2845 5213 2996 5285 Med.
3057 5216 3166 5270 Alii
3202 5217 3423 5271 codices
3472 5227 3531 5273 et
3584 5217 3707 5273 editi

2143 5286 2352 5357 addunt
2383 5282 2752 5357 ῶστεάύτοὺς
2800 5282 2909 5336 τῶν
2959 5284 3276 5340 συντελειῶν
3323 5286 3620 5356 διαφεῖναι,
3656 5294 3707 5341 tu

2144 5355 2231 5409 eo;
2261 5373 2294 5408 a
2325 5356 2534 5409 tributis
2559 5355 2777 5408 eximat.

2216 5425 2329 5508 (51)
2368 5423 2827 5508 Βουῖἒήσςξ.υῃὲη
2857 5424 3024 5508 Cpisl.
3060 5427 3268 5496 primus
3322 5435 3379 5484 et
3418 5426 3566 5484 Med.
3598 5438 3711 5482 cum

2147 5493 2269 5552 aliis
2297 5493 2596 5553 nonnullis.
2627 5493 2766 5549 Editi
2800 5493 3055 5569 βουλήσῃ.
