3852 6224
230 186 383 275 Ti021

753 319 1098 378 ΕΠΙΣΤΟΛΗ
1136 323 1305 378 ΣΠΕ’.

1097 183 1594 243 EPISTOLABUM
1624 184 1916 242 CLASSIS
1955 185 2018 241 ll.
2058 183 2281 240 EPIST.
2317 184 2690 242 CCLXXXVI.

3366 188 3519 244 102‘:

2347 320 2696 378 EPISTOLA
2731 320 3105 381 CCLXXXV'.

963 454 1278 506 Commendat
1301 454 1536 506 Ecclesia!
1549 456 1877 505 ammte?
1891 465 2002 517 qui:
2024 451 2191 503 atmiis
2214 452 2405 505 tributis
2428 454 2797 519 premebantur.

255 554 712 626 ‘Amirpasaoc,
790 555 891 610 ἐπὶ
944 556 1020 624 τῇ
1074 556 1187 625 τῆς
1269 559 1640 625 Ἐκκλησίας
1686 568 1828 624 προ-

1946 556 2060 611 Sine
2088 558 2459 628 inscriptione,
2492 569 2547 614 ut
2585 562 2939 629 patrocinium
2972 560 3225 619 Ecclesia:
3253 565 3516 625 conciliet.

900 629 1151 696 στασίςι.

327 761 387 814 Ὀ
417 759 515 831 τῆς
542 759 869 831 Ἐκκλησίας
892 760 1212 830 φροντίζων,
1243 761 1337 813 καὶ
1365 760 1452 813 διὰ
1478 761 1661 832 χειρὸς
1684 761 1826 831 ἔχων

242 849 354 902 τῶν
385 850 634 920 κτήσεων
659 850 758 920 τὴν
784 850 1127 921 ἐπιμέλειαν,
1158 850 1319 915 αὐτός
1346 853 1494 904 ἐστιν
1515 852 1544 903 ὀ
1571 852 1672 921 τὴν
1705 854 1826 903 ἐπι-

245 940 442 1012 στολὴν
466 940 733 1005 ἐπιδιδούς
761 958 842 994 σοι
863 941 1092 1013 ταύτην,
1113 943 1143 994 ὁ
1162 941 1449 1013 ἀγαπητὸς
1468 941 1581 1005 υἱὸς
1599 943 1629 995 ὁ
1657 942 1824 996 δεῖνα.

251 1032 435 1102 Τούτῳ
461 1031 818 1099 καταξίωσον,
849 1050 914 1085 πε
925 1033 978 1103 ρ).
1011 1026 1086 1085 ὧν
1123 1033 1383 1105 ἀναφέρει
1408 1036 1474 1105 τῇ
1504 1033 1826 1105 κοσμιότητί

247 1143 371 1189 σου,
404 1124 586 1179 δοῦναι
617 1125 713 1178 καὶ
743 1125 904 1193 λόγου
940 1126 1275 1197 παρρησίαν,
1311 1127 1403 1178 καὶ
1434 1126 1564 1197 περὶ
1601 1118 1676 1179 ὧν
1710 1125 1828 1178 δια-

247 1217 564 1271 δεϐαιοῦται
615 1216 729 1285 (52)
778 1219 1070 1287 προσχεῖν
1122 1217 1211 1270 ἵνα
1249 1215 1358 1270 ἀπὸ
1411 1214 1544 1285 γοῦν
1591 1214 1686 1269 τοῦ
1732 1215 1828 1268 νῦν

247 1309 453 1381 Συνηθῇ
495 1311 529 1380 ἡ
563 1308 857 1380 Ἐκκλησία
887 1307 1090 1379 ἑαυτὴν
1122 1307 1434 1369 ἀναλαϐεῖν,
1478 1308 1572 1361 καὶ
1600 1310 1701 1378 τῆς
1733 1325 1831 1361 πο-

234 1401 554 1471 λυκεφάλου
581 1400 787 1473 ταύτης
819 1399 986 1472 ὕδρας
1024 1399 1423 1471 ἀπαλλαγῆναι.
1455 1398 1690 1470 Τοιαύτη
1720 1400 1830 1471 γὰρ

250 1496 284 1566 ἡ
310 1494 421 1547 τῶν
454 1493 686 1564 πτωχῶν
718 1493 933 1565 κτῆσις,
973 1493 1116 1546 ὥστε
1155 1493 1242 1547 ἀεὶ
1279 1494 1430 1564 ἡμᾶς
1463 1490 1694 1563 ζητῆσαι
1738 1491 1830 1544 τὸν

247 1585 650 1657 ὑποδεχόμενον
683 1584 874 1655 αὐτὴν,
908 1584 998 1638 διὰ
1040 1584 1102 1637 τὸ
1140 1583 1594 1655 προσαναλίσκειν
1630 1581 1830 1653 μᾶλλον

248 1678 352 1750 τὴν
399 1676 744 1749 Ἐκκλησίαν,
774 1677 808 1747 ἦ
848 1692 971 1729 τινα
1002 1675 1214 1746 καρπὸν
1243 1675 1387 1746 ἔχειν
1417 1674 1524 1728 ἀπὸ
1550 1673 1662 1728 τῶν
1698 1690 1831 1744 κτη-

250 1769 460 1840 μάτων.

742 1903 1090 1959 ΕΠΙΣΤΟΑΗ
1137 1905 1324 1972 zuq'.

2002 753 2106 820 Qui
2143 753 2402 812 Ecclesiae
2433 772 2621 811 curam
2653 759 2819 829 gerit,
2857 761 3059 831 cuique
3092 777 3509 832 possessxonum

1931 846 2338 902 administratio
2386 851 2723 915 commissa,
2772 853 2889 922 ipse
2928 862 3042 917 est,
3076 854 3170 924 qui
3222 854 3367 910 hanc
3412 855 3518 910 tibi

1931 939 2097 992 tradit
2126 939 2413 1009 epistolam
2436 981 2451 1005 ,
2484 941 2723 998 dilectus
2765 944 2856 998 ille
2893 943 3058 1000 filius.
3106 944 3245 1000 lluic
3273 946 3518 1017 digneris

1931 1028 2132 1097 quibus
2163 1028 2232 1083 de
2264 1030 2429 1084 rebus
2476 1029 2545 1083 ad
2578 1038 2727 1084 tuam
2759 1031 3083 1102 dignitatem
3125 1032 3327 1087 referet
3348 1074 3363 1099 ,
3396 1039 3517 1086 tum

1931 1118 2192 1187 loquendi
2229 1119 2540 1175 libertatem
2581 1120 2751 1186 dare,
2801 1131 2916 1175 tum
2971 1124 3311 1179 asseveranti
3355 1138 3518 1179 aures

1930 1210 2172 1280 praebere
2204 1227 2219 1265 :
2256 1217 2319 1264 ut
2349 1212 2541 1266 saltem
2574 1227 2722 1268 nunc
2744 1228 2999 1269 recreare
3021 1229 3082 1269 se
3113 1216 3288 1285 possit
3324 1214 3520 1271 Eccle-

1931 1302 2012 1354 sia
2036 1341 2051 1365 ,
2078 1307 2134 1355 et
2163 1301 2233 1355 ab
2270 1302 2362 1355 illa
2415 1303 2713 1357 nulltorum
2765 1306 3005 1374 capitum
3044 1307 3219 1378 hydra
3268 1308 3514 1363 liberari.

1931 1390 2243 1461 Pauperum
2283 1390 2429 1445 enim
2461 1395 2745 1461 possessio
2775 1403 2862 1450 est
2915 1396 3227 1466 ejusmodi,
3260 1408 3319 1453 ut
3364 1414 3514 1455 sem-

1932 1498 2029 1553 per
2057 1496 2371 1553 quaramus
2395 1521 2412 1548 ,
2442 1487 2536 1554 qui
2567 1500 2688 1541 eam
2745 1488 3046 1558 suscipiat;
3081 1505 3148 1544 eo
3202 1489 3350 1560 quod
3408 1489 3516 1545 Ec-

1932 1572 2100 1627 clesia
2129 1589 2290 1628 suum
2314 1575 2540 1645 insuper
2572 1576 2757 1646 potius
2782 1578 3068 1642 absumat,
3101 1594 3265 1649 quam
3292 1595 3360 1635 ex
3392 1594 3519 1655 pos-

1930 1662 2280 1719 sessionibus
2311 1665 2520 1737 aliquid
2547 1666 2816 1736 percipiat
2846 1668 3227 1723 emolumenti.

2325 1901 2670 1957 EPISTOLA
2694 1902 3128 1961 CCLXXXVI“.

250 2015 507 2084 Signi/teat
527 2018 741 2072 Basilius
757 2019 892 2085 fares
913 2017 965 2070 in
987 2017 1192 2071 ecclesia
1215 2018 1584 2083 comprehensos
1602 2014 2172 2146 apsgfgegeere,
2198 2030 2257 2068 ac
2280 2014 2524 2070 immerito
2549 2018 3035 2072 Commentariensem
3055 2017 3154 2072 sibi
3171 2032 3342 2073 eorum
3377 2032 3521 2076 rece-

799 2183 1278 2255 Κομενταρησίῳ.

335 2297 553 2369 Ἐπειδή
581 2314 726 2361 τινες
757 2299 816 2352 ἐν
846 2301 914 2370 τῇ
960 2299 1160 2371 συνόδῳ
1183 2299 1296 2370 (55)
1320 2299 1448 2371 τῇδε
1488 2298 1828 2371 συνελήφθη-

251 2403 356 2440 σαν
399 2387 508 2441 τῶν
552 2388 622 2442 τὰ
654 2389 866 2460 πονηρὰ
902 2389 1306 2462 ἐργαζομένων,
1353 2393 1445 2445 καὶ
1490 2392 1833 2449 κλεπτόντων

253 2477 409 2550 παρὰ
447 2478 547 2550 τὴν
575 2479 796 2550 ἐντολὴν
831 2479 926 2533 τοῦ
968 2481 1175 2552 Κυρίου
1225 2482 1416 2553 ἱμάτια
1457 2484 1652 2554 εὐτελῆ
1691 2503 1837 2539 πτω-

251 2571 367 2642 χῶν
399 2569 741 2642 ἀνθρώπων,
783 2570 875 2636 οὓς
927 2572 1131 2627 ἐνδύειν
1172 2575 1371 2645 μᾶλλον
1421 2578 1656 2651 ἐχρῆνῆ
1702 2580 1837 2633 ἁπο-

252 2663 435 2716 δύειν·
497 2661 854 2716 συνελάϐοντο
910 2663 1011 2734 μὲν
1072 2666 1271 2730 αὐτοὺς
1322 2668 1373 2720 οἱ
1428 2668 1529 2738 τῆς
1581 2670 1837 2736 εὐταξίας

253 2754 641 2825 ἐπιμελόμενοι
677 2755 779 2826 τῆς
826 2755 1287 2829 ἐκκλησιαπικῆς
1309 2802 1323 2826 ,
1361 2760 1590 2832 νομίσας
1634 2762 1744 2833 (54)
1779 2763 1836 2816 δὲ

253 2846 407 2918 αὐτῷ
428 2864 509 2900 σοι
528 2846 824 2917 διαφέρειν,
841 2847 917 2911 ὠς
937 2848 1007 2901 τὰ
1023 2848 1258 2921 δημόσια
1278 2853 1590 2921 πράττοντι,
1604 2855 1705 2926 τὴν
1721 2854 1830 2909 τῶν

253 2938 508 2992 τοιούτων
537 2939 801 3011 ὑποδοχὴν
818 2938 953 3010 (55),
983 2940 1270 2997 ἐπέστειλα
1297 2959 1400 3005 σοι,
1426 2944 1726 3015 γνωρίζων,
1753 2947 1836 3000 ὅτι

253 3026 328 3080 τὰ
354 3030 412 3082 ἐν
441 3030 558 3092 ταῖς
582 3027 900 3100 ἐκκλησίαις
938 3030 1364 3103 ἁμαρτανόμενα
1413 3035 1503 3104 ὑφ’
1536 3035 1692 3106 ἡμῶν
1724 3036 1836 3108 (56)

253 3122 527 3192 προσήκει
555 3121 655 3193 τῆς
697 3121 1337 3195 πρεπούσης-τυγχάνειν
1370 3126 1730 3197 διορθώσεως,
1759 3128 1837 3182 δι-

252 3212 464 3275 καστὰς
488 3212 545 3266 δέ
566 3212 694 3284 περὶ
714 3215 918 3268 τούτων
960 3214 1034 3285 μὴ
1058 3214 1529 3285 παρενοχλεῖσθαι.
1557 3216 1655 3270 Διὰ
1680 3218 1839 3271 τοῦτο

253 3305 354 3358 καὶ
400 3304 469 3357 τὰ
500 3302 637 3357 σῦλα
664 3303 866 3371 αὐτῶν,
913 3304 951 3359 δι
977 3306 1128 3376 δηλοῖ
1156 3307 1217 3360 τὸ
1260 3308 1411 3379 παρὰ
1447 3311 1530 3361 σοὶ
1563 3310 1835 3380 κείμενον,

254 3397 355 3450 καὶ
400 3397 434 3466 ἡ
481 3396 573 3449 ἐπὶ
629 3395 846 3449 πάντων
898 3396 1009 3449 τῶν
1051 3398 1333 3469 παρόντων
1375 3400 1639 3473 γενομένη
1691 3403 1839 3455 ἀντι-

254 3487 469 3560 γραφὴ,
507 3487 871 3558 ὑποδεχθῆναι
901 3489 1230 3560 προσέταξα,
1261 3491 1356 3543 καὶ
1381 3491 1451 3544 τὰ
1482 3492 1582 3561 μὲν
1613 3509 1836 3562 ταμιευ-

257 3578 421 3650 θῆναι
456 3581 570 3643 τοῖς
594 3578 1005 3650 ἐπερχομένοις,
1033 3581 1101 3635 τὰ
1131 3580 1188 3634 δὲ
1217 3581 1525 3653 διαδοθῆναι
1556 3584 1668 3645 τοῖς
1697 3601 1838 3653 παρ-

255 3670 380 3725 οῦσι
400 3687 414 3700 ’
450 3672 579 3734 τοὺς
615 3670 671 3723 δὲ
700 3669 1022 3742 ἀνθρώπους
1059 3672 1383 3745 ἐπιστρέψαι
1407 3675 1465 3727 ἐν
1498 3674 1717 3746 παιδείᾳ
1743 3674 1836 3728 καὶ

255 3761 511 3833 νουθεσίᾳ
543 3761 771 3832 Κυρίου,
806 3760 902 3825 οὓς
928 3756 1082 3833 οἶμαι
1116 3765 1173 3816 ὲν
1203 3764 1280 3835 τῷ
1318 3764 1542 3835 ὀνόματι
1573 3765 1666 3819 τοῦ
1700 3765 1836 3819 Θεοῦ

259 3854 504 3925 βελτίους
560 3856 809 3924 ποιήσειν
844 3852 981 3924 πρὸς
1013 3854 1072 3906 τὸ
1119 3855 1338 3926 ἐφεξῆς.
1378 3856 1445 3907 Ἃ
1472 3855 1581 3927 γὰρ
1627 3857 1684 3909 αἱ
1728 3857 1838 3910 τῶν

255 3948 626 4020 δικαστηρίων
677 3948 885 4020 πληγαὶ
941 3949 1042 4001 οὐκ
1088 3949 1414 4020 ἐργάζονται
1462 3949 1617 4020 (57),
1667 3949 1839 4004 ταῦτα

258 4040 510 4112 ἔγνωμεν
546 4039 809 4104 πολλάκις
842 4039 910 4093 τὰ
943 4040 1152 4111 φοϐερὰ
1196 4040 1441 4112 κρίματα
1490 4042 1584 4094 τοῦ
1633 4043 1839 4114 Κυρίου

259 4128 649 4201 κατορθοῦντα.
686 4130 750 4181 Ei
787 4128 845 4181 δὲ
892 4128 1039 4180 δοκεῖ
1088 4144 1168 4180 σοι
1206 4128 1302 4181 καὶ
1334 4127 1464 4197 περ).
1510 4126 1712 4180 τούτων
1750 4129 1842 4180 ἀν-

260 4223 507 4290 ενεγκεῖν
546 4220 624 4291 τῷ
649 4221 851 4290 κόμητι
887 4219 1024 4289 (58),
1074 4218 1328 4272 τοσοῦτον
1376 4217 1688 4290 θαρροῦμεν
1728 4221 1840 4283 τοῖς

257 4312 492 4377 δικαίοις
516 4315 610 4366 καὶ
645 4314 711 4384 τῇ
746 4312 841 4365 τοῦ
872 4312 1063 4384 ἀνδρὸς
1114 4311 1389 4384 ὀρθότητι,
1419 4311 1501 4362 ὅτι
1549 4311 1842 4382 ἐπιτρέπο-

262 4401 368 4473 μὲν
403 4418 486 4455 σοι
520 4403 695 4454 ποιεῖν
724 4399 753 4453 ὃ
784 4399 987 4468 βούλει.
1190 4408 1197 4421 ·

295 4577 446 4659 -(5-2)
485 4578 938 4634 Διαϐεϐαιοῦται.
979 4577 1070 4632 Sic
1120 4592 1254 4633 mss.
1291 4583 1423 4632 tres.
1468 4576 1610 4632 Editi
1657 4577 1842 4647 βεϐαι-

256 4666 451 4791 ουῖὲἑ)
496 4721 598 4791 Ἐν
631 4719 709 4790 τῇ
754 4718 995 4791 συνόδῳ
1026 4716 1190 4785 τῇδε.
1232 4715 1494 4791 Quamvis
1530 4716 1644 4791 haec
1680 4717 1844 4791 verba

262 4793 349 4850 sic
376 4787 531 4846 reddi
561 4787 794 4856 possint.
823 4790 877 4842 in
907 4789 1003 4842 hoc
1053 4797 1323 4851 conventu,
1347 4787 1399 4839 id
1431 4795 1533 4850 est,
1565 4789 1620 4840 in
1655 4788 1842 4857 aliquo

260 4870 568 4932 martyrum
579 4861 734 4946 [festo
756 4901 770 4925 ,
806 4859 1020 4946 videtur
1048 4868 1227 4946 tamen
1275 4857 1506 4946 Basilius
1537 4858 1713 4926 ipsum
1756 4859 1839 4911 lo-
1873 4889 1919 4946 ι)

262 4926 429 4996 cum;
475 4939 536 4985 ut
577 4928 1067 4986 Commentariensi
1118 4935 1330 4988 notum,
1381 4926 1689 4997 designare,
1726 4944 1836 4982 non

264 5003 409 5057 diem
446 4999 668 5061 festum,
694 5002 785 5069 qui
832 4999 971 5054 forte
1015 4998 1093 5053 illi
1131 5014 1240 5051 non
1273 5004 1383 5050 tam
1417 4998 1670 5065 cognitus
1699 5008 1838 5052 erat.

264 5070 439 5127 Porro
498 5068 753 5127 ecclesias
808 5069 992 5124 vocari
1051 5069 1290 5139 synodos
1352 5068 1711 5137 perspicimus
1774 5084 1841 5123 ex

263 5142 443 5214 θΡίξβξ-
452 5140 548 5214 δεθ
562 5179 577 5193 ·

339 5210 454 5283 (54)
491 5210 776 5280 Νομίσας.
808 5207 1176 5283 _Quamvis_in
1203 5207 1307 5260 bac
1334 5221 1465 5262 voce
1490 5208 1843 5283 consentiant

264 5277 400 5339 editi
432 5277 487 5335 et
528 5277 661 5336 mss.
721 5280 962 5338 codices.
1020 5280 1202 5332 nullus
1238 5285 1418 5330 tamen
1470 5277 1659 5331 dubito
1710 5281 1843 5347 quin

266 5350 556 5423 legendum
588 5353 661 5406 sit
687 5352 973 5423 ἐνόμισας,
1011 5356 1070 5403 ut
1099 5349 1228 5423 legit
1253 5348 1524 5423 interpres
1555 5363 1620 5400 ac
1651 5349 1843 5423 legen—

265 5417 400 5478 dum
458 5426 643 5476 monet
687 5417 1065 5475 Combetisius.
1108 5417 1243 5472 Nam
1296 5417 1343 5471 si
1392 5418 1638 5486 legamus
1691 5417 1845 5488 νομί-

271 5509 406 5555 σας,
437 5490 782 5545 referendum
818 5490 868 5543 id
902 5492 1006 5544 erit
1037 5491 1103 5543 ad
1137 5488 1416 5543 Basilium.
1452 5487 1521 5540 At
1564 5487 1846 5558 quomodo

267 5561 508 5617 Basilius
528 5559 795 5630 ejusmodi
818 5575 1175 5630 personarum
1204 5557 1567 5630 receptionem
1592 5557 1658 5611 ad
1687 5557 1844 5630 Com-

273 5628 695 5688 mentariensem
747 5628 1018 5701 pertinere
1053 5631 1442 5695 existimasset,
1465 5628 1555 5697 qui
1596 5644 1702 5683 non
1734 5629 1849 5681 alio

2486 2183 2988 2241 Commentarieusi.

2006 2295 2144 2351 Cum
2183 2298 2435 2352 nonnulli
2484 2299 2540 2354 in
2570 2299 2675 2355 hac
2716 2301 2952 2356 ecclesia
2984 2302 3364 2373 comprehensi
3399 2304 3517 2361 sint

1933 2386 2209 2452 maleﬁci,
2260 2389 2353 2458 qui
2400 2387 2566 2445 furati
2617 2397 2748 2444 sunt
2792 2398 2984 2445 contra
3044 2391 3261 2447 Domini
3316 2408 3522 2465 praece-

1935 2485 2090 2548 ptum
2138 2480 2268 2534 vilia
2321 2494 2625 2551 pauperum
2683 2482 3047 2547 vestimenta,
3099 2499 3239 2554 quos
3291 2485 3523 2543 induere

1935 2571 2227 2640 oportebat
2262 2573 2467 2645 magis,
2505 2588 2670 2640 quam
2716 2590 2957 2643 exuere;
3006 2590 3242 2647 cumque
3291 2578 3361 2633 ab
3411 2578 3519 2640 iis.

1935 2660 2139 2730 quibus
2167 2662 2306 2717 recti
2362 2665 2418 2717 in
2471 2662 2721 2720 Ecclesia
2776 2665 2989 2722 ordinis
3036 2682 3170 2721 cura
3212 2669 3514 2736 incumbit,

1935 2755 2317 2825 comprehensi
2368 2754 2606 2823 fuerint,
2648 2758 2714 2812 ad
2766 2766 2819 2813 te
2851 2765 3032 2814 autem
3079 2759 3523 2828 existimaveris,

1937 2854 1997 2898 ut
2028 2846 2121 2915 qui
2151 2861 2268 2902 rem
2300 2847 2576 2917 publicam
2612 2864 2772 2919 geras
2795 2888 2809 2912 ,
2847 2850 3117 2918 ejusmodi
3148 2866 3514 2921 personarum

1935 2937 2305 3007 receptionem
2353 2940 2669 3008 pertinere;
2703 2938 2830 2994 dedi
2885 2941 2953 2994 ad
2999 2948 3055 2995 te
3099 2941 3349 3003 litteras,
3379 2951 3438 2996 ut
3466 2953 3527 2998 te

1936 3027 2175 3083 facerem
2217 3029 2548 3099 certiorem,
2574 3044 2697 3099 quae
2731 3030 2787 3084 in
2818 3030 3072 3085 ecclesiis
3099 3038 3425 3101 peccantur,
3458 3045 3525 3086 ea

1937 3134 1967 3173 a
1997 3119 2189 3182 nobis,
2220 3125 2281 3173 ut
2312 3133 2411 3187 par
2438 3127 2524 3174 est
2547 3157 2563 3182 ,
2594 3118 2877 3174 emendari
2922 3120 3123 3174 debere
3142 3159 3158 3184 ,
3189 3135 3292 3175 nec
3331 3120 3400 3176 de
3437 3120 3527 3178 his

1936 3209 2109 3264 rebus
2172 3208 2389 3278 judices
2455 3223 2581 3263 esse
2664 3209 3114 3279 interpellandos.
3186 3208 3528 3280 Quapropter

1937 3308 2122 3356 vestes
2172 3301 2437 3370 sacrilege
2488 3300 2784 3371 subreptas
2808 3341 2822 3364 ,
2855 3316 2996 3370 quas
3039 3303 3346 3372 depositum
3380 3300 3526 3372 apud

1939 3398 1993 3446 te
2043 3391 2462 3453 inventarium,
2494 3398 2548 3444 et
2600 3389 2655 3443 in
2690 3391 2940 3445 omnium
2997 3393 3297 3446 astantium
3349 3392 3525 3449 oculis

1940 3484 2275 3551 exscriptum
2308 3481 2588 3550 exemplar
2635 3481 2914 3547 declarat,
2958 3485 3128 3555 recipi
3173 3487 3441 3556 praecepi,
3469 3495 3527 3541 et

1940 3576 2078 3629 alias
2122 3573 2343 3645 quidem
2383 3575 2636 3629 venturis
2689 3575 2935 3639 servari,
2971 3576 3111 3630 alias
3159 3590 3289 3630 vero
3319 3576 3389 3631 iis
3426 3578 3525 3647 qui

1941 3668 2174 3723 aderant.
2215 3664 2395 3730 tradi,
2442 3665 2614 3737 426
2658 3666 2908 3722 homines
2949 3682 3079 3721 vero
3127 3665 3180 3719 in
3223 3666 3524 3738 disciplina

1940 3768 2103 3829 atque
2147 3757 2520 3812 admonitione
2554 3756 2768 3811 Domini
2809 3757 3009 3828 corrigi
3036 3777 3049 3812 :
3075 3774 3216 3829 quos
3257 3775 3419 3829 spero
3466 3761 3524 3816 in

1940 3851 2036 3907 Dei
2094 3851 2317 3907 nomine
2381 3851 2640 3905 meliores
2693 3851 2953 3919 deinceps
3010 3866 3098 3906 me
3152 3851 3520 3907 redditurum.

1939 3943 2072 4009 Quae
2116 3942 2262 3996 enim
2322 3940 2679 3995 tribunalium
2730 3943 2899 4012 plagas
2953 3957 3063 3996 non
3117 3943 3403 4012 eﬂiciunt,
3455 3958 3522 3999 ea

1941 4033 2262 4103 plerumque
2291 4032 2548 4086 novimus
2573 4032 2880 4086 tremenda
2903 4030 3122 4087 Domini
3148 4032 3358 4102 judicia
3401 4050 3525 4104 per-

1942 4127 2123 4180 ﬁcere.
2164 4123 2324 4190 Quod
2359 4123 2407 4179 si
2456 4124 2555 4178 tibi
2584 4124 2759 4178 visum
2800 4122 2967 4178 fuerit
2998 4132 3055 4179 et
3097 4125 3165 4179 de
3202 4125 3291 4181 his
3321 4126 3388 4180 ad
3412 4125 3524 4180 Co-

1942 4220 2129 4274 mitem
2183 4219 2421 4284 rel‘erre,
2465 4218 2602 4273 adeo
2656 4225 2712 4273 et
2757 4217 2906 4288 juri,
2962 4227 3017 4273 et
3064 4217 3168 4272 viri
3222 4218 3526 4290 integritati

1943 4308 2305 4377 conﬁdimus,
2336 4316 2397 4364 ut
2445 4324 2548 4380 per
2591 4323 2677 4363 me
2728 4309 2822 4363 tibi
2871 4308 3039 4363 liceat
3067 4306 3245 4363 lacere
3277 4307 3425 4381 quod
3457 4307 3528 4362 li-

1943 4400 2145 4456 buerit.

1944 4582 2176 4637 oonsilio
2229 4580 2370 4635 hanc
2401 4580 2687 4650 epistolam
2725 4579 2937 4646 scribit,
2980 4578 3088 4634 nisi
3139 4586 3199 4634 ut
3247 4578 3352 4634 sibi
3387 4576 3530 4650 judi-

1945 4653 2089 4707 cium
2124 4650 2287 4718 hujus
2310 4652 2390 4705 rei
2413 4637 2686 4705 vindicet?
2923 4637 2935 4646 ’
3390 4637 3407 4661 ⁸

2017 4722 2130 4791 (55)
2189 4720 2534 4789 ’Υποδοχήν.
2575 4718 2658 4774 Ad
2704 4718 3244 4775 Commentariensem
3302 4726 3532 4791 recepta-

1945 4809 2064 4847 rum
2106 4790 2452 4860 personarum
2511 4791 2751 4845 custodia
2800 4790 3188 4860 observatioque
3247 4790 3531 4860 pertineat,

1947 4863 2137 4986 aitslgx
2188 4863 2316 4916 data
2367 4876 2511 4915 anno
2559 4862 2685 4927 571,
2712 4862 2836 4916 cod.
2877 4859 3085 4915 Theod.
3119 4861 3217 4916 lib.
3245 4859 3320 4924 ix,
3352 4860 3438 4915 tit.
3469 4860 3529 4926 5,

1948 4949 2000 4986 ι).
2101 4973 2116 4985 .

1947 4949 2000 5003 Ρ.
2020 4949 2132 5071 ἓξ)
2182 5001 2310 5072 Ὑφ’
2382 4999 2570 5071 ἡμῶν.
2603 5000 2681 5054 lla
2711 5000 2880 5056 Coisl.
2933 5009 3161 5071 uterque
3192 5007 3249 5056 et
3276 4999 3411 5072 Reg.
3443 5014 3535 5056 se-

1949 5073 2183 5127 cundus.
2216 5072 2359 5126 Editi
2389 5073 2479 5141 ὑφ’
2505 5072 2655 5141 ἡμῖν.

2021 5142 2133 5214 (5'7)
2198 5139 2590 5214 Ἑργάζοιρται.
2635 5140 2802 5214 Coisl.
2855 5140 3071 5214 primus
3123 5139 3533 5214 egenam?“

2161 5208 2494 5284 Τῷὶιόμητι.
2527 5211 2793 5284 comitem
2844 5208 3086 5284 Orientis
3134 5208 3387 5284 intelligit
3423 5208 3536 5264 Go-

1951 5280 2236 5338 thofredus
2267 5280 2503 5337 in‘notis
2531 5281 2803 5352 adlegem
2824 5282 2987 5336 modo
3006 5282 3250 5336 citatam.
3282 5280 3387 5352 Sed
3417 5294 3530 5352 non

1950 5354 2108 5408 video
2132 5368 2234 5436 cur
2259 5353 2582 5436 nonnpotius
2608 5350 2993 5436 intelligendus
3022 5351 3097 5406 sit
3122 5365 3307 5407 comes
3340 5350 3533 5406 Ponti-

1950 5437 2047 5486 cas,
2079 5424 2235 5506 cujus
2262 5425 2316 5476 in
2350 5422 2574 5476 dioecesi
2606 5429 2725 5502 erat
2761 5422 3028 5503 Caesarea.

2023 5498 2039 5515 '
2064 5494 2216 5548 Abas
2243 5490 2769 5563 CCXXIXLSCI‘Ith
2798 5506 2853 5544 In
2883 5497 3221 5563 episcopatu.

2020 5565 2058 5584 “
2097 5565 2245 5620 Alias
2277 5560 2619 5619 CCCCXVII.
2649 5561 2862 5631 Scripta
2890 5560 2945 5617 in
2971 5560 3319 5633 episcopatu.
