3852 6224
241 323 385 381 102ἲὶ
1074 320 1562 378 EPISTOLA‘RUM
1598 320 1885 376 CLASSIS
1923 320 1991 377 11.
2023 319 2244 377 EPIST.
2285 319 2666 379 CCLXXXIX.
3229 319 3235 326 ’
3378 332 3519 389 {026

238 445 439 493 γωνίαν
481 440 732 510 χρήσεως
782 437 1073 508 βιωτικῆς,
1100 438 1197 503 ὡς,
1240 443 1305 494 ἐκ
1345 440 1440 494 τοῦ
1479 441 1554 512 μὴ
1582 457 1797 502 ,συνανα

1926 442 2098 495 vitam
2140 440 2536 511 pertinentium
2588 441 2957 499 societatem:
3010 451 3072 500 ιιι
3129 460 3198 501 ex
3250 461 3319 502 eo
3369 449 3519 518 quod

239 528 533 604 ιξεγνυσθαι
559 531 707 601 ἡμᾶς
733 529 902 601 αὐτῷ,
924 531 1151 602 γένηται
1180 533 1456 597 παντελῶς
1479 533 1798 604 κατάϐρωμε

1927 548 2053 588 cum
2107 548 2175 588 eo
2227 548 2337 588 non
2388 535 2868 600 commisceamur,
2915 536 2988 590 sit
3019 551 3252 607 prorsus
3296 539 3510 597 diaboli

233 614 332 667 τοῦ
364 615 639 671 διαϐόλου.

1927 623 2212 694 pabulum.

2342 751 2684 809 EPISTOLA
2723 754 3128 812 CCLXXXIX'.

233 885 461 941 Rationes
479 886 675 953 exponit
691 903 779 941 cur
799 887 990 953 eripere
1009 902 1103 939 non
1126 888 1277 951 possit
1296 885 1537 959 hominem
1550 894 1819 959 parentem,
1844 886 1929 959 qui
1947 900 2139 939 sacram
2164 884 2404 959 virginem
2429 886 2616 951 famoso
2635 888 2799 942 libello
2820 891 3138 953 laceraverat,
3154 898 3202 945 et
3225 893 3409 959 legibus
3426 907 3517 959 pu-

1335 948 1467 999 nitus
1484 948 1755 1001 calumnias
1776 951 1838 1001 de
1857 948 2046 1015 integro
2068 948 2401 1002 renova'verat.

759 751 1108 808 ΕΠΙΣΤΟΛΗ
1148 755 1318 810 ΣΠΘ’.

247 1078 677 1148 Ἀνεπίπραςρος
697 1119 711 1139 .
759 1078 892 1148 περὶ
932 1074 1219 1149 γυναικὸς
1261 1075 1797 1147 καταπονουμένης

2154 1075 2281 1132 Sine
2312 1077 2654 1143 inscriptione
2675 1119 2690 1145 ,
2720 1078 2785 1132 de
2817 1078 3039 1135 muliere
3065 1083 3284 1153 afﬂicta.

318 1189 460 1260 Ἐγὼ
500 1191 613 1245 ἴσον
642 1191 946 1264 ἁμάρτημα
987 1195 1181 1265 κρίνας
1202 1235 1216 1259 ,
1269 1195 1363 1248 καὶ
1395 1194 1798 1265 ἀνεπιτιμήτουε

2000 1186 2112 1259 Ego
2138 1204 2241 1259 par
2272 1200 2557 1260 peccatum
2613 1205 2741 1247 esse
2791 1191 3051 1262 judicans
3099 1203 3154 1249 et
3214 1196 3514 1267 impunitos

232 1283 330 1352 ἐᾷν
357 1282 485 1345 τοὺς
525 1282 960 1353 ἁμαρτάνοντας,
1012 1286 1107 1339 καὶ
1140 1284 1492 1356 ὑπερϐαίνειν
1530 1284 1591 1338 τὸ
1622 1285 1798 1356 μέτροε

1926 1279 2242 1348 relinquere
2311 1280 2695 1351 delinquentes
2726 1320 2742 1345 ,
2783 1291 2838 1336 et
2911 1284 3132 1338 modum
3204 1289 3512 1358 transgredi

229 1375 299 1443 τῇ
348 1374 590 1444 τιμωρίᾳ
622 1373 757 1444 (67),
800 1373 898 1446 τὴν
945 1376 1068 1446 ἐμοὶ
1126 1376 1521 1430 ἐπιϐάλλουσαν
1571 1376 1798 1449 ἐπέθηκε

1924 1370 2240 1439 plectendo,
2268 1383 2488 1441 pinnam
2519 1388 2641 1443 quae
2668 1373 2803 1427 mihi
2836 1377 3212 1444 competehat,
3245 1377 3373 1432 huic
3394 1380 3513 1434 viro

228 1464 389 1534 δίκην
423 1464 579 1534 τῷδε,
612 1466 863 1538 ἐξορίσας
894 1468 1058 1521 αὐτὸν
1086 1470 1187 1539 τῆς
1212 1468 1670 1539 ἐκκλησωστικῆς
1703 1485 1798 1522 κοιι

1922 1459 2134 1526 innixi,
2189 1476 2390 1517 arcens
2436 1478 2561 1518 eum
2594 1478 2624 1516 a
2670 1466 3060 1521 communione
3104 1468 3509 1538 ecclesiastica;

228 1555 431 1618 νωνίας
449 1570 463 1583 ’
492 1555 587 1608 καὶ
616 1557 730 1619 τοῖς
771 1556 1125 1627 ἠδικημένοις
1156 1555 1442 1627 παρῄνεσα
1470 1556 1545 1627 μὴ
1591 1556 1798 1617 ἑαυτοὺς

1923 1560 1978 1608 et
2007 1568 2104 1609 eos
2150 1553 2244 1625 qui
2279 1554 2392 1609 laesi
2426 1563 2558 1609 sunt
2592 1555 2845 1611 hortatus
2889 1573 3044 1623 sum,
3072 1567 3130 1612 ut
3159 1574 3219 1614 se
3256 1560 3357 1630 ipsi
3399 1576 3514 1617 non

229 1648 492 1711 ἐκδικεῖν,
526 1647 663 1701 ἀλλά
700 1647 778 1719 τῷ
824 1650 1017 1720 Κυρίῳ
1062 1649 1160 1719 τὴν
1193 1649 1552 1702 ἀνταπόδοσιν
1593 1647 1798 1719 ἐπιτρέ-

1923 1648 2345 1712 ulciscerentur,
2380 1647 2477 1703 sed
2510 1648 2741 1703 Domino
2777 1649 3044 1705 ultionem
3094 1652 3504 1721 permitterent.

227 1740 353 1809 ψαι.
388 1740 551 1792 Ὥστε
576 1778 591 1803 ,
627 1743 678 1795 et
721 1758 776 1794 τι
808 1740 1000 1809 ὄφελος
1054 1741 1212 1813 ἡμῶν
1256 1740 1367 1812 (68)
1414 1741 1798 1813 παραγγελμά-

1925 1738 2108 1807 Quare
2140 1741 2186 1794 si
2206 1754 2314 1810 qua
2340 1749 2490 1795 esset
2523 1740 2733 1795 utilitas
2758 1757 3004 1795 mearum
3033 1742 3469 1799 admonitionum
3490 1785 3509 1811 ,

228 1850 362 1894 των,
390 1833 513 1886 τότε
562 1833 630 1887 ἂν
661 1833 973 1905 ὴκούσθην,
1009 1834 1191 1906 πολλῷ
1240 1835 1681 1907 ἀξιοπιστότερον
1731 1851 1798 1887 κει

1924 1840 2058 1887 tunc
2101 1832 2332 1888 fuissem
2366 1833 2696 1899 exauditus,
2734 1849 2990 1889 sermone
3024 1844 3187 1891 utens
3237 1837 3511 1906 ejusmodi

231 1924 507 1995 χρημένος
547 1923 626 1996 τῷ
665 1925 810 1996 λόγῳ
859 1926 891 1996 ἢ
925 1927 1049 1980 ὅσον
1098 1926 1164 1981 ἂν
1194 1926 1453 1998 δυνηθείη
1500 1927 1796 1997 δυσωπῆσα

1921 1924 2013 1993 qui
2042 1924 2214 1978 multo
2244 1932 2394 1979 esset
2445 1925 2511 1979 ad
2552 1924 2711 1979 fidem
2753 1925 3061 1979 faciendam
3114 1928 3314 1998 aptior,
3347 1944 3511 1999 quam

227 2017 300 2070 τὰ
323 2017 648 2088 γράμματα.
683 2018 837 2071 Ἐπεὶ
868 2018 926 2071 δὲ
948 2018 1161 2089 ἥκουσα
1190 2018 1452 2090 ῥημάτων
1482 2018 1683 2090 πολλὴν
1707 2018 1796 2085 (69

1921 2014 2117 2069 litterae
2162 2013 2232 2067 ad
2289 2013 2642 2069 flectendum.
2685 2012 2794 2069 Sed
2838 2023 3137 2086 postquam
3189 2019 3355 2072 verba
3408 2035 3510 2072 au-

226 2107 462 2177 ὲχόντων
494 2108 806 2179 βαρύτητα,
851 2110 945 2164 καὶ
978 2109 1099 2162 τότε
1138 2110 1416 2181 ἡσύχασα,
1468 2112 1564 2164 καὶ
1593 2112 1688 2165 νῦν
1718 2111 1798 2164 ού]

1919 2104 2028 2159 divi
2062 2106 2221 2161 valde
2264 2106 2492 2176 gravia,
2527 2114 2583 2160 et
2637 2114 2770 2160 tunc
2816 2108 2974 2173 silui,
3008 2114 3064 2162 et
3114 2125 3261 2164 nunc
3312 2109 3511 2165 decere

227 2194 386 2269 οἶμαι
417 2200 626 2270 πρέπον
653 2194 794 2254 εἶναί
837 2219 926 2272 μοι
956 2203 1087 2274 περὶ
1109 2202 1218 2255 τῶν
1242 2202 1423 2256 αὐτῶν
1450 2202 1792 2271 διαλέγεσθαι

1918 2207 2006 2247 me
2033 2208 2143 2247 non
2174 2193 2419 2249 arbitror
2445 2195 2514 2249 de
2542 2194 2736 2250 iisdem
2764 2211 2945 2265 agere.
2976 2196 3090 2268 Ego
3113 2199 3283 2263 enim,
3307 2200 3511 2270 inquit,

238 2290 384 2359 Ἐγὼ
404 2291 534 2363 γὰρ,
564 2292 749 2363 φησὶν,
783 2292 977 2364 ἀνδρὸς
1009 2293 1312 2365 ὑπερεῖδον,
1350 2294 1445 2347 καὶ
1471 2294 1798 2356 παιδοποιίας

1917 2285 2131 2351 virum,
2166 2286 2580 2357 liberorumque
2634 2289 3079 2358 procreationem
3130 2297 3185 2345 et
3238 2295 3506 2346 szeculum

224 2385 324 2437 καὶ
349 2383 487 2453 βίου,
514 2384 602 2437 ἵνα
630 2384 748 2447 ἐνὸς
769 2383 963 2437 τούτου
986 2383 1229 2456 τύχοιμι,
1251 2385 1351 2457 τῆς
1372 2385 1525 2458 παρά
1544 2386 1679 2439 Θεοῦ
1701 2386 1798 2456 (70,

1917 2378 2262 2448 contempsi,
2294 2379 2373 2434 rei
2408 2378 2575 2434 unius
2610 2380 3014 2448 consequendaa
3043 2396 3212 2438 causa
3233 2422 3248 2448 ,
3295 2392 3355 2436 ut
3398 2383 3511 2440 Deo

224 2474 654 2547 εύδοκιμήσεως,
673 2476 767 2529 καὶ
789 2475 941 2549 παρὰ
963 2479 1076 2540 τοῖς
1099 2475 1409 2549 ἀνθρώποις
1428 2476 1522 2531 τοῦ
1548 2477 1798 2548 βελτίονος

1915 2466 2146 2535 probata
2179 2482 2393 2535 essem,
2444 2477 2499 2524 et
2548 2470 2689 2524 bene
2738 2469 2884 2541 apud
2929 2471 3184 2527 homines
3234 2472 3506 2528 audirem.

223 2565 506 2632 ἀξιοῦσθαι
554 2566 736 2635 λόγου.
783 2566 1001 2638 Ἐπειδὴ
1040 2566 1327 2641 ἄνθρωπος
1375 2571 1441 2623 ἐκ
1474 2569 1663 2634 παιδὸς
1696 2574 1798 2635 ταῖς

1919 2556 2025 2612 Sed
2067 2570 2359 2630 postquam
2398 2560 2564 2616 homo
2591 2577 2621 2615 a
2663 2577 2834 2632 puero
2860 2562 2916 2616 in
2943 2563 3370 2635 corrumpendis
3404 2566 3506 2620 do-

222 2657 596 2729 oixozpeopiat;
639 2657 1102 2729 ἐντεθραμμένος,
1136 2659 1557 2732 είσϐιασάμενὸς
1586 2679 1718 2715 ποτε
1745 2665 1798 2734 τῇ

1916 2649 2096 2705 mibus
2127 2650 2438 2716 institutus,
2475 2652 2638 2707 solita
2672 2650 3019 2722 impudentia
3048 2668 3170 2708 sese
3205 2654 3507 2712 obtrudens

224 2748 445 2820 συνήθει
494 2748 690 2803 ἑαυτοῦ
733 2750 979 2821 ἀναιδείᾳ
1024 2750 1281 2805 ἐνέπεσεν
1327 2752 1487 2824 ἡμῶν
1530 2753 1611 2825 τῷ
1659 2754 1798 2822 οἴκῳ,

1916 2739 1972 2794 in
2025 2741 2250 2795 domum
2297 2757 2477 2797 meam
2518 2743 2820 2814 aliquando
2858 2745 3094 2815 irrupit,
3141 2744 3386 2816 mihique
3412 2761 3502 2802 co-

222 2840 321 2893 καὶ
351 2841 513 2912 μέχρι
558 2841 721 2913 ψιλῆς
773 2843 1067 2912 συντυχίας
1098 2843 1317 2912 ἐγένετο
1357 2843 1634 2917 γνώριμος
1656 2848 1798 2917 ἡμῖν.

1914 2830 2101 2899 gnitus
2130 2838 2344 2885 tantum
2380 2831 2484 2886 fuit
2505 2848 2573 2888 ex
2599 2833 2834 2903 simplici
2861 2835 3159 2905 colloquio,
3192 2852 3315 2906 qua:
3344 2838 3509 2907 igno-

223 2932 321 2984 καὶ
345 2931 539 3004 ἀγνοίᾳ
562 2931 671 2985 τῶν
706 2933 826 2987 κατ’
853 2933 1037 2996 αὐτὸν,
1064 2936 1160 2988 καὶ
1192 2935 1333 2988 αἰδοῖ
1362 2953 1467 2989 τινι
1500 2937 1798 3007 ἀπαιδεύτιχ,

1913 2921 2128 2976 ratione
2168 2922 2318 2978 illius
2348 2937 2566 2977 morum
2610 2940 2676 2979 ac
2724 2926 2979 2995 imperito
3027 2926 3267 2997 quodam
3300 2930 3508 2999 pudore

223 3021 522 3091 προφανῶς
545 3021 709 3077 αὐτὸν
743 3024 1113 3096 αἰσχυνομένη
1165 3026 1388 3080 ἐλάσαι·
1437 3029 1516 3092 είς
1556 3028 1798 3082 τοσοῦτοι

1915 3008 2069 3064 illum
2098 3021 2285 3083 aperte
2317 3015 2741 3074 verecundaliar
2764 3019 3074 3089 expellere;
3099 3035 3166 3075 eo
3196 3021 3505 3091 impietatis

222 3110 447 3181 ἐξῆλθεν
478 3112 733 3178 ἀσεϐείας
779 3114 875 3168 καὶ
928 3113 1162 3185 ὕϐρεως,
1195 3116 1338 3170 ὥστε
1392 3119 1668 3191 ἐμπλῆσαι
1710 3120 1798 3191 μὲι

1914 3117 1980 3158 ac
2015 3107 2362 3162 contumelia:
2382 3107 2640 3175 devenit,
2674 3118 2735 3165 ut
2766 3111 3045 3167 civitatem
3076 3122 3243 3168 totam
3274 3114 3506 3184 injurio-

222 3203 323 3274 τὴν
358 3204 513 3257 πόλιν
550 3207 732 3259 πᾶσαν
777 3206 887 3260 τῶν
938 3209 1058 3262 κατ’
1090 3209 1226 3280 ἐμοῦ
1257 3210 1369 3280 (71)
1414 3210 1798 3283 βλασφημιῶν,

1912 3197 1991 3252 sis
2023 3197 2080 3251 in
2122 3214 2210 3254 me
2253 3203 2606 3257 sermonibus
2649 3204 2920 3273 repleret,
2949 3220 3147 3275 meque
3176 3204 3394 3262 famoso
3424 3209 3496 3262 li-

223 3296 625 3367 προγράμματι
649 3298 707 3351 δὲ
739 3299 989 3372 δημοσίῳ
1020 3302 1391 3374 στηλιτεῦσαι,
1418 3303 1692 3357 ἐκτεθέντι
1718 3304 1798 3357 ἐπΊ

1910 3287 2054 3342 bello
2076 3288 2251 3345 valvis
2273 3292 2522 3348 ecclesiae
2544 3293 2705 3348 atlixo
2723 3296 3067 3350 decantaret.
3088 3294 3169 3350 Oh
3193 3311 3313 3366 quae
3339 3299 3503 3353 etiam

218 3387 333 3439 τῶν
365 3387 653 3461 προθύρων
699 3390 801 3462 τῆς
839 3392 1157 3464 ἐκκλησίας.
1220 3395 1337 3465 Ἐφ’
1371 3391 1454 3458 οἷς
1486 3395 1582 3447 καὶ
1628 3396 1808 3467 τυχών

219 3496 369 3543 τινος
395 3480 549 3552 παρὰ
599 3481 709 3536 τῶν
747 3483 926 3554 νόμων
955 3485 1407 3557 ἀγανακτήσεως,
1446 3487 1608 3541 πάλιν
1643 3489 1810 3542 ἐπαν-

222 3570 396 3625 ελθὼν
442 3572 550 3643 (72)
603 3572 941 3628 ἀνενεώσατο
972 3575 1071 3639 τὰς
1100 3575 1265 3631 αὐτοῦ
1299 3577 1669 3649 βλασφημίας.
1696 3578 1809 3631 Πά-

222 3663 307 3717 λιν
338 3664 448 3719 τῶν
479 3665 627 3737 ἐμῶν
651 3665 931 3739 λοιδοριῶν
965 3668 1183 3740 πλήρης
1205 3672 1238 3739 ἡ
1271 3668 1469 3741 ἀγορὰ,
1499 3671 1568 3723 τὰ
1594 3670 1806 3740 γυμνά-

222 3772 336 3823 ma,
371 3757 440 3812 τά
469 3757 691 3830 θέατρα,
720 3760 777 3814 αί
809 3760 979 3815 οἰκίαι
1005 3761 1114 3814 τῶν
1143 3761 1210 3814 δι’
1241 3761 1532 3834 ὁμοιότητα
1561 3762 1655 3815 τοῦ
1684 3762 1800 3833 βίου

222 3846 529 3919 δεχομένων
563 3849 746 3903 αὐτόν.
785 3851 895 3904 Καὶ
941 3852 1075 3923 μηδέ
1113 3852 1208 3905 ἐπὶ
1251 3856 1364 3918 τοῖς
1399 3853 1632 3924 βελτίοσι
1664 3871 1807 3924 γνω-

224 3937 494 4006 ρίζεσθαι,
530 3939 588 3992 ἐν
629 3934 709 4003 οἷς
754 3940 1031 4012 εὐπρεπὲς
1073 3937 1163 4012 ἦν,
1216 3941 1426 4013 ὑπῆρξέ
1474 3959 1563 4012 μοι
1595 3945 1660 3996 ἐκ
1697 3941 1807 3997 τῶν

220 4027 550 4099 αἰσχίστων,
600 4029 688 4083 διὰ
727 4029 789 4082 τὸ
836 4031 988 4102 παρὰ
1038 4032 1173 4084 πᾶσι
1214 4034 1280 4104 τῇ
1332 4031 1619 4104 ἀκολάστῳ
1668 4031 1808 4101 γνὼ-

224 4138 302 4196 μῃ
319 4122 684 4191 (75)γενέσθαι
706 4124 997 4195 περιφανῆ.
1017 4125 1141 4177 Ἐπὶ
1156 4124 1384 4190 τούτοις,
1407 4128 1593 4198 φησὶν,
1625 4128 1673 4180 οἱ
1708 4127 1806 4198 μὲν

217 4214 437 4283 ἥδονται
463 4216 582 4277 ταῖς
606 4214 995 4285 βλασφημίαις,
1033 4215 1121 4270 διὰ
1147 4216 1210 4269 τὸ
1242 4215 1401 4286 φύσει
1441 4216 1652 4289 χαίρειν
1679 4220 1804 4282 ταῖς

140 4361 150 4369 _
220 4305 509 4377 λοιδορίαις
538 4306 662 4368 τοὺς
700 4304 1019 4377 ἀνθρώπους
1043 4322 1057 4335 ·
1087 4307 1137 4359 οἱ
1170 4306 1226 4359 δὲ
1273 4305 1533 4375 ἄχθεσθαι
1585 4307 1683 4376 μὲν
1722 4305 1808 4359 λέ-

218 4414 433 4464 γουσιν,
482 4397 542 4449 οὺ
591 4395 1003 4465 συναλγοῦσιδέ
1027 4409 1047 4426 '
1076 4395 1226 4451 ἄλλοι
1274 4395 1551 4450 πείθονται
1586 4396 1807 4467 ἀληθεῖς

1913 3377 2349 3448 indignationem
2388 3382 2628 3452 aliquam
2671 3398 2703 3437 a
2733 3384 2948 3454 legibus
2978 3396 3268 3454 expertus,
3303 3387 3505 3443 iterum

1909 3469 2129 3524 rediens
2179 3470 2473 3527 maledicta
2522 3488 2624 3530 sua
2668 3476 2978 3529 renovavit.
3031 3474 3249 3533 Rursus
3296 3477 3501 3533 referta

1908 3560 2177 3615 conviciis
2204 3561 2344 3617 meis
2363 3602 2378 3629 ,
2406 3560 2595 3617 forum
2620 3602 2636 3629 ,
2673 3565 2960 3635 gymnasia
2978 3605 2994 3631 ,
3022 3564 3238 3621 theatra
3261 3580 3326 3621 ac
3355 3567 3501 3627 aedes

1907 3668 2096 3708 eorum
2139 3654 2236 3724 qui
2276 3653 2433 3713 illum
2465 3656 2538 3709 ob
2566 3655 2693 3710 vitae
2734 3656 3155 3713 similitudinem
3201 3642 3496 3730 recipiunt.

1906 3745 2019 3801 Nec
2046 3746 2176 3801 mihi
2207 3747 2532 3817 turpissima
2563 3749 2818 3804 convicia
2841 3750 3180 3816 attulerunt.
3203 3756 3265 3805 ut
3290 3766 3355 3806 ex
3386 3767 3504 3808 nie-

1908 3838 2139 3894 lioribus
2164 3839 2354 3904 rebus,
2390 3846 2450 3893 ut
2487 3841 2797 3910 oportebat,
2836 3855 3228 3912 cognoscerer,
3248 3856 3316 3898 eo
3348 3845 3499 3913 quod

1909 3929 2056 4001 apud
2091 3945 2284 3986 omnes
2320 3930 2740 4001 intemperantis
2766 3931 2934 3986 animi
2962 3933 3111 3989 notis
3150 3935 3335 3991 inusta
3368 3939 3495 3993 sim.

1908 4018 1968 4074 ln
2002 4020 2110 4088 his,
2145 4020 2365 4092 inquit,
2420 4022 2515 4076 alii
2559 4021 2781 4092 quidem
2832 4023 3091 4078 laetantur
3138 4026 3445 4084 maledictis
3476 4067 3495 4094 ,

1908 4112 2345 4183 proptereaquod
2375 4120 2571 4167 natura
2603 4113 2869 4170 conviciis
2910 4114 3150 4185 gaudent
3180 4117 3434 4175 homines
3470 4135 3486 4171 :

1908 4204 2000 4258 alii
2033 4218 2164 4259 vero
2194 4217 2254 4259 se
2298 4204 2569 4275 indignari
2599 4204 2791 4259 dicunt
2813 4245 2852 4277 ,κ
2895 4221 3007 4261 non
3040 4215 3226 4265 tamen
3276 4224 3495 4266 mecum

1908 4297 2137 4365 dolent;
2169 4296 2291 4353 aliis
2339 4313 2667 4368 persuasum
2717 4306 2802 4353 est
2851 4314 2981 4354 vera
3025 4315 3149 4357 esse
3198 4303 3491 4370 convicia;

1908 4389 2160 4444 dubitant
2189 4390 2283 4445 alii
2309 4432 2326 4459 ,
2367 4391 2498 4446 dum
2529 4390 2580 4446 ei
2624 4390 2784 4447 toties
2805 4390 3015 4462 juranti
3042 4392 3286 4448 animum
3318 4403 3495 4451 atten-

219 4485 363 4543 εῐναι
411 4488 512 4552 τὰς
551 4487 818 4559 λοιδορίας
839 4503 853 4517 ·
908 4486 1058 4540 ἄλλοι
1092 4486 1384 4557 ἀμφίϐολοί
1406 4489 1536 4554 εἰσι,
1565 4487 1644 4559 τῷ
1674 4488 1798 4560 πλή-

1910 4482 2066 4537 dunt.
2137 4480 2258 4536 Non
2312 4489 2399 4539 est
2457 4493 2638 4537 autem
2692 4484 2786 4553 qui
2834 4483 2942 4539 mei
3004 4484 3490 4542 commiserescat:

221 4582 306 4635 θει
352 4581 461 4636 τῶν
506 4582 683 4653 ὅρκων
725 4580 889 4633 αὐτοῦ
926 4580 1305 4650 προσέχοντες.
1344 4580 1403 4632 '0
1427 4579 1483 4632 δέ
1519 4580 1805 4649 συναλγῶν

219 4677 322 4730 οὐκ
344 4674 491 4728 ἔστιν
511 4692 525 4704 ·
561 4672 678 4726 ἀλλ’
691 4672 861 4735 ὅντως
881 4670 976 4725 νῦν
1002 4672 1101 4742 τῆς
1124 4672 1361 4742 ἐρημίας
1388 4671 1637 4743 ᾐσθόμην
1667 4671 1801 4744 (74)⁶

291 4850 408 4923 (67)
556 4848 820 4924 τιμωρίᾳ.
857 4843 998 4924 Med.
1039 4851 1094 4899 et
1122 4841 1244 4897 Vat.
1278 4842 1377 4924 τῂν
1406 4842 1695 4924 τιμωρίαν,

292 4912 406 4994 (68)
697 4912 837 4994 Villio.
860 4915 1079 4994 codices
1122 4912 1456 4994 regentiores
1476 4912 1644 4994 ἐμῶν.
1682 4912 1804 4966 Mox

222 4982 377 5047 multi
412 4982 631 5046 codices
668 4988 750 5059 τῷ
780 4986 944 5057 λόγῳ,
974 4982 1430 5059 δσον.-Νοιιιιιι11ί
1464 4984 1558 5035 καὶ
1590 4983 1731 5059 ὅσον.

286 5062 398 5134 (69)
451 5061 631 5134 Ἐπεὶ-
654 5051 794 5134 δὲ’...
818 5051 1118 5134 -ξζόλλήῃκ
1144 5052 1230 5134 Ita
1264 5051 1398 5134 Reg.
1446 5054 1723 5134 secundus
1751 5059 1806 5107 et

219 5122 393 5187 Coisll
426 5129 723 5185 secundus.
769 5127 873 5179 Alii
905 5134 958 5180 et
990 5122 1121 5177 editi
1170 5122 1454 5187 Ἐπειδὴ...
1495 5122 1727 5175 πολλῶν.

295 5202 437 5273 (Ἰθχ
453 5201 617 5273 [lapsi
647 5197 816 5273 Θεοῦ.
852 5195 947 5273 Sic
964 5194 1120 5273 Med._
1138 5200 1193 5248 et
1216 5192 1640 5273 Egisl._primus.
1660 5192 1805 5247 Editi

223 5262 553 5343 παρὰςΘεῷῖ
568 5267 905 5343 ΔΡειιιιοῂροξι
934 5264 1218 5343 legendum
1261 5263 1413 5343 Ἐπεὶ
1441 5262 1517 5343 δέέ

294 5331 409 5413 (71)
438 5331 581 5413 ira“;
629 5331 799 5413 ἐμοῦῖ
848 5334 946 5413 lta_
985 5331 1154 5413 Cois].
1206 5336 1434 5413 primus.
1490 5331 1632 5413 Editi
1683 5333 1804 5387 κατ’

222 5403 487 5481 ἐμαυτοῦ.
546 5403 718 5481 Paulo
759 5414 886 5461 ante
934 5404 1218 5481 legendum
1262 5403 1645 5481 αἰσχυνομένη,
1685 5418 1807 5457 mu-

220 5472 362 5543 tato,
395 5490 454 5534 ut
481 5496 625 5549 saepe
654 5480 811 5549 alias,
833 5472 1085 5549 numero,
1115 5474 1196 5528 vel
1223 5472 1661 5549 αἰσχυνομένως,

296 5542 415 5619 (72)
468 5542 868 5605 Triari;de
918 5544 999 5599 Ex
1034 5545 1120 5600 his
1155 5552 1303 5614 patet
1320 5542 1614 5598 auctorem
1637 5542 1805 5599 libelli

222 5623 420 5679 exsilio
450 5620 788 5675 damnatum.
1322 5662 1335 5676 ,

296 5691 410 5764 (73)
438 5691 675 5764 Γνῴμῃ.
708 5688 888 5743 Mallet
904 5683 1263 5764 Combelisius
1287 5681 1528 5764 γλώσσῃἶ
1563 5680 1672 5764 Sed
1693 5698 1805 5739 non

230 5753 414 5820 favent
440 5753 657 5818 codices
684 5774 822 5818 mss.
831 5798 847 5829 ,
883 5771 986 5814 nec
1021 5770 1161 5828 opus
1186 5762 1271 5814 est
1296 5753 1803 5819 sanam'lectionem

1908 4574 2002 4629 sed
2030 4589 2157 4629 vere
2183 4588 2332 4629 nunc
2373 4573 2725 4630 solitudinem
2760 4574 2932 4641 sensi,
2988 4590 3186 4645 meque
3239 4575 3357 4647 ipsa
3408 4578 3495 4632 lu-

1906 4682 2008 4739 geo
2028 4709 2045 4731 ,
2082 4682 2194 4722 non
2221 4666 2447 4723 fratrem
2473 4707 2489 4734 ,
2542 4682 2655 4722 non
2680 4668 2919 4722 amicum
2940 4707 2959 4736 ,
3006 4683 3122 4723 non
3153 4679 3444 4741 cognatum
3472 4709 3489 4736 ,

1906 4844 2218 4901 emendare.
2255 4842 2604 4899 Subobscura
2634 4852 2821 4914 autem,
2847 4845 3014 4914 hujus
3056 4845 3163 4901 loci
3222 4847 3487 4902 sententia
3558 4862 3563 4867 ‘

1908 4915 1988 4969 sic
2011 4915 2534 4986 videturrxplicari
2556 4929 2719 4983 posse
2749 4930 2763 4966 :
2806 4913 2945 4986 (Erat
2975 4915 3066 4970 illa
3111 4915 3266 4986 virgo
3298 4917 3370 4970 oh
3410 4916 3492 4971 fa-

1906 4998 2092 5040 mosos
2123 4985 2335 5039 libellus
2371 4985 2626 5054 omnibus
2658 4984 2898 5054 cognita,
2934 4986 3007 5040 ita
3056 4995 3118 5040 ut
3150 4984 3220 5041 in
3238 4986 3489 5042 omnium

1907 5069 2159 5125 sermone
2187 5062 2512 5125 versaretur.
2540 5053 2723 5122 Itaque
2740 5053 2807 5125 isi
2846 5056 3137 5111 calumnia:
3170 5071 3282 5110 non
3311 5055 3485 5125 ipsam

1907 5123 2245 5196 pudicitiam,
2279 5125 2373 5196 sed
2399 5124 2544 5196 aliud
2575 5124 2857 5194 quidpiam
2882 5133 3314 5196 oppugnassent,
3334 5123 3486 5179 illud

1908 5195 2099 5248 saltem
2123 5207 2187 5248 ex
2213 5193 2504 5248 calumniis
2530 5193 2826 5249 consecuta
2859 5193 3027 5256 esset.
3044 5193 3117 5250 ἰιι
3144 5210 3265 5249 eam
3296 5209 3490 5249 omnes

1905 5264 2172 5335 virginem
2198 5279 2320 5319 esse
2358 5263 2584 5335 scirent.
2623 5263 2730 5318 Sed
2760 5279 2886 5318 cum
2918 5266 3206 5320 maledicta
3234 5265 3288 5318 in
3312 5266 3488 5335 ipsam

1906 5332 2224 5403 pudicitiam
2257 5332 2591 5405 erupissent,
2612 5348 2734 5405 non
2779 5335 2891 5403 jam
2932 5350 3033 5390 sua
3076 5335 3223 5389 illam
3254 5332 3487 5405 virgini:

1906 5413 2013 5475 tas,
2044 5409 2234 5469 utpote
2262 5403 2653 5475 incontinentis
2676 5405 2845 5458 animi
2874 5406 3023 5460 notis
3056 5405 3316 5470 inustam,
3343 5403 3488 5475 apud

1905 5474 2155 5529 homines
2190 5473 2574 5542 commendare
2613 5478 2810 5542 potuit.

1979 5543 2092 5618 (74)
2142 5542 2466 5618 ᾘσθόμην.
2502 5541 2787 5618 ’ριιιιιυ-οιζ
2837 5544 3055 5601 codices
3112 5544 3305 5618 ἥσθην.
3360 5541 3484 5600 Vat.

1904 5613 2104 5740 ᾔσθιᾞιἶ
2142 5612 2277 5699 Reg.
2311 5612 2588 5668 secundus
2619 5613 2886 5697 ςῂσθήθην.
2913 5685 2923 5697 .

1977 5686 1998 5709 ·
2071 5684 2173 5740 has
2199 5681 2472 5740 LCXLIX.
2513 5683 2729 5740 Scripta
2763 5701 2818 5740 tn
2842 5701 2923 5740 eo:

2071 5684 2173 5740 tias
2199 5681 2472 5741 CCXLIX.
2513 5681 2729 5756 Scripta
2750 5681 3179 5760 'in’episcopatu.
