3852 6224
327 308 466 363 10Ξῖ

1674 293 1735 349 S.
1774 290 2023 350 BASlLll
2060 288 2279 345 MAGNI

3480 282 3645 337 1023

325 434 439 476 non
465 431 708 481 servum,
738 430 851 470 non
888 414 1123 470 liberum
1147 450 1165 478 ,
1193 410 1471 467 neminem
1504 407 1674 481 428
1693 407 1920 462 omnino

2065 403 2113 457 αἱ
2164 401 2407 473 ἐμαυτὴν
2454 398 2740 472 ὀδύρομαι,
2787 399 2892 454 οὐκ
2931 395 3183 468 ἀδελφὸν,
3226 398 3293 451 ού
3348 397 3537 467 φίλον,
3568 398 3645 452 οὗ

326 512 611 568 hominum
647 506 861 563 habens
902 507 996 577 qui
1024 519 1148 561 meo
1175 503 1368 559 dolore
1407 510 1725 566 moveatur;
1752 505 1829 564 et,
1861 504 1924 551 ut

328 602 467 656 mihi
501 599 743 665 videtur,
790 597 965 653 solam
1002 611 1089 650 me
1122 595 1227 650 hac
1259 593 1398 647 urbe
1445 590 1785 645 miseriorem
1834 587 1922 641 in-

325 693 508 754 venio,
566 691 623 744 in
660 704 772 759 qua
802 696 912 742 tam
969 685 1133 758 pauci
1182 682 1468 753 improbos
1510 681 1747 735 oderunt
1780 695 1793 730 :
1829 677 1925 747 qui

327 780 549 852 quidem
597 780 810 834 illatam
860 778 948 833 his
973 787 1026 831 et
1076 776 1186 830 illis
1233 772 1623 829 contumeliam
1677 785 1787 824 non
1840 771 1924 822 vi—

327 873 463 928 dent
509 873 566 926 in
625 871 812 925 orbem
857 866 1145 939 progredi,
1182 881 1249 920 ac
1295 865 1446 934 ipsos
1501 859 1795 931 aliquando
1827 875 1925 929 ap-

326 965 752 1035 prehensuram.
812 960 949 1016 Cum
988 960 1102 1012 haec
1132 964 1187 1012 ct
1240 956 1347 1009 alia
1394 955 1553 1024 longe
1577 952 1757 1007 adhuc
1802 966 1927 1020 gra-

328 1058 485 1114 viora
540 1056 675 1110 milii
720 1069 847 1108 cum
903 1051 1211 1106 innumeris
1252 1047 1513 1117 lacrymis
1538 1042 1924 1114 exposuisset,

331 1150 469 1206 abiit
518 1164 589 1204 ne
643 1163 729 1201 mc
763 1145 985 1216 quidem
1038 1158 1069 1195 a
1117 1140 1358 1211 querelis
1404 1139 1703 1191 immunem
1749 1135 1932 1188 dimit-

330 1249 478 1306 tens,
511 1239 662 1312 quod
690 1252 814 1293 cum
837 1243 1067 1306 paterno
1101 1233 1287 1285 animo
1319 1228 1505 1284 dolere
1545 1242 1670 1281 cum
1709 1225 1801 1279 illa
1833 1224 1930 1279 de-

331 1333 543 1393 berem,
577 1327 897 1383 indill‘erens
926 1339 1105 1379 essem
1137 1323 1193 1375 in
1224 1328 1378 1373 tanto
1408 1320 1576 1381 malo,
1618 1325 1673 1372 et
1700 1317 1756 1371 in
1795 1316 1929 1370 alie-

334 1424 423 1477 nis
447 1419 713 1476 aerumnis
740 1415 1181 1486 philosopliarer.
1242 1413 1363 1464 Non
1413 1411 1559 1464 enim
1586 1408 1771 1478 jubes,
1815 1408 1930 1462 aie-

333 1513 451 1578 bat,
495 1517 553 1563 ut
594 1507 953 1579 pecuniarum
1000 1503 1277 1572 jacturam
1306 1509 1700 1564 contemnam,
1752 1510 1930 1565 neque

337 1608 397 1657 ut
457 1600 710 1671 corporis
755 1598 970 1651 labores
1019 1592 1330 1665 perferam,
1384 1589 1481 1644 sed
1530 1598 1591 1642 ut
1654 1586 1817 1641 laedar
1873 1587 1930 1640 in

332 1696 453 1765 ipsa
504 1694 649 1747 fama
676 1732 691 1755 ,
721 1690 881 1760 cujus
936 1687 1152 1757 jactura
1184 1684 1241 1738 fit
1275 1682 1408 1737 cieri
1442 1696 1735 1736 commune
1769 1679 1927 1733 dam—

2025 494 2285 564 συγγενῆ,
2316 494 2378 547 ού
2401 491 2608 557 δοῦλον,
2630 492 2732 545 οὐκ
2757 490 3064 562 ἐλεύθερον,
3093 489 3287 544 οὐδένα
3307 488 3649 560 ἀνθρώπια)

2022 587 2083 641 τὸ
2126 586 2389 657 παράπαν
2443 584 2642 656 ἔχουσα
2690 582 3092 653 συναλγοῦνταο
3145 583 3263 648 καὶ,
3314 583 3395 646 ὡς
3447 582 3650 644 ἔοικε,

2028 678 2195 749 μόνην
2227 677 2426 748 ἑαυτὴν
2475 676 2841 749 ὲλεεινοτέραν
2877 675 2980 746 τῆς
3022 674 3231 739 πόλεως
3267 673 3545 746 εὑρίσκω,
3580 677 3653 727 ἐν

2023 761 2058 842 ᾖ
2109 767 2345 838 τοσαύτη
2394 766 2592 831 σπάνις
2649 766 3033 837 μισοπονήρων
3081 766 3259 819 ἐστίν·
3293 765 3343 818 οἳ
3398 764 3511 837 τὴν
3554 767 3652 829 εἰς

2025 859 2292 930 ἀλλήλους
2311 859 2606 931 γινομένην
2642 858 2930 930 παροινίαν
2957 857 3157 911 οἴονται
3198 856 3537 928 βαδίζουσαν
3582 859 3651 910 ἐν

2025 957 2235 1030 κύκλῳ,
2270 958 2367 1012 καί
2420 957 2619 1021 αὐτούς
2671 974 2803 1011 ποτε
2853 956 3282 1028 καταλήψεσθαι.
3311 957 3508 1011 Ταῦτα
3538 958 3652 1011 καὶ

2026 1048 2205 1119 πολλῷ
2252 1048 2335 1102 ἔτι
2388 1046 2810 1119 πληκτικώτερα
2857 1048 2995 1119 μετά
3038 1048 3329 1119 ἀμυθήτων
3365 1049 3649 1120 δακρύων

2026 1140 2166 1211 πρὸς
2219 1142 2323 1210 ἐμὲ
2356 1139 2720 1204 διεξελθοῦσα,
2752 1140 3014 1210 ἀπῆλθεν,
3038 1140 3160 1192 οὐδὲ
3202 1141 3303 1211 ἐμὲ
3331 1140 3447 1194 τῶν
3484 1141 3646 1211 μέμ..

2026 1232 2173 1302 ψεων
2221 1233 2502 1304 ἐλεύθερον
2563 1234 2789 1302 ἀφεῖσα,
2838 1234 2945 1297 ὃτι,
2996 1232 3115 1287 δέον
3157 1234 3443 1303 πατρικῶς
3483 1234 3644 1304 αὐτῇ

2030 1325 2335 1393 συναλγεῖν,
2366 1325 2709 1396 ὲναδιαφορῶ
2742 1325 2899 1398 κακῷ
2928 1325 3188 1397 τοσούτῳ,
3224 1327 3319 1385 καὶ
3344 1325 3647 1395 φιλοσοφῶ

2028 1417 2089 1469 ὲν
2108 1416 2407 1487 ἀλλοτρίοις
2421 1416 2836 1488 παθήμασιν.ού
2855 1417 2963 1487 γὰρ
2980 1417 3276 1489 χρημάτων
3294 1416 3497 1484 ἄφεσιν
3515 1417 3644 1486 (7-5)

2029 1504 2270 1568 κελεύεις
2318 1507 2612 1577 ὑπεριδεῖν,
2656 1507 2779 1560 οὐδὲ
2836 1508 2964 1571 τοὺς
3010 1509 3090 1570 εἰς
3129 1507 3191 1560 τὸ
3233 1505 3396 1576 σῶμα
3426 1513 3647 1571 πόνους

2034 1602 2377 1666 συνενεγκεῖν
2398 1616 2411 1628 ·
2440 1599 2555 1652 ἀλλ’
2578 1602 2659 1663 είς
2698 1599 2870 1669 αὐτὴν
2903 1599 3245 1671 ζημιωθῆναι
3282 1599 3384 1670 τὴν
3416 1599 3645 1669 ὑπόλη-

2029 1690 2144 1759 ψιν,
2196 1686 2266 1762 ἦς
2313 1694 2347 1761 ἡ
2392 1691 2568 1763 βλάϐη
2621 1693 2777 1764 κοινὴ
2819 1692 2992 1763 ζημία
3030 1692 3125 1746 τοῦ
3155 1692 3361 1763 κλήρου
3390 1691 3642 1760 γίνεται.

332 1804 491 1843 ιιιιιιι.
523 1786 605 1839 Ad
632 1785 746 1839 haec
779 1783 946 1838 verba
986 1778 1118 1850 quid
1153 1793 1239 1833 me
1269 1777 1351 1831 illi
1388 1773 1725 1843 respondere
1755 1772 1929 1836 velis,

2065 1784 2171 1836 Επὶ
2219 1782 2431 1848 τούτοις
2479 1788 2594 1848 τοῖς
2624 1786 2830 1856 ῥήμασι
2877 1785 2999 1838 τίνα
3032 1802 3099 1855 με
3131 1784 3311 1855 βούλει
3357 1783 3454 1837 νῦν
3492 1782 3644 1854 πρὸς

335 1879 477 1949 ipse,
507 1892 541 1932 o
569 1873 915 1938 admirande,
941 1872 1130 1942 judica
1159 1887 1175 1938 ;
1211 1883 1338 1923 cum
1372 1865 1513 1937 apud
1549 1880 1636 1920 me
1665 1871 1928 1919 statutum

2065 1875 2207 1946 ιύτὴν
2239 1876 2435 1940 εἰπεῖν,
2475 1877 2637 1940 αὐτὸς
2675 1876 2989 1946 δοκίμασον,
3019 1871 3064 1931 ὦ
3112 1876 3407 1945 θαυμάσιε.
3434 1875 3643 1945 ἔχοντα

335 1971 568 2026 habeam
602 2010 620 2036 ,
677 1976 737 2023 ut
771 1974 1033 2025 nocentes
1085 1961 1502 2033 magistratibus
1540 1974 1649 2013 non
1692 1960 1930 2022 tradere,

2065 1968 2294 2038 rotatith
2322 1968 2508 2039 κρίσιν
2563 1971 2693 2041 παρ’
2749 1968 2949 2040 ἐαυτῷ,
3001 1969 3077 2041 μὴ
3122 1968 3481 2040 παραδιδόναι
3512 1973 3641 2033 ταῖς

337 2063 419 2117 ita
452 2077 554 2116 nec
596 2061 832 2114 traditos
868 2061 1112 2127 eripere;
1161 2056 1365 2125 quibus
1407 2054 1461 2107 id
1511 2052 1625 2122 jam
1684 2052 1814 2106 olim
1864 2053 1935 2106 ab

2065 2061 2240 2130 ιρχαῖς
2289 2060 2418 2121 τοὺς
2466 2059 2836 2130 κακούργους,
2873 2059 2948 2132 μὴ
2999 2060 3183 2130 μέντοι
3216 2060 3353 2132 μηδὲ
3385 2060 3641 2131 ἐξαιρεῖ-

349 2151 619 2223 Apostolo
674 2149 883 2205 dictum
942 2154 1072 2210 est,
1138 2152 1201 2200 ut
1245 2145 1629 2214 magistratum
1684 2142 1740 2196 in
1792 2144 1938 2197 malo

2065 2155 2168 2206 ιθαι
2200 2151 2312 2222 (76)
2349 2153 2752 2224 παραδοθέντας
2770 2169 2784 2183 ·
2816 2149 2899 2218 οἷς
2927 2154 3095 2209 πάλαι
3124 2154 3450 2226 προείρηται
3477 2154 3641 2223 παρὰ

337 2258 509 2313 opere
553 2243 776 2297 timeant
802 2256 815 2292 :
866 2237 995 2292 Non
1028 2237 1167 2292 enim
1218 2237 1333 2290 sine
1357 2252 1523 2290 causa
1553 2233 1789 2304 gladium
1813 2251 1939 2303 por-

340 2334 500 2389 tat“.
557 2328 1033 2398 Quemadmodum
1076 2327 1243 2399 igitur
1303 2326 1519 2381 tradere
1566 2327 1931 2379 inhumanum

341 2433 427 2481 est
457 2439 471 2477 :
505 2423 582 2478 ita
628 2423 793 2477 etiam
854 2419 1071 2488 eripere
1125 2418 1274 2472 illius
1307 2423 1392 2472 est
1420 2416 1515 2486 qui
1543 2417 1934 2471 contumeliam

343 2517 459 2571 alit.
513 2513 679 2569 Forte
725 2513 987 2568 introitus
1019 2511 1074 2565 in
1123 2525 1348 2565 causam
1402 2506 1685 2562 dilleretur
1717 2507 1786 2562 ad
1834 2523 1936 2562 no-

344 2616 525 2665 atrum
557 2621 733 2676 usque
767 2603 1061 2658 adventum
1093 2619 1109 2669 ;
1148 2610 1202 2656 et
1243 2609 1377 2655 tunc
1424 2599 1782 2655 ostendemus
1803 2643 1818 2666 ,
1855 2600 1938 2653 ni-

345 2702 425 2757 hil
448 2717 551 2757 nos
571 2699 833 2771 prodesse
866 2711 1051 2766 posse,
1086 2695 1239 2767 quod
1285 2710 1396 2749 non
1441 2694 1553 2749 sint
1578 2694 1674 2764 qui
1727 2708 1934 2748 morem

344 2800 540 2866 gerant
568 2806 636 2848 ac
676 2792 1082 2862 obsequantur.

809 3030 1150 3089 EPISTOLA
1171 3028 1393 3086 CCXC'.

2044 2242 2135 2295 τοῦ
2194 2241 2521 2295 Ἀποστόλου
2569 2242 2855 2311 φοϐεῖσθαι
2896 2242 2988 2296 τὸν
3029 2243 3266 2315 ἄρχοντα
3298 2242 3392 2294 ἐπὶ
3424 2239 3508 2311 τῷ
3534 2257 3641 2291 πο-

2041 2334 2192 2406 νηρῷ
2224 2333 2401 2404 έργίιν
2441 2336 2524 2387 οὐ
2565 2333 2676 2405 γὰρ
2697 2334 2853 2403 εἰκῆ.
2883 2336 3037 2406 φησι,
3061 2337 3178 2402 τὴν
3196 2332 3503 2403 μάχαιραν
3532 2347 3644 2398 ερο-

2032 2425 2147 2495 ρδῐ.
2171 2426 2384 2496 Ὥσπερ
2409 2422 2503 2478 οὖν
2536 2426 2598 2478 τὸ
2629 2426 2967 2497 παραδοῦναι
2994 2426 3056 2478 οὐ
3086 2424 3466 2496 φιλάνθρωπον
3499 2422 3641 2490 (77),

2045 2514 2189 2567 οὕτω
2224 2514 2327 2567 καὶ
2347 2514 2411 2566 τὸ
2442 2513 2779 2585 ἐξαιρεῖσθαι
2836 2514 3129 2585 τρέφοντός
3158 2515 3276 2566 ἐστι
3313 2512 3415 2583 τὴν
3442 2527 3644 2582 πάροι⁶

2044 2603 2183 2657 νίαν.
2212 2605 2374 2666 Ἴσως
2401 2604 2446 2657 δ’
2495 2604 2565 2658 ἀν
2604 2606 2819 2674 γένοιτό
2847 2622 2931 2670 τις
2971 2605 3262 2678 ὑπέρθεσις
3296 2603 3398 2673 τῆς
3429 2601 3643 2655 εἰσόδου

2046 2696 2207 2767 μέχρι
2240 2696 2385 2768 τῆςή
2395 2696 2510 2768 μῶν
2528 2699 2708 2753 αὐτῶν
2741 2699 3075 2772 παρουσίας·
3098 2698 3197 2753 καὶ
3215 2697 3337 2751 τότε
3367 2695 3639 2764 δείξομεν,

2041 2786 2123 2859 ὅτι
2143 2785 2299 2838 οὐδὲν
2333 2787 2491 2858 ἡμῶν
2524 2786 2750 2858 ὄφελος,
2795 2792 2861 2843 ὲκ
2895 2788 2987 2842 τσῦ
3026 2790 3102 2860 μὴ
3136 2784 3274 2842 εἶναι
3304 2783 3642 2850 nitent“-

2046 2876 2260 2946 μένους.
2916 2902 2928 2915 .

2587 3043 2936 3097 summm
2978 3044 3092 3111 Σιί.

501 3155 713 3226 Exponit
732 3158 784 3210 Ν
785 3154 967 3210 ectario
988 3151 1231 3220 quomodo
1249 3164 1439 3214 eorum,
1467 3147 1553 3216 qui
1572 3148 1715 3216 pagis
1754 3150 2112 3220 prwﬁciumur,
2131 3157 2185 3210 id
2203 3167 2275 3213 est
2296 3161 2771 3228 chorepiscoporum,
2795 3162 3051 3216 electiones
3073 3161 3244 3228 peragi
3269 3162 3484 3214 debeat.

993 3261 1278 3317 Nectario.

423 3381 576 3436 Bona
614 3377 791 3432 multa
827 3374 1090 3432 eveniant
1131 3373 1201 3430 iis
1234 3413 1249 3439 ,
1294 3373 1389 3442 qui
1436 3379 1589 3427 tuam
1622 3373 1945 3444 dignitatem

353 3473 424 3530 ad
467 3471 789 3529 continuum
827 3483 1042 3523 mecum
1074 3481 1176 3537 per
1215 3467 1426 3520 litteras
1468 3466 1804 3537 colloquium
1860 3468 1941 3521 in-

353 3567 552 3623 citant.
600 3562 721 3619 Non
762 3563 908 3618 enim
952 3567 1112 3632 putes
1158 3558 1581 3614 consuetudinis
1631 3574 1801 3614 causa
1834 3559 1948 3615 dici

355 3674 388 3714 a
439 3657 599 3714 nobis
653 3656 823 3720 talia,
880 3653 978 3709 sed
1009 3668 1076 3708 ex
1133 3668 1268 3708 vero
1311 3650 1478 3705 animi
1519 3650 1718 3705 all'ectu
1754 3666 1944 3705 vocem

356 3764 508 3809 tuam
543 3767 574 3805 a
627 3766 713 3804 me
742 3747 966 3801 maximi
1001 3745 1139 3799 fieri.
1182 3743 1325 3811 Quid
1358 3743 1504 3798 enim
1552 3743 1684 3797 mihi
1720 3744 1947 3799 charius

357 3860 484 3902 esse
519 3845 697 3915 possit
725 3838 987 3895 Nectario
1008 3876 1023 3901 ,
1064 3836 1161 3907 qui
1190 3834 1322 3889 mihi
1363 3849 1394 3888 a
1429 3849 1600 3903 puero
1633 3851 1701 3889 ex
1731 3834 1953 3890 dotibus

357 3951 623 4010 perquam
653 3932 872 3999 eximiis
916 3939 1083 3985 nutus
1114 3928 1238 3996 fuit,
1275 3940 1424 3981 nunc
1464 3941 1597 3981 vero
1639 3928 1788 3981 omni
1838 3929 1923 3982 vir

360 4038 480 4084 tute
511 4026 580 4081 ad
627 4033 841 4080 tantum
892 4021 1238 4091 splendorem
1286 4018 1576 4090 pervenit?
1608 4017 1787 4085 Quare
1821 4021 1954 4075 mihi

362 4122 667 4177 amicorum
737 4116 982 4172 omnium
1045 4112 1415 4167 amicissimus
1462 4110 1557 4181 qui
1600 4121 1722 4167 tuas
1754 4112 1823 4166 ad
1853 4128 1942 4168 me

433 4255 482 4287 “
505 4255 665 4309 Rom.
697 4266 822 4315 xiii,
849 4251 906 4304 4.

434 4389 458 4411 ⁶
491 4385 641 4438 Alias
666 4381 990 4437 CCCXXIII.
1020 4380 1236 4452 Scripta
1270 4384 1326 4436 in
1362 4383 1707 4452 episc0patu.

437 4456 551 4527 (75)
578 4456 850 4527 'Agpeq'tr.
886 4452 1067 4507 Mallet
1098 4452 1462 4509 Combellsius
1495 4452 1804 4524 ἀφαίρεσιν.
1839 4452 1949 4508 Sed

376 4524 513 4583 nillil
546 4524 885 4577 mutandum.

2607 3274 2910 3343 Νεκταρίῳ
2944 3272 3078 3343 (78).

2122 3384 2300 3439 Πολλά
2350 3384 2531 3453 ἀγα.θά
2563 3387 2779 3454 γένοιτο
2813 3389 2925 3450 τοῖς
2953 3385 3163 3439 κινοῦσι
3208 3383 3309 3455 τὴν
3348 3379 3642 3454 τιμιότητά

2053 3493 2147 3528 σου
2200 3477 2337 3547 πρὸς
2384 3477 2483 3547 τὴν
2536 3478 2736 3548 συνεχῆ
2790 3476 3008 3547 ὁμιλίαν
3062 3476 3239 3547 ἡμῶν,
3276 3476 3374 3546 τὴν
3417 3474 3508 3528 διὰ
3546 3474 3640 3527 τοῦ

2050 3567 2376 3637 γράμματος
2410 3568 2541 3639 (79).
2562 3569 2653 3640 Μὴ
2681 3568 2789 3640 γὰρ
2814 3569 2925 3622 οἵου
2962 3568 3247 3637 συνηθείας
3274 3567 3460 3619 ἕνεκεν
3488 3566 3642 3634 λέγε-

2055 3656 2179 3710 σθαι
2210 3660 2340 3728 παρ’
2376 3658 2532 3729 ήμῶν
2565 3658 2635 3711 τὰ
2668 3658 2911 3723 τοιαῦτα,
2945 3658 3081 3712 ἀλλά
3102 3658 3167 3710 ὲκ
3192 3655 3490 3719 διαθέσεως
3513 3656 3642 3728 diu;-

2053 3748 2206 3819 θινῆς
2237 3748 2490 3802 πλείστου
2521 3750 2678 3815 ἀξίαν
2706 3750 2952 3804 τίθεσθαι
2987 3751 3136 3821 ἡμᾶς
3178 3751 3274 3819 τὴν
3310 3751 3497 3819 φωνήν
3526 3765 3640 3802 σου.

2054 3839 2118 3891 Τί
2151 3838 2259 3911 γὰρ
2319 3840 2384 3894 ἂν
2410 3841 2535 3912 ἐμοὶ
2587 3842 2896 3913 Νεκταρίου
2920 3840 3134 3910 γένοιτο
3170 3839 3517 3911 τιμιώτερον,
3546 3838 3641 3891 τοῦ

2055 3936 2119 3987 ὲκ
2164 3935 2353 3999 παιδὸς
2404 3936 2501 4006 μὲν
2534 3935 2645 3989 ἀπὸ
2684 3935 2793 3989 τῶν
2821 3935 3120 3990 καλλίστων
3157 3936 3288 4006 ἡμῖν
3315 3931 3643 4007 γνωρισθέν-

2052 4044 2167 4093 τος,
2198 4026 2295 4081 νῦν
2350 4028 2406 4081 δὲ
2436 4030 2502 4081 ὲκ
2551 4027 2811 4091 παντοίας
2857 4026 3058 4099 ἀρετῆς
3099 4027 3179 4089 εἰς
3211 4023 3466 4078 τοσοῦτον
3492 4039 3642 4095 περι-

2056 4121 2282 4188 φανείας
2326 4119 2764 4190 ἀναδραμόντος;
2819 4119 2981 4170 Ὥστε
3035 4134 3126 4188 μοι
3177 4116 3350 4184 φίλων
3390 4116 3643 4171 ἁπάντων

2057 4381 2351 4451 opprobria
2385 4389 2669 4434 recantare
2699 4380 2964 4434 noluisse.
2999 4379 3102 4434 Ubi
3138 4389 3319 4434 autem
3352 4381 3456 4447 rei,
3491 4380 3639 4436 inco-

2061 4454 2192 4505 Iunii
2221 4453 2500 4520 aequitate,
2534 4451 2757 4505 liberari
2794 4458 3065 4520 poterant,
3110 4466 3218 4503 non
3247 4452 3437 4504 deerat
3463 4466 3638 4520 opera:

2059 4523 2321 4586 Basilius,
2356 4530 2413 4574 ut
2443 4523 2679 4591 perspici
2712 4529 2985 4591 potest_ex
3026 4521 3276 4590 pluribus
3297 4522 3566 4590 epistolis.

441 4594 554 4668 (76)
577 4593 744 4674 [unde
769 4591 1150 4674 ἐξαιρεῖσθαι.
1173 4590 1375 4647 Notum
1406 4601 1491 4648 est
1516 4594 1642 4674 olim
1666 4593 1943 4674 episcopos

2132 4593 2264 4674 (77)_
2289 4593 2392 4674 Οὐ.
2419 4588 2865 4674 ῥιαζάίθρώπον.
2898 4588 3035 4662 Reg.
3075 4588 3351 4645 secundus
3386 4602 3441 4645 et
3472 4591 3635 4647 Coisl.

367 4660 470 4738 pro
502 4660 827 4738 nocentibus
854 4660 1271 4738 depreczﬁoruiii
1304 4678 1531 4738 munere
1576 4660 1728 4738 fungi
1760 4660 1943 4738 soli—tos

2065 4660 2338 4738 secundus
2368 4660 2805 4738 ἀφιλάνθρωπον.

369 4731 511 4793 esse.
555 4733 839 4788 Videbitur
883 4731 1024 4786 [ιι-ιθ
1070 4731 1305 4787 Basilius
1341 4733 1410 4786 ab
1454 4734 1556 4787 hac
1615 4731 1954 4789 humanitate

370 4807 651 4862 discedere
676 4822 688 4857 :
713 4820 822 4858 non
852 4811 1033 4857 tamen
1058 4801 1311 4866 discedit,
1341 4817 1441 4857 nec
1468 4810 1673 4872 pugnat
1702 4817 1826 4856 cum
1848 4803 1956 4857 Au-

371 4878 613 4948 gustino,
642 4876 732 4948 qui
768 4889 985 4948 reorum
1018 4874 1386 4948 patrocinium
1421 4874 1562 4948 apud
1584 4873 1805 4948 ’judices
1836 4891 1953 4948 nie-

369 4942 480 5003 ἣιο
517 4946 587 5000 ab
622 4942 902 5014 episcopis
930 4942 1136 5012 suscipi
1170 4942 1338 5014 docet
1381 4942 1545 5014 epist.
1591 4942 1694 5014 155
1731 4943 1796 4996 ad
1839 4942 1955 4997 Ma-

372 5012 684 5074 cedoniuni.
717 5013 852 5067 Nam
885 5013 1086 5067 fatetur
1112 5013 1454 5081 Augustinus
1506 5012 1559 5066 in
1596 5013 1687 5065 illa
1718 5014 1950 5081 epistola

372 5104 430 5142 ιι.
461 5088 552 5151 20,
603 5100 699 5155 pro
728 5086 797 5139 iis
818 5085 911 5153 qui
971 5085 1147 5155 aliena
1178 5098 1440 5155 rapuere,
1465 5083 1809 5155 magis_apud
1856 5100 1951 5155 eos

373 5159 464 5228 qui
483 5151 933 5228 repetunt,_qriam
960 5154 1097 5222 apud
1125 5169 1217 5228 eos
1233 5151 1322 5228 qui
1339 5151 1608 5228 judicant,
1636 5151 1954 5228 intercedere

374 5222 667 5282 conveiiire.
715 5222 986 5279 ldiautem
1020 5223 1247 5293 perfecit
1286 5222 1559 5288 Basilius;
1586 5234 1643 5275 at
1681 5224 1775 5277 ubi
1818 5225 1951 5278 vidit

376 5299 513 5352 nihil
548 5312 607 5350 se
641 5296 786 5364 apud
817 5296 1093 5364 virginem
1122 5294 1312 5364 laesam
1347 5307 1686 5361 promovere,
1736 5294 1955 5363 incepto

376 5367 605 5422 destitit.
637 5361 844 5420 Deinde
872 5361 1005 5418 vero
1032 5361 1183 5416 addit
1210 5362 1352 5416 idem
1399 5364 1737 5432 Augustinus
1768 5379 1825 5416 ιι.
1860 5361 1952 5428 22,

378 5452 490 5491 ιιοιι
524 5437 725 5490 audere
762 5450 821 5489 se
846 5435 1051 5494 dicere,
1081 5431 1532 5502 interveniendum
1569 5449 1682 5487 esse
1709 5449 1803 5502 pro
1856 5435 1957 5490 ali-

378 5523 501 5577 quo,
527 5516 583 5558 ut
606 5505 748 5577 quod
776 5504 967 5557 scelere
988 5502 1232 5567 abstulit,
1262 5501 1476 5577 sceleris
1500 5501 1811 5577 impunitate
1837 5520 1961 5574 pos-

381 5571 571 5629 sideat.
595 5571 963 5640 Quamobrem
991 5587 1100 5626 non
1128 5582 1266 5644 erat,
1300 5588 1399 5644 cur
1427 5571 1664 5627 Basilius
1701 5571 1968 5644 depreca-

383 5654 556 5700 torem
588 5659 647 5700 se
677 5644 943 5715 praeberet
978 5658 1076 5713 pro
1099 5640 1369 5715 ejusmodi
1415 5640 1961 5715 sycophanta—quem

383 5712 736 5788 perspicuum
778 5720 863 5770 est
893 5728 960 5770 ex
980 5712 1095 5767 tota
1144 5713 1246 5768 hac
1277 5712 1512 5783 epistola
1554 5712 1869 5774 calumnias
1904 5723 1961 5773 et

2135 4730 2618 4803 (,78)ίΝεκζιιρίῳέ
2657 4730 2794 4802 Reg.
2843 4731 3127 4803 secundus
3163 4740 3218 4786 et
3256 4730 3428 4786 Coisl.
3458 4732 3635 4787 itidem

2066 4799 2342 4859 secundus
2370 4801 2449 4872 τῷ
2480 4799 2653 4872 αὐτῷ,
2686 4799 2813 4870 quia
2833 4802 3094 4872 ‘vidclicet
3116 4802 3168 4854 in
3195 4810 3432 4870 utroque
3457 4803 3634 4856 codice

2063 4874 2335 4944 praecedit
2363 4870 2660 4944 epistola'5
2702 4874 2769 4926 ad
2803 4870 3135 4944 Nectarium
3162 4872 3476 4944 quidfiliumA
3511 4872 3636 4925 ami-

2065 4941 2232 4999 serat.
2261 4942 2425 4996 Addit
2458 4951 2689 5011 uterque
2720 4944 2887 4997 codex
2913 4958 3038 4995 cum
3074 4941 3238 4997 editis
3269 4942 3393 4996 ὐτι
3426 4942 3526 4996 οὐκ
3548 4944 3635 4995 ἀν-

2062 5010 2668 5084 θρωπίνῃγπεριδρομῇν
2693 5014 2820 5084 τους
2857 5012 3190 5084 ἐπισκόπους
3240 5011 3340 5084 δεῖ⁸
3368 5010 3634 5084 προχειρίτ

2062 5079 2267 5148 ζεσθαι,
2282 5079 2435 5136 ’ἀλλᾶ
2451 5079 2822 5152 κάτ’έὸὲλογὴν
2841 5082 2934 5135 rei")
2962 5083 3055 5135 ἐπὶ
3082 5084 3297 5137 πάντων
3312 5079 3632 5147 Osci-Quod

2061 5170 2165 5207 non
2194 5155 2429 5206 humana
2461 5154 2860 5222 concursatione
2886 5154 3181 5221 promoveri
3225 5165 3421 5222 oportet
3456 5154 3631 5222 episce-

2060 5240 2176 5293 ρος,
2213 5223 2303 5277 sed
2338 5238 2428 5293 per
2451 5223 2757 5278 electionem
2783 5221 2881 5276 Dei
2910 5224 3001 5293 qui
3029 5234 3108 5277 est
3129 5220 3288 5293 super
3312 5220 3513 5293 omnia.
3543 5220 3632 5293 Ve-

2063 5290 2184 5349 rum
2217 5290 2554 5348 haec'inelius
2604 5300 2801 5348 desunt
2832 5295 2886 5346 in
2923 5290 3047 5348 aliis
3088 5290 3248 5357 mss),
3282 5307 3385 5348 nec
3410 5292 3482 5348 de
3528 5290 3632 5362 epi-

2063 5364 2267 5429 sc0pis,
2304 5365 2400 5419 sed
2428 5364 2495 5418 de
2528 5363 2939 5433 chorepiscopis
2967 5365 3079 5433 agit
3103 5364 3361 5433 Basilius.

2135 5433 2248 5505 (79)
2294 5435 2414 5503 Τὴν
2453 5431 2553 5487 διὰ
2584 5431 3080 5505 τοῦξῃοάιὶιιατός.
3133 5432 3350 5488 Primus
3382 5431 3628 5505 articulus

2064 5502 2287 5559 abest’a
2323 5506 2608 5559 codicibus
2658 5502 2839 5569 Harl;
2876 5502 3044 5565 Med.,
3093 5505 3265 5559 Coisl.
3316 5504 3552 5558 secundo
3579 5510 3629 5557 et

2063 5572 2200 5646 Reg.
2226 5576 2494 5646 secundo,
2522 5583 2577 5631 et
2605 5573 3013 5646 Bigot.altero;
3042 5574 3138 5630 sed
3165 5576 3363 5646 legitur
3393 5570 3622 5646 in_(_3ui_sl.

2065 5644 2243 5770 at;ng
2274 5655 2334 5702 et
2373 5641 2509 5717 Reg.
2542 5641 2741 5716 primo.
2793 5644 2940 5701 Infra
2981 5646 3151 5703 Coisl.
3202 5641 3415 5717 primus
3443 5641 3505 5696 Τί
3532 5642 3625 5715 γὰρ

2100 5731 2212 5786 μοι.
