3852 6224
144 345 292 404 1029

1063 346 1559 406 EPISTOLARUM
1596 345 1888 405 CLASSIS
1924 346 1991 404 Il.
2025 347 2244 404 EPIST.
2287 346 2488 405 CCXC.

3287 348 3425 408 1030

140 460 397 529 φίλτατος
417 462 447 515 ὁ
475 460 546 515 σά
579 478 669 532 μοι
694 459 998 532 γράμματα
1049 457 1343 530 διαφέρων.
1376 459 1513 531 Περὶ
1548 460 1730 530 μέντοι

1840 457 2050 514 litteras
2113 457 2290 513 aﬂ'ert.
2355 454 2516 524 Quod
2544 463 2730 514 autem
2772 459 2968 516 attinet
2999 459 3069 516 ad
3096 460 3424 520 electionem

142 555 242 623 τῆς
289 551 399 607 τῶν
459 550 916 623 προστησομένων
949 549 1049 621 τῆς
1092 550 1407 621 συμμορίας
1438 549 1551 620 (80)
1573 550 1729 604 ἐκλο-

139 645 272 714 γῆςν
308 646 356 697 εἶ
390 644 486 715 μὲν
517 641 825 713 ἀνθρώποις
854 639 1233 713 χαριζόμενος,
1265 641 1299 711 ἢ
1342 642 1574 705 ἱκεσίαις
1595 641 1733 696 ἐνδι-

140 732 288 797 δοὺς,
316 731 351 803 ἢ
381 731 530 801 φόϐῳ
562 733 723 785 είκων
767 729 908 783 ποιῶ
941 748 1015 794 τι,
1053 731 1190 801 μήτε
1215 729 1391 783 ταῦτα
1424 729 1537 801 (81)
1572 734 1733 802 ποιή-

140 842 324 897 σαιμι.
359 825 434 878 Ού
467 824 575 896 γὰρ
595 823 896 894 οἰκονόμος,
927 822 1062 877 ἀλλὰ
1098 822 1344 894 κάπηλος
1388 824 1602 894 ἔσομαι,
1632 826 1731 894 τὴν

140 916 353 991 δωρεὰν
380 915 478 968 τοῦ
510 915 646 970 Θεοῦ
679 915 815 986 πρὸς
859 914 1205 986 ἀνθρωπίνας
1246 914 1427 984 φιλίας
1451 914 1731 985 διαμειϐό-

143 1026 329 1081 μενος.
353 1011 416 1062 Εἰ
447 1009 505 1062 δὲ
532 1011 589 1062 αἰ
616 1009 715 1079 μὲν
742 1008 1016 1078 διδόμεναι
1040 1008 1208 1079 ψῆφοι
1248 1008 1399 1079 παρά
1430 1006 1732 1080 ἀνθρώπων

138 1100 400 1164 δίδονται,
435 1102 500 1154 ὲκ
529 1104 627 1172 τῆς
658 1099 855 1164 ἔξωθεν
893 1099 1217 1168 ἐπιφανείας
1250 1101 1549 1171 μαρτυρεῖν
1578 1100 1732 1169 ἐχόν-

139 1209 278 1259 των,
312 1194 456 1265 ἅπερ
483 1194 549 1248 ἂν
577 1191 950 1264 μαρτυρῶσιν,
980 1193 1036 1245 αί
1077 1191 1134 1244 δὲ
1162 1191 1373 1263 κρίσεις
1397 1190 1507 1244 τῶν
1539 1192 1731 1262 ἐπιτη-

139 1283 431 1356 δειοτέρων
457 1284 537 1356 τῷ
573 1283 821 1338 εἰδότιτά
852 1284 1139 1356 ἀπόρρητα
1171 1282 1278 1336 τῶν
1311 1283 1547 1355 καρδιῶν
1583 1283 1733 1353 παρά

141 1377 247 1447 τῆς
271 1376 545 1447 ἡμετέρας
601 1373 981 1437 ταπεινώσεως
1026 1376 1441 1445 ἐπιτρέποντας·
1479 1377 1620 1446 τάχα
1655 1375 1733 1446 τῷ

143 1469 314 1522 παντὶ
354 1467 560 1538 βέλτιον
609 1467 978 1538 καταθέμενον
1006 1467 1109 1537 τὴν
1142 1468 1466 1539 μαρτυρίαν,
1500 1468 1734 1537 σπουδῆς

146 1560 254 1632 μὲν
302 1560 397 1612 καὶ
428 1560 762 1621 διαστάσεως
792 1558 975 1626 πάσης
1006 1556 1194 1629 ὥσπερ
1242 1558 1458 1611 οἰκείων
1490 1558 1598 1625 (82)
1626 1556 1733 1609 τῶν

147 1651 610 1724 μαρτυρηθέντων
632 1650 976 1719 ἀφίστασθαι,
1008 1649 1406 1721 προσεύχεσθαι
1436 1650 1493 1703 δὲ
1523 1649 1600 1722 τῷ
1613 1648 1733 1718 Θεῷ

147 1744 228 1815 μὴ
253 1742 437 1795 λαθεῖν
467 1741 529 1794 τὸ
578 1741 875 1812 συμφέρον.
912 1738 1068 1793 Οὕτω
1096 1740 1205 1811 γὰρ
1226 1739 1408 1793 οὐκέτι
1446 1738 1733 1810 ἄνθρωπον

1832 566 2025 606 eorum
2059 551 2156 622 qui
2191 550 2347 623 pagis
2402 550 2734 621 praeﬁciendi
2784 564 2949 618 sunt,
3007 555 3055 611 si
3110 556 3243 625 quid
3274 566 3425 613 certe

1832 650 1928 696 aut
1979 644 2212 714 gratiam
2246 642 2392 712 apud
2448 642 2701 698 homines
2742 643 2963 708 iniens,
3016 654 3113 701 aut
3157 647 3420 716 precibus

1835 733 2149 804 indulgens,
2181 742 2277 789 aut
2317 735 2500 789 timori
2554 735 2757 792 cedens
2788 736 3006 807 fecero;
3054 738 3275 810 quidvis
3328 754 3427 810 po-

1834 827 1945 880 tius
2017 841 2184 896 quam
2243 826 2570 881 electionem
2605 842 2881 898 peragam.
2931 831 3044 884 Non
3078 829 3245 902 429
3276 831 3423 884 enim

1834 917 2184 987 dispensator
2210 933 2330 984 ero,
2390 918 2483 972 sed
2518 933 2696 989 caupo
2737 920 2993 976 humanis
3041 921 3299 976 amicitiis
3328 920 3425 976 Dei

1834 1009 2037 1064 donum
2071 1018 2409 1080 permutans.
2444 1009 2602 1076 Quod
2637 1011 2682 1065 si
2714 1010 2841 1065 data
2900 1013 3158 1083 suﬂragia
3209 1014 3278 1068 ab
3328 1015 3426 1068 ho-

1837 1104 2083 1158 minibus
2144 1102 2383 1168 dantur,
2442 1104 2537 1173 qui
2590 1120 2656 1159 ex
2728 1107 2911 1176 specie
2955 1116 3181 1162 externa
3228 1107 3424 1162 testari

1834 1201 2065 1263 possunt
2098 1232 2114 1257 ,
2176 1209 2519 1264 quaecunque
2571 1204 2851 1251 testantur
2879 1236 2895 1261 ,
2936 1198 3028 1251 illa
3059 1208 3240 1253 autem
3278 1198 3427 1267 judi-

1836 1283 1922 1337 cia
1953 1322 1968 1347 ,
2021 1283 2245 1353 quinam
2305 1286 2479 1356 magis
2538 1286 2722 1341 idonei
2765 1288 2907 1351 sint,
2949 1290 2999 1343 ei
3044 1293 3136 1359 qui
3170 1292 3423 1345 cordium

1836 1391 2038 1429 arcana
2095 1378 2289 1440 novit,
2328 1392 2357 1430 a
2410 1386 2603 1433 nostra
2641 1378 2950 1435 humilitate
2982 1386 3373 1451 permittuntur
3405 1399 3424 1450 ;

1835 1465 1967 1520 illud
2002 1482 2135 1521 sane
2163 1468 2438 1523 universis
2466 1470 2640 1525 satius
2673 1470 2856 1534 fuerit,
2895 1470 3046 1526 dicto
3082 1473 3421 1541 testimonio,

1836 1573 1868 1611 a
1918 1558 2101 1613 studio
2156 1566 2211 1613 et
2254 1560 2605 1615 contentione
2650 1563 2796 1614 omni
2822 1577 2924 1631 pro
2977 1562 3044 1616 iis
3076 1564 3279 1632 quibus
3326 1564 3425 1618 da-

1838 1657 1952 1703 tum
1989 1660 2065 1704 Cal
2109 1650 2523 1715 testimonium,
2558 1652 2715 1721 quasi
2749 1667 2847 1722 pro
2891 1654 3243 1717 necessariis,
3293 1653 3425 1709 abs-

1836 1741 2011 1795 tinere
2068 1760 2082 1795 :
2134 1739 2302 1794 Deum
2368 1750 2549 1795 autem
2622 1743 2864 1813 precari,
2942 1751 3002 1797 ut
3073 1744 3220 1814 quod
3293 1744 3426 1800 utile

140 1833 248 1903 τῆς
280 1833 367 1902 ἐφ’
391 1832 628 1904 ἑκάτερα
675 1831 955 1896 ἐκϐάσεως
1007 1830 1395 1903 αἰτιασόμεθα,
1453 1830 1588 1884 ἀλλὰ
1657 1830 1731 1902 τῷ

1840 1832 2021 1899 fuerit,
2054 1847 2165 1886 non
2203 1833 2389 1888 lateat.
2425 1831 2518 1887 Sic
2555 1834 2703 1888 enim
2739 1850 2849 1889 non
2875 1834 2991 1904 jam
3032 1834 3241 1889 homini
3266 1852 3427 1891 even-

142 1923 272 1995 Θεῷ
296 1924 394 1995 τὴν
422 1925 583 1995 χάριν
606 1923 717 1977 τῶν
760 1923 1069 1995 γενομένων
1108 1922 1386 1993 εἰσόμεθα.
1438 1921 1633 1976 Καίτοι
1684 1925 1733 1976 εί

143 2017 294 2071 κατά
343 2016 629 2089 ἄνθρωπον
686 2017 899 2086 γίνεται
927 2017 1123 2080 ταῦτα,
1168 2017 1289 2069 οὐδὲ
1322 2017 1565 2084 γίνεταιο
1601 2015 1737 2070 ἀλλὰ

148 2107 390 2178 μίμησις
422 2107 521 2178 μέν
569 2110 706 2170 ἐστι,
741 2107 842 2177 τῆς
888 2106 1147 2177 ἀληθείας
1182 2106 1239 2159 δὲ
1263 2106 1373 2175 (85)
1406 2105 1734 2177 πάμπληθες

145 2200 528 2255 ἀπολείπεται.
590 2198 795 2262 Σκέψαι
838 2197 914 2262 δὲ,
938 2198 1019 2251 ὅτι
1061 2196 1184 2250 οὐδὲ
1222 2197 1414 2267 μικρός
1445 2214 1530 2260 τις
1559 2213 1736 2268 παρα-

147 2293 371 2362 πέπηγε
422 2291 670 2354 κίνδυνος
719 2290 797 2360 τῷ
854 2293 920 2344 ὲκ
969 2289 1167 2353 παντὸς
1215 2290 1420 2361 τρόπου
1458 2290 1518 2342 τὸ
1541 2288 1734 2343 ἑαυτοῦ

146 2383 425 2455 κρατῆσαι
478 2381 891 2452 φιλονεικοῦντι,
929 2382 1004 2452 μή
1049 2398 1181 2433 ποτε
1218 2381 1326 2433 τῶν
1354 2380 1737 2452 ἁμαρτανομέ-

146 2493 258 2529 νων
288 2476 371 2542 ὲφ⁹
420 2476 647 2537 ἑαυτοὺς
691 2474 1008 2544 ἑλκύσωμεν
1044 2474 1143 2545 τὴν
1181 2472 1394 2544 μερίδα.
1428 2472 1604 2527 Πολλά
1626 2472 1735 2543 γὰρ

146 2567 217 2620 ἂν
264 2566 609 2639 ἀμαρτηθείη
673 2567 770 2619 καὶ
822 2569 974 2637 παρὰ
1032 2564 1141 2618 τῶν
1187 2565 1287 2618 οὐκ
1340 2565 1406 2619 ἂν
1435 2565 1737 2637 προσδοκη-

147 2654 353 2709 θέντων
390 2656 505 2726 (84)
548 2656 700 2718 ποτὲ,
743 2654 834 2708 διά
860 2654 921 2708 τὸ
948 2653 1169 2708 εύκολον
1237 2654 1339 2724 τῆς
1386 2654 1734 2727 ἀνθρωπίνης

147 2740 387 2810 φύσεως.
428 2737 561 2795 Εἶτα
597 2743 704 2814 ἰδίᾳ
734 2743 834 2815 μὲν
873 2745 986 2806 τοῖς
1029 2742 1203 2813 φίλοις
1234 2742 1736 2814 συμϐουλεύσαντες

147 2830 413 2896 πολλάκις
457 2832 525 2886 τὰ
581 2834 867 2906 κράτιστα,
906 2832 1006 2887 κᾶν
1054 2832 1307 2888 ἀπίθανοι
1356 2834 1596 2905 δόξωμεν
1623 2839 1735 2899 τοῖς

149 2922 587 2994 βουλευομένοις,
624 2927 685 2978 ού
712 2924 1143 2996 χαλεπαίνομενο
1175 2927 1234 2979 ὲν
1271 2920 1351 2990 οἷς
1395 2926 1453 2978 δὲ
1482 2928 1544 2979 ού
1572 2926 1735 2999 βουλὴ

148 3014 476 3087 ἀνθρώπων,
508 3016 646 3070 ἀλλά
680 3018 863 3088 κρίσις
907 3019 1026 3070 ἐστὶ
1057 3017 1215 3081 Θεοῦ,
1256 3018 1332 3090 μὴ
1362 3018 1457 3072 καὶ
1488 3018 1597 3073 τῶν
1639 3019 1734 3072 τοῦ

146 3107 288 3160 Θεοῦ
336 3109 622 3180 κριμάτων
674 3107 1109 3180 προτιμηθέντες
1155 3107 1633 3180 δυσχερανοῦμεν;
1668 3111 1732 3163 Εἰ

151 3199 253 3269 μὲν
284 3194 377 3251 οὖν
402 3198 552 3269 παρά
583 3198 885 3270 ἀνθρώπων
932 3198 1151 3263 δίδοται,
1187 3200 1239 3252 τί
1288 3199 1395 3271 χρὴ
1423 3201 1551 3271 παρ’
1576 3201 1733 3271 ἡμῶν

146 3292 361 3357 αἰτεῖν;
411 3290 523 3342 ἀλλ’
552 3290 671 3360 οὐχὶ
719 3292 883 3345 αὐτὸν
923 3292 1051 3362 παρ’
1083 3291 1275 3344 ἑαυτοῦ
1308 3292 1643 3362 λαμϐάνειν;
1683 3293 1733 3346 εί

146 3382 204 3435 δὲ
235 3382 388 3453 παρὰ
421 3382 650 3452 Κυρίου,
678 3380 935 3451 εὔχεσθαι
974 3382 1271 3453 προσῆκεν,
1298 3383 1413 3436 ἀλλ’
1434 3385 1556 3454 οὐχὶ
1582 3386 1726 3454 ἀγα-

147 3476 367 3528 νακτεῖν
393 3492 407 3506 ·
438 3475 531 3528 καὶ
550 3476 609 3527 ὲν
644 3476 711 3545 τῇ
746 3476 902 3545 εὐχῇ,
938 3475 1013 3547 μὴ
1045 3474 1105 3527 τὸ
1140 3474 1267 3528 ἴδιον
1297 3475 1507 3547 θέλημα
1538 3479 1731 3539 αἰτεῖν,

148 3567 266 3620 ἀλλ’
333 3566 648 3638 ἐπιτρέπειν
723 3565 802 3637 τῷ
876 3566 1250 3637 οἰκονομοῦντι
1308 3566 1369 3619 τὸ
1451 3566 1733 3637 συμφέρον

148 3658 270 3729 Θεῷ
301 3659 435 3731 (85).
466 3661 523 3714 '0
547 3659 605 3712 δὲ
634 3658 765 3722 Θεὸς
796 3661 824 3712 ό
854 3658 1008 3727 ἆγιος
1033 3659 1309 3727 ἀπαγάγοι
1327 3659 1507 3712 πᾶσαν
1539 3661 1732 3730 πεῖραν

146 3752 413 3824 λυπηρῶν
434 3752 775 3826 πραγμάτων
803 3751 910 3805 ἀπὸ
940 3750 1034 3804 τοῦ
1073 3750 1223 3803 οἴκου
1259 3749 1441 3821 ὑμῶν’
1466 3750 1560 3803 καὶ
1582 3749 1733 3820 αὐτῷ

146 3861 206 3898 τε
248 3846 333 3897 σοὶ
383 3845 476 3898 καὶ
506 3847 640 3898 πᾶσι
701 3846 813 3907 τοῖς
872 3843 1210 3916 προσήκουσί
1268 3859 1351 3895 σοι
1388 3842 1578 3896 ἄνοσον
1637 3842 1733 3896 καὶ

147 3940 362 4011 ἀϐλαϐῆ
394 3943 453 3993 ὲν
482 3941 628 4012 πάσῃ
655 3938 766 4012 (86)
790 3938 1011 4009 εύθηνίᾳ
1030 3940 1120 3993 τὸν
1146 3937 1262 4010 βίον
1286 3938 1727 4009 ὲπιμετρήσειεν.

1837 1931 1950 1978 tum
2012 1924 2066 1978 in
2131 1931 2421 1993 utramque
2478 1935 2684 1994 partem
2744 1927 3126 1993 ascribemus,
3162 1927 3261 1983 sed
3315 1925 3427 1982 Deo

1836 2014 2047 2085 gratias
2101 2016 2174 2069 oh
2204 2030 2267 2070 ea
2314 2031 2437 2085 qua:
2469 2018 2753 2071 evenerint
2805 2017 3126 2074 referemus.
3170 2020 3248 2072 Ac
3299 2035 3427 2088 pro-

1837 2106 1983 2160 lecto
2032 2107 2080 2160 si
2126 2106 2242 2160 haec.
2303 2107 2607 2161 secundum
2646 2108 2921 2163 hominem
2971 2108 3138 2176 ﬁunt,
3188 2125 3257 2164 ne
3287 2111 3426 2164 ﬂunt

1836 2197 2059 2267 quidem
2112 2196 2261 2253 :sed
2318 2197 2553 2252 imitatio
2600 2199 2821 2269 quidem
2888 2208 3060 2265 sunt,
3117 2217 3149 2255 a
3197 2204 3427 2257 veritate

1837 2296 2017 2343 autem
2061 2288 2264 2342 absunt
2317 2288 2662 2359 longissime.
2722 2290 2855 2346 Illud
2905 2293 3068 2348 etiam
3111 2294 3426 2361 considera,

1835 2380 1909 2445 ei,
1945 2382 2042 2451 qui
2078 2390 2138 2435 ut
2172 2397 2272 2437 sua
2308 2381 2482 2453 ipsius
2513 2385 2785 2439 sententia
2820 2386 3045 2450 vincat,
3082 2387 3231 2440 omni
3261 2386 3426 2443 modo

1836 2473 2164 2540 contendit,
2209 2491 2320 2528 non
2366 2475 2483 2529 leve
2543 2477 2846 2547 periculum
2901 2478 3240 2548 propositum
3304 2495 3426 2536 esse

1836 2581 1906 2621 ne
1964 2576 2315 2636 peccatorum
2372 2578 2580 2643 partem
2625 2569 2691 2623 ad
2737 2586 2839 2626 nos
2901 2570 3201 2641 aliquando
3240 2572 3426 2627 traha-

1837 2672 1980 2712 mus.
2038 2657 2333 2714 Enimvero
2392 2661 2557 2715 etiam
2592 2663 2659 2715 ab
2696 2661 2765 2717 iis
2815 2677 2847 2717 a
2900 2663 3102 2731 quibus
3159 2663 3213 2717 id
3278 2679 3425 2718 nun-

1836 2765 2003 2821 quam
2058 2762 2446 2821 exspectasses
2478 2795 2492 2818 ,
2531 2754 2704 2808 multa
2769 2763 3069 2824 peccantur
3117 2754 3189 2811 ob
3220 2762 3425 2811 natura:

1838 2840 2091 2897 humanm
2159 2846 2584 2914 proclivitatem.
2673 2845 2883 2901 Deinde
2954 2861 3087 2901 vero
3168 2848 3426 2917 privatim

1839 2934 2032 2990 amicis
2085 2937 2318 2992 consilia
2354 2936 2551 2994 dantes
2578 2953 2724 3008 saepe
2767 2938 2995 3008 optima,
3027 2937 3243 2993 etiamsi
3284 2953 3423 2992 con-

1839 3027 2148 3083 sulentibus
2210 3028 2348 3082 nihil
2402 3029 2684 3084 videamur
2744 3027 2929 3084 dicere
2985 3030 3133 3099 quod
3197 3043 3427 3099 persua-

1838 3116 1985 3185 deat,
2022 3132 2167 3187 :ngre
2225 3134 2338 3173 non
2375 3119 2601 3176 ferimus
2641 3135 2656 3173 :
2709 3121 2911 3191 quibus
2945 3130 3129 3175 autem
3162 3121 3217 3176 in
3255 3123 3426 3178 rebus

1836 3223 1951 3262 non
1994 3208 2278 3264 hominum
2329 3211 2627 3278 voluntas,
2684 3212 2780 3269 sed
2838 3211 2931 3267 Dei
2970 3212 3241 3282 judicium
3296 3222 3425 3276 est,

1836 3311 1940 3352 nos
1989 3300 2155 3353 etiam
2203 3299 2295 3354 Dei
2352 3301 2579 3369 judiciis
2638 3318 2745 3356 non
2797 3303 3054 3372 anteponi
3105 3302 3422 3373 indignabi-

1836 3392 2000 3446 mur?
2048 3391 2236 3463 Itaque
2284 3392 2335 3447 si
2390 3393 2492 3448 hoc
2538 3393 2608 3447 ab
2665 3392 2980 3447 hominibus
3030 3395 3231 3457 datur,
3295 3394 3427 3463 quid

1838 3496 1978 3550 Opus
2010 3488 2096 3535 est
2131 3495 2162 3534 a
2197 3481 2357 3536 nobis
2405 3489 2588 3551 petere
2617 3481 2642 3535 ?
2676 3497 2862 3536 nonne
2917 3481 3101 3551 potius
3130 3496 3230 3551 par
3258 3481 3427 3537 fuerit

1838 3573 2090 3644 quemvis
2142 3572 2247 3627 hoc
2317 3573 2495 3642 ipsum
2552 3587 2584 3627 a
2639 3572 2937 3642 semetipso
2989 3572 3277 3643 accipere?
3326 3572 3425 3627 Sin

1839 3674 2022 3719 autem
2056 3679 2088 3718 a
2123 3664 2354 3719 Domino
2382 3665 2547 3720 datur
2571 3706 2586 3731 ,
2629 3664 2845 3735 precari
2895 3666 3091 3729 decet,
3143 3679 3252 3718 non
3292 3679 3424 3719 vero

1838 3757 2137 3828 indignari.
2175 3756 2353 3828 Atque
2397 3757 2540 3812 inter
2571 3755 2910 3827 precandum
2950 3764 3139 3810 nostra
3177 3755 3423 3825 ipsorum

1839 3847 2095 3903 voluntas
2125 3847 2477 3919 exposcenda
2529 3861 2641 3900 non
2682 3854 2768 3901 est
2804 3862 2817 3898 :
2852 3847 2946 3902 sed
2978 3844 3125 3917 quod
3161 3847 3294 3902 utile
3339 3855 3426 3901 est

1839 3940 2262 4009 permittendum
2300 3939 2641 4010 dispensanti
2686 3938 2816 3994 Deo.
2863 3937 3008 3994 Deus
3058 3946 3241 3993 autem
3296 3954 3421 3993 san-

146 4042 272 4088 ctus
323 4047 541 4087 omnem
601 4046 782 4087 rerum
846 4033 1203 4086 molestarum
1256 4030 1649 4099 esperientiam
1700 4044 1731 4083 a
1761 4040 1943 4086 vestra
1986 4031 2151 4086 domo
2177 4041 2393 4094 arceat,
2425 4039 2591 4101 atque
2632 4040 2748 4085 tum
2804 4030 2927 4097 tibi,
2983 4038 3100 4085 tum
3165 4030 3422 4087 omnibus

149 4131 260 4186 tuis
303 4129 631 4186 necessariis
667 4128 842 4183 morbi
876 4136 931 4183 et
957 4127 1143 4182 damni
1176 4135 1455 4197 expertem
1482 4127 1537 4181 in
1576 4128 1726 4181 omni
1756 4129 2118 4199 prosperitate
2138 4128 2304 4183 vitam
2332 4127 2631 4199 impertiat.

222 4266 337 4337 (80)
372 4264 485 4334 Τῆς
525 4266 885 4335 συμμορίας.
922 4263 1209 4337 Hac_voce
1257 4278 1367 4318 non
1415 4263 1734 4334 designatur

150 4334 265 4393 tota
298 4338 575 4400 dicecesis,
608 4334 703 4392 sed
728 4334 914 4391 Certus
940 4334 1158 4405 quidam
1182 4349 1442 4404 pagorum
1472 4350 1733 4405 numerus

152 4408 550 4477 chorepisc0po
601 4404 971 4467 commissus,
990 4414 1048 4459 ut
1097 4414 1243 4477 patet
1276 4420 1338 4477 es
1389 4405 1551 4477 epist.
1604 4404 1728 4469 “2,

1840 4264 2096 4318 ctoritate
2154 4262 2665 4333 antiquissimorum
2711 4260 2987 4327 codicum,
3030 4259 3223 4328 Coisl.,
3267 4260 3412 4333 bjed.

1838 4342 2003 4403 atque
2025 4335 2189 4387 etiam
2214 4331 2366 4387 Harl.
2395 4333 2488 4400 qui
2518 4334 2598 4388 sic
2631 4332 2819 4385 habuit
2852 4333 3024 4403 prima
3044 4347 3243 4403 inianu.
3276 4331 3421 4388 Editi

1838 4400 2081 4476 ὡς’ὑπὲρ
2129 4403 2364 4476 οἰκείων.
2405 4402 2640 4459 Possem
2682 4400 2865 4476 autern
2910 4400 3098 4476 Basilii
3145 4403 3307 4476 verba
3338 4404 3422 4458 sic

151 4480 248 4555 ubi
281 4473 513 4555 Basilius
544 4478 625 4555 sic
652 4477 896 4555 loquitur
924 4476 991 4531 de
1016 4476 1253 4555 quodam
1285 4475 1688 4555 chorepiscopo
1714 4496 1726 4532 :
1765 4494 1807 4547 υ
1837 4473 2104 4555 intelligi;
2139 4475 2538 4555 Abstinendum
2563 4491 2592 4527 a
2619 4473 3092 4555 contentionibus,
3114 4473 3416 4555 quasinon

150 4546 530 4611 Καταξιώσεις
578 4548 656 4609 δὲ,
695 4546 961 4617 δηλονότι,
1016 4546 1108 4599 καὶ
1146 4546 1577 4617 (πτωχοτροφίαν
1603 4546 1729 4617 -τῆς

150 4617 460 4689 συμμορίας
505 4619 604 4688 τῆς
630 4617 722 4670 ὑπ’
749 4613 927 4689 ἀύτὸν
966 4613 1398 4689 ἐπισκέψασθαι,
1421 4613 1730 4689 υἰρηαίιενὶδ

150 4685 421 4743 αιιὶεήιέι
450 4685 735 4757 pauperum
775 4686 990 4740 domum
1034 4686 1102 4739 ad
1140 4702 1301 4754 pagos
1328 4686 1376 4738 ei
1422 4685 1730 4740 commissos

147 4760 491 4827 pertinente»:
537 4759 782 4813 invisere.
817 4758 902 4827 lix
954 4757 1054 4810 hac
1090 4764 1281 4827 autem
1304 4757 1538 4824 epistola
1587 4764 1733 4827 patet

150 4825 577 4894 chorepiscopos
621 4845 729 4882 non
764 4825 832 4881 ad
862 4827 1153 4880 arbitrium
1198 4825 1583 4894 episcoporum
1633 4825 1729 4881 de-

150 4901 363 4971 signari
386 4901 588 4971 solitos
621 4914 766 4959 esse,
798 4896 894 4971 sed
927 4913 1042 4951 rem
1091 4896 1348 4971 electioni
1376 4896 1728 4971 commissam

147 4965 348 5026 fuisse.
373 4968 529 5036 Quod
555 4970 779 5023 minime
806 4968 1026 5031 mirum,
1060 4982 1184 5021 cum
1222 4965 1324 5034 ipsi
1355 4966 1518 5019 etiam
1552 4966 1604 5036 in
1634 4981 1728 5034 pa-

147 5042 233 5112 gis
263 5041 568 5112 presbyteri
596 5048 651 5094 et
674 5037 892 5112 diaconi
919 5052 1028 5112 non
1061 5037 1180 5112 sine
1209 5036 1478 5091 electione
1502 5035 1726 5112 ordina-

148 5105 362 5171 rentur,
400 5105 460 5164 u't
491 5117 638 5178 patet
674 5125 741 5164 ex
768 5109 929 5177 epist.
961 5107 1049 5164 54,
1074 5106 1213 5178 Errat
1241 5114 1424 5159 autem
1473 5105 1729 5178 chorepi;

150 5196 446 5250 scaporum
483 5175 644 5235 sedes
678 5175 892 5250 insigni
920 5177 1085 5250 alicui
1112 5175 1267 5250 aliixa
1298 5177 1585 5250 pago,_cui
1611 5175 1729 5250 alii

152 5245 275 5321 pagi
329 5245 815 5304 attribuebanturf
848 5245 1004 5321 Unde
1032 5246 1268 5321 Basilius
1310 5245 1574 5321 in’epist.
1602 5245 1725 5321 188,

149 5314 276 5374 sua.
311 5321 399 5383 10,
442 5329 633 5374 auctor
660 5327 744 5373 est
786 5318 1167 5387 Amphilochia
1197 5323 1256 5370 ut
1294 5331 1486 5387 agrum
1528 5314 1728 5371 Mestia

149 5392 458 5459 subjectum
484 5388 716 5446 Vasodis
749 5388 1029 5459 subjiciat.

221 5454 336 5534 (Si)
359 5460 523 5534 Μήτε
546 5454 864 5534 ταῦτα-μα’
885 5457 1060 5534 Harl.,
1083 5456 1251 5512 Coisl.
1279 5455 1493 5534 primus
1509 5454 1726 5534 etnllied.

151 5526 293 5603 ξ]ὐίιί
316 5526 477 5603 ’μήτε
520 5531 695 5584 ταυτί.
727 5528 1088 5603 _Ver_tendum
1124 5535 1283 5603 putat
1342 5526 1721 5603 Combelisius,

150 5600 262 5655 [uec
287 5596 554 5672 nunquam
579 5598 949 5672 I'ecerim.5ed
977 5596 1574 5672 nostr—{interpretatio
1598 5611 1730 5650 con-

153 5667 418 5741 tirmatur'
432 5689 497 5727 ex
536 5667 622 5727 his
667 5686 792 5741 quae
825 5669 968 5724 infra
996 5668 1131 5741 dicit
1156 5667 1397 5741 Basilius
1431 5685 1445 5720 :
1482 5668 1725 5741 At_pro-

151 5740 287 5810 [ccta
310 5746 354 5797 si
373 5744 482 5797 [uec
499 5737 784 5797 secundum
804 5741 1066 5810 hominem
1080 5738 1238 5807 ﬁunt,
1261 5754 1323 5792 ne
1340 5738 1473 5810 ﬁunt
1495 5737 1723 5807 quidem.

225 5811 335 5882 (82)
365 5813 590 5883 Ὠσπερ
622 5813 874 5869 οἰκείων.
910 5808 1113 5867 Nititur
1146 5810 1263 5866 haec
1305 5807 1580 5879 scriptura
1606 5824 1724 5883 au-

1834 4560 1979 4599 unus
2016 4541 2219 4613 aliquis
2254 4545 2397 4599 inter
2436 4560 2556 4606 eos,
2593 4544 2793 4610 quibus
2820 4541 3007 4595 datum
3050 4541 3148 4613 est
3172 4545 3419 4600 testimo-

1835 4617 2010 4677 nium,
2042 4612 2135 4670 sed
2164 4630 2354 4669 omnes
2381 4615 2553 4669 nostri
2578 4614 2688 4669 sint
2717 4614 3041 4667 necessarii.
3092 4612 3200 4667 Sed
3232 4616 3418 4682 magis

1834 4686 2041 4739 arridet
2056 4701 2274 4747 sensus,
2293 4700 2454 4753 quem
2482 4687 2536 4737 in
2562 4684 2974 4753 interpretando
2994 4685 3170 4738 secuti
3199 4699 3413 4753 sumus.

1837 4755 2103 4810 Similiter
2136 4749 2374 4808 Basilius
2408 4755 2460 4807 in
2496 4766 2663 4823 caput
2708 4749 2769 4806 iu
2802 4749 2978 4815 Isaia),
3012 4768 3134 4822 pag.
3172 4752 3300 4819 456,
3333 4755 3417 4809 vi-

1834 4834 2051 4895 tuperat
2078 4825 2347 4894 ejusmodi
2371 4825 2690 4885 electiones,
2720 4824 2773 4876 in
2796 4826 2999 4891 quibus
3033 4824 3419 4894 unusquisque

1832 4894 1943 4950 non
1981 4896 2257 4958 virtutem,
2294 4895 2391 4949 sed
2423 4894 2892 4950 necessitudinem
2922 4902 2977 4949 et
3010 4895 3416 4965 consanguini-

1834 4974 1998 5020 tatem
2030 4975 2260 5034 spectat.

1905 5030 3420 5157 ἓῗθὶςαῖἶξςηῗέηίῗὲίίἓνδῖἐξῆῗθὲὶξξᾶῗιὲίἔέῗὲῗὲξ

1831 5102 2541 5191 ηιιέο,ἓῖαέιί,μίμηάιςιμὲν.
2567 5104 2814 5191 επιβῆς
2851 5102 3128 5191 sive”:
3156 5104 3417 5191 μίῖῆςηδὲ

1902 5314 2015 5386 (84)
2042 5314 2602 5382 Προσδοκηθέντων.
2652 5312 2789 5370 Tres
2832 5312 2965 5370 mss.
2996 5328 3106 5370 non
3144 5314 3415 5371 vetustis-

1834 5386 2469 5456 εἱηιὶηπροσδοκωμενων.

1901 5452 2120 5526 (85)7'To
2144 5452 2457 5524 συμέρέρον
2490 5454 2633 5526 Θεῷ.
2660 5453 2865 5526 Regius
2889 5462 3120 5525 uterque
3138 5461 3212 5526 iet
3238 5452 3414 5526 cois].

1831 5522 2106 5598 secundus
2131 5522 2257 5598 cum
2274 5522 2517 5594 utroque
2539 5524 2712 5595 Bigot.
2738 5522 2859 5598 Θεῷ
2880 5526 2943 5578 τὸ
2967 5522 3268 5598 συμφέρον,
3289 5522 3413 5598 Hac

1832 5596 2067 5651 lectione
2120 5594 2478 5650 conﬁrmatur
2529 5603 2719 5666 nostra
2774 5594 3179 5666 interpretatio.
3237 5595 3415 5666 Aliter

1830 5668 1985 5736 enim;
2002 5666 2155 5722 reddi
2187 5667 2476 5736 potuisset,
2499 5665 2827 5735 dispansam
2848 5664 2988 5736 quod
3018 5667 3148 5721 utile
3172 5674 3252 5721 est
3276 5664 3410 5721 Deo.

1887 5734 2017 5816 (8ο)
2046 5733 2391 5816 fEr'gdgn.
2420 5733 2594 5796 Deest
2612 5733 2928 5809 praepositio
2956 5738 3014 5795 in
3046 5737 3227 5795 tribus
3256 5743 3413 5793 vetu-

1829 5805 2094 5866 stiSsimis
2124 5805 2429 5865 codicibus.
