3852 6224
394 280 527 335 1051

838 406 1179 465 EPISTOLA
1204 407 1453 463 CCXCI'.

1719 275 1776 330 S.
1824 273 2065 328 BASILII
2106 274 2320 330 MAGNl

3523 275 3551 327 1
3561 274 3658 329 0'52

2604 407 2947 461 EIIISTOAH
2983 408 3140 474 ΣιΑο.

394 519 702 574 [unum
724 518 1236 586 cltorepiscopum,qui
1255 533 1320 573 ex
1336 535 1522 572 summa
1543 522 1769 593 escaria;
1788 520 1899 593 vim:
1920 523 2109 585 {more
2130 524 2195 573 ad
2216 522 2476 593 saecularia
2498 522 2687 588 negotia
2706 521 2934 586 delapsus
2953 522 3128 587 fuerat,
3146 522 3212 572 ad
3234 520 3493 587 pristinam
3513 524 3667 588 pida-

1595 591 1707 637 vtem
1730 586 1945 635 Basilius
1962 599 2190 637 reuocare
2205 592 2424 636 conatur.

824 694 1097 751 Timotheo
1124 697 1514 767 chorepiscopo.

466 808 534 864 Et
596 808 841 864 scribere
915 811 1099 863 omnia
1152 823 1494 879 quacunque
1540 808 1757 872 sentio,
1801 823 1980 878 neque

399 902 646 972 epistola:
696 900 860 955 modo
897 901 1197 956 convenire
1245 900 1443 965 video,
1497 915 1674 969 neque
1707 899 1845 954 alias
1887 914 1980 954 sa-

400 993 684 1048 lutationis
733 993 970 1062 speciem
1034 992 1265 1059 decere;
1326 1002 1380 1046 et
1430 992 1648 1047 silentio
1700 990 1982 1061 praaterire

401 1102 540 1156 pene
592 1085 933 1155 impossibile
989 1085 1126 1138 mihi
1155 1090 1239 1139 est
1268 1124 1283 1148 ,
1330 1084 1474 1153 iusta
1507 1084 1563 1136 in
1611 1091 1663 1136 te
1698 1082 1981 1137 iracundia

398 1177 564 1231 corde
618 1177 880 1230 fervente.
940 1174 1171 1229 Mediam
1219 1175 1387 1246 igitur
1433 1175 1575 1228 viam
1631 1172 1820 1238 inibo,
1874 1175 1980 1228 alia

398 1268 619 1337 quidem
661 1268 952 1331 scribens,
1006 1266 1113 1318 alia
1154 1267 1605 1335 praetermittens.
1663 1261 1801 1316 Volo
1833 1263 1979 1316 enim

397 1371 451 1413 te
479 1358 913 1428 reprehendere,
971 1358 1016 1412 si
1055 1358 1136 1412 fas
1170 1366 1255 1411 est
1280 1397 1295 1420 ,
1332 1357 1507 1409 amica
1549 1354 1765 1409 dicendi
1798 1370 1982 1424 aequa-

396 1450 628 1505 bilitate.
674 1447 965 1515 Quomodo
995 1449 1319 1503 Timotheus
1350 1448 1470 1511 ille,
1512 1462 1677 1517 quem
1722 1462 1753 1500 a
1798 1447 1982 1517 pueri-

397 1543 472 1596 tia
504 1544 579 1597 ita
614 1558 736 1597 sese
770 1543 837 1595 ad
883 1550 1089 1596 rectam
1118 1550 1172 1594 et
1225 1541 1522 1594 asceticam
1579 1539 1746 1592 vitam
1802 1538 1981 1591 inten-

396 1634 547 1690 disse
574 1635 849 1697 novimus,
885 1642 944 1686 ut
975 1632 1452 1687 immoderationis
1493 1631 1548 1684 in
1584 1630 1671 1685 his
1695 1630 1861 1684 rebus
1887 1644 1980 1682 ac-

397 1739 718 1794 cusaretur;
743 1727 908 1798 430
939 1742 1085 1780 nunc
1110 1726 1179 1779 ab
1211 1740 1274 1779 ea
1311 1740 1371 1780 re
1400 1724 1560 1778 unice
1585 1721 1984 1777 consideranda

399 1818 712 1882 discedens,
750 1819 879 1888 quid
919 1817 1228 1872 faciendum
1286 1816 1393 1879 sit,
1439 1823 1499 1870 ut
1551 1830 1675 1869 cum
1714 1813 1821 1868 Deo
1852 1828 1978 1868 con-

392 1912 710 1982 jungamur,
761 1910 993 1981 respicis
1036 1911 1104 1963 ad
1137 1925 1199 1963 ea
1236 1924 1359 1978 qua:
1390 1908 1458 1962 de
1508 1915 1562 1960 te
1622 1906 1810 1962 nescio
1858 1906 1983 1976 quis

396 2003 715 2066 existimat,
762 2009 817 2056 et
890 2014 1219 2071 suspensam
1282 2013 1349 2052 ex
1401 1997 1637 2050 aliorum
1713 1995 1981 2050 sententia

399 2092 564 2148 vitam
600 2092 769 2146 habes
801 2131 815 2154 ,
854 2097 909 2144 et
949 2087 1222 2158 quomodo
1275 2102 1376 2143 nec
1408 2086 1602 2140 amicis
1638 2085 1851 2140 inutilis
1880 2085 1978 2146 sis,

397 2198 500 2237 nec
537 2183 779 2237 inimicis
822 2180 1094 2235 ridiculus
1148 2180 1496 2244 consideras,
1529 2194 1593 2232 ac
1626 2177 1980 2248 ignominiam

400 2275 546 2347 apud
611 2274 814 2330 multos
879 2280 939 2328 ut
991 2287 1251 2344 magnum
1290 2271 1507 2342 aliquod
1535 2271 1744 2327 malum
1788 2268 1980 2325 formi-

397 2369 530 2435 das;
570 2383 674 2423 nec
712 2366 925 2437 cogitas
953 2374 1008 2420 te
1057 2365 1185 2418 dum
1218 2364 1271 2417 in
1303 2363 1388 2417 bis
1430 2364 1594 2417 rebus
1646 2363 1981 2425 immoraris,

398 2459 800 2530 imprudentem
849 2456 1180 2526 praecipuum
1237 2469 1301 2507 ac
1366 2454 1687 2523 primarium
1732 2454 1853 2507 vita:
1891 2469 1981 2522 ge-

398 2566 505 2605 nus
555 2548 863 2619 negligere?
902 2545 1088 2600 Plena:
1118 2544 1264 2599 enim
1302 2552 1433 2597 sunt
1476 2542 1777 2613 Scriptura).
1826 2544 1981 2598 testi~

398 2643 600 2699 moniis
624 2682 640 2707 ,
678 2643 882 2713 quibus
933 2639 1231 2694 edocemur
1277 2653 1386 2691 non
1424 2652 1585 2705 posse
1614 2637 1779 2692 simul
1829 2644 1983 2691 utra-

398 2753 507 2807 que
564 2735 839 2798 retineri,
895 2731 1085 2787 mundi
1143 2731 1307 2800 hujus
1338 2729 1555 2798 negotia
1608 2737 1661 2783 et
1690 2730 1855 2784 vitam
1892 2743 1981 2784 se-

398 2826 640 2884 cundum
723 2825 942 2890 Deum;
1017 2824 1178 2893 plena
1256 2833 1340 2877 est
1389 2822 1555 2875 etiam
1598 2821 1716 2891 ipsa
1784 2829 1980 2874 natura

400 2916 671 2990 ejusmodi
730 2915 1013 2983 exemplis.
1073 2913 1210 2966 Nam
1255 2913 1311 2966 in
1365 2914 1563 2967 mentis
1621 2912 1833 2967 actione
1872 2912 1982 2967 duo

400 3011 566 3067 simul
616 3007 858 3078 cogitare
889 3005 1114 3060 omnino
1162 3019 1273 3057 non
1323 3019 1640 3074 possumus.
1693 3004 1872 3073 Atque
1925 3005 1980 3057 in

401 3104 469 3158 iis
516 3115 638 3171 quae
699 3114 866 3153 sensu
920 3096 1350 3167 percipiuntur,
1405 3095 1527 3150 dum
1597 3110 1763 3150 voces
1817 3095 1983 3150 simul

401 3193 620 3251 emissa:
652 3191 882 3245 auribus
926 3189 1046 3257 capi
1078 3187 1270 3242 eodem
1331 3195 1609 3241 momento
1643 3195 1697 3242 et
1738 3186 1979 3241 discerni

399 3300 513 3342 non
573 3288 842 3354 possunt;
894 3280 1059 3348 idque
1100 3293 1225 3331 cum
1278 3276 1387 3330 duo
1433 3278 1595 3331 nobis
1637 3277 1702 3331 ad
1751 3277 1983 3332 audien-

2006 706 2059 765 A

2496 697 2747 767 Τιμοθέῳ
2787 697 3237 766 χωρεπισκόπῳ.

2152 812 2263 868 Καὶ
2284 814 2345 867 τὸ
2369 812 2547 867 πάντα
2578 812 2837 884 γράφειν,
2860 811 2960 865 ὅσα
2986 809 3187 882 φρονῶ,
3212 809 3337 864 οὔτε
3370 810 3453 881 τῷ
3483 812 3673 884 μέτρῳ

2080 906 2179 978 τῆς
2214 906 2503 977 ἐπιστολῆς
2560 905 2674 977 δρῶ
2731 903 3051 974 συμϐαῖνον,
3089 902 3214 956 οὔτε
3248 902 3421 966 ἄλλως
3455 905 3674 975 πρέπον

2080 996 2158 1068 τῷ
2185 996 2286 1067 τῆς
2335 996 2711 1067 προσηγορίας
2740 994 2868 1047 εἴδει
2895 1011 2909 1023 ·
2943 993 3123 1047 καὶτὸ
3161 996 3339 1065 σιωπῇ
3373 994 3675 1069 παρελθεῖν

2085 1088 2286 1161 μικροῦ
2322 1089 2417 1142 καὶ
2456 1087 2718 1142 ἀδύνατόν
2746 1087 2857 1157 (87)
2888 1087 3005 1139 ἐστί
3043 1104 3155 1157 μοι,
3182 1085 3376 1156 δικαίῳ
3402 1085 3571 1156 θυμῷ
3598 1086 3677 1157 τῷ

2082 1178 2225 1233 κατά
2278 1177 2373 1231 σού
2430 1176 2867 1248 φλεγμαινούσης
2901 1194 2990 1248 μοι
3043 1177 3140 1248 τῆς
3186 1176 3432 1246 καρδίας.
3479 1177 3677 1246 Μέσην

2081 1267 2173 1324 οὖν
2206 1270 2515 1342 βαδιοῦμαι,
2547 1270 2617 1323 τά
2648 1270 2745 1341 μὲν
2770 1270 3016 1341 γράφων,
3058 1270 3127 1322 τὰ
3170 1269 3227 1323 δὲ
3267 1270 3488 1341 παρείς.
3524 1272 3678 1324 Καθ-

2082 1361 2322 1430 seuseu;
2354 1361 2459 1433 γάρ
2492 1378 2585 1413 σου
2614 1359 2900 1431 βούλομαι,
2924 1360 2974 1412 εἰ
2997 1360 3155 1431 θέμις
3178 1361 3343 1423 ἐστὶν,
3380 1362 3437 1412 ἒν
3481 1363 3674 1431 ἰσηγο-

2084 1455 2178 1526 ρία
2201 1454 2408 1525 φιλικῇ.
2442 1454 2505 1507 Ei
2540 1452 2801 1522 Τιμόθεος
2855 1454 3082 1515 ἐκεῖνος,
3116 1452 3175 1505 ὃν
3204 1455 3267 1505 ἐκ
3301 1454 3494 1517 παιδὸς
3526 1454 3677 1507 οῖδα-

2087 1562 2187 1615 μεν
2237 1544 2489 1598 τοσοῦτον
2541 1544 2677 1615 πρὸς
2708 1544 2807 1614 τὴν
2834 1543 3100 1614 ὀρθότητα
3137 1544 3230 1597 καὶ
3255 1544 3349 1597 τὸν
3381 1534 3674 1618 κατησκη-

2087 1636 2245 1706 μένον
2298 1634 2412 1706 βίον
2466 1634 2545 1707 τῷ
2576 1636 2714 1706 τόνῳ
2773 1634 3075 1706 χρώμενον,
3109 1634 3251 1689 ὥστε
3301 1637 3673 1704 ἐγκαλεῖσθαι

2084 1727 2182 1798 τὴν
2206 1728 2263 1780 ἐν
2294 1726 2502 1791 τούτοις
2544 1728 2655 1797 (88)
2706 1727 2995 1797 ἀμετρίαν,
3031 1728 3271 1790 ἀποστάς
3295 1728 3391 1781 νῦν
3428 1728 3521 1781 τοῦ
3544 1746 3678 1781 σκο-

2087 1823 2206 1873 πεῖν
2236 1821 2414 1873 πάντα
2438 1819 2638 1891 τρόπον
2682 1819 2710 1870 ὃ
2744 1836 2795 1871 τι
2818 1815 2925 1889 χρὴ
2967 1817 3220 1870 ποιοῦντα
3250 1817 3329 1888 τῷ
3353 1818 3475 1889 Θεῷ
3509 1836 3678 1888 προσι-

2085 1910 2437 1976 οικειοῦσθαι,
2488 1909 2819 1972 ἀποϐλέπεις
2848 1909 2986 1980 πρὸς
3032 1910 3102 1962 τὰ
3130 1909 3208 1979 τῷ
3243 1910 3376 1963 δεῖνι
3404 1911 3676 1966 δοκοῦντα

2088 2002 2216 2074 περὶ
2265 2001 2380 2066 σοῦ,
2418 2003 2512 2054 καὶ
2562 2002 2662 2071 τῆς
2713 2000 2917 2072 ἐτέρων
2960 1998 3184 2070 γνώμης
3218 2001 3316 2072 τὴν
3341 1999 3489 2072 ζωὴν
3522 2003 3674 2072 ἔχεις

2085 2091 2480 2163 ἐξηρτημένην,
2535 2093 2631 2145 καὶ
2674 2091 2821 2154 ὅπως
2864 2090 2938 2162 μὴ
2973 2088 3147 2160 φίλοις
3186 2090 3480 2162 ἄχρηστος,
3532 2094 3677 2165 μηδὲ

2083 2183 2297 2256 ἐχθροῖς
2321 2180 2388 2258 ᾖς
2413 2182 2814 2251 καταγέλαστος
2844 2182 3076 2253 ἐνθυμῇ,
3112 2188 3208 2235 καὶ
3231 2185 3329 2256 τὴν
3361 2186 3514 2256 παρὰ
3538 2186 3680 2238 πολ-

2084 2278 2189 2331 ιῶν
2230 2277 2513 2348 αἰσχύνην,
2540 2275 2614 2339 ὡς
2639 2274 2814 2329 δεινόν
2860 2292 2934 2339 τι,
2968 2276 3129 2346 φοϐῇ,
3169 2276 3263 2329 καὶ
3304 2277 3407 2330 οὐκ
3440 2278 3676 2342 ἐννοεῖς,

2081 2368 2163 2420 ὅτι
2185 2368 2240 2419 ἐν
2273 2367 2383 2437 ὅσῳ
2412 2366 2541 2438 περὶ
2568 2364 2742 2419 ταῦτα
2768 2364 2955 2436 τρίὸῃ,
2994 2365 3280 2430 λανθάνεις
3314 2368 3543 2422 σεαυτὸν
3572 2369 3680 2440 τῆς

2085 2456 2501 2528 προηγουμένης
2524 2453 2668 2526 ζωῆς
2711 2455 2966 2526 ἁμελῶν;
3004 2457 3127 2510 Ὅτι
3172 2458 3281 2528 γάρ
3308 2459 3409 2511 οὐκ
3435 2461 3682 2531 ἐγχωρεῖ

2084 2547 2407 2620 ἀμφοτέρων
2454 2547 2588 2619 ὁμοῦ
2648 2546 3072 2618 περιγενέσθαι,
3127 2548 3236 2601 τῶν
3287 2567 3347 2602 τε
3389 2551 3534 2605 κατά
3582 2552 3679 2605 τὸν

2082 2639 2285 2709 κόσμον
2307 2637 2494 2691 τοῦτον
2525 2637 2891 2708 πραγμάτων,
2930 2637 3023 2690 καὶ
3062 2638 3161 2709 τῆς
3183 2639 3324 2692 κατά
3346 2639 3481 2692 Θεὸν
3515 2640 3678 2692 πολι-

2082 2728 2253 2791 τείας,
2287 2727 2516 2799 πλήρεις
2543 2729 2641 2799 μὲν
2666 2728 2776 2799 (89)
2815 2728 2871 2782 αἱ
2893 2726 3035 2781 θεῖαι
3064 2728 3299 2800 Γραφαὶ,
3327 2723 3403 2783 ὧν
3428 2728 3680 2795 ἐδίδαξαν

2084 2821 2270 2891 ἡμᾶς·
2322 2819 2538 2892 πλήρης
2584 2820 2641 2873 δὲ
2690 2821 2784 2873 καὶ
2833 2821 2971 2892 αὑτὴ
3002 2823 3036 2891 ἡ
3082 2821 3242 2891 φύσις
3278 2821 3388 2875 τῶν
3413 2822 3678 2878 τοιούτων

2084 2910 2499 2982 ὑποδειγμάτων
2553 2911 2718 2965 ἐστίν.
2740 2913 2837 2964 Ἔν
2866 2929 2925 2965 τε
2962 2912 3073 2984 γὰρ
3131 2916 3197 2983 τῇ
3234 2913 3376 2967 κατὰ
3406 2914 3497 2967 τὸν
3544 2916 3677 2968 νοῦν

2083 3004 2334 3074 ἐνεργείᾳ
2360 3002 2454 3055 δύο
2486 3004 2677 3074 νοῆσαι
2706 3004 2849 3057 κατὰ
2879 3004 3077 3057 ταυτὸν
3105 3008 3354 3075 νοήματα
3391 3006 3679 3073 παντελῶς

2083 3095 2363 3165 ἀμήχανον
2390 3109 2402 3120 ·
2433 3092 2489 3146 ἕν
2510 3110 2571 3145 τε
2600 3096 2719 3157 ταῖς
2740 3094 2883 3148 κατά
2914 3095 3014 3166 τὴν
3055 3095 3305 3166 αἴσθησιν
3354 3097 3679 3168 ἀντιλήψεσι

2084 3185 2177 3238 δύο
2208 3186 2387 3254 φωνὰς
2434 3183 2571 3255 ὁμοῦ
2626 3186 3077 3257 προσπιπτούσας
3122 3190 3243 3251 ταῖς
3290 3188 3482 3253 ἀκοαῖς
3526 3190 3681 3261 δέχε-

2087 3274 2210 3327 σθαι
2262 3274 2320 3327 ἐν
2357 3274 2540 3344 ταυτῷ
2577 3274 2674 3327 καὶ
2712 3274 3014 3345 διακρίνειν
3052 3276 3348 3332 ἀδύνατον·
3390 3281 3488 3333 καὶ
3515 3281 3683 3335 τοῦτο

399 3379 530 3433 dum
564 3380 780 3429 meatus
803 3371 975 3442 aperti
1019 3369 1142 3423 sint.
1197 3368 1353 3423 Oculi
1384 3383 1607 3438 quoque
1630 3406 1645 3432 ,
1681 3368 1787 3423 nisi
1820 3368 1981 3423 ambo

2090 3363 2177 3417 δύο
2216 3364 2559 3419 άκουστικῶν
2590 3365 2774 3437 πόρων
2796 3368 2927 3437 ἡμῖν
2944 3368 3331 3438 ἀνεῳγμένων.
3372 3370 3681 3442 Ὀφθαλμοὶ

401 3470 461 3525 in
495 3481 605 3522 una
627 3466 806 3534 aliqua
856 3476 919 3517 re
959 3460 1165 3516 visibili
1207 3458 1514 3530 deligantur
1539 3499 1555 3525 ,
1589 3473 1753 3513 suum
1782 3473 1983 3514 munus

401 3571 659 3617 accurate
714 3557 869 3612 obire
904 3570 1017 3608 non
1072 3558 1299 3623 queunt.
1358 3551 1542 3620 Atque
1581 3550 1659 3603 ita
1686 3557 1773 3604 est
1806 3549 1862 3605 in
1895 3564 1984 3603 re-

400 3656 508 3709 bus
573 3649 940 3707 naturalibus.
1012 3643 1136 3699 Jam
1183 3643 1595 3712 Scripturarum
1671 3642 1984 3696 testimonia

405 3745 504 3800 tibi
538 3743 744 3798 referre
774 3755 885 3794 non
916 3737 1101 3791 minus
1146 3734 1464 3797 ridiculum,
1505 3746 1668 3802 quam
1700 3737 1983 3794 noctuam,

403 3843 466 3891 ut
508 3835 699 3897 aiunt,
738 3832 983 3886 Athenas
1037 3827 1201 3882 ferre.
1262 3825 1404 3892 Quid
1465 3823 1635 3894 igitur
1689 3822 1985 3877 miscemus

403 3941 525 3997 quae
596 3923 813 3978 misceri
858 3935 968 3975 non
1036 3924 1310 3989 possunt,
1385 3915 1658 3969 tumultus
1698 3913 1885 3967 civiles
1933 3922 1987 3967 et

404 4018 624 4091 pietatis
668 4013 1113 4070 exercitationem
1137 4054 1150 4074 ,
1184 4026 1248 4064 ac
1299 4023 1406 4063 non
1442 4007 1627 4077 potius
1659 4020 1689 4058 a
1739 4004 1987 4059 tumulti-

404 4112 510 4165 bus
542 4151 558 4175 ,
619 4115 674 4163 et
722 4123 756 4161 a
802 4104 1037 4174 negotiis
1082 4100 1336 4172 gerendis
1379 4107 1474 4153 aut
1515 4098 1607 4152 alii
1665 4096 1986 4152 exbibendis

406 4200 769 4263 recedentes,
832 4195 1122 4252 nobiscum
1195 4192 1301 4262 ipsi
1354 4204 1691 4254 versamur;
1727 4197 1782 4245 et
1838 4187 1987 4259 quod

406 4292 612 4348 dudum
647 4288 991 4358 suscepimus
1030 4284 1252 4354 pietatis
1291 4281 1649 4352 propositum,
1675 4294 1840 4349 opere
1864 4293 1990 4332 con-

405 4381 724 4442 ﬁrmamus,
755 4384 809 4431 et
842 4372 1164 4429 calumniari
1196 4371 1507 4426 volentibus
1545 4368 1884 4425 ostendimus
1911 4368 1989 4423 si-

406 4483 526 4529 tum
557 4472 611 4526 in
641 4470 752 4525 illis
800 4481 912 4521 non
947 4480 1107 4530 esse,
1136 4474 1195 4517 ut
1218 4462 1525 4517 molestiam
1561 4460 1725 4516 nobis
1767 4467 1986 4523 creent,

407 4581 534 4621 cum
563 4559 883 4619 voluerint?
914 4557 1025 4612 Hoc
1062 4563 1247 4610 autem
1305 4555 1431 4617 ﬁet,
1469 4553 1559 4606 ubi
1604 4567 1707 4607 nos
1742 4552 1811 4607 ab
1837 4552 1987 4607 omni

410 4673 545 4713 ansa
579 4656 781 4710 liberos
816 4648 1249 4706 exhibuerimus.
1303 4643 1371 4700 Et
1399 4644 1515 4698 haec
1548 4642 1766 4713 quidem
1801 4643 1989 4697 hacte—

2089 3456 2167 3520 δὲ,
2196 3455 2290 3509 ἐὰν
2318 3456 2391 3528 μὴ
2415 3456 2718 3528 ἀμφότεροι
2742 3459 2877 3531 πρὸς
2906 3459 2964 3511 ἓν
3000 3468 3060 3512 τι
3099 3459 3209 3513 τῶν
3235 3461 3447 3532 ὁρατῶν
3477 3464 3682 3517 ἀποτα-

2092 3546 2282 3610 θῶσιν,
2308 3548 2551 3618 ἐνεργεῖν
2575 3546 2637 3600 τὺ
2656 3548 2866 3601 ἑαυτῶν
2899 3548 3144 3621 ἀκριϐῶς
3176 3551 3237 3603 ού
3264 3550 3539 3606 δύνανται.
3568 3555 3683 3607 Καὶ

2089 3639 2264 3693 ταῦτα
2300 3640 2397 3710 μὲν
2423 3640 2494 3694 τά
2522 3640 2672 3712 παρὰ
2700 3641 2798 3711 τῆς
2834 3641 3049 3710 φύσεως
3073 3658 3088 3672 ο
3115 3642 3186 3695 τά
3212 3642 3270 3696 δὲ
3304 3645 3368 3696 ὲκ
3403 3645 3516 3698 τῶν
3538 3644 3683 3716 Γρα-

2093 3731 2209 3800 φῶν
2260 3748 2341 3784 σοι
2380 3732 2686 3803 διηγεῖσθαι
2742 3732 2840 3802 οὐχ
2890 3727 3053 3804 ἧττόν
3113 3736 3229 3786 ἐστι
3272 3736 3684 3804 καταγέλαστον

2092 3822 2381 3894 ἢγλαῢκα,
2443 3825 2608 3892 φησιν
2659 3822 2794 3889 (90),
2844 3824 3151 3894 Ἀθηναίοις
3190 3824 3363 3894 ἄγειν.
3398 3827 3463 3879 Τί
3488 3822 3584 3881 οὖν
3614 3829 3685 3881 τὰ

2092 3916 2298 3986 ἄμικτα
2323 3915 2621 3987 μίγνυμεν;
2656 3915 2920 3988 θορύϐους
2937 3916 3246 3982 πολιτικοὺς
3276 3919 3369 3971 καὶ
3398 3920 3685 3984 εὐσεϐείας

2092 4009 2359 4080 ἄσκησιν;
2418 4008 2532 4060 ἀλλ’
2564 4008 2685 4078 οὐχὶ
2739 4009 3079 4073 ἀποστάντες
3126 4009 3235 4064 τῶν
3292 4010 3562 4084 θορύϐων,
3588 4015 3686 4066 καὶ

2092 4101 2186 4155 τοῦ
2232 4102 2532 4173 πράγματα
2585 4100 2697 4172 (9|)
2759 4101 2904 4172 ἔχειν
2963 4105 3055 4155 καὶ
3116 4103 3378 4173 παρέχειν
3422 4106 3680 4175 ἑτέροις,

2093 4192 2249 4265 ἡμῶν
2282 4194 2461 4247 αὐτῶν
2495 4193 2794 4263 γινόμεθα’
2827 4195 2921 4248 καὶ
2943 4192 3002 4247 δν
3037 4194 3204 4248 πάλαι
3229 4194 3548 4265 ὑπεθέμεθα
3582 4196 3685 4267 τῆς

2093 4285 2374 4349 εὐσεὸείας
2411 4285 2610 4339 σκοπὸν
2642 4284 2967 4357 βεϐαιοῦμεν
3013 4286 3090 4356 τῷ
3128 4285 3295 4357 ἔργῳ,
3337 4287 3436 4339 καὶ
3467 4288 3683 4340 δείκνυ-

2097 4395 2194 4448 μεν
2218 4380 2329 4441 τοῖς
2361 4377 2688 4449 ἐπηρεάζειν
2720 4381 2852 4450 ἡμῖν
2883 4379 3254 4451 βουλομένοις,
3279 4380 3364 4431 ὅτι
3394 4380 3495 4432 οὐκ
3530 4380 3681 4431 ἔστιν

2094 4471 2181 4521 ἐπ’
2212 4471 2394 4533 αὐτοῖς
2420 4471 2481 4523 τὸ
2517 4469 2704 4524 λυπεῖν
2755 4473 2904 4543 ἡμᾶς
2939 4471 3066 4524 ὃταν
3095 4471 3374 4534 .ὲθέλωσι;
3409 4470 3584 4523 Τοῦτο
3622 4472 3683 4523 δὲ

2095 4558 2248 4611 ἔσται
2279 4558 2499 4613 ἐπειδὰν
2529 4560 2711 4632 πάσης
2741 4559 2911 4631 λαϐῆς
2933 4558 3253 4631 ἐλευθέρους
3286 4561 3515 4621 ἑαυτοὺς
3545 4560 3683 4612 ἀτεοι

2094 4649 2374 4722 δείξωμεν.
2401 4652 2512 4705 Καὶ
2544 4651 2719 4705 ταῦτα
2766 4653 2862 4723 μὲν
2889 4653 2966 4714 εἰς
3001 4651 3271 4704 τοσοῦτον.
3299 4650 3401 4721 Εῖη
3434 4650 3490 4703 δὲ
3529 4654 3679 4722 ἡμᾶς

409 4766 536 4807 nus.
574 4730 806 4805 'Utinam
851 4748 1031 4796 autem
1089 4748 1144 4794 et
1194 4737 1358 4792 simul
1410 4735 1704 4806 aliquando
1754 4749 1983 4804 congre-

2093 4757 2220 4793 ποτε
2271 4742 2364 4794 κα)⁸
2411 4744 2468 4795 ἐν
2497 4740 2681 4811 ταυτῷ
2709 4741 2981 4810 γενέσθαι,
3011 4741 3105 4794 καὶ
3131 4739 3525 4812 ἀκριϐέστερον
3553 4740 3679 4811 βου-

411 4844 670 4901 diamur,
727 4845 783 4892 et
833 4830 1149 4903 diligentius
1197 4828 1566 4884 deliberemus
1626 4826 1693 4883 de
1737 4826 1806 4882 iis
1864 4840 1986 4896 qum

411 4931 620 4989 nostris
675 4929 964 4984 animabus
1035 4922 1394 4985 conducunt,
1462 4934 1533 4974 ne
1587 4918 1731 4972 inter
1793 4919 1985 4972 inanes

412 5040 577 5082 curas
634 5017 1108 5092 deprehendamur
1134 5057 1150 5082 ,
1227 5011 1544 5069 necessario
1601 5011 1751 5066 exitu
1823 5011 1986 5066 nobis

411 5114 853 5188 superveniente.
932 5109 1206 5165 Caeterum
1273 5107 1344 5163 iis
1417 5119 1540 5176 qua:
1597 5111 1692 5157 tua
1745 5103 1987 5159 charitas

484 5275 507 5298 ⁶
536 5273 686 5327 Alias
712 5266 961 5324 CCCXL.
993 5265 1207 5334 Scripta
1245 5263 1300 5316 in
1330 5262 1669 5334 episcopatu.

488 5342 599 5413 (87)
639 5340 983 5413 Ἀδύνατον.
1005 5329 1535 5413 -ξίόνοιθτοεξμὺτῐ
1561 5346 1678 5413 sex.
1724 5329 1992 5412 Corrupte

415 5413 474 5467 in
494 5399 659 5467 editis
686 5411 969 5465 ἀδυνάτου.
1005 5405 1128 5461 Mox
1151 5414 1264 5460 tres
1293 5403 1513 5458 codices
1545 5399 1986 5472 φλεγμαινούσης

631 5550 741 5624 :Evf
780 5549 1034 5624 τούτοις.
1078 5544 1218 5600 Tres
1266 5558 1401 5600 mss.
1435 5541 1529 5595 ἐπὶ
1576 5540 1806 5604 τούτοις.
1863 5538 1990 5595 Mox

417 5618 572 5678 deest
584 5618 691 5674 ’νῦν
723 5619 780 5673 in
810 5618 1085 5674 Medicam.

492 5690 604 5759 (89)
643 5689 897 5759 Πλήρεις
912 5686 1047 5758 μέν.
1079 5685 1325 5752 Quatuor
1344 5681 1563 5741 codices
1590 5697 1701 5739 non
1726 5680 1987 5753 antiquis-

2090 4830 2383 4886 λεύσασθαι
2407 4835 2537 4904 περὶ
2564 4833 2672 4886 τῶν
2703 4833 3091 4905 συμφερόντων
3126 4834 3243 4894 ταῖς
3262 4831 3463 4903 ψυχαῖς
3494 4832 3675 4903 ἡμῶν,

2092 4924 2181 4978 ἵνα
2214 4924 2288 4996 μὴ
2312 4925 2368 4978 ὲν
2394 4928 2461 4997 τῇ
2483 4927 2610 4996 περὶ
2639 4925 2747 4978 τῶν
2772 4925 3016 4996 ματαίων
3041 4922 3281 4995 φροντίδι
3313 4922 3679 4994 καταληφθῶ-

2096 5035 2215 5088 μεν,
2242 5019 2340 5088 τῆς
2388 5017 2694 5086 ἀναγκαίας
2747 5015 2930 5081 ἐξόδου
2992 5014 3328 5085 ἐπελθούσης
3362 5016 3521 5085 ἡμῖν.
3551 5016 3678 5079 Τοῖς

2093 5110 2152 5164 δὲ
2213 5110 2561 5165 ἀποσταλεῖσι
2613 5109 2768 5182 παρά
2808 5109 2910 5181 τῆς
2951 5108 3174 5179 ἀγάπης
3204 5124 3298 5160 σου
3333 5107 3673 5180 ὑπερήσθην,

2095 5259 2226 5334 simi
2253 5261 2611 5334 πλήρης-*μὲν
2659 5264 2689 5333 ἡ
2737 5261 2857 5316 θεία
2890 5262 3098 5334 Γραφῂᾼ
3131 5256 3479 5334 ὧνὲδὶδαξεν
3506 5263 3672 5334 ἡμᾶς.

2094 5328 2267 5403 Paulo
2310 5328 2434 5401 post
2461 5328 2782 5389 Harlazanus
2827 5328 3131 5387 οοόὲιἚν
3168 5333 3233 5403 τῇ
3280 5329 3390 5401 γὰρ
3437 5339 3496 5385 et
3529 5328 3673 5386 κατὰ

2095 5402 2281 5544 ταῖᾇῶ
2308 5471 2719 5544 gnata-(Coiﬁ.
2745 5472 3035 5544 primus_et
3063 5471 3204 5544 alius
3229 5467 3458 5544 quidam
3484 5472 3670 5541 φασιν.

2166 5539 2279 5623 (9i)
2306 5540 2422 5624 Κ-ᾳὶ
2454 5539 3033 5624 τοῦρξράγλιατιέηκξιρ
3060 5540 3230 5624 Coisl.
3263 5539 3510 5624 primus,
3544 5544 3670 5622 Heg.

2097 5610 2331 5683 primus,
2349 5611 2501 5667 Harl.
2527 5620 2586 5672 et
2605 5610 2845 5670 Clarum.
2872 5611 3019 5668 Editi
3041 5620 3097 5668 et
3125 5610 3380 5666 nonnulli
3403 5626 3542 5667 mss.
3564 5610 3671 5666 τῶν

2100 5683 2461 5754 πραγμάτων.
