3852 6224
435 275 578 332 {0'55

1819 273 1879 330 S.
1920 274 2168 333 BA'SILII
2208 274 2429 332 MAGNI

3574 266 3711 324 1056

437 391 602 446 etiam
646 386 871 457 reliqua:
902 401 991 442 res
1026 386 1194 443 vitae?
1245 399 1317 440 an
1367 384 1466 441 tibi
1510 399 1575 440 ex
1615 389 1889 443 sententia
1924 404 2011 443 ce-

2137 405 2317 456 τειανε
2368 387 2493 451 Πῶς
2542 387 2599 441 δὲ
2649 385 2718 442 τά
2759 386 2924 441 λοιπὰ
2969 384 3064 439 τοῦ
3105 382 3222 455 βίου
3272 382 3613 456 πράγματας
3664 385 3711 434 εἰ

437 480 596 547 dunt,
627 477 1089 550 quemadmodum
1135 484 1417 548 optamus,
1447 484 1502 532 et
1531 478 1610 532 uti
1632 479 1888 534 instituto
1922 490 2016 533 tuo

435 567 677 625 debitum
710 567 838 624 est?
867 565 1080 623 Etenim
1127 567 1332 639 quibus
1375 565 1536 623 facile
1575 569 1858 625 mutabilis
1888 585 2019 625 sen-

441 663 628 725 lentia,
675 662 763 718 liis
814 661 1043 717 minime
1084 661 1288 715 mirum
1338 669 1424 717 est
1455 663 1583 718 vitae
1611 662 1860 718 ordinem
1905 677 2017 717 non

439 766 696 811 constare
728 773 743 822 ;
779 754 982 825 quibus
1020 768 1151 808 vero
1181 752 1337 808 ﬁrma
1365 768 1524 811 mens
1557 767 1664 824 est,
1694 769 2019 826 semperque

435 853 705 903 constans
738 855 794 903 et
830 846 1060 911 eadem,
1101 845 1189 901 his
1237 852 1668 902 consentaneum
1718 856 1803 904 est
1852 847 2018 901 vitam

434 940 695 997 instituto
737 946 1128 1010 congruentem
1174 936 1398 993 ducere.
1442 935 1580 991 Nam
1613 953 1673 993 re
1711 938 1831 1008 ipsa
1879 952 2019 991 nau-

435 1033 588 1088 clero
619 1046 732 1086 non
765 1029 894 1086 licet
924 1027 1379 1099 tranquillitatem
1426 1029 1609 1084 facere
1648 1044 1774 1084 cum
1824 1028 2018 1083 volue-

434 1125 554 1193 rit;
592 1123 687 1180 sed
716 1122 878 1180 nobis
915 1121 1267 1192 tranquillam
1310 1120 1472 1176 nobis
1503 1120 1636 1191 ipsis
1681 1120 1849 1174 vitam
1888 1134 2020 1175 con-

435 1217 688 1280 stituere,
738 1216 905 1272 etiam
955 1215 1185 1271 omnino
1221 1212 1403 1277 facile,
1452 1212 1496 1267 si
1545 1211 1811 1268 tumultus
1856 1211 2018 1266 nobis

436 1311 589 1365 intus
643 1325 711 1365 ex
750 1308 900 1364 vitiis
941 1310 1292 1379 insurgentes
1341 1320 1796 1376 compescamus,
1852 1303 2017 1376 532

437 1409 492 1455 et
530 1401 616 1457 his
645 1417 767 1472 quae
804 1402 1149 1456 extrinsecus
1179 1397 1461 1462 accidunt,
1491 1397 1740 1452 altiorem
1772 1397 2018 1450 animum

438 1492 807 1549 stabiliamus.
832 1489 970 1545 Nam
1008 1506 1111 1546 nec
1155 1488 1380 1553 damna,
1421 1503 1523 1543 nec
1556 1487 1733 1543 morbi
1787 1501 1890 1542 nec
1933 1501 2021 1541 re-

437 1588 592 1658 liqua
644 1586 771 1641 vitae
823 1583 1174 1641 incommoda
1225 1583 1457 1654 probum
1491 1582 1670 1636 virum
1721 1584 2015 1652 attingunt,

440 1676 686 1752 quandiu
734 1678 976 1733 animam
1017 1676 1273 1731 habuerit
1301 1676 1357 1730 in
1400 1675 1511 1729 Deo
1541 1674 1935 1737 ambulantem,
1966 1681 2020 1727 et

2122 480 2266 534 κατὰ
2302 478 2530 551 γνώμην
2578 484 2749 553 χωρεῖ
2784 498 2907 545 σοι,
2937 478 3128 550 ὥσπερ
3171 476 3477 548 εὐχόμεθα,
3508 476 3607 529 καὶ
3638 475 3712 538 ὡς

2123 572 2272 626 ἔστιν
2309 572 2658 644 ὀφειλόμενον
2704 576 2771 644 τῇ
2812 575 2878 644 σῇ
2918 570 3271 644 προαιρέσει;
3316 569 3429 622 Καὶ
3465 567 3577 640 γὰρ
3633 564 3715 630 οἷς

2128 665 2227 736 μὲν
2253 647 2473 729 εὔκολος
2512 665 2647 735 πρὸς
2684 663 2986 736 μεταϐολὴν
3028 664 3063 734 ἡ
3096 662 3335 724 διάνοια,
3375 659 3589 724 τούτοις
3622 660 3716 713 οὒ-

2122 758 2212 811 δὲν
2244 757 2471 821 ἀπεικὸς
2510 759 2606 811 καὶ
2637 757 2729 811 τὸν
2761 756 2875 829 βίον
2918 751 3058 810 εἶναι
3102 754 3177 826 μὴ
3225 752 3598 824 τεταγμένον·
3636 747 3717 817 οἷς

2124 849 2181 902 δὲ
2217 851 2496 921 πεπηγυῖα
2525 851 2559 921 ἡ
2595 848 2819 920 γνώμη,
2853 848 2947 902 καὶ
2978 847 3067 901 ἀεὶ
3099 846 3316 901 ἑστῶσα
3343 846 3441 899 καὶ
3469 847 3504 917 ή
3551 845 3717 916 αὐτὴ,

2124 937 2335 1005 τούτοις
2358 940 2469 1011 (98)
2512 940 2804 996 ἀκόλουθον
2833 940 3141 1011 συμφώνως
3174 942 3242 1011 τῇ
3271 938 3595 1011 προαιρέσει
3619 937 3720 1007 τὴν

2127 1029 2272 1103 ζωὴν
2323 1031 2614 1100 διεξάγειν.
2657 1028 2748 1101 Τῷ
2785 1030 2900 1083 ὄντι
2954 1028 3064 1101 γὰρ
3097 1029 3406 1100 κυϐερνήτῃ
3450 1026 3562 1098 (99)
3620 1028 3721 1097 μὲν

2124 1125 2227 1177 οὐκ
2259 1125 2469 1192 ἐφεῖται
2519 1122 2760 1195 γαλήνην
2794 1122 2972 1175 ποιεῖν
3024 1123 3112 1175 ὅτε
3159 1120 3442 1192 βούλεταιο
3483 1121 3619 1189 ⁴ἡμῖν
3664 1117 3721 1170 ἃ

2125 1216 2376 1287 ἀκύμονα
2406 1217 2619 1280 ἑαυτοῖς
2654 1213 2920 1286 καθιστᾷν
2949 1214 3041 1267 τὸν
3066 1213 3180 1284 βίον
3212 1213 3309 1267 καὶ
3334 1212 3477 1267 πάνυ
3510 1211 3718 1283 ῥᾴδιον,

2125 1312 2249 1364 ἐὰν,
2276 1311 2405 1373 τους
2448 1310 2658 1363 ἔνδοθεν
2711 1312 2777 1364 ὲκ
2830 1309 2940 1363 τῶν
2994 1307 3187 1362 παθῶν
3247 1304 3722 1374 ἐπανισταμένους

2126 1403 2257 1472 ἡμῖν
2312 1399 2577 1472 θορύϐους
2639 1400 3134 1470 κατασιγάσωμεν,
3194 1399 3289 1452 καὶ
3347 1398 3456 1450 τῶν
3514 1393 3717 1461 ἔξωθεν

2128 1492 2583 1564 προσπιπτόντων
2636 1492 2976 1564 ὑψηλοτέραν
3013 1491 3113 1562 τὴν
3156 1489 3382 1561 γνώμην
3437 1501 3719 1559 καταστη-

2129 1582 2369 1653 σώμεθα.
2395 1583 2505 1636 Καὶ
2533 1582 2643 1654 γὰρ
2666 1581 2789 1635 οὔτε
2823 1581 3051 1654 ζημίαι,
3087 1579 3212 1634 οὔτε
3237 1579 3564 1653 ἀρρωστίαι,
3591 1578 3720 1632 οὔτε

2127 1677 2183 1730 αἱ
2213 1676 2397 1730 λοιπαὶ
2428 1676 2741 1747 δυσχέρειαι
2784 1675 2878 1729 τοῦ
2922 1674 3038 1745 βίου
3064 1713 3079 1736 ,
3132 1672 3361 1743 ἅψονται
3411 1670 3508 1725 τοῦ
3555 1688 3724 1724 σπου-

440 1771 866 1843 prospicientem
897 1768 1108 1832 futura,
1136 1783 1201 1822 ac
1225 1767 1501 1838 procellas
1528 1782 1560 1821 e
1585 1774 1730 1819 terra
1755 1764 2023 1821 excitatas

2137 1769 2271 1822 Βαίου
2308 1809 2322 1832 ,
2376 1768 2481 1832 ἕως
2531 1768 2598 1823 ἂν
2654 1767 2752 1840 ἔχῃ
2806 1767 2905 1838 τὴν
2957 1766 3200 1821 διάνοιαν
3249 1765 3328 1836 τῷ
3379 1764 3501 1835 Θεῷ
3544 1766 3724 1835 ἐμπο-

436 1864 634 1920 leviter
663 1871 718 1919 et
744 1860 999 1931 expedite
1032 1870 1407 1931 superantem.
1450 1857 1735 1927 Siquidem
1768 1857 1863 1927 qui
1895 1856 2021 1912 vitae

437 1956 590 2013 curis
623 1955 920 2011 admodum
966 1941 1171 2008 deteiiti
1220 1957 1374 2017 sunt,
1403 1949 1568 2006 veluti
1600 1963 1851 2003 carnosae
1893 1962 2021 2004 aves

436 2050 649 2105 frustra
683 2048 787 2104 alis
834 2048 1120 2101 instructae
1152 2044 1300 2098 humi
1352 2050 1583 2114 serpunt
1621 2057 1728 2095 una
1760 2056 1884 2096 cum
1930 2056 2022 2110 pe-

437 2140 686 2196 coribus.
716 2136 794 2193 Te
833 2152 965 2193 vero
1001 2142 1214 2190 tantum
1260 2132 1449 2188 videre
1486 2147 1584 2203 per
1610 2131 1829 2202 negotia
1861 2130 2020 2185 nobis

437 2232 615 2297 licuit,
639 2239 909 2302 quantum
931 2228 1027 2300 qui
1061 2243 1120 2281 se
1150 2226 1204 2279 in
1234 2225 1371 2280 mari
1399 2223 1633 2278 invicem
1667 2230 2016 2293 praetereunt.

435 2322 692 2375 Attamen
715 2318 978 2389 quoniam
1017 2317 1101 2372 vel
1134 2332 1203 2370 ex
1249 2330 1429 2384 ungue
1461 2313 1588 2368 licet
1616 2320 1789 2367 totum
1819 2329 2022 2384 cogno-

439 2428 597 2471 scere
644 2412 858 2467 leonem
885 2451 900 2477 ,
940 2409 1189 2465 videmur
1237 2406 1402 2463 nobis
1441 2422 1508 2461 ex
1553 2404 1767 2460 modico
1805 2405 2022 2475 experi-

438 2512 628 2560 mento
676 2503 817 2560 satis
865 2510 920 2558 te
965 2500 1314 2573 cognovisse.
1382 2497 1537 2553 Unde
1579 2506 1636 2553 et
1681 2498 1784 2552 hoc
1834 2497 2018 2568 magni

436 2598 695 2664 facimus,
738 2613 830 2654 res
864 2604 1087 2652 nostras
1126 2609 1158 2648 a
1191 2603 1244 2649 te
1288 2593 1341 2646 in
1388 2593 1576 2662 aliquo
1613 2606 1842 2646 numero
1867 2590 2023 2661 poni,

437 2705 651 2760 nosque
678 2703 708 2743 a
736 2697 831 2744 tua
873 2695 1055 2742 mente
1084 2701 1197 2740 non
1233 2684 1448 2748 abesse,
1479 2682 1577 2738 sed
1603 2691 1781 2738 tecum
1817 2681 2025 2754 jugiter

438 2795 539 2852 per
584 2780 908 2836 memoriam
960 2778 1194 2834 versari.
1236 2774 1494 2832 Scribere
1532 2781 1715 2830 autem
1761 2773 2024 2829 recordao

441 2873 611 2929 tionis
638 2879 725 2929 est
769 2870 1102 2944 significatio
1139 2886 1154 2921 :
1201 2868 1348 2940 quod
1393 2869 1641 2923 crebrius
1695 2865 1913 2932 feceris,
1946 2881 2012 2922 eo

442 2964 605 3020 nobis
639 2963 851 3035 gratius
874 2960 1058 3017 facies.

2125 1858 2425 1929 ρευομένην
2473 1856 2581 1929 (l),
2618 1858 2714 1911 καὶ
2768 1855 2830 1910 τὸ
2872 1855 3066 1927 μέλλον
3117 1855 3576 1919 ἀποσκοποῦσαν,
3626 1856 3723 1908 καὶ

2122 1950 2222 2019 τῆς
2250 1949 2488 2021 χαμόθεν
2520 1949 2880 2021 ὲγειρομένης
2920 1948 3091 2020 ζάλης
3134 1949 3356 2018 κούφως
3394 1949 3489 2002 καὶ
3524 1949 3724 2001 εὐστα-

2123 2040 2232 2104 λῶς
2265 2042 2694 2115 ὑπεραίρουσαν.
2750 2042 2904 2096 Ἐπεὶ
2947 2042 3002 2096 οἵ
3043 2058 3108 2111 γε
3164 2040 3411 2112 σφοδρῶς
3457 2043 3579 2104 ταῖς
3626 2038 3720 2093 τοῦ

2126 2130 2241 2200 βίου
2293 2133 2589 2204 μερίμναις
2637 2133 3107 2204 κατειλημμένοι,
3142 2127 3255 2185 οἷον
3285 2129 3502 2203 ὄρνιθες
3556 2129 3724 2183 πολύ-

2126 2239 2319 2295 σαρκοι
2349 2226 2474 2296 είκῆ
2520 2225 2582 2277 τὸ
2612 2224 2811 2297 πτερὸν
2847 2225 3063 2295 ἔχοντες
3087 2265 3102 2289 ,
3143 2224 3295 2278 κάτω
3330 2242 3431 2278 που
3461 2225 3723 2294 σύρονται

2129 2315 2269 2386 μετὰ
2317 2316 2428 2370 τῶν
2485 2316 2868 2389 βοσκημάτων.
2910 2316 2981 2370 Σὲ
3032 2317 3090 2371 δὲ
3138 2316 3392 2371 τοσοῦτον
3439 2317 3568 2370 ἰδεῖν
3614 2315 3725 2368 ὑπὸ

2122 2406 2232 2461 τῶν
2266 2409 2611 2480 πραγμάτων
2646 2410 3041 2482 ὲπετράπημεν
3064 2452 3079 2476 ,
3114 2411 3240 2463 ὅσον
3288 2412 3337 2464 oi
3384 2410 3445 2463 ὲν
3487 2409 3722 2479 πελάγει

2126 2498 2391 2571 ἀλλήλους
2422 2502 2912 2573 παραμειϐόμενοι.
2945 2502 3094 2574 Πλὴν
3127 2502 3263 2566 ἀλλ’,
3296 2502 3483 2573 ἐπειδὴ
3525 2502 3622 2554 καὶ
3660 2500 3722 2566 ἐξ

2129 2590 2316 2662 ὄνυχος
2348 2592 2497 2646 ἐστιν
2533 2593 2651 2647 ὅλον
2684 2595 2950 2666 γνωρίσαι
2980 2594 3072 2647 τὸν
3101 2594 3324 2658 λέοντα,
3361 2595 3425 2647 ὲκ
3457 2593 3724 2665 βραχείας

2126 2686 2226 2755 τῆς
2283 2684 2481 2757 πείρας
2517 2685 2801 2757 ήγούμεθά
2852 2703 2911 2739 σε
2963 2686 3166 2750 ἱκανῶς
3198 2685 3517 2755 ἐγνωκέναι.
3554 2684 3723 2738 Ὅθεν

2129 2778 2224 2831 καὶ
2270 2777 2414 2848 μέγα
2453 2778 2756 2850 ποιούμεθα
2791 2778 2853 2832 τὸ
2899 2780 2957 2831 ὲν
2985 2778 3131 2849 λόγῳ
3158 2777 3233 2849 (2)
3267 2779 3327 2831 σέ
3353 2795 3463 2831 τινι
3495 2776 3565 2832 τὰ
3596 2776 3724 2831 καθ’

2128 2872 2278 2942 ἡμᾶς
2322 2870 2610 2936 τίθεσθαι,
2645 2872 2740 2925 καὶ
2792 2872 2865 2943 μὴ
2900 2871 3127 2925 ἀπεῖναι
3174 2888 3268 2925 σου
3315 2870 3414 2940 τῆς
3454 2870 3721 2932 διανοίας,

2128 2963 2265 3017 ἀλλὰ
2290 2961 2558 3035 διηνεκῶς
2584 2980 2667 3017 σοι
2694 2965 2934 3016 συνεῖναι
2956 2962 3044 3016 διά
3094 2962 3194 3034 τῆς
3232 2964 3471 3034 μνήμης.
3511 2964 3725 3032 Δεῖγμα

440 3058 501 3114 δὲ
556 3058 777 3130 μνήμης
813 3056 874 3109 τὸ
910 3055 1173 3125 γράφειν·
1227 3055 1364 3124 ὅπερ
1415 3053 1524 3124 ὅσῳ
1565 3051 1631 3106 ἂν
1684 3051 2063 3123 συνεχέστερον
2091 3058 2251 3127 ποιῇς
2287 3055 2363 3127 (5)
2389 3095 2404 3121 ,
2439 3056 2679 3127 τοσούτῳ
2716 3055 2877 3109 πλέον
2907 3056 3042 3128 ἡμῖν
3073 3057 3257 3129 χαριῇ.

870 3236 1208 3294 EPISTOLA
1261 3236 1511 3294 CCXCIV
1542 3239 1581 3291 ”.

2656 3238 3007 3313 ΕιιιΣΤυΛΗ
3041 3240 3198 3307 xw.

444 3387 700 3457 Signiﬁcat
723 3401 774 3441 se
797 3386 1287 3458 vehementerdqptere
1306 3390 1357 3458 ut
1378 3383 1552 3458 pietas,
1578 3395 1725 3458 quam
1747 3380 1923 3453 teneris
1942 3396 2113 3458 eorum
2131 3382 2310 3458 animis
2325 3381 2730 3458 .otinrinseverat,
2747 3386 3091 3458 adsummm
3118 3382 3384 3449 perveniat.
3419 3384 3727 3437 Demonstrat

1049 3445 1301 3499 utilitatem
1324 3445 1561 3498 doctrinae
1584 3445 1725 3497 libris
1745 3445 2056 3508 consignataz,
2084 3458 2195 3511 qtae
2216 3452 2262 3497 et
2287 3445 2560 3498 absentibus
2584 3452 2631 3497 et
2652 3445 2860 3508 posteris
2886 3446 3104 3511 prodest.

977 3582 1138 3638 Festo
1178 3589 1228 3636 et
1276 3580 1493 3648 Magno.

511 3727 681 3783 Decet
713 3721 939 3795 quidem
965 3730 1022 3776 et
1055 3726 1241 3790 patres
1279 3717 1407 3772 filiis
1445 3715 1754 3787 providere,
1784 3721 1840 3767 et
1870 3712 2023 3784 agri-

441 3820 594 3876 colas
628 3818 945 3888 plantarum
992 3820 1049 3870 et
1095 3813 1371 3868 seminum
1407 3824 1599 3865 curam
1638 3808 1938 3877 suscipere,
1971 3815 2025 3862 et

440 3908 736 3981 magistros
778 3905 845 3961 de
877 3904 995 3962 suis
1039 3901 1325 3972 discipulis
1375 3916 1499 3956 esse
1542 3898 1812 3955 sollicitos
1839 3938 1854 3963 ,
1907 3910 2027 3949 ma-

442 4004 594 4060 xime
647 4016 775 4056 cum
826 3999 897 4054 ob
942 3997 1217 4068 egregiam
1265 3992 1504 4048 indolem
1557 3991 1814 4047 meliores
1859 3988 1928 4045 de
1968 4004 2030 4045 se

443 4095 582 4167 ipsis
630 4108 758 4165 spes
806 4089 1125 4146 ostendunt.
1169 4085 1306 4141 Nam
1354 4094 1408 4140 et
1447 4083 1686 4154 agricola
1740 4081 2026 4138 laboribus

441 4185 667 4259 gaudet,
722 4197 852 4239 cum
906 4181 1075 4252 spicae
1128 4178 1237 4249 ipsi
1306 4181 1654 4247 turgescunt,
1707 4187 1773 4228 ac
1827 4173 2028 4243 plantae

444 4284 706 4333 crescunt
755 4293 770 4329 :
814 4280 872 4330 et
917 4270 1206 4342 discipulis
1258 4268 1511 4340 magistri
1559 4267 1834 4330 laetantur,
1867 4272 1923 4320 et
1959 4265 2027 4319 li-

444 4367 594 4424 beris
638 4375 896 4437 parentes
946 4378 1074 4418 cum
1128 4361 1207 4415 illi
1260 4358 1484 4429 quidem
1525 4357 1749 4420 virtute,
1801 4355 1856 4410 lii
1896 4370 2028 4411 vero

444 4458 697 4529 corporis
735 4456 879 4510 mole
923 4463 1216 4524 augentur.
1260 4449 1374 4506 Nos
1416 4456 1602 4504 autem
1657 4454 1814 4502 tanto
1857 4446 2032 4516 maio,-

446 4566 561 4607 rem
600 4547 669 4604 de
698 4546 853 4603 vobis
898 4544 1168 4600 habemus
1212 4556 1404 4597 curam
1455 4553 1719 4610 spemque
1766 4543 2031 4608 praestan-

444 4639 663 4703 tiorem,
697 4644 907 4708 quanto
938 4634 1113 4706 pietas
1164 4639 1282 4687 arte
1311 4629 1463 4686 omni
1509 4637 1565 4684 et
1611 4628 1867 4683 omnibus
1906 4629 2028 4682 ani-

445 4729 725 4786 mantibus
767 4726 932 4784 simul
985 4733 1041 4785 et
1095 4723 1368 4778 fructibus
1429 4720 1626 4777 melior
1667 4727 1798 4785 est;
1863 4735 2028 4790 quam

444 4823 653 4878 teneris
691 4819 872 4876 adhuc
906 4826 962 4875 et
990 4818 1150 4889 puris
1184 4816 1477 4871 animabus
1518 4813 1719 4871 vestris
1761 4813 2029 4870 radicitus

445 4915 671 4972 insitam
714 4930 747 4970 a
787 4912 947 4969 nobis
985 4917 1041 4967 et
1075 4911 1364 4977 nutritam,
1416 4908 1585 4964 etiam
1618 4907 1686 4963 ad
1720 4903 2027 4976 perfectum

517 5074 537 5093 ‘
565 5069 715 5125 Alias
743 5065 901 5124 CCX.

516 5140 630 5212 (98)
670 5139 928 5205 Τούτοις.
962 5136 1096 5209 Reg.
1138 5132 1415 5193 secundus
1436 5139 1494 5189 et
1532 5130 1700 5189 Coisl.
1752 5130 2031 5190 secundus

444 5227 1018 5350 τοῖὄθῖῗυϐερνήτῃ.
1033 5276 1177 5350 Reg.
1204 5276 1479 5350 secundus
1500 5240 1860 5347 κυϐερνήτην.
1884 5272 2030 5328 Idem

445 5348 570 5406 cuin
600 5348 814 5405 duobus
838 5351 960 5405 aliis
990 5349 1091 5403 ούκ
1123 5348 1357 5418 ἐφίεται.

518 5421 611 5501 (11)-
640 5410 1179 5501 Ὲμςζορευομένηγξ
1212 5417 1304 5473 Sic
1338 5415 1756 5501 Qoisl.'pri_mus
1782 5420 1844 5501 et

448 5485 620 5562 liabet
645 5485 932 5547 Mediqu
963 5485 1483 5562 ἐμπολιτευομένην.
1517 5485 1663 5541 Editi
1692 5497 2029 5556 συμπορευο-

518 5578 740 5699 grab-
765 5633 942 5702 Mm),
972 5639 1078 5702 etc.
1103 5629 1236 5700 Reg.
1263 5630 1539 5695 secundus
1567 5635 1620 5687 et
1641 5625 1808 5685 Coisl.
1839 5638 2032 5683 secun-

445 5696 550 5755 dus
579 5696 644 5756 ⁷ὲν
679 5701 823 5773 λόγῳ
849 5696 1005 5756 ’σε’τδ
1034 5701 1155 5759 καθ’
1185 5696 1352 5772 ἧμᾶς.

2556 3580 2773 3650 Φήστῳ
2803 3581 2903 3635 καὶ
2937 3581 3158 3653 Μάγνῳ
3200 3582 3298 3651 (4).

2205 3712 2412 3784 Πρέπει
2461 3713 2560 3785 μέν
2611 3731 2714 3768 που
2751 3714 2845 3768 καὶ
2891 3716 3133 3788 πατράσι
3162 3716 3370 3771 παίδων
3407 3717 3557 3773 ἰδίων
3594 3720 3717 3791 πρό-

2135 3822 2252 3859 νοια
2277 3844 2292 3870 ,
2331 3805 2428 3859 καὶ
2458 3808 2726 3878 γεωργοῖς
2759 3807 2943 3876 φυτῶν
2972 3808 3005 3880 ἢ
3048 3810 3381 3881 σπερμάτων
3411 3811 3731 3883 ἐπιμέλεια.

2136 3897 2230 3951 καὶ
2279 3896 2620 3961 διδασκάλοις
2674 3898 2934 3970 μαθητῶν
3003 3902 3225 3971 φροντὶς
3248 3939 3265 3966 ,
3323 3900 3561 3972 μάλιστα
3596 3904 3735 3956 ὅταν

2133 3988 2200 4042 δι’
2232 3990 2460 4059 εὐφυΐαν
2496 3989 2741 4061 βελτίους
2770 3993 2856 4061 ἐφ’
2883 3992 3096 4058 ἑαυτοῖς
3126 3994 3486 4065 ὑποφαίνουσι
3512 3995 3591 4066 (5)
3630 3996 3733 4060 τὰς

2135 4081 2376 4146 ἐλπίδας.
2412 4081 2609 4154 Χαίρει
2636 4082 2744 4157 γὰρ
2775 4083 2955 4138 πονῶν
2989 4086 3085 4139 καὶ
3109 4086 3389 4158 γεωργὸς,
3425 4087 3735 4160 ἁδρυνομέ-

2135 4190 2241 4225 νων
2277 4172 2427 4244 αὐτῷ
2462 4173 2541 4244 (6)
2594 4174 2705 4228 τῶν
2732 4175 3022 4246 ἀσταχύων
3055 4176 3089 4246 ἢ
3123 4177 3232 4229 τῶν
3282 4176 3467 4247 φυτῶν
3506 4176 3735 4243 αὐξανο-

2139 4264 2342 4335 μένων·
2372 4265 2722 4337 εύφραίνουσι
2747 4267 2805 4320 δὲ
2833 4268 2928 4321 καὶ
2957 4268 3199 4340 μαθηταὶ
3225 4268 3603 4333 διδασκάλους,
3635 4270 3736 4323 καὶ

2138 4356 2328 4421 παῖδες
2370 4356 2614 4428 πατέρας
2639 4397 2654 4421 ,
2693 4359 2742 4411 οἱ
2783 4359 2884 4429 μὲν
2933 4358 3073 4431 πρὸς
3128 4358 3360 4431 ἀρετὴν,
3395 4361 3446 4413 oi
3476 4359 3535 4413 δὲ
3589 4361 3736 4433 πρὸς

2137 4447 2365 4520 αὔξησιν
2388 4450 2735 4515 ἐπιδιδόντες.
2778 4451 2970 4523 Ἡμεῖς
2997 4451 3056 4505 δὲ
3081 4451 3337 4506 τοσοῦτον
3370 4450 3601 4523 μείζονα
3627 4454 3733 4524 μὲν

2137 4540 2223 4608 ἐφ’
2268 4542 2398 4612 ὑμῖν
2447 4541 2645 4613 ἔχομεν
2700 4543 2799 4614 τὴν
2846 4543 3142 4616 φροντίδα,
3183 4543 3473 4615 κρείττονα
3530 4543 3591 4599 δὲ
3629 4545 3734 4615 τὴν

2138 4631 2363 4696 ἐλπίδα,
2398 4635 2524 4687 ὅσον
2560 4633 2817 4689 εὐσέϐεια
2848 4635 3033 4706 πάσης
3088 4635 3187 4707 μὲν
3217 4634 3451 4708 τέχνης,
3508 4636 3738 4691 πάντων

2136 4724 2194 4778 δὲ
2229 4722 2385 4788 ζώων
2432 4724 2568 4797 ὁμοῦ
2605 4726 2700 4779 καὶ
2731 4726 2962 4798 καρπῶν
3009 4727 3159 4782 ἐστιν
3213 4727 3492 4798 ἀμείνων,
3547 4728 3619 4799 ἢν
3673 4731 3737 4784 ἐν

2137 4815 2372 4880 ἁπαλαῖς
2425 4815 2505 4869 ἔτι
2553 4818 2648 4871 καὶ
2694 4816 2961 4889 καθαραῖς
3011 4818 3136 4879 ταῖς
3181 4815 3478 4888 ὑμετέραις
3528 4817 3739 4889 ψυχαῖς

2141 4905 2460 4979 ριζωθεῖσαν
2490 4908 2580 4977 ὑφ’
2613 4908 2771 4979 ἡμῶν
2818 4909 2912 4962 καὶ
2947 4910 3254 4980 τραφεῖσαν
3290 4908 3419 4962 ἰδεῖν
3453 4910 3738 4981 εὐχόμεθα

2064 5064 2107 5119 D
2211 5059 2288 5200 (ὃς
2318 5061 2525 5139 Ποιῇς.
2557 5061 2707 5118 Harl.
2736 5067 2929 5128 ποιεῖς.

2210 5130 2267 5199 (4
2318 5130 2535 5198 Φήστῳ
2567 5134 2667 5186 καὶ
2686 5134 2921 5200 Μάγνῳ.

2210 5130 2535 5203 (4)-Φήστῳ
2567 5134 2667 5186 καὶ
2686 5134 2921 5203 Μάγνῳ.
2950 5133 3085 5192 Tres
3107 5136 3327 5191 codices
3356 5135 3566 5191 addunt
3589 5138 3737 5193 ὥστε

2135 5200 2546 5277 επιτείνειν-τὴν
2574 5203 2716 5277 πρὸς
2734 5200 2802 5277 τά
2826 5204 3110 5275 κρείττονα
3141 5206 3377 5277 μάθησιν
3393 5224 3410 5239 ο
3436 5206 3509 5262 Ut
3535 5211 3607 5262 ad
3632 5227 3736 5264 me-

2136 5270 2276 5324 liora
2301 5270 2541 5326 studiuin
2566 5270 2868 5327 intendant.

2205 5340 2283 5422 (5)
2323 5341 2768 5422 Ὑξεοεραίγουσι.
2799 5342 2917 5400 Duo
2944 5344 3099 5417 Regii
3123 5346 3341 5403 codices
3367 5355 3421 5403 et
3444 5348 3620 5406 Cois].
3648 5366 3736 5406 re-

2133 5414 2346 5484 centior
2374 5414 2734 5484 ὑποφαίνωσι.

2207 5480 2284 5605 (6‘)
2319 5480 2511 5549 Αὐτῷ.
2537 5483 2613 5539 lta
2646 5484 2868 5541 codices
2899 5484 3144 5557 quinque
3170 5503 3307 5544 mss.
3343 5487 3489 5543 Editi
3522 5490 3728 5544 αὐτῶν.

2207 5568 2253 5605 tu
2279 5567 2312 5603 0
2351 5566 2476 5605 ante
2504 5553 2639 5605 R92-
2685 5557 2961 5605 secundus
2995 5565 3051 5605 et
3078 5559 3244 5605 (Inisl-
3279 5560 3563 5605 secundus
3600 5576 3728 5605 enim

2140 5549 2312 5607 Paulo
2351 5566 2476 5625 ante
2504 5553 2639 5625 Reg.
2685 5549 2961 5613 secundus
2995 5549 3245 5613 et'Coisl.
3279 5560 3563 5614 secundus
3600 5576 3729 5614 eum

2139 5631 2372 5694 utroque
2405 5623 2804 5699 Βὶεοῑ.’Χαίρει
2840 5628 2950 5699 γὰρ
2988 5629 3158 5699 πόνῳ.
3183 5629 3441 5686 ῖϐπιιῖει·
3501 5629 3728 5702 πόνων]
