3852 6224
115 237 259 295 1057

984 233 1471 295 EPISTDLARUM
1506 232 1791 295 CLASSlS
1840 230 1929 289 nt.
1969 231 2191 292 EPIST.
2231 204 2495 295 ccxcv.‘

3228 230 3363 285 1658

109 354 212 407 καὶ
243 350 613 425 προελθοῦσαν
661 350 742 416 εἷς
781 349 964 423 ἀκμὴν
998 352 1243 422 τελείαν,
1278 354 1370 409 καὶ
1422 356 1504 419 εἰς
1551 371 1687 426 καρο

1809 346 2207 413 ncreinentum,
2247 353 2601 414 maturosque
2655 341 2869 400 fructus
2920 344 3241 415 perductam
3275 347 3367 401 vi-

110 443 254 506 ποὺς
283 440 516 514 ὡραίους
539 481 555 507 ,
587 440 1105 514 συλλαμϐανομένης
1146 442 1305 515 ἡμῶν
1349 447 1470 509 ταῖς
1506 444 1692 515 εὐχαῖς

108 536 214 605 τῆς
252 531 522 603 ὑμετέρας
576 531 950 603 φιλομαθείας.
1001 530 1076 588 Εὖ
1114 536 1224 607 γὰρ
1279 534 1396 588 ἴστε
1447 535 1543 588 καὶ
1593 533 1691 605 τὴν

106 625 389 696 ἡμετέραν
417 625 497 687 εἰς
522 624 666 695 sps;
695 623 926 691 εὔνοιαν,
953 627 1048 679 καλ⁸
1081 625 1178 697 τὴν
1204 625 1300 680 τοῦ
1332 625 1468 679 Θεοῦ
1500 643 1692 698 συνερ-

108 717 242 785 γίαν
262 716 380 778 ταῖς
409 715 700 789 ὑμετέραις
737 717 1116 771 ἐναποκεῖσθαι
1142 718 1391 790 γνώμαις
1408 760 1422 785 ,
1458 710 1532 772 ὧν
1554 718 1691 790 πρὸς

110 806 175 859 τὺ
232 806 348 859 δέον
398 806 768 879 εύθυνομένων
792 848 807 873 ,
863 808 994 874 Θεὸς
1045 810 1308 880 συνεργὸς
1360 811 1691 882 καλούμενος

112 897 387 970 παρέσται
416 899 512 951 καὶ
562 899 797 971 ἄκλητος
816 940 831 964 ,
861 902 956 955 καὶ
988 903 1096 965 πᾶς
1138 901 1380 971 φιλόθεος
1406 904 1691 976 ἄνθρωπος

111 987 254 1059 πρὸς
305 985 647 1041 διδασκαλίαν
684 989 1141 1060 αὐτεπάγγελτος.
1190 990 1467 1063 Ἀνίκητος
1501 994 1611 1064 γὰρ
1654 996 1686 1066 ἡ

111 1078 398 1150 προθυμία
453 1080 562 1132 τῶν
621 1080 893 1135 διδάσκειν
947 1098 1000 1135 τι
1047 1082 1316 1153 χρήσιμον
1352 1083 1686 1154 δυναμένων,

106 1170 246 1224 ὅταν
273 1170 329 1223 αἱ
364 1169 474 1223 τῶν
501 1171 872 1241 μανθανόντων
905 1172 1074 1243 ψυχαὶ
1097 1175 1278 1244 πάσης
1309 1173 1689 1246 καθαρεύωσιν

107 1260 456 1325 ἀντιτυπίας.
482 1261 690 1317 Οὐκοῦν
727 1263 850 1317 οὐδὲ
880 1263 1130 1334 σώματος
1161 1263 1360 1318 κωλύει
1390 1266 1686 1338 χωρισμὸς,

105 1350 209 1407 τοῦ
259 1354 761 1427 δημιουργήσαντος
813 1356 962 1426 ἡμᾶς
1014 1357 1083 1409 δι’
1132 1356 1436 1429 ὑπερϐολὴν
1497 1359 1689 1428 σοφίας

108 1443 212 1498 καὶ
265 1444 673 1515 φιλανθρωπίας
726 1444 800 1515 μὴ
852 1449 1376 1519 συμπεριορίσαντος
1428 1452 1539 1512 τοῖς
1586 1447 1690 1501 σώ-

109 1553 253 1609 μασι
294 1538 392 1608 τὴν
417 1538 653 1592 διάνοιαν
677 1579 692 1603 ,
731 1538 868 1609 μήτε
899 1538 1005 1609 μὴν
1038 1542 1104 1611 τῇ
1142 1539 1355 1612 γλώττῃ
1382 1541 1489 1594 τῶν
1514 1542 1688 1610 λόγων

104 1630 214 1700 τὴν
252 1629 476 1700 δύναμιν
498 1647 513 1661 υ
548 1630 727 1693 δόντος
756 1629 814 1682 δέ
850 1646 904 1682 τι
945 1630 1126 1685 πλεῖον
1155 1633 1249 1685 καὶ
1292 1633 1401 1686 ἀπὸ
1438 1632 1534 1686 τοῦ
1563 1633 1690 1704 χρό-

1791 439 1923 496 dere
1988 439 2278 510 cupimus,
2346 444 2532 492 vestro
2616 435 2863 491 discendi
2923 437 3108 492 studio
3172 448 3359 495 nostra

1794 541 1917 587 vota
1949 531 2265 601 adiuvante.
2311 529 2489 584 Probe
2536 528 2679 582 enim
2734 529 2888 584 scitis
2930 538 2985 586 et
3025 537 3269 585 nostram
3302 532 3358 587 in

1792 640 1888 679 vos
1912 624 2373 688 benevolentiam,
2422 630 2477 676 et
2524 622 2615 677 Dei
2644 624 2907 677 auxilium
2945 624 3003 678 in
3050 624 3251 679 vestris
3295 626 3369 680 si«

1795 726 1910 770 tum
1951 731 2073 770 esse
2116 716 2494 771 voluntatibus
2530 733 2543 770 :
2577 717 2778 785 quibus
2824 715 2888 769 ad
2921 715 2972 770 id
3009 715 3153 786 quod
3205 717 3359 773 decet

1790 809 2040 871 directis,
2071 807 2216 864 Deus
2245 808 2464 876 adjutor
2490 816 2721 863 vocatus
2751 809 2926 863 aderit
2952 817 3003 863 et
3026 808 3316 863 invocatus
3344 824 3359 873 ;

1790 909 1845 955 et
1875 900 2125 970 quisquis
2162 900 2332 955 Deum
2373 899 2567 971 diligit.
2606 915 2705 955 sua
2735 908 2929 970 sponte
2959 899 3025 954 ad
3054 900 3361 955 docendum

1793 1007 1852 1046 se
1883 991 2096 1046 oﬂ‘crct.
2143 991 2241 1046 Est
2302 991 2449 1045 enim
2498 992 2700 1046 invicta
2750 992 3007 1046 alacritas
3047 1006 3238 1046 eorum
3269 990 3362 1060 qui

1792 1082 1926 1136 utile
1958 1082 2159 1151 aliquid
2192 1080 2388 1137 docere
2419 1091 2667 1151 possunt,
2700 1097 2824 1136 cum
2853 1082 3182 1137 discentium
3209 1095 3363 1136 men»

1791 1179 1875 1227 tes
1919 1172 1989 1225 ab
2029 1171 2178 1225 omni
2239 1186 2391 1240 purae
2442 1180 2572 1226 sunt
2615 1170 2930 1226 obluctandi
2975 1171 3128 1225 vitio.
3178 1168 3365 1240 Itaque

1791 1279 1861 1319 ne
1908 1264 2158 1333 corporis
2197 1263 2415 1333 quidem
2460 1264 2755 1333 disjunctio
2795 1270 2881 1318 est
2933 1264 3365 1334 impedimento;

1790 1360 1994 1430 quippe
2041 1374 2165 1414 cum
2205 1357 2467 1414 Conditor
2497 1367 2709 1426 noster,
2739 1359 2810 1414 ob
2838 1359 3122 1429 sapientiae
3160 1373 3224 1413 ac
3265 1358 3365 1413 be-

1790 1449 2077 1521 nignitatis
2141 1450 2597 1521 magnitudinem,
2629 1466 2732 1505 nec
2777 1450 3106 1519 corporibus
3160 1453 3365 1521 cogita-

1791 1541 2030 1603 tionem,
2075 1555 2176 1595 nec
2239 1541 2420 1611 lingua
2482 1540 2699 1595 dicendi
2763 1540 3074 1596 facultatem
3130 1540 3366 1595 circum-

1793 1630 2075 1701 scripserit
2110 1648 2124 1696 ;
2158 1630 2253 1686 sed
2300 1637 2355 1685 et
2403 1630 2473 1685 ab
2504 1631 2624 1699 ipso
2654 1640 2900 1701 tempore
2937 1630 3173 1700 amplius
3207 1630 3366 1701 quid-

103 1737 205 1772 νου
233 1722 347 1783 τοῖς
376 1720 604 1790 ὠφελεῖν
639 1720 989 1791 δυναμένοις,
1024 1721 1099 1786 ὡς
1134 1722 1208 1794 μὴ
1245 1723 1404 1795 μόνον
1434 1728 1547 1789 τοῖς
1588 1743 1690 1796 μα-

1803 1722 1917 1775 dam
1962 1722 2050 1785 iis,
2082 1722 2175 1792 qui
2218 1722 2481 1792 prodesse
2518 1730 2773 1792 possunt,
2812 1724 3041 1793 largitus
3071 1723 3165 1784 sit,
3200 1722 3275 1775 ita
3308 1728 3365 1774 ut
3402 1722 3427 1783 ,ζ

103 1809 256 1882 κράν
296 1809 632 1882 διεστηκόσιν
656 1851 671 1876 ,
699 1810 836 1865 ἀλλὰ
865 1812 929 1884 δὴ
961 1813 1056 1867 καὶ
1102 1818 1217 1877 τοῖς
1266 1814 1385 1868 λίαν
1416 1816 1687 1885 ὀψιγόνοις

106 1904 508 1975 παραπέμπειν
534 1903 793 1959 δύνασθαι
820 1906 919 1977 τὴν
959 1906 1325 1961 διδασκαλίαν.
1357 1910 1468 1961 Καὶ
1499 1908 1689 1962 τοῦτον

103 1996 249 2065 ἡμῖν
298 1996 331 2067 ἡ
365 1999 529 2067 πεῖρα
573 1995 857 2052 πιστοῦται
890 1998 981 2052 τὸν
1032 1998 1222 2067 λόγον’
1259 2000 1489 2071 ἐπείπερ
1538 2000 1591 2052 οῖ
1628 2017 1689 2053 τε

107 2085 329 2150 πολλοῖς
364 2088 627 2160 πρότερον
676 2090 822 2144 ἔτεσι
876 2090 1154 2161 γενόμενοι
1206 2091 1513 2146 διδάσκουσι
1563 2092 1688 2157 τοὺς

106 2177 304 2242 νέους,
351 2179 664 2252 σωζομένης
698 2183 756 2235 ὲν
806 2182 1097 2254 γράμμασι
1149 2184 1249 2255 τῆς
1300 2182 1685 2247 διδασκαλίας·

107 2272 278 2342 ἡμεῖς
324 2287 389 2339 τε,
435 2274 829 2345 κεχωρισμένοι
874 2275 1130 2330 τοσοῦτον
1169 2278 1282 2340 τοῖς
1331 2276 1549 2347 σώμασι
1568 2315 1582 2339 ,
1622 2277 1687 2347 τῇ

105 2360 324 2432 διανοίᾳ
345 2359 608 2433 σύνεσμεν
630 2364 736 2429 ἀεὶ,
764 2366 860 2419 καὶ
887 2365 1324 2437 προσομιλοῦμεν
1346 2365 1563 2438 ῥᾳδίως,
1593 2365 1693 2436 τῆς

104 2450 459 2518 διδασκαλίας
481 2453 602 2508 οὔτε
630 2456 734 2509 ὑπὸ
768 2456 871 2527 γῆς
887 2456 1009 2510 οὔτε
1042 2456 1147 2511 ὑπὸ
1182 2458 1456 2529 θαλάσσης
1487 2457 1692 2511 κωλυο-

109 2543 292 2614 μένης
313 2582 332 2609 ,
366 2544 421 2598 εἴ
453 2545 537 2611 τίς
564 2547 712 2601 ἐστιν
746 2548 874 2607 ὑμῖν
902 2548 1009 2603 τῶν
1042 2549 1189 2603 ἰδίων
1233 2548 1420 2620 ψυχῶν
1447 2550 1687 2622 φροντίς.

630 2665 978 2720 ΕΠιΣτοΑΗ
1014 2667 1170 2735 ΣιιΕι.

1796 1830 1904 1870 non
1943 1815 2119 1870 solum
2148 1815 2307 1884 longe
2338 1814 2571 1877 dissitis,
2598 1814 2693 1869 sed
2724 1816 2888 1870 etiam
2924 1828 3049 1869 sero
3074 1813 3366 1868 admodum

1793 1907 2093 1962 nascituris
2140 1907 2447 1961 doctrinam
2498 1907 2871 1961 transmittere
2906 1906 3142 1961 valeant.
3192 1906 3366 1973 Atque

1795 1998 1937 2053 hanc
2014 1998 2169 2053 nobis
2232 1999 2557 2052 sententiam
2623 1997 2913 2053 conﬁrmat
2986 1995 3365 2067 experientia:

1797 2090 2233 2162 quandoquidem
2259 2089 2419 2162 433
2446 2098 2500 2145 et
2523 2090 2615 2159 qui
2648 2090 2835 2145 multis
2862 2098 2990 2144 ante
3025 2090 3187 2146 annis
3220 2089 3365 2143 vixe-

1797 2192 1947 2247 runt,
2011 2180 2269 2236 erudiunt
2322 2182 2593 2250 juniores.
2647 2190 2976 2236 conservata
3031 2182 3086 2235 in
3153 2179 3364 2250 scriptis

1798 2273 2047 2328 doctrina
2074 2290 2088 2326 :
2123 2281 2177 2326 et
2209 2287 2579 2343 nos,corpore
2607 2271 2679 2327 ita
2710 2271 2913 2337 dissiti,
2942 2273 3125 2327 animo
3157 2287 3364 2342 semper

1801 2366 2097 2426 adsumus.
2139 2378 2205 2419 ac
2254 2364 2414 2420 facile
2463 2365 2880 2436 colloquimur;
2935 2379 3064 2419 cum
3122 2365 3365 2419 doctrina

1799 2471 1978 2526 neque
2018 2466 2167 2511 terra
2201 2472 2379 2525 neque
2404 2457 2541 2510 mari
2580 2457 2959 2527 prohibeatur,
2996 2457 3041 2510 si
3081 2469 3188 2527 qua
3216 2456 3364 2512 vobis

1800 2556 2104 2604 vestrarum
2132 2550 2438 2604 animarum
2469 2563 2600 2603 cura
2626 2563 2689 2602 ac
2723 2547 3057 2605 sollicitudo.

2250 2662 2586 2719 EPISTOLA
2625 2662 2856 2718 CCXCV
2884 2666 2922 2717 ‘.

516 2778 749 2830 Hortatur
771 2785 822 2830 ut
839 2778 1166 2830 cmmbiticam
1189 2779 1336 2831 vitam
1356 2743 1733 2839 amnlectantur,
1748 2782 2033 2841 revomitque
2053 2790 2113 2827 ne
2148 2779 2258 2842 qam
2282 2789 2365 2826 eos
2387 2790 2415 2826 η
2436 2777 2641 2826 Patrum
2663 2774 2762 2839 ﬁde
2781 2774 3000 2827 abducat.

668 2885 1008 2949 Μονάζουσι
1040 2889 1141 2961 (7).

199 2998 471 3071 Ἦγοῦμαι
506 2999 605 3071 μὲν
635 3001 904 3073 μηδεμιᾶς
942 3002 1136 3075 ἑτέρας
1166 3003 1310 3075 ὑμᾶς
1337 3006 1403 3075 τῇ
1435 3002 1528 3058 τοῦ
1558 3005 1695 3058 Θεοῦ

112 3092 302 3163 χάριτι
347 3091 742 3164 παρακλήσεως
767 3091 975 3146 δεῖσθαι
994 3133 1009 3157 ,
1057 3093 1193 3164 μετά
1224 3094 1349 3157 τοὺς
1381 3093 1574 3164 λόγους
1604 3093 1698 3157 οὓς

109 3186 185 3238 δι’
219 3184 377 3256 ἡμῶν
411 3183 590 3237 αὐτῶν
614 3184 996 3255 ἐποιησάμεθα
1041 3186 1177 3256 πρὸς
1213 3186 1389 3257 ὑμᾶς,
1440 3201 1697 3258 παρακα-

113 3277 337 3341 λοῦντες
376 3277 522 3348 ὑμᾶς
555 3276 764 3341 πάντας
795 3276 894 3348 τὴν
927 3279 1018 3330 ἐπὶ
1061 3278 1124 3331 τὸ
1170 3278 1301 3331 αὐτὸ
1353 3278 1499 3351 ζωὴν
1529 3296 1698 3332 κατα-

112 3368 372 3433 δέξασθαι
424 3371 504 3432 είς
558 3369 783 3440 μίμημα
828 3369 928 3440 τῆς
974 3368 1338 3439 ἀποπολικῆς
1389 3369 1696 3433 πολιτείας,

112 3462 145 3514 ὃ
178 3461 274 3514 καὶ
321 3459 573 3525 ἐδέξασθε
604 3461 680 3525 ὼς
717 3460 919 3529 ἀγαθὸν
952 3460 1216 3531 δίδαγμα,
1246 3461 1340 3513 καὶ
1368 3460 1701 3531 ηὐχαριστήν

118 3569 251 3606 σατε
298 3552 365 3605 δι’
396 3552 529 3605 αὐτὸ
580 3551 658 3623 τῷ
708 3552 920 3624 Κυρίῳ.
974 3553 1129 3606 Ἑπεὶ
1178 3547 1272 3605 οὖν
1311 3552 1429 3621 οὐχὶ
1479 3552 1699 3621 ῥήματα

114 3639 186 3714 ἧν
216 3642 290 3696 τὰ
321 3643 452 3715 παρ’
486 3642 644 3714 ἡμῶν
677 3642 978 3714 λαληθέντα
1003 3681 1019 3705 ,
1076 3642 1215 3697 ἀλλὰ
1265 3642 1572 3710 διδάγματα
1620 3643 1700 3703 εἰς

116 3733 282 3804 ἔργον
306 3732 588 3802 προελθεῖν
612 3731 688 3803 (8)
718 3732 1003 3801 ὀφείλοντα
1029 3732 1121 3785 ἐπὶ
1144 3731 1384 3801 ὠφελείᾳ
1419 3732 1515 3801 μὲν
1543 3730 1700 3801 ὑμῶν

116 3823 229 3878 τῶν
276 3824 653 3895 ἀνεχομένων,
705 3825 793 3876 ἐπ’
840 3823 1147 3878 ἀναπαύσει
1191 3824 1249 3877 δὲ
1299 3824 1543 3894 ἡμετέρα
1592 3822 1702 3875 τῶν

116 3914 472 3985 υποθεμένων
513 3916 611 3986 τὴν
651 3914 913 3986 γνώμην,
948 3916 1028 3979 εἰς
1062 3913 1221 3979 δόξαν
1251 3914 1310 3966 δὲ
1353 3914 1448 3967 καὶ
1481 3913 1701 3966 ἔπαινον

114 4003 215 4058 τοῦ
263 4003 534 4075 Χριστοῦ,
591 4000 669 4061 οὗ·
695 4005 756 4059 τὸ
802 4004 975 4075 ὄνομα
1010 4004 1365 4073 ἐπικέκληται
1403 4004 1489 4073 ἐφ’
1517 4005 1697 4074 ἡμᾶς’

114 4095 311 4150 τούτου
342 4094 502 4167 χάριν
530 4095 826 4149 ἀπέστειλα
846 4096 940 4150 τὸν
970 4095 1346 4149 ποθεινότατον
1373 4094 1529 4164 ἡμῶν
1552 4093 1704 4147 ἀδελ-

118 4187 254 4255 φὸν,
284 4187 373 4240 ἴνα
408 4188 503 4241 καὶ
534 4188 596 4241 τὸ
628 4186 910 4259 πρόθυμον
942 4187 1186 4259 γνωρίσῃ
1208 4229 1224 4253 ,
1262 4188 1356 4241 καὶ
1397 4188 1456 4240 τὸ
1494 4186 1700 4259 νωθρὸν

117 4278 359 4350 διεγείρῃ
380 4318 394 4340 ,
425 4280 520 4333 καὶ
561 4279 624 4332 τὸ
663 4280 959 4333 ἀντιτεῖνον
996 4281 1227 4351 φανερὸν
1258 4281 1392 4351 ἡμῖν
1418 4282 1693 4350 καταστή-

120 4387 211 4443 σῃ.
244 4370 420 4442 Πολλὴ
452 4371 560 4443 γὰρ
592 4374 625 4443 ἡ
653 4371 918 4444 ἐπιθυμία
955 4374 1052 4426 καὶ
1085 4372 1214 4426 [δεῖν
1240 4374 1385 4443 ὑμᾶς
1425 4373 1699 4444 συνηγμέ-

118 4477 279 4524 νους,
309 4461 403 4513 καὶ
441 4461 667 4516 ἀκοῦσαι
703 4463 830 4532 περὶ
864 4461 1017 4534 ὑμῶν
1043 4502 1057 4524 ,
1088 4463 1171 4517 ὅτι
1209 4463 1329 4534 οὐχ).
1380 4464 1470 4517 τὸν
1510 4463 1697 4535 ἀμάρ-

118 4568 282 4623 τυρον
314 4553 567 4620 ἀγαπᾶτε
593 4553 707 4624 βίον
731 4595 746 4616 ,
774 4553 912 4607 ἀλλά
943 4554 1145 4626 μᾶλλον
1173 4554 1540 4626 καταδέχεσθε
1564 4557 1699 4611 πάν-

118 4657 213 4704 τες
249 4644 345 4696 καὶ⁹
376 4643 614 4712 φύλακες
640 4648 742 4717 τῆς
779 4645 1025 4717 ἀλλήλων
1058 4645 1346 4717 ἀκριϐείας
1380 4642 1521 4700 εἶναι
1542 4686 1558 4709 ,
1601 4645 1698 4699 καὶ

122 4732 398 4804 μάρτυρες
446 4734 554 4789 τῶν
593 4736 1061 4810 κατορθουμένων.
1098 4738 1255 4792 Οὕτω
1310 4737 1420 4810 γὰρ
1465 4739 1697 4803 ἕκαστος

119 4822 216 4874 καὶ
235 4823 325 4876 τὸν
360 4823 447 4892 ἐφ’
469 4823 647 4895 ἐαυτῷ
669 4825 860 4895 μισθὸν
877 4825 1081 4879 τέλειον
1100 4824 1445 4895 ἀπολήψεται
1464 4824 1565 4895 (9),
1600 4825 1698 4879 καὶ

118 4908 210 4961 τὸν
251 4912 343 4963 ἐπὶ
372 4913 437 4983 τῇ
471 4911 563 4966 τοῦ
603 4912 830 4983 ἀδελφοῦ
863 4917 1115 4985 προκοπῆ
1147 4932 1160 4945 ο
1199 4914 1258 4969 ὃν
1301 4916 1395 4970 καὶ
1427 4915 1572 4986 λόγῳ
1601 4915 1696 4969 καὶ

188 5022 257 5053 ⁸⁸·
281 5020 482 5079 Jerem.
516 5041 629 5089 rtv,
661 5025 717 5082 9.

190 5130 267 5212 (7)
294 5132 651 5212 Μοηάζουσςι.
677 5134 771 5212 Sic
785 5135 1160 5212 Δῐξιιιιιηβοίει.
1188 5138 1398 5212 primus
1417 5148 1470 5194 et
1492 5139 1696 5212 Regius

160 5204 369 5276 rimus;
390 5203 460 5276 ᾼι
482 5202 683 5276 Regius
708 5207 851 5262 2897
888 5217 941 5263 et
972 5206 1142 5276 Coisl.
1180 5202 1455 5265 secundus
1482 5202 1695 5267 sic'ha-

192 5278 286 5351 nt:
495 5273 867 5351 -μονάζρντας,
912 5278 979 5351 δι’
1002 5273 1070 5351 ἦς
1113 5279 1476 5351 ἐπιστηρίζειᾹ
1500 5282 1696 5346 αὐτοὺς

121 5341 259 5411 πρὸς
282 5341 385 5414 τήν
402 5345 470 5415 ᾲὲν
495 5341 717 5415 Χριστῷ
749 5341 1148 5403 πολιτείαν’καὶ
1181 5341 1394 5403 πίστίνῗ
1423 5341 1695 5406 Honachis

193 5426 261 5490 os
280 5413 561 5490 conﬁrmat
591 5418 643 5490 in
668 5413 779 5469 vita
798 5414 1081 5490 secundum
1113 5416 1383 5473 Christum
1410 5431 1460 5475 et
1489 5422 1544 5475 in
1569 5422 1692 5490 ﬁde.

118 5425 252 5533 Εὀε
280 5425 557 5481 confirmat
591 5425 643 5468 in
668 5425 779 5469 vita
798 5425 1081 5472 secundum
1113 5425 1383 5473 Christum
1410 5431 1460 5475 et
1489 5425 1544 5475 in
1569 5425 1692 5490 ﬁde.

204 5482 263 5535 uti
292 5481 497 5537 addunt
523 5485 617 5538 καί
637 5502 821 5556 φησιν,
847 5488 930 5540 ὅτι
942 5490 991 5610 ἒ
1022 5488 1204 5570 πίστις
1225 5490 1370 5543 ἐστὶν
1393 5492 1426 5563 ἡ
1450 5490 1697 5557 σώζουσα

118 5549 212 5603 διὰ
246 5551 468 5610 ἀγάπης
511 5556 893 5610 ἐνεργουμένη·
992 5568 1012 5610 ι
1059 5569 1134 5610 att
1179 5558 1335 5610 ﬁdem
1378 5578 1495 5610 aut:
1525 5561 1696 5610 salvat

118 5549 468 5637 quadrimae
511 5549 893 5637 ἐνεργορμένη·
942 5549 1012 5610 Et
1059 5559 1134 5611 ait
1175 5549 1335 5626 ﬁdem
1378 5549 1495 5632 qua
1525 5549 1696 5618 salvat

122 5633 241 5674 eam
268 5638 379 5677 esse
407 5639 524 5693 qua:
551 5626 642 5694 per
664 5626 977 5682 maritatam
1010 5640 1276 5684 oneratur.

2434 2885 2732 2940 Honachis.

1873 2999 2124 3055 Arbitror
2165 2999 2419 3069 equidem
2455 2999 2663 3053 nullam
2702 2999 2862 3053 aliam
2891 3000 3047 3057 vobis
3079 3000 3175 3058 Dei
3201 3004 3366 3075 gratia

1799 3105 1939 3160 opus
1971 3105 2094 3144 esse
2121 3088 2585 3153 adhortationem,
2609 3097 2738 3159 post
2774 3106 2869 3145 eos
2896 3106 3204 3157 sermones,
3235 3107 3367 3163 quot

1799 3198 1897 3254 per
1924 3198 2010 3237 me
2043 3184 2162 3253 ipse
2192 3183 2336 3252 apud
2375 3198 2471 3237 vos
2509 3182 2700 3247 habui,
2740 3199 2863 3237 cum
2890 3199 2991 3239 vos
3020 3200 3211 3242 omnes
3249 3186 3365 3241 hor-

1801 3286 1969 3336 tarer,
1997 3282 2058 3328 ut
2086 3274 2253 3327 vitam
2281 3289 2622 3328 communem
2650 3274 2715 3327 ad
2748 3276 3057 3345 exemplum
3088 3278 3367 3346 apostolic‘

1801 3364 2041 3418 instituti
2096 3364 2610 3433 amplecteremini;
2661 3364 2806 3433 quod
2846 3374 2915 3439 ⁴(ξι
2973 3367 3265 3437 accepistis
3317 3379 3368 3423 u'

1801 3458 2003 3511 bonum
2028 3457 2444 3519 documentum,
2473 3464 2526 3509 et
2557 3455 2626 3510 de
2660 3456 2765 3509 hoc
2800 3456 2920 3526 ipso
2946 3458 3120 3527 gratis
3148 3457 3367 3515 Domine

1800 3548 2009 3617 egistis.
2037 3546 2174 3601 Cum
2214 3547 2381 3617 igitur
2405 3544 2572 3601 verba
2618 3562 2725 3601 non
2759 3546 2964 3602 fuerint
2999 3564 3119 3617 qua:
3149 3564 3179 3603 a
3218 3551 3368 3605 nobit

1801 3639 1949 3693 dicta
1983 3647 2131 3701 sunt,
2162 3638 2260 3694 sed
2302 3638 2630 3693 documenta
2675 3639 2729 3691 in
2776 3654 2891 3692 rem
2938 3640 3268 3696 conferenda
3311 3643 3383 3699 ad

1804 3730 2098 3785 utilitatem
2130 3736 2391 3790 vestram,
2423 3728 2518 3797 qui
2549 3744 2635 3783 me
2663 3728 3023 3789 disserentem
3050 3731 3387 3799 pertolistis.

1802 3829 1855 3877 et
1885 3822 1951 3875 ad
1978 3821 2410 3875 consolationem
2447 3834 2647 3882 meam,
2688 3821 2781 3888 qui
2817 3820 2871 3875 id
2903 3820 3099 3875 dabam
3136 3823 3383 3889 consilii,

1802 3927 1868 3965 ae
1918 3912 2137 3965 tandem
2183 3910 2250 3964 ad
2298 3909 2528 3980 gloriam
2572 3916 2626 3963 et
2682 3909 2898 3965 laudem
2947 3912 3178 3977 Christi,
3222 3917 3381 3985 cujus

1802 4019 2004 4059 nomen
2027 4018 2193 4073 super
2217 4004 2647 4060 nosinvocatum
2676 4011 2764 4057 est
2780 4003 3040 4070 “*;banc
3065 4006 3137 4060 ob
3159 4022 3383 4063 causam

1803 4096 2339 4151 desideratissimum
2405 4100 2658 4149 nostrum
2729 4093 2956 4149 fratrem
3024 4097 3172 4161 misi,
3224 4107 3284 4152 ut
3328 4108 3412 4171 ct,-

1805 4188 1951 4257 quod
1979 4188 2160 4241 alacre
2190 4194 2273 4240 est
2306 4192 2627 4257 cognoscat,
2660 4194 2716 4241 et
2743 4187 2889 4256 quod
2912 4188 3128 4258 pigrum
3155 4191 3381 4252 excitet,

1802 4290 1856 4335 et
1882 4280 2025 4349 quod
2069 4280 2376 4335 reluctatur
2401 4280 2562 4334 nobis
2606 4279 2833 4334 indicet.
2862 4279 2998 4335 Nam
3034 4281 3385 4338 vehementer

1803 4373 1964 4441 cupio
2004 4377 2119 4423 tum
2149 4369 2333 4426 videre
2366 4386 2463 4425 vos
2503 4370 2864 4439 coadunatos,
2895 4380 3010 4425 tum
3043 4372 3096 4427 id
3128 4372 3197 4427 de
3226 4375 3383 4429 vobis

1804 4464 1994 4518 audire
2035 4478 2144 4516 non
2181 4461 2295 4532 jam
2338 4463 2494 4519 vobis
2542 4465 2782 4520 testibus
2828 4474 3106 4519 carentem
3168 4467 3387 4535 placere

1803 4555 1993 4617 vitam,
2044 4553 2141 4607 sed
2195 4553 2247 4607 id
2281 4554 2465 4623 potius
2514 4569 2707 4610 omnes
2749 4556 3027 4624 amplecti,
3083 4562 3144 4610 ut
3191 4564 3247 4611 et
3293 4572 3386 4610 cu-

1805 4645 1993 4699 stodes
2041 4646 2166 4701 sitis
2199 4656 2396 4701 vestrae
2449 4647 2594 4702 inter
2631 4662 2732 4702 vos
2774 4647 3072 4718 diligentiae
3106 4656 3160 4703 et
3211 4655 3383 4703 testes

1806 4734 2065 4802 praelate
2102 4732 2393 4789 factorum.
2419 4734 2511 4790 Sic
2538 4736 2684 4790 enim
2710 4737 3091 4808 unusquisque
3110 4747 3165 4791 et
3195 4754 3296 4807 pro
3322 4754 3383 4794 se

1805 4822 1923 4890 ipse
1964 4823 2272 4879 mercedem
2313 4824 2617 4894 perfectum
2669 4827 2899 4897 accipiet
2940 4833 2996 4881 et
3043 4841 3142 4898 pro
3198 4826 3380 4884 fratris

1806 4928 2097 4984 progressu
2126 4931 2142 4980 ;
2176 4930 2339 4986 quam
2366 4917 2587 4986 quidem
2629 4931 2730 4987 par
2757 4922 2842 4974 cst
2870 4926 2930 4972 ut
2952 4918 3109 4973 vobis
3145 4917 3378 4974 invicem

1880 5144 1957 5223 (8)
1996 5148 2337 5223 Προελᾷεῒν.
2376 5147 2453 5223 l_ta
2502 5148 2683 5223 θοι-1.,
2725 5151 2892 5223 med"
2936 5152 3066 5223 Reg.
3114 5159 3379 5219 uterque,

1803 5216 1974 5292 Coisl.
2008 5216 2290 5292 secundus
2309 5226 2363 5292 et
2389 5219 2561 5288 Bigot.
2586 5222 2761 5279 Habet
2775 5221 2944 5277 Coisl.
2971 5216 3180 5292 primus
3207 5216 3380 5291 προσ-

1804 5287 2000 5341 ελθεῖν.
2032 5287 2174 5342 Editi
2208 5288 2405 5342 ἐλθεῖν.

1876 5357 1953 5429 (9)
1995 5357 2417 5434 qumo-stat;
2442 5358 2558 5434 Duo
2591 5377 2731 5434 mss:
2771 5361 3017 5434 λήψεται.
3061 5360 3228 5434 Paulo
3260 5367 3384 5431 post

1803 5426 1931 5503 tr_e_s_
1948 5442 2083 5483 mss.
2112 5426 2484 5503 παρασχέσθαι
2507 5431 2670 5503 ὑμᾶς.
2698 5430 2805 5487 Sed
2824 5426 2979 5486 Harl.
3009 5440 3064 5488 et
3089 5430 3228 5487 Med.
3256 5426 3383 5485 cum

1805 5496 1967 5554 editis
1996 5496 2369 5553 consentiunt.

1880 5568 2077 5638 ’LAlias
2102 5566 2353 5625 CCXCV.
