3852 6224
88 357 236 415 illi!

948 359 1440 419 EI’ISTOLARUM
1476 362 1760 420 CLASSIS
1798 362 1891 421 Ill.
1939 362 2156 419 EPIST.
2198 359 2474 419 CCXCIX.

3229 357 3371 413 1013

90 468 315 541 ἡλικίας
354 468 747 541 πρεσϐυτικον,
792 480 885 525 καὶ
930 472 1019 528 διά
1051 474 1116 529 τὸ
1155 477 1255 548 τῆς
1303 480 1679 551 πνευματικῆς

1795 487 2004 551 propter
2032 486 2346 552 provectam
2387 482 2621 542 atatem,
2651 481 2766 530 tum
2806 480 3032 546 propter
3065 472 3365 543 spiritualis

89 558 392 624 διαθέσεως
449 562 674 633 γνήσιον
730 562 832 633 τὴν
885 564 1215 638 ἀσύγκριτόν
1271 586 1364 623 σου
1400 570 1681 638 εὐγένειαν

91 656 194 709 καὶ
231 656 289 709 ὲν
335 654 402 725 τῇ
439 657 727 726 σωματικῇ
767 658 1040 730 παρουσίᾳ
1072 660 1500 718 ἐπισκέπτεσθαι
1522 704 1537 728 ,
1589 665 1682 718 καὶ

91 745 347 818 ἀπούσης
373 746 484 818 (19)
529 747 605 819 μὴ
647 748 1153 820 ἀπολιμπάνεσθαι,
1190 752 1325 806 ἀλλά
1357 757 1689 827 γράμμασιν,

92 840 451 911 ἀποπληροῦν
505 843 568 896 τὸ
618 842 840 910 ἐνδέον,
897 846 1086 918 ἐπειδὴ
1148 843 1304 919 εὗρον
1367 850 1689 921 πρέπουσαν

90 929 342 985 διάκονον
367 930 477 984 τῶν
526 931 664 1005 πρὸς
689 932 791 1005 τὴν
838 934 936 1004 σὴν
985 938 1291 1010 σεμνότητα
1340 943 1682 1014 γραμμάτων

90 1023 255 1095 τήνδε
278 1065 294 1089 ,
329 1023 397 1077 δι’
429 1025 604 1097 αὐτῆς
631 1027 1090 1101 προσφθέγγομαί
1122 1048 1182 1085 σε
1210 1071 1225 1095 ,
1257 1035 1684 1107 προηγουμένως

90 1115 400 1188 παρορμῶν
432 1117 528 1172 ἐπὶ
576 1118 638 1173 τὸ
684 1119 845 1193 ἔργον
900 1122 961 1177 τὸ
1006 1122 1100 1177 τοῦ
1145 1125 1352 1198 Κυρίου
1378 1167 1392 1192 ,
1424 1129 1511 1184 ἵνα
1560 1147 1619 1183 σε
1656 1132 1684 1183 ό

90 1208 257 1278 ἅγιος
286 1209 453 1276 Θεὸς,
503 1211 704 1283 τιμίως
756 1213 1116 1285 παρενεγκὼν
1167 1215 1268 1281 τὰς
1319 1218 1533 1292 ἡμέρας
1584 1224 1684 1294 τῆς

91 1302 391 1375 παροικίας
416 1320 511 1358 σου
531 1305 589 1358 ἐν
619 1306 768 1377 πάσῃ
793 1306 1043 1380 εὐσεϐείᾳ
1069 1309 1165 1363 καὶ
1189 1311 1497 1383 σεμνότητι,
1526 1311 1684 1379 ἀξίαν

91 1392 195 1447 καὶ
242 1393 352 1449 τῶν
399 1395 704 1466 μελλόντων
735 1397 955 1467 ἀγαθῶν
1004 1401 1416 1472 καταστήσειεν.
1452 1404 1684 1459 Ἔπειτα

88 1484 154 1537 δὲ
480 1489 889 1579 προειρημένην
932 1489 1210 1565 θυγατέρα
1248 1494 1686 1564 παρακατατίθε-

94 1575 201 1647 μαί
238 1575 350 1649 (20)
386 1594 469 1632 σοι
490 1619 505 1643 ,
527 1575 639 1634 ’ἵνα
689 1581 763 1645 ὡς
791 1583 931 1655 ἐμὴν
960 1583 1058 1655 μὲν
1091 1583 1369 1659 θυγατέρα
1391 1629 1406 1652 ,
1452 1588 1686 1660 σεαυτῆς

91 1669 158 1723 δὲ
195 1668 435 1743 ἀδελφὴν
468 1670 611 1726 οὕτω
650 1672 812 1747 δέξῃ,
860 1676 956 1729 καὶ
989 1677 1119 1747 περὶ
1163 1671 1238 1732 ὧν
1271 1677 1337 1732 ἂν
1382 1681 1449 1751 τῇ
1491 1680 1687 1752 εὐσχή-

96 1763 226 1831 μονί
262 1778 354 1816 σου
383 1764 476 1818 καὶ
502 1765 717 1836 καθαρᾷ
748 1766 893 1838 ψυχῇ
925 1768 1371 1837 ἀνακοινώσεται,
1411 1771 1686 1844 ίδιοπαθή-

94 1867 201 1923 σῃς
228 1890 246 1916 ,
298 1852 394 1907 καὶ
443 1854 705 1926 ἀντιλάϐῃ
759 1857 960 1929 αὐτῆς,
1006 1858 1083 1923 ὡς
1132 1861 1285 1932 παρά
1336 1859 1431 1915 τοῦ
1474 1863 1680 1934 Κυρίου

92 1947 530 2017 προηγουμένως
572 1947 772 2019 ἔχουσα
808 1949 898 2004 τὸν
931 1951 1152 2023 μισθόν
1181 1953 1370 2008 ἔπειτα
1412 1956 1506 2010 καὶ
1536 1958 1683 2028 ἡμᾶς

91 2038 454 2093 ἁναπαύουσα
480 2041 610 2105 τοὺς
629 2041 685 2096 ἐν
709 2043 1038 2114 σπλάγχνοις
1072 2046 1309 2117 Χριστοῦ
1337 2049 1398 2102 τὸ
1429 2049 1528 2120 τῆς
1543 2051 1682 2120 ἀγά-

92 2145 209 2200 πης
240 2146 322 2183 σοι
359 2130 469 2202 (2i)
503 2133 702 2204 μέτρον
726 2136 1183 2208 ἁποπληροῠντας

610 2288 955 2344 εΠιΣΤυΑΗ
995 2294 1160 2360 sur.

1714 1823 1761 1884 Β

1786 575 2013 633 aﬂ‘ectus
2071 575 2464 639 sinceritatem,
2514 572 2651 629 nulli
2718 569 3149 642 comparabilem
3219 576 3364 622 tuam

1785 670 2127 726 nobilitatem
2160 679 2215 725 et
2250 682 2479 737 corpore
2511 674 2837 739 praesentem
2889 663 3145 727 invisere,
3181 670 3234 718 et
3264 661 3363 716 ab-

1787 760 1929 818 senti
1961 776 2068 817 non
2115 761 2326 826 deesse,
2370 759 2464 816 sed
2493 757 2714 821 litteris,
2751 755 2806 811 id
2834 754 2979 826 quod
3020 753 3193 817 deest,
3234 767 3362 823 sup-

1786 850 1936 921 plere
1984 868 1999 905 :
2046 849 2142 906 ubi
2192 857 2390 906 nactus
2423 864 2545 904 sum
2579 849 2829 904 idoneam
2881 847 3021 901 hanc
3052 844 3360 900 ministram

1788 942 2095 999 litterarum
2163 941 2230 996 ad
2289 948 2437 996 tuam
2495 941 2814 1012 gravitatem
2878 936 3364 1008 perferendarum,

1790 1050 1888 1105 per
1923 1036 2096 1104 ipsam
2142 1040 2195 1089 te
2238 1034 2439 1096 saluto,
2491 1033 2545 1086 in
2592 1032 2783 1103 primis
2824 1031 3127 1086 adhortans
3160 1026 3225 1083 ad
3260 1025 3367 1080 Do-

1789 1126 1924 1181 mini
1969 1140 2131 1196 opus,
2161 1133 2219 1180 ut
2255 1134 2309 1181 te
2337 1124 2479 1182 Deus
2516 1131 2763 1189 sanctus,
2800 1138 2925 1179 cum
2957 1123 3165 1177 honore
3192 1119 3367 1175 dedu~

1788 1234 1920 1275 cens
1953 1218 2072 1275 dies
2119 1219 2389 1275 incolatus
2439 1218 2521 1273 tui
2560 1218 2615 1272 in
2641 1218 2791 1273 omni
2820 1217 3021 1289 pietate
3049 1223 3213 1286 atque
3241 1227 3368 1283 gra-

1790 1313 2000 1376 vitate,
2049 1311 2271 1380 dignam
2345 1310 2512 1366 etiam
2567 1309 2770 1365 futuris
2823 1307 2981 1363 bonis
3039 1305 3361 1361 constituat.

1788 1404 1995 1461 Deinde
2035 1418 2165 1459 vero
2197 1412 2252 1459 et
2286 1409 2644 1459 memoratam
2690 1400 2856 1457 filiam
2893 1396 3218 1455 commendo
3242 1396 3364 1461 tibi,

1790 1508 1850 1553 ut
1897 1512 2017 1553 eam
2072 1497 2217 1552 sicut
2278 1509 2456 1549 meam
2516 1493 2737 1564 quidem
2793 1492 2984 1555 tiliam,
3034 1497 3183 1544 tuam
3232 1502 3365 1543 vero

1788 1606 2038 1647 sororem
2072 1589 2385 1659 suscipias;
2416 1596 2471 1643 et
2517 1586 2717 1657 quibus
2746 1584 2813 1640 de
2858 1585 3022 1659 rebus
3058 1596 3182 1637 cum
3225 1596 3372 1651 prae-

1789 1683 1937 1736 clara
1969 1690 2059 1734 tua
2091 1694 2153 1734 ac
2198 1692 2334 1747 pura
2365 1676 2545 1731 anima
2598 1670 3025 1728 communicabit
3071 1677 3195 1723 tuas
3238 1681 3369 1737 pro-

1790 1774 1937 1845 prias
1965 1788 2088 1829 esse
2142 1770 2440 1831 existimes,
2472 1782 2536 1821 ac
2564 1781 2729 1837 opem
2762 1763 2929 1826 feras,
2960 1761 3197 1833 primum
3248 1757 3368 1829 qui-

1791 1865 1914 1921 dem
1949 1879 2012 1918 ac
2046 1862 2320 1934 praecipue
2350 1868 2409 1914 ut
2445 1872 2476 1912 a
2508 1856 2740 1913 Domino
2762 1854 3068 1910 mercedem
3110 1851 3318 1906 habens
3351 1866 3367 1916 ;

1791 1957 1988 2013 deinde
2025 1955 2192 2011 etiam
2234 1961 2292 2008 ut
2337 1951 2495 2007 nobis
2536 1957 2852 2021 pergratum
2889 1946 3115 2007 faciens,
3146 1943 3239 2014 qui
3269 1941 3367 1998 tibi

1791 2051 1848 2105 in
1886 2048 2095 2104 Christi
2141 2045 2450 2102 visceribus
2498 2038 2787 2096 charitatis
2838 2050 3153 2094 mensuram
3196 2034 3370 2089 adim-

1794 2143 2025 2214 plemus.

2215 2290 2552 2347 EPISTOLA
2582 2288 2883 2347 CCXCVIII
2916 2293 2956 2344 ‘.

425 2401 615 2465 Mellit
636 2399 895 2468 cujusdam
915 2405 1125 2460 hominis
1148 2408 1334 2470 dolum,
1354 2412 1437 2476 qui
1461 2426 1603 2478 aqua:
1624 2410 1721 2464 vim
1738 2413 2002 2478 quamdam
2029 2422 2233 2474 prorsus
2252 2407 2518 2460 absurdam
2542 2405 2697 2458 inesse
2716 2402 3053 2469 persuadebat.

342 2508 763 2579 Ἇνεπίποαφος
785 2552 799 2574 ,
837 2512 929 2566 ἐπ’
969 2515 1141 2585 ἀνδρὶ
1185 2521 1444 2578 εὐλαϐεῒ.

167 2622 292 2676 Ὀτι
335 2623 433 2694 μὲν
465 2624 593 2695 περὶ
637 2626 853 2682 πάντων
893 2630 1170 2698 καταξιοῖς
1202 2634 1527 2706 συμϐούλοις
1554 2639 1683 2709 ἡμῖν

90 2715 186 2767 καὶ
219 2717 495 2779 κοινωνοῖς
525 2718 941 2789 φροντισμάτων
982 2725 1319 2797 κεχρῆσθαι,
1347 2717 1521 2793 ποιεῖς
1548 2731 1682 2802 πρέ-

90 2821 193 2859 πον
217 2803 333 2875 (22)
366 2808 433 2877 τῇ
478 2808 705 2862 σεαυτοῦ
740 2809 1071 2885 τελειότητι·
1109 2818 1203 2870 καί
1260 2836 1321 2873 σε
1362 2822 1391 2874 ὁ
1421 2819 1554 2885 Θεὸς
1583 2822 1685 2893 τῆς

91 2910 152 2946 τε
186 2894 411 2967 ἀγάπης
449 2895 549 2967 τῆς
581 2899 709 2970 περὶ
738 2901 888 2970 ἡμᾶς
909 2943 923 2966 ,
964 2903 1060 2958 καὶ
1088 2905 1189 2976 τῆς
1232 2908 1549 2979 ἐπιμελείας
1581 2910 1683 2979 τῆς

90 2987 235 3043 κατά
268 2988 358 3041 τὸν
408 2989 521 3060 βίον
554 2991 853 3062 ἀμείψαιτο
1018 3015 1031 3028 °
1064 3000 1146 3053 ὅτι
1185 3000 1243 3053 δέ
1299 3019 1393 3055 σου
1443 3002 1619 3074 ἥψατο
1648 3004 1681 3074 ἡ

91 3081 279 3153 ἀπάτη
312 3082 503 3136 τούτου
523 3124 536 3144 .
582 3083 870 3156 ἐθαύμασα
893 3127 908 3151 ,
949 3090 1045 3144 καὶ
1094 3089 1248 3145 ὕδατί
1276 3094 1387 3163 (24)
1441 3113 1560 3149 τινα
1590 3095 1681 3150 δύ-

91 3191 260 3247 ναμιν
299 3175 493 3245 ἄλογον
526 3179 778 3247 παρεῖναι
817 3180 1219 3247 πεπίστευκας·
1248 3186 1344 3238 καὶ
1370 3186 1561 3250 ταῦτα,
1592 3187 1685 3239 οὐ-

89 3266 288 3337 δεμιᾶς
340 3269 645 3339 μαρτυρίας
697 3269 1023 3343 βεϐαιούσης
1070 3275 1171 3345 τὴν
1219 3276 1429 3347 φήμην.
1479 3276 1686 3331 Οὔκουν

90 3358 212 3413 ἔστι
237 3376 319 3422 τις
351 3358 460 3412 τῶν
490 3359 700 3413 ἐκεῖθεν
727 3363 786 3414 οὐ
818 3363 1013 3433 μικρὸν
1035 3403 1048 3426 ,
1088 3365 1150 3418 οὐ
1184 3367 1367 3436 μεῖζον
1401 3366 1581 3422 λαϐὼν
1607 3370 1688 3432 εἰς

91 3451 153 3505 τὸ
201 3450 397 3523 σῶμα,
436 3446 512 3506 ὧν
543 3452 739 3522 ἤλπισε
763 3492 778 3517 ,
805 3454 867 3507 τὸ
912 3455 1108 3509 ἑαυτοῦ
1157 3456 1393 3525 ἀγαθόν⁹
1432 3458 1463 3528 ἢ
1516 3459 1564 3511 εί
1610 3460 1683 3530 μή

91 3559 198 3595 τινι
259 3543 369 3595 ἀπὸ
416 3543 512 3597 τοὸ
565 3544 876 3614 αὐτομάτου
948 3547 1137 3616 γέγονε
1186 3547 1509 3619 παραμυθία
1562 3563 1680 3610 τις·

90 3633 256 3687 ὁποῖα
278 3634 394 3705 (25)
445 3636 540 3689 καὶ
589 3636 909 3691 καθεύδουσι
957 3640 1050 3692 καὶ
1084 3638 1221 3693 ἀλλα
1266 3639 1387 3693 τινὰ
1423 3638 1564 3694 κατά
1590 3639 1683 3692 τὸν

94 3723 211 3794 βίον
248 3726 562 3798 ἐνεργοῦσιν
605 3729 943 3798 ἐπιγίνεσθαι
982 3729 1248 3799 πέφυκεν.
1300 3730 1438 3784 Ἀλλ’
1471 3735 1498 3785 ό
1534 3734 1684 3787 ἀναι-

95 3816 208 3887 ρῶν
258 3819 359 3890 τὴν
397 3819 619 3893 ἀγάπην
653 3820 723 3874 τὰ
764 3821 1050 3892 αὐτόματα
1075 3825 1142 3893 τῇ
1175 3822 1268 3876 τοῦ
1302 3823 1493 3888 ὓδατος
1524 3824 1682 3894 φύσει

92 3908 408 3979 λογίζεσθαι
468 3914 596 3976 τοὺς
647 3913 1049 3984 ἁπλουστέρους
1101 3914 1402 3969 ἀναπείθει.
1449 3916 1572 3970 ’Ότι
1625 3916 1682 3969 δὲ

91 4000 303 4072 ἀληθὴς
335 4001 492 4072 ἡμῶν
537 4004 567 4055 ό
610 4002 767 4072 λόγος
787 4045 801 4069 ,
834 4002 1043 4068 ἔξεστιν
1075 4004 1133 4071 ἐξ
1160 4006 1330 4078 αὐτῆς
1360 4010 1459 4081 τῆς
1489 4009 1683 4079 πείρας

92 4109 154 4151 σε
179 4092 514 4164 διδαχθῆναι.

604 4256 949 4309 summa
996 4256 1153 4323 Σιβι.

2076 2521 2204 2577 Sine
2244 2519 2609 2590 inscriptione,
2651 2533 2815 2571 causa
2852 2516 2927 2586 pii
2967 2514 3085 2569 viri.

1856 2635 2015 2703 Quod
2067 2651 2153 2691 me
2211 2633 2435 2705 quidem
2477 2630 2726 2702 dignaris
2785 2629 2842 2682 in
2891 2626 3149 2682 omnibus
3187 2624 3370 2680 cousi-

1785 2730 1948 2787 liario
1987 2737 2042 2786 et
2092 2743 2352 2784 curarum
2399 2733 2658 2781 consorte
2697 2722 2797 2787 uti,
2847 2735 2959 2774 rem
3000 2727 3096 2773 tua
3144 2718 3373 2788 integri-

1789 2830 1902 2878 tate
1931 2822 2153 2893 dignam
2194 2818 2332 2875 l‘acis
2367 2834 2381 2883 ;
2430 2825 2592 2887 teque
2633 2812 2777 2869 Deus
2821 2820 2875 2867 et
2911 2826 3011 2882 pro
3054 2818 3149 2864 tuo
3194 2809 3250 2863 in
3286 2822 3377 2862 me

1791 2928 1998 2977 amore,
2032 2919 2087 2967 et
2118 2926 2221 2983 pro
2247 2909 2372 2963 vitae
2401 2904 2752 2963 instituenda:
2780 2899 2943 2974 E35
2977 2899 3257 2969 diligentia
3284 2912 3372 2952 re-

1788 3016 2124 3061 muneretur.
2158 3001 2292 3057 lllud
2326 3009 2509 3055 autem
2537 2998 2780 3079 miratus.
2799 3009 2918 3050 sum
2945 2991 3089 3063 quod
3123 2998 3175 3046 te
3204 2989 3374 3060 hujus

1791 3098 2031 3153 hominis
2073 3096 2233 3152 dolus
2285 3091 2555 3163 attigerit,
2606 3097 2659 3146 et
2705 3102 2859 3159 aquae
2913 3085 3023 3140 vim
3077 3082 3371 3154 quamdam

1790 3189 2088 3245 absurdam
2143 3189 2328 3244 inesse
2374 3184 2721 3248 credideris;
2780 3179 2965 3248 idque,
3016 3177 3169 3232 nullo
3218 3175 3374 3231 testi-

1789 3281 1975 3336 monio
2009 3280 2210 3335 famam
2249 3275 2629 3333 conﬁrmante.
2672 3273 2843 3329 Nemo
2885 3287 3018 3328 sane
3062 3280 3145 3326 est
3182 3283 3369 3325 eorum

1790 3372 1885 3443 qui
1927 3372 2039 3427 illic
2085 3372 2312 3441 degunt,
2355 3369 2449 3440 qui
2505 3374 2784 3437 speratum
2835 3363 3082 3435 corporis
3124 3363 3373 3417 levamen

1795 3478 2052 3535 magnum
2110 3462 2365 3518 minusve
2412 3468 2746 3516 consecutus
2777 3458 2888 3525 sit;
2918 3455 3027 3511 nisi
3066 3453 3193 3526 quis
3239 3468 3374 3508 casu

1787 3562 1843 3609 et
1872 3554 2099 3610 fortuito
2128 3553 2380 3609 nonnihil
2415 3550 2693 3620 acceperit
2725 3547 3012 3604 leva‘minis
3047 3564 3063 3614 ;
3106 3544 3269 3616 quale
3307 3551 3365 3601 et

1789 3646 2193 3702 dormientibus
2246 3653 2301 3702 et
2355 3645 2464 3699 alia
2517 3641 2768 3714 quaedam
2814 3640 2871 3695 in
2914 3640 3028 3695 vita
3083 3636 3374 3709 agentibus

1792 3737 2040 3793 accidere
2083 3737 2242 3792 solet.
2289 3734 2398 3790 Sed
2429 3736 2522 3806 qui
2559 3750 2591 3791 e
2637 3731 2818 3788 medio
2848 3731 2993 3785 tollit
3031 3728 3378 3792 eharitatem,

1791 3827 1839 3882 is
1884 3826 2181 3897 persuadet
2227 3824 2692 3896 simplicioribus,
2747 3831 2808 3877 ut
2863 3836 2937 3881 ea,
2976 3835 3098 3892 quae
3147 3817 3375 3874 fortuito

1789 3920 2128 3984 obveniunt,
2206 3926 2427 3973 naturae
2494 3931 2651 3987 aquae
2725 3913 3025 3971 ascribant.
3101 3910 3375 3968 Caeterum

1791 4025 1913 4079 quae
1946 4011 2072 4066 dico
2097 4026 2224 4066 vera
2265 4024 2410 4075 esse,
2446 4014 2626 4078 potest
2655 4022 2722 4062 ex
2758 4006 2878 4078 ipsa
2909 4003 3249 4076 experientia
3288 4003 3373 4058 di-

1793 4117 1966 4159 scere.

2190 4254 2527 4319 EPISTOLA
2559 4252 2817 4310 CCXCIX
2849 4256 2911 4306 “.

93 4370 347 4429 ﬂuuium
373 4370 532 4422 virum
553 4370 636 4437 qui
658 4384 685 4423 ε
700 4369 909 4437 potentia
927 4369 1061 4420 civili
1083 4368 1148 4419 ad
1168 4366 1481 4440 tranquillam
1503 4367 1649 4440 vitam
1662 4378 1942 4430 recesserat,
1964 4370 2211 4440 liortatur,
2228 4376 2278 4440 ut
2294 4369 2549 4440 censitoris
2570 4381 2744 4420 munus
2767 4368 2818 4419 in
2840 4364 3035 4433 regione
3057 4363 3373 4424 Ibat-iturum.

1147 4446 1232 4495 spe
1256 4430 1492 4483 mercedis
1516 4445 1547 4480 a
1575 4433 1672 4482 Deo
1695 4434 2059 4496 consequendaa,
2083 4431 2332 4495 suscipiat.

648 4544 968 4613 Κηνσίτορι
994 4542 1126 4615 (26).

167 4637 342 4691 Εἰδότι
372 4654 464 4707 μοι
501 4635 772 4710 ἔγραφες,
811 4638 892 4691 ὅτι
929 4635 1203 4700 δυσκόλως
1237 4637 1381 4708 ἔχεις
1415 4641 1551 4708 πρὸς
1581 4635 1680 4707 τὴν

94 4730 205 4785 τῶν
232 4729 430 4785 κοινῶν
472 4729 807 4801 ἐπιμέλειαν.
862 4731 971 4784 Καὶ
1002 4730 1113 4801 γὰρ
1166 4728 1391 4792 παλαιός
1428 4729 1544 4781 ἐστι
1595 4726 1683 4780 λό-

96 4838 226 4891 γος,
270 4823 398 4887 τοὺς
432 4821 635 4893 ἀρετῆς
679 4822 1179 4892 μεταποιουμένους
1212 4822 1286 4892 μὴ
1321 4820 1438 4891 μεθ’
1490 4819 1683 4891 ἡδονῆς

98 4914 324 4978 ἑαυτοὺς
352 4913 668 4969 ἐπιϐάλλειν
696 4917 913 4986 ἀρχαῖς.
948 4913 1029 4967 Τά
1057 4914 1165 4983 γάρ
1187 4912 1298 4966 τῶν
1326 4915 1683 4984 ίατρευόντων

98 5004 238 5071 ἴδια,
267 5006 439 5061 ταῦτα
463 5006 576 5078 ὁρῶ
603 5008 696 5060 καὶ
720 5004 830 5060 τῶν
855 5005 1132 5078 ἀρχόντων
1159 5004 1308 5059 ὄντα.
1348 5004 1545 5076 Ὀρώσι
1573 5005 1683 5078 γὰρ

169 5183 284 5249 (l9)
329 5186 641 5252 Ἀπούσης.
678 5183 770 5240 Sic
798 5183 1039 5240 Claram.
1074 5183 1271 5239 melius
1304 5200 1465 5252 quam
1510 5184 1600 5239 alii
1628 5193 1683 5240 et

98 5255 229 5309 editi
257 5254 639 5338 ἁπούσῃηῌοο
658 5256 805 5337 enim
833 5257 1058 5338 verbum
1083 5255 1224 5323 apud
1250 5254 1508 5311 Basilium
1538 5271 1684 5311 sem-

98 5340 198 5396 per
227 5340 355 5381 cum
393 5333 632 5397 genitivo
664 5333 1038 5396 oonjunctum.

171 5417 286 5490 (20)
307 5419 878 5490 Παρακᾳτατίθεμαι.
907 5417 1148 5490 (Σιειξοξη.
1172 5418 1679 5490 παρακατατίθημι.

98 5486 429 5615 ξῖυὲιόιθροῗι
471 5488 604 5546 editi
654 5486 967 5561 ἀντιλάϐης.
999 5488 1165 5542 Coisl.
1198 5486 1407 5560 primus
1452 5497 1507 5543 et
1540 5486 1680 5544 Med.

189 5576 204 5614 ι
335 5576 367 5614 x
395 5576 452 5615 ιι.

169 5650 581 5723 (ΖΠ-Ἆγάπης
605 5670 724 5708 σοι.
777 5649 931 5707 Hanc
971 5651 1220 5707 voculam
1277 5650 1584 5707 addidimus
1619 5666 1685 5705 ex

100 5721 272 5783 Med,
300 5720 423 5777 Vat.
458 5732 513 5779 et
533 5720 782 5779 Calrom.

105 5791 567 5916 πτξῖἒνζΐυςξπον.
594 5794 762 5852 Coisl.
796 5793 1072 5851 secundus
1098 5799 1150 5851 et
1182 5791 1384 5865 Regius
1409 5791 1684 5849 secundus

112 5894 160 5935 μί
192 5894 199 5899 ·
222 5894 311 5915 η’λν
326 5894 439 5928 ιω..

2432 4542 2703 4601 Ζεηδίιονί.

1859 4633 2066 4690 Scienti
2131 4634 2266 4689 mihi
2309 4633 2585 4704 scripsisti
2639 4630 3029 4702 permolestam
3078 4628 3176 4682 tibi
3246 4642 3371 4683 esse

1785 4728 1866 4786 rei
1918 4727 2152 4797 publica:
2205 4726 2769 4782 administrationem.
2814 4721 2952 4777 Nam
2995 4722 3221 4791 antiqua
3247 4735 3374 4777 seu-

1785 4820 1956 4874 tentia
1986 4828 2090 4881 est,
2126 4819 2349 4874 virtutis
2381 4818 2662 4874 studiosos
2699 4816 2847 4871 haud
2878 4816 3116 4871 libenter
3145 4814 3202 4869 in
3253 4829 3371 4866 uia-

1783 4908 2050 4978 gistratus
2102 4923 2224 4963 sese
2277 4907 2574 4976 conjicere.
2635 4906 2769 4973 Quae
2814 4904 2961 4960 enim
3008 4901 3369 4969 medicorum,

1785 5015 1851 5054 ea
1920 5000 2342 5067 magistratuum
2420 5015 2638 5069 quoque
2694 4996 2914 5067 propria
2992 5009 3116 5050 esse
3185 4993 3370 5049 video.

1783 5221 1824 5294 ψ
1857 5151 1970 5223 (25)
2015 5153 2365 5221 Ἀμείψαιτο.
2419 5151 2558 5206 Cum
2612 5151 2720 5205 alio
2753 5149 2924 5205 Coisl.
2968 5148 3178 5219 primus
3217 5144 3374 5215 ἀμείο

1826 5240 1964 5279 εται.

1826 5240 1964 5279 εται.

1857 5293 1968 5364 (24)
1998 5293 2105 5348 Καὶ
2136 5293 2345 5364 ὕδατι.
2368 5290 2745 5364 ᾲΜθιι.,ν-ϐυἱεί.
2781 5288 3250 5364 secundus,__l{eg.
3283 5302 3372 5342 se—

1787 5356 2003 5418 cundus
2037 5367 2084 5418 ei
2123 5363 2296 5418 ὕδατι.
2334 5362 2458 5418 Mox
2492 5362 2625 5418 editi
2662 5362 2738 5426 ὡς
2757 5362 2819 5415 τὸ
2851 5358 3030 5430 σῶμα.
3073 5356 3371 5427 Μεεζᾳυο-

1787 5441 1916 5489 tuor
1944 5443 2004 5488 ut
2025 5434 2080 5488 in
2119 5441 2293 5489 textu.
2321 5433 2494 5503 Paulo
2521 5441 2644 5501 post
2668 5449 2735 5489 ex
2758 5430 2985 5503 totidem
3020 5443 3155 5503 mss.
3186 5442 3372 5483 emen-

1787 5503 2040 5559 davimus
2070 5503 2217 5574 quod
2250 5499 2445 5559 vitiose
2480 5499 2599 5558 erat
2628 5507 2683 5558 in
2714 5503 2876 5557 editis
2906 5499 2943 5607 η
2973 5518 3025 5554 τι
3062 5499 3136 5571 μή
3172 5514 3299 5554 τινι.

1859 5573 1973 5607 tam
2018 5575 2216 5607 ἠσητη
2268 5573 2359 5607 Qtn
2380 5589 2493 5607 ηερε
2551 5580 2662 5607 ...ηρ
2721 5572 2860 5607 smn:
2889 5586 2975 5607 nn

1880 5574 1973 5639 25)
2018 5572 2237 5630 'Oizoia.
2268 5573 2360 5630 Sic
2380 5589 2516 5630 mss.
2551 5580 2685 5629 tres.
2721 5572 2862 5629 Editi
2889 5572 2997 5627 οἷα.

1880 5644 1970 5707 26)
1996 5646 2341 5712 Κηνσίτορι.
2373 5643 2449 5698 lta
2490 5659 2707 5702 summo
2738 5658 3009 5701 consensu
3040 5659 3176 5699 mss.
3218 5642 3373 5698 codi-i

1789 5713 1899 5772 cce.
1928 5713 2078 5785 (Editi
2117 5716 2448 5785 Κηνσήτορι.

1861 5787 1882 5810 “
1909 5784 2059 5839 Alias
2083 5783 2388 5841 CCXXXV.

1863 5858 1901 5880 ”
1932 5853 2016 5909 Ali
2040 5872 2083 5911 εδ
2112 5854 2354 5911 CCCLll.
