3852 6224
539 336 682 393 1045

1897 331 2237 406 διθΑδιυι
2274 332 2488 389 τιιΑεΝι

3658 297 3787 352 λιομ

550 455 741 512 Vident
795 455 941 512 enim
996 456 1163 524 mala,
1220 456 1688 529 experiunturque
1743 455 2017 521 insuavia,
2064 463 2114 511 et

2226 456 2409 522 δεινά,
2467 454 2561 509 καὶ
2612 452 2905 525 πειρῶνται
2948 447 3129 519 ἀηδῶν
3160 464 3175 477 ο
3213 443 3307 498 καὶ
3357 441 3446 495 ἐπ’
3493 436 3803 529 ἀλλοτρίαις

540 566 609 605 ex
657 550 894 605 aliorum
950 548 1319 605 incommodis
1360 548 1615 620 proprios
1660 547 1975 617 percipiunt
2024 546 2125 601 do-

542 639 735 705 lores;
788 639 983 695 saltem
1031 640 1128 710 qui
1174 655 1303 695 vere
1353 639 1707 710 magistratus
1767 646 1915 693 sunt.
1984 636 2117 692 Nam

538 730 857 801 quicunque
916 741 1263 801 aucupantur
1309 737 1621 800 quaestum,
1682 738 1737 785 et
1767 730 1832 784 ad
1900 730 2119 785 divitias

540 822 895 893 respiciunt,
947 837 1010 877 ac
1080 823 1308 893 gloriam
1362 830 1682 892 praesentem
1737 821 2117 886 admirantur,

540 915 597 969 bi
649 916 949 971 maximum
996 915 1267 971 bonorum
1328 915 1577 978 ducunt,
1620 922 1945 984 potestatem
2018 915 2119 967 ali-

535 1019 707 1074 quam
785 1006 1056 1075 assequi,
1120 1005 1265 1061 unde
1334 1007 1527 1061 amicis
1596 1004 1920 1060 benefacere
1983 1021 2114 1075 pos-

540 1098 699 1162 sint,
753 1107 808 1154 et
859 1098 1111 1154 inimicos
1176 1099 1415 1163 ulcisci,
1479 1114 1543 1154 ac
1587 1099 1692 1154 sibi
1743 1098 1879 1168 ipsis
1930 1107 2115 1169 Optata

539 1204 881 1258 comparare.
944 1191 1015 1244 At
1072 1199 1131 1244 tu
1169 1207 1278 1246 non
1323 1191 1449 1247 talis
1499 1206 1582 1246 es.
1619 1190 1903 1256 Quomodo
1933 1190 2119 1245 enim?

540 1280 635 1350 qui
685 1297 716 1337 e
767 1282 1011 1351 potentia
1069 1281 1268 1346 civili,
1323 1297 1498 1352 eaque
1560 1290 1707 1335 tanta
1780 1292 1873 1335 tua
1924 1292 2117 1352 sponte

540 1374 863 1441 recessisti;
936 1383 992 1430 et
1051 1390 1177 1429 cum
1245 1375 1343 1429 tibi
1414 1375 1607 1429 liceret
1674 1374 1919 1437 civitati,
1992 1383 2116 1427 tan-

538 1480 704 1534 quam
754 1464 939 1520 domui
993 1466 1133 1531 uni,
1199 1465 1470 1520 dominari
1493 1456 1521 1530 ’,
1581 1465 1819 1535 quietam
1866 1480 1930 1519 ac
1968 1472 2118 1518 tran-

538 1556 765 1625 quillam
807 1559 1096 1628 amplexus
1130 1574 1191 1614 es
1240 1559 1407 1612 vitam
1443 1575 1458 1612 :
1523 1573 1625 1612 nec
1686 1558 1888 1612 habere
1951 1573 2118 1629 nego-
2152 1587 2194 1644 Β

538 1648 614 1701 tia
640 1690 655 1714 ,
696 1663 798 1703 nec
843 1650 1102 1705 exhibere
1136 1651 1259 1705 aliis
1314 1650 1490 1720 pluris
1534 1649 1860 1705 existimans
1887 1689 1903 1712 ,
1953 1665 2117 1720 quam

536 1737 631 1790 alii
675 1753 927 1794 morosos
970 1755 1029 1794 se
1063 1748 1343 1810 praestare.
1402 1739 1507 1795 Sed
1564 1755 1689 1793 cum
1749 1739 1981 1795 Domino
2033 1741 2117 1794 vi-

538 1845 662 1885 sum
731 1831 804 1885 sit
862 1829 1192 1886 lboritarum
1248 1830 1529 1902 regionem
1599 1831 1938 1901 cauponibus
2007 1848 2118 1886 non

535 1922 779 1991 subjici,
822 1939 1003 1993 neque
1070 1924 1471 1994 mancipiorum
1522 1922 1642 1977 foro
1692 1922 2118 1995 descriptionem

535 2013 771 2070 similem
806 2030 930 2071 esse
969 2014 1109 2070 :sed
1166 2029 1610 2085 unumquemque
1659 2023 1716 2070 ut
1768 2030 1983 2084 aequum
2037 2022 2120 2071 est

535 2105 814 2173 describi;
888 2106 1076 2177 accipe
1159 2105 1438 2176 negotium
1471 2145 1487 2170 ,
1540 2107 1666 2161 licet
1745 2106 1882 2162 alias
1954 2108 2122 2162 mole-

537 2205 721 2262 stum,
780 2197 875 2252 sed
930 2205 1114 2250 tamen
1173 2196 1319 2265 quod
1365 2195 1461 2250 tibi
1512 2194 1654 2265 apud
1702 2193 1868 2249 Deum
1907 2194 2119 2249 laudem

533 2294 592 2340 et
638 2286 1085 2358 approbationem
1126 2285 1421 2341 conciliare
1452 2285 1649 2355 possit.
1708 2283 1900 2355 Neque
1924 2295 2120 2355 poten-

534 2379 671 2434 tiam
726 2378 990 2434 formides
1017 2420 1033 2442 ,
1091 2395 1270 2450 neque
1326 2384 1705 2449 paupertatem
1758 2386 2117 2443 contemnas;

532 2473 635 2528 sed
718 2472 886 2527 animi
955 2474 1263 2543 mquitatem
1328 2472 1396 2526 iis
1452 2485 1593 2541 quos
1656 2486 1851 2541 rcges,
1914 2470 2118 2523 trutina

534 2564 688 2618 omni
744 2564 1038 2635 aequiorem
1104 2564 1321 2618 exhibe.
1373 2562 1466 2616 Sic
1498 2561 1643 2617 enim
1677 2569 1733 2616 et
1782 2561 1850 2617 iis
1896 2562 1989 2630 qui
2025 2560 2119 2615 tibi

530 2655 641 2710 lioc
688 2655 936 2711 muneris
986 2653 1362 2717 crediderint,
1415 2650 1768 2707 manifestum
1828 2649 1919 2705 ﬁet
1963 2658 2117 2704 tuum

532 2748 762 2819 justitiie
792 2749 1033 2805 studium
1056 2789 1071 2814 ,
1115 2758 1170 2803 et
1199 2758 1251 2803 te
1282 2756 1410 2802 ante
1435 2745 1572 2802 alios
1605 2744 1970 2801 mirabuntur.
2011 2745 2118 2797 Aut

536 2838 755 2894 etiamsi
798 2839 904 2894 hoc
948 2839 1074 2893 illos
1116 2838 1320 2900 lateat,
1371 2834 1541 2891 Deum
1582 2844 1845 2890 nostrum-
1885 2849 1995 2889 non
2038 2834 2118 2888 la-

533 2930 698 2993 tebit,
733 2930 828 3000 qui
857 2944 1052 3002 magna
1085 2928 1246 2984 nobis
1281 2928 1566 2998 proposuit
1595 2927 1863 2983 bonorum
1889 2940 2115 2997 operum

536 3021 784 3091 praemia.

923 3132 1088 3206 6.36
1134 3128 1471 3187 EPISTOLA
1509 3126 1639 3185 CCC
1680 3133 1716 3183 '.

2227 548 2535 618 συμφοραῖς
2583 543 2791 605 οἰκείας
2848 538 3189 612 καρποῦνται
3244 533 3420 594 λύπας
3445 547 3459 559 ·
3521 529 3582 582 οῖ
3620 544 3698 597 τε

2224 617 2442 709 άλήθῶς
2472 638 2749 709 ἄρχοντες.
2799 632 2952 686 Ἐπεὶ
2974 632 3098 685 ὅσον
3124 626 3424 700 ἐμπορικὸν
3453 622 3570 678 τῶν
3600 617 3809 692 ἀνθρὼ-

2224 748 2345 785 πων
2365 771 2380 795 ,
2414 728 2510 783 καὶ
2537 728 2673 799 πρὸς
2715 726 2974 797 χρήματα
3021 722 3219 793 βλέπον
3243 759 3260 785 ,
3290 719 3387 772 καὶ
3422 717 3560 787 περὶ

2228 820 2324 886 ξαν
2347 819 2550 889 ταύτην
2580 797 2933 886 ἑπτοημένον,
2984 809 3237 882 μέγιστον
3268 805 3377 858 τῶν
3406 801 3644 873 ἀγαθῶν
3679 797 3812 851 τίθε-

2226 932 2318 968 ται
2343 912 2405 965 τὸ
2432 909 2766 982 παραλαϐεῖν
2793 924 2914 960 τινα
2939 903 3255 958 δυναστείαν
3274 939 3291 966 ,
3324 899 3419 968 ἀφ’
3446 891 3519 967 ἦς
3545 894 3814 964 δυνήσον-

2223 1022 2313 1057 ται
2346 1003 2530 1074 φίλους
2571 997 2629 1056 εὖ
2666 1002 2840 1054 ποιεῖν
2865 1040 2880 1065 ,
2912 999 3007 1053 καὶ
3042 995 3270 1068 ἐχθροὺς
3317 988 3673 1062 ἀμύνεσθαι,
3729 986 3811 1039 καὶ

2225 1097 2438 1158 ἑαυτοῖς
2498 1090 2874 1148 κατακτᾶσθαι
2942 1088 3014 1142 τὰ
3069 1082 3507 1154 σπουδαζόμενα.
3554 1078 3711 1133 Ἀλλ’
3758 1078 3810 1129 οὐ

2222 1186 2460 1250 τοιοῦτος
2483 1185 2589 1245 ῖσύ.
2626 1185 2830 1248 Πόθενς
2874 1183 2933 1247 ὃς
2974 1198 3039 1250 γε
3072 1180 3166 1233 καὶ
3197 1178 3300 1249 τῆς
3331 1174 3621 1244 πολιτικῆς
3651 1170 3809 1225 δυνά-

2227 1295 2371 1348 μεως
2402 1276 2669 1347 τοσαύτης
2713 1271 3060 1345 οὓσηςτέκὼν
3099 1268 3489 1342 ἀνεχώρησας’
3540 1266 3646 1320 καὶ
3698 1265 3810 1330 ἐξόν

2224 1388 2306 1425 σοι
2357 1373 2579 1442 κρατεῖν
2634 1369 2871 1432 πόλεως,
2911 1366 2987 1430 ὡς
3044 1368 3173 1436 μιᾶς
3228 1364 3446 1428 οἰκίας,
3480 1361 3551 1414 σὺ
3603 1361 3669 1413 δὲ
3725 1359 3809 1411 τὸν

2222 1462 2551 1534 ἀπράγμονα
2583 1460 2676 1514 καὶ
2714 1458 2937 1531 ἡσύχιον
2987 1457 3133 1510 εἵλου
3179 1454 3290 1526 βίον
3315 1494 3330 1518 ,
3368 1453 3431 1507 τὸ
3466 1454 3612 1522 μήτε
3666 1449 3810 1520 ἔχειν

2224 1555 2525 1624 πράγματα
2553 1592 2569 1615 ,
2622 1554 2758 1624 μήτε
2814 1550 3075 1623 παρέχειν
3128 1547 3334 1619 ἑτέροις
3396 1544 3655 1607 πλείονος
3702 1536 3839 1610 (επ

2220 1646 2367 1712 ἄξιον
2388 1643 2666 1716 τιθέμενος
2686 1684 2701 1709 ,
2749 1643 2783 1715 ἢ
2814 1644 2940 1696 ὂσου
2976 1643 3026 1695 oi
3064 1639 3241 1694 λοιποὶ
3280 1638 3552 1709 τιμῶνται
3584 1635 3656 1689 τὸ
3683 1635 3807 1688 δυσ-

2219 1737 2521 1809 τροπεύειν.
2588 1736 2726 1789 Ἀλλ’
2796 1734 2984 1805 ἐπειδὴ
3052 1730 3327 1802 ἠϐουλήθη
3368 1731 3399 1783 ὁ
3439 1728 3656 1800 Κύριος
3712 1726 3806 1796 τὴν

2232 1829 2521 1903 Ἰϐωριτῶν
2551 1828 2734 1902 χώραν
2786 1828 2860 1899 μὴ
2907 1827 3013 1881 ὑπὸ
3042 1824 3307 1896 καπήλοις
3357 1819 3677 1893 ἀνθρώποις
3721 1834 3809 1885 γε-

2219 1922 2405 1976 νέσθαι
2428 1963 2443 1989 ,
2479 1922 2613 1994 μηδὲ
2662 1922 2850 1993 ῶσπερ
2882 1917 3233 1991 ἀνδραπόδων
3280 1913 3485 1985 ἀγορὰν
3514 1911 3631 1982 (28)
3668 1906 3811 1964 εἶναι

2218 2015 2316 2088 τὴν
2356 2016 2720 2087 ἀποτίμησιν.
2773 2013 2887 2067 ἀλλ’
2942 2013 3019 2076 ὠς
3100 2011 3215 2065 ἔστι
3267 2008 3514 2071 δίκαιον,
3571 2004 3811 2058 ἕκαστον

2219 2105 2633 2178 ἀπογράφεσθαι
2657 2105 2796 2176 (29)'
2828 2102 2978 2169 δέξαι
3005 2102 3067 2156 τὸ
3114 2104 3379 2174 πρᾶγμα,
3415 2099 3466 2151 εί
3496 2096 3597 2151 καὶ
3629 2094 3814 2155 ἄλλως

2219 2198 2465 2270 ὀχληρὸν,
2496 2198 2610 2252 ἀλλ’
2632 2194 2725 2253 οὖν
2757 2198 2834 2261 ὡς
2864 2194 3123 2268 πρόξενόν
3154 2210 3236 2247 σοι
3274 2188 3529 2261 γενέσθαι
3562 2186 3811 2256 δυνάμε-

2220 2305 2308 2343 νον
2355 2289 2454 2359 τῆς
2502 2289 2654 2360 παρὰ
2683 2288 2802 2360 Θεῷ
2848 2287 3272 2359 εὐδοκιμήσεως.
3306 2283 3417 2337 Καὶ
3469 2282 3612 2352 μήτε
3649 2278 3813 2332 δυνα-

2222 2380 2405 2434 στείαν
2462 2380 2823 2452 ὑποπτήξῃς,
2893 2381 3030 2451 μήτε
3090 2376 3281 2440 πενίας
3341 2372 3808 2443 καταφρονήσῃς.

2221 2470 2356 2525 ἀλλὰ
2383 2471 2443 2524 τὸ
2473 2470 2583 2525 τῶν
2606 2471 2882 2543 λογισμῶν
2907 2471 3147 2544 ἀρρεπὲς
3176 2468 3449 2541 τρυτάνης
3476 2464 3667 2535 πάσης
3695 2461 3809 2531 (50)

2220 2561 2621 2634 άρρεπέστερον
2674 2562 2959 2635 παράσχου
3013 2562 3127 2624 τοῖς
3175 2556 3587 2629 διοικουμένοις.
3648 2552 3812 2606 Οὕτω

2221 2651 2332 2723 γάρ
2360 2653 2453 2705 καὶ
2481 2657 2594 2717 τοῖς
2630 2652 3026 2707 πεπιστευκόσι
3064 2650 3276 2722 φανερὰ
3299 2646 3595 2721 γενήσεταί
3626 2663 3725 2700 σου
3774 2645 3810 2712 ἡ

2222 2743 2350 2815 περὶ
2387 2743 2449 2797 τὸ
2505 2743 2711 2799 δίκαιον
2746 2744 2985 2816 σπουδὴ,
3037 2744 3133 2799 καὶ
3183 2740 3560 2812 θαυμάσονταί
3596 2755 3661 2792 σε
3693 2738 3810 2811 (31)

2222 2833 2372 2905 παρὰ
2421 2835 2549 2898 τοὺς
2595 2834 2809 2899 ἄλλους.
2847 2836 2917 2890 Ἦ
2964 2833 3068 2889 κᾶν
3111 2833 3355 2897 ἐκείνους
3397 2830 3666 2902 διαλάθῃ,
3716 2828 3808 2881 τὸν

2222 2924 2354 2980 Θεὸν
2387 2926 2543 2998 ἡμῶν
2575 2928 2635 2980 οὐ
2669 2927 2927 3001 λήσεται,
2964 2928 3056 2981 τὸν
3111 2925 3323 2997 μεγάλα
3351 2928 3484 2997 ἡμῖν
3531 2920 3806 2995 προθέντα

2147 2999 2190 3057 C
2223 3018 2332 3072 τῶν
2362 3018 2584 3088 ἀγαθῶν
2609 2999 2783 3091 ἔργων
2808 3020 2876 3074 τὰ
2907 3014 3048 3073 ἆθλα
3073 3017 3207 3089 (52).

2775 3131 3122 3185 ΕΠΙΣΤΟΛΗ
3161 3129 3239 3185 T’.

1298 3250 1499 3300 Patrem
1522 3247 1791 3300 consolatur
1810 3248 1906 3315 [uti
1928 3254 2078 3300 morte
2100 3246 2152 3300 in
2173 3247 2278 3307 ipso
2300 3248 2455 3303 celatis
2475 3250 2594 3305 ﬂore
2610 3250 2797 3316 abrepti
2817 3251 3064 3319 aﬁﬁctum.

477 3336 485 3381 ί
599 3356 757 3411 Patri
792 3354 1098 3410 scholastici
1132 3353 1415 3436 cujusdam
1448 3354 1562 3424 fato
1593 3355 1764 3425 functi
1796 3372 2045 3410 conscta-

1245 3435 1402 3479 toria.

605 3544 744 3597 Cum
782 3543 837 3596 in
877 3540 1124 3597 secundo
1152 3550 1372 3611 patrum
1405 3541 1528 3595 loco
1557 3556 1660 3596 nos
1689 3538 1955 3595 Dominus
1984 3554 2091 3595 con

529 3636 775 3691 stituerit
807 3633 1174 3698 Christianis,
1216 3648 1511 3702 puerorum
1557 3633 1718 3687 nobis
1751 3632 1806 3686 in
1832 3647 1959 3688 eum
1995 3648 2117 3687 cre-

531 3727 782 3783 dentium
822 3727 1119 3781 commissa
1164 3729 1231 3778 ad
1273 3725 1527 3794 pietatem
1571 3724 1949 3791 institutione;
1981 3723 2118 3777 allii-

529 3819 771 3875 czionem
818 3827 970 3875 tuam
1005 3818 1151 3873 beati
1197 3817 1276 3871 tui
1313 3816 1407 3870 ﬁlii
1448 3831 1615 3872 causa
1660 3827 1838 3871 ortam
1870 3823 2116 3872 nostram

530 3927 751 3982 quoque
774 3911 1052 3982 pr0priam
1079 3924 1203 3965 esse
1229 3908 1623 3979 judicavimus,
1660 3923 1723 3963 ac
1750 3910 2115 3979 ingemuimus

531 4006 830 4059 immaturo
884 4002 1033 4058 illius
1082 4000 1365 4067 discessu;
1425 3999 1679 4055 dolentes
1729 4000 1969 4056 maxime
2023 4010 2117 4055 tua

531 4110 720 4158 causa,
760 4109 825 4149 ac
847 4092 1262 4149 considerantes
1289 4099 1557 4161 quantum
1589 4091 1661 4147 sit
1690 4090 1936 4145 futurum
1968 4089 2116 4146 dolo-

528 4186 610 4241 ris
667 4185 881 4256 pondus
930 4184 982 4239 ei
1040 4183 1136 4254 qui
1196 4191 1395 4238 natura
1439 4190 1596 4253 pater
1631 4190 1748 4245 est,
1790 4198 1915 4237 cum
1953 4184 2114 4240 nobis

528 4277 735 4339 etiam,
766 4277 860 4347 qui
906 4291 973 4331 ex
1023 4282 1299 4347 praecepto
1346 4275 1643 4345 propinqui
1700 4290 1913 4335 sumus.
1962 4283 2112 4330 tanta

526 4367 714 4423 cordis
755 4367 1017 4423 maestitia
1061 4367 1362 4423 obvenerit.
1408 4366 1560 4423 lllius
1593 4367 1738 4422 enim
1768 4384 1936 4423 causa
1978 4369 2116 4423 nihil

528 4458 691 4514 triste
712 4466 809 4513 aut
832 4459 946 4530 pati
987 4466 1083 4513 aut
1124 4459 1275 4527 loqui
1299 4459 1588 4529 oportebat
1617 4478 1630 4513 :
1666 4458 1762 4514 sed
1813 4460 2111 4516 miserandi

529 4558 681 4612 sunt,
713 4551 810 4622 qui
846 4565 944 4620 spe
971 4551 1040 4605 de
1078 4567 1144 4607 eo
1184 4560 1448 4621 concepta
1478 4551 1820 4605 exciderunt.
1871 4552 1949 4605 Ac
1991 4569 2116 4608 vere

525 4644 718 4699 multis
747 4644 1006 4715 lacrymis
1027 4658 1092 4699 ac
1135 4643 1430 4715 gemitibus
1454 4642 1605 4712 digni
1633 4642 1748 4712 qui,
1779 4658 1903 4697 cum
1944 4643 2113 4698 [ilium

527 4736 587 4792 in
616 4738 737 4808 ipso
761 4737 944 4793 aetatis
970 4735 1103 4792 ﬂore
1127 4736 1197 4791 ad
1243 4736 1550 4792 litterarum
1582 4736 1763 4791 studia
1812 4737 2111 4805 misissent,

599 4901 616 4922 ‘
652 4900 802 4953 Alias
825 4896 958 4951 CCI.

598 4968 711 5038 (27)
742 4969 1052 5033 laetor-oc.
1084 4966 1227 5022 Editi
1274 4965 1480 5038 addunt
1510 4965 1763 5037 σπουδῆς,
1797 4965 1943 5038 quod
1987 4983 2113 5038 per-

522 5036 812 5093 commode
837 5038 989 5094 deest
1020 5039 1076 5092 in
1109 5038 1298 5093 codice
1324 5036 1629 5091 llarlaeano.

621 5108 711 5181 28)
729 5110 958 5181 Ὠοςξτερ
978 5106 1371 5181 ἀνδραπόδων
1391 5106 1636 5181 ἀγοράν.
1659 5106 1739 5181 Ita
1762 5105 1912 5181 Harl.
1936 5106 2112 5181 prima

524 5177 701 5233 manu
725 5190 780 5234 et
823 5178 964 5234 Med.
1005 5179 1202 5234 melius
1245 5192 1412 5248 quam
1442 5177 1534 5231 alii
1576 5184 1630 5233 et
1656 5177 1787 5233 editi
1819 5177 2008 5247 ὥσπερ
2054 5179 2112 5232 ἐν

526 5248 875 5320 ἀνδραπόδων
905 5249 1098 5320 ἀγορᾷ.

595 5316 707 5388 (29)
757 5316 1241 5388 Ἀπογράῲὲσθαι.
1280 5316 1387 5373 Sex
1418 5316 1627 5388 antiqui
1650 5316 1869 5373 codices
1896 5316 2109 5388 γράφε-

524 5388 671 5459 σθαι.
689 5387 957 5459 δειιᾼιπεε
982 5387 1351 5459 antiquissimi
1381 5396 1439 5440 ut
1462 5388 1517 5441 in
1541 5387 1723 5459 editis.

595 5458 706 5527 (30)
741 5457 971 5526 Πάσης.
1024 5455 1177 5513 Hanc
1225 5473 1414 5513 vocem
1463 5457 1775 5512 addidimus
1824 5473 1892 5513 ex
1929 5455 2106 5526 Harl.,

525 5525 875 5598 Vati.,’Coisl.
907 5525 1150 5584 Secundo
1182 5537 1237 5583 et
1266 5528 1444 5598 tribus
1473 5527 1679 5598 Regiis.

522 5597 710 5721 ‘(gn
745 5598 1166 5666 Θαυμάσονταί
1208 5615 1303 5653 σε.
1357 5596 1517 5653 Deest
1564 5596 1766 5654 'vocula
1810 5598 1863 5655 in
1925 5597 2113 5656 codice

580 5683 607 5719 e
652 5706 666 5721 .
1984 5694 1987 5697 λ

580 5683 666 5721 θα.
1984 5694 1987 5697 ‘

510 5812 516 5819 _
592 5736 705 5807 (52)
738 5738 813 5793 Τὰ
839 5732 1167 5796 ἆθλα.’ῠυο
1192 5753 1328 5795 mss.
1362 5737 1428 5792 τὰ
1458 5737 1683 5793 ἔπαθλα.

2146 4233 2190 4287 D

2222 3357 2380 3427 Πρὸς
2439 3366 2665 3428 πατέρα
2707 3350 3119 3428 σχοᾶαστικοῦ
3155 3356 3267 3428 (35)
3319 3354 3802 3424 τελευτήσαντος

2771 3427 3247 3499 παραμυθητική.

2307 3544 2526 3616 Ἐπειδὴ
2552 3546 2629 3598 ηὲν
2670 3542 2896 3615 δευτέρᾳ
2928 3541 3079 3608 τάξει
3126 3541 3380 3613 πατέρων
3409 3539 3564 3594 ἔθετο
3597 3544 3748 3612 ἡμᾶς
3776 3543 3801 3593 ὁ

2222 3635 2427 3708 Κύριος
2460 3640 2575 3700 τοῖς
2619 3637 2986 3708 Χριστιανοῖς,
3008 3634 3117 3689 τῶν
3167 3634 3377 3688 παίδων
3409 3636 3543 3705 ἡμῖν
3570 3633 3685 3687 τῶν
3728 3637 3804 3696 εἰς

2220 3727 2382 3782 αὐτὸν
2413 3727 2857 3781 πεπιστευκότων
2887 3725 2986 3798 τὴν
3016 3725 3107 3780 διὰ
3128 3726 3229 3795 τῆς
3266 3725 3555 3789 εὐσεϐείας
3586 3727 3803 3798 μόρφω-

2224 3835 2309 3871 σιν
2339 3819 2637 3890 ἐπιτρέψας
2656 3836 2669 3849 ο
2698 3819 2758 3872 τὸ
2786 3817 2999 3890 συμϐάν
3022 3817 3116 3871 ἐπὶ
3138 3817 3228 3871 τὸν
3256 3817 3367 3889 (54)
3394 3816 3673 3889 μακάριον
3696 3817 3805 3869 υἱόν

2209 3908 2317 3966 ’σου
2366 3911 2536 3976 πάθος
2573 3912 2667 3966 καὶ
2713 3912 2983 3984 ἡμέτερον
3033 3910 3166 3964 ἴδιον
3217 3906 3359 3964 εἶναι
3412 3909 3810 3982 ἐλογισάμεθα,

2219 4006 2314 4059 καὶ
2345 4002 2787 4075 ὲπεστενάξαμεν
2821 4004 2988 4059 αὐτοῦ
3021 4006 3087 4075 τῇ
3136 4003 3318 4075 ἀωρίᾳ
3348 4001 3444 4056 τοῦ
3485 4001 3811 4073 χωρισμοῦ·

2221 4095 2595 4167 συμπαθόντες
2624 4095 2858 4167 μάλιστά
2887 4113 2991 4160 σοι,
3020 4097 3114 4150 καὶ
3139 4095 3601 4166 ὑπολογισάμενοι
3624 4096 3813 4168 ἡλίκον

2220 4187 2373 4242 ἔσται
2401 4188 2500 4259 τῆς
2546 4187 2740 4258 ὀδύνης
2787 4187 2850 4240 τὸ
2898 4186 3065 4259 βάρος
3106 4188 3276 4259 πατρὶ
3316 4186 3395 4259 τῷ
3427 4187 3574 4241 κατὰ
3622 4187 3808 4258 φύσιν,

2218 4282 2353 4335 ὅπου
2379 4298 2443 4350 γε
2488 4281 2583 4335 καὶ
2631 4281 2765 4352 ἡμῖν
2787 4321 2802 4342 ,
2835 4282 2949 4344 τοῖς
2993 4279 3136 4334 κατὰ
3174 4278 3274 4351 τὴν
3325 4279 3548 4351 ἐντολὴν
3603 4280 3811 4351 ᾠκειω-

2223 4373 2425 4446 μένοις,
2458 4373 2712 4427 τοσοῦτον
2738 4374 2839 4444 τῆς
2871 4373 3103 4445 καρδίας
3134 4373 3197 4427 τὸ
3226 4374 3470 4444 κατηφὲς
3502 4375 3805 4444 ἐνεγένετο.

2231 4465 2347 4517 Ἐπ’
2374 4463 2567 4535 ἐκείνῳ
2593 4465 2693 4533 μὲν
2719 4464 2828 4536 γὰρ
2868 4464 3019 4517 οὐδὲν
3050 4463 3158 4518 ἔδει
3188 4463 3513 4536 σκυθρωπὸν
3545 4464 3675 4519 οὔτε
3706 4484 3813 4520 πα-

2218 4556 2350 4620 θεῖν,
2382 4555 2505 4608 οὖτε
2542 4554 2909 4625 φθέγγεσθαι·
2943 4554 3168 4609 ἐλεεινοὶ
3214 4555 3273 4609 δὲ
3317 4557 3368 4608 oi
3393 4557 3503 4610 τῶν
3528 4558 3620 4610 ἐπ’
3659 4557 3811 4627 αὐτῷ

2216 4646 2446 4701 ἐλπίδων
2479 4646 2891 4720 διαμαρτόντες.
2928 4648 3039 4700 Καὶ
3066 4646 3144 4718 τῷ
3172 4646 3284 4700 δντι
3313 4645 3527 4700 πολλῶν
3551 4647 3810 4718 δακρύων

2215 4740 2309 4794 καὶ
2359 4740 2680 4812 στεναγμῶν
2727 4740 2867 4807 άξιοι
2889 4781 2903 4806 ,
2952 4739 3338 4812 ἐκπέμψαντες
3382 4739 3496 4811 (55)
3537 4741 3709 4795 παῖδα
3754 4746 3812 4796 ὲν

2288 4896 2400 4967 (55)
2436 4896 2873 4967 Σχολαστικοῦ.
2897 4895 3343 4967 Coisl._primusL
3359 4892 3512 4947 Harl.
3552 4893 3805 4967 etfﬂed"

2213 4963 2391 5039 Πατρϊ
2429 4963 2789 5039 σχολαστικοῦ
2828 4963 3283 5039 παραμυθὴτική.
3315 4963 3478 5020 Deest
3518 4966 3809 5035 σχολαστιο

2217 5038 2315 5092 κοῦ
2340 5037 2396 5091 in
2426 5037 2597 5105 Regio
2629 5040 2828 5105 primo.

2288 5109 2401 5178 (54)
2432 5104 2557 5160 Ἐπὶ
2577 5104 2704 5173 τόν,
2733 5117 2835 5161 etc.
2865 5107 2955 5161 Sic
2976 5105 3142 5165 Med..
3160 5105 3338 5178 Harl.,
3357 5104 3531 5178 Coisl.
3549 5104 3806 5178 etBigot.

2213 5177 2356 5233 Editi
2384 5176 2521 5249 περὶ
2557 5179 2668 5231 τόν.
2706 5178 2908 5260 Ibidem
2941 5178 3097 5259 deest
3128 5176 3396 5300 ἔὲμέτερον
3424 5176 3478 5229 in
3516 5176 3810 5229 codicibus

2213 5248 2354 5300 Med.
2388 5257 2443 5300 et
2483 5247 2634 5300 Harl.
2664 5246 2885 5300 Legitur
2921 5250 3079 5300 ἡμων
3181 5264 3258 5300 ιον
3288 5263 3343 5300 ιιι
3386 5243 3521 5300 Rea.
3557 5248 3810 5300 secunde

2213 5248 2354 5303 Med.
2388 5257 2443 5303 et
2469 5243 2634 5303 "Harl.
2664 5246 2885 5319 Legitur
2914 5248 3079 5319 fl)va
3128 5243 3343 5319 regesin
3386 5243 3533 5319 Reg.
3557 5248 3810 5300 secunde

2213 5330 2268 5375 et
2297 5319 2465 5375 Coisl.
2494 5314 2764 5375 secundo:
2793 5314 2974 5387 Paulo
2993 5326 3118 5387 post
3150 5316 3304 5371 Harl.
3334 5324 3391 5371 et
3416 5314 3559 5370 Méd.
3590 5326 3646 5371 et
3695 5319 3811 5371 duo

2213 5390 2301 5444 alii
2326 5390 2621 5457 ἐνεγένετο.
2645 5388 2786 5442 Editi
2814 5386 3048 5456 ἐγένετο.

2287 5459 2400 5531 (55)
2429 5452 2917 5531 ’Ἐκπέμψαντέᾳ
2958 5457 3048 5531 Sic
3068 5455 3247 5531 Δ(τοῖσι.
3285 5456 3520 5531 primus,
3552 5452 3708 5531 Harl.
3747 5465 3809 5511 et

2215 5524 2457 5585 Clarom.
2474 5530 2578 5583 Alii
2607 5524 2983 5600 ἐκπέμιξαντα.
3007 5527 3145 5582 Editi
3163 5524 3579 5600 ἐκπέμψαντας.
3595 5524 3804 5600 ibidem

2218 5582 2773 5670 Coisl.—secunduset
2803 5582 2947 5670 Reg.
2972 5582 3447 5670 secundusgdziz'ov.
3463 5582 3654 5670 Paulo
3675 5604 3804 5665 post

2217 5671 2353 5728 editi
2376 5671 2678 5743 ἀπευκτὴν.
2707 5667 3055 5739 Μεᾶ.,Ἠειι·1.
3080 5675 3136 5725 et
3173 5667 3345 5725 Coisl.
3378 5673 3439 5723 ut
3461 5668 3520 5724 in
3552 5673 3723 5723 textu.

2042 5864 2191 5881 ,-νο⁴’ν’⁴
2255 5865 2300 5877 ιηι
