3874 6218
171 338 310 397 1045

1127 335 1618 395 EPISTOLARUM
1654 331 1941 391 CLASSIS
1980 335 2063 391 ΙΙΙ.
2110 336 2326 393 EPIST.
2366 338 2520 394 CCL.

3305 337 3441 393 τωο

171 457 321 529 αὐτῷ
348 456 428 519 τῶ
455 457 607 513 ἀνθει
636 459 736 530 τῆς
756 457 974 530 ήλικιας
997 455 1091 509 ἐπὶ
1124 455 1301 525 λόγων
1332 457 1586 527 άσκησιν,
1625 457 1757 509 ὑπο-

1866 452 2024 524 longo
2050 452 2143 511 illo
2164 469 2229 509 ac
2258 454 2405 511 tristi
2440 451 2666 509 silentio
2692 451 3065 508 conticentem
3092 463 3437 522 receperunt.

169 546 422 612 δέξασθαι
472 545 766 602 σιωπῶντα
797 546 898 619 τὴν
936 545 1154 618 μακρὰν
1195 547 1403 615 ταύτην
1447 547 1540 601 καὶ
1584 549 1757 601 ἀπευ-

171 638 362 692 κταίαν
413 639 647 709 σιωπήν.
705 636 868 692 Ἀλλά
916 635 1092 690 ταῦτα
1149 635 1250 707 μὲν
1310 638 1386 701 ώς
1437 636 1760 709 ἀνθρώπους

168 730 318 800 ἡμᾶς
351 728 515 793 εὐθὺς
564 728 824 800 ἐκίνησεθ
865 728 963 782 καὶ
1006 727 1241 799 δάκρυον
1290 727 1585 799 ὲξεχέαμεν
1619 744 1758 798 προ-

170 820 351 883 πετὲς,
386 819 484 873 καὶ
508 819 817 890 στεναγμὸν
854 818 1149 890 ἀφήκαμεν
1184 819 1251 872 ὲκ
1287 817 1460 889 μέσης
1490 817 1590 889 τῆς
1623 835 1759 889 καρ-

167 909 284 973 δίας
316 910 643 965 ἀπαίδευτον
661 927 676 941 ο
708 909 805 964 τοῦ
829 910 1040 974 πάθους
1066 910 1133 964 ἀθ
1143 911 1281 982 ρόως
1311 909 1447 981 (56),
1471 904 1584 964 οἷόν
1610 927 1759 974 τινος

168 1002 420 1073 νεφέλης,
450 1002 543 1057 τὸν
586 1002 851 1074 λογισμὸν
901 1002 1058 1074 ἡμῶν
1092 1003 1464 1076 περισχόντος.
1505 1002 1661 1059 Ἐπεὶ
1700 1002 1757 1055 δὲ

167 1094 329 1167 ἡμῶν
378 1094 561 1149 αὐτῶν
620 1094 943 1166 ἐγενόμεθα,
992 1095 1086 1148 καὶ
1117 1094 1477 1166 διεὸλέψαμεν
1530 1093 1611 1166 τῷ
1656 1094 1759 1167 τῆς

167 1187 347 1260 ψυχῆς
392 1188 660 1261 ὀφθαλμῷ
710 1188 848 1262 πρὸς
878 1187 978 1260 τὴν
1016 1187 1178 1258 φύσιν
1223 1188 1331 1243 τῶν
1376 1187 1756 1260 ἀνθρωπίνων,

166 1278 248 1349 τῷ
282 1277 383 1348 μὲν
428 1279 622 1351 Κυρίῳ
669 1278 1132 1351 ἀπελογησάμεθοι
1154 1320 1170 1346 ,
1223 1280 1307 1348 ἐφ’
1332 1273 1416 1343 οἷς
1461 1278 1601 1337 κατὰ
1633 1295 1757 1332 συν-

168 1370 429 1443 αρπαγὴν
479 1374 513 1443 ή
567 1372 717 1444 ψυχὴ
758 1370 920 1442 ήμῶν
968 1371 1178 1443 διετέθη
1213 1370 1352 1442 πρὸς
1401 1370 1464 1425 τὸ
1510 1370 1753 1442 συμϐάν,

169 1462 396 1527 ἑαυτοὺς
422 1462 479 1517 δὲ
519 1463 957 1534 ἐνουθετήσαμεν
994 1463 1232 1535 μετρίως
1268 1463 1455 1534 φέρειν
1476 1462 1669 1527 ταῦτα,
1693 1463 1758 1514 ἐκ

167 1556 272 1625 τῆς
312 1554 551 1619 παλαιᾶς
597 1555 694 1609 τοῦ
748 1556 883 1611 Θεοῦ
922 1557 1250 1625 ἀποφάσεως
1299 1552 1758 1626 συγκληρωθέντα

166 1645 236 1715 τῇ
298 1640 411 1715 ζωῇ
464 1644 573 1699 τῶν
626 1646 952 1719 ἀνθρώπων.
995 1646 1216 1717 Οίχεται
1272 1649 1405 1711 παῖς
1471 1645 1606 1700 αὐτὸ
1656 1644 1759 1714 τῆς

167 1732 390 1803 ήλικίας
441 1732 593 1804 ἄγων
642 1736 707 1789 τὸ
756 1734 1056 1808 βιώσιμον,
1094 1735 1415 1806 διαπρέπων
1472 1737 1530 1788 ὲν
1575 1736 1757 1805 χοροῖς

165 1822 476 1895 ὁμηλίκων,
513 1806 763 1892 ποθεινὸς
790 1806 1152 1893 διδασκάλοις,
1179 1827 1288 1881 ἀπὸ
1332 1826 1495 1898 ψιλῆς
1540 1829 1640 1898 τῆς
1670 1828 1756 1879 ὲν-
1789 1806 1830 1862 Β

164 1913 404 1981 τεύξεως
439 1919 520 1982 είς
552 1915 767 1973 εὔνοιαν
796 1918 1099 1991 δυνάμενος
1138 1917 1231 1972 καὶ
1276 1918 1367 1972 τὸν
1418 1914 1756 1988 ἀγριώτατον

165 2008 580 2063 ἐπισπάσασθαι
601 2025 615 2039 ·
648 2009 775 2075 ὀξὺς
816 2013 876 2065 ὲν
929 2010 1217 2084 μαθήμασι
1238 2052 1253 2073 ,
1288 2012 1463 2081 πρᾶος
1499 2010 1561 2062 τὸ
1601 2006 1754 2081 ἦθος,

164 2098 312 2171 ὑπὲρ
343 2098 444 2171 τὴν
491 2101 712 2173 ἠλικίαν
755 2102 1197 2173 κατεσταλμένος
1255 2101 1400 2174 (57)·
1440 2102 1537 2156 καὶ
1587 2100 1757 2154 πλείω

164 2190 375 2245 τούτων
405 2190 599 2258 εἰπὼν,
645 2194 856 2248 ἐλάττω
892 2196 959 2249 ἀν
996 2212 1079 2258 τις
1121 2195 1266 2248 είποι
1323 2194 1426 2264 τῆς
1466 2192 1753 2263 ἀληθείας·

163 2283 284 2338 ἀλλ’
314 2286 466 2355 ὅμως
497 2285 786 2357 ἄνθρωπος
820 2289 951 2359 παρ’
976 2285 1266 2357 ἀνθρώπου
1297 2287 1587 2358 γενόμενος
1616 2287 1755 2358 (58).

163 2376 235 2429 Τί
263 2377 446 2431 τοίνυν
479 2377 792 2448 λογίζεσθαι
827 2381 919 2435 τὸν
948 2381 1163 2453 πατέρα
1192 2380 1287 2434 τοῦ
1314 2381 1559 2435 ’τοιούτου
1590 2398 1758 2452 προσ-

163 2469 307 2540 ῆκες
336 2470 402 2523 Τί
426 2470 555 2526 ἀλλο
585 2487 650 2541 γε
678 2472 711 2544 ἢ
736 2473 1155 2545 ἀναμνησθῆναι
1179 2473 1275 2527 τοῦ
1301 2472 1496 2528 ἑαυτοῦ
1527 2473 1754 2544 πατρὸς,

163 2562 249 2615 δτι
298 2560 567 2634 τέθνηκε;
604 2563 670 2617 Τί
702 2559 798 2618 οὖν
831 2564 1168 2637 θαυμαστὸν,
1208 2568 1274 2620 ὲκ
1330 2565 1527 2639 θνητοῦ
1561 2583 1757 2638 γεννη-

166 2654 351 2721 θέντα,
387 2654 583 2727 θνητοῦ
613 2656 869 2725 γενέσθαι
908 2657 1161 2729 πατέρας
1213 2657 1289 2711 Τὸ
1324 2658 1382 2711 δὲ
1431 2658 1538 2729 πρὸ
1584 2657 1754 2730 ὥρας,

166 2748 264 2802 καὶ
295 2748 425 2820 πρὶν
471 2748 805 2821 κορεσθῆναι
835 2748 932 2803 τοῦ
963 2749 1082 2821 βίου
1101 2791 1116 2816 ,
1147 2751 1245 2804 καὶ
1282 2750 1412 2822 πρὶν
1447 2751 1527 2813 είς
1564 2749 1759 2821 μέτρον

166 2843 388 2915 ἡλικίας
415 2843 611 2909 ἐλθεῖν,
642 2846 739 2900 κα)¹
762 2850 999 2919 φανῆναι
1024 2850 1137 2912 τοῖς
1164 2846 1495 2922 ἀνθρώποις,
1525 2848 1619 2901 καὶ
1645 2847 1760 2900 δια-

165 2936 331 3010 δοχὴν
378 2938 474 2992 τοῦ
513 2939 708 3010 γένους
757 2941 1113 2996 καταλιπεῖν·
1171 2941 1345 2997 ταῦτα
1385 2942 1486 2995 οὐκ
1530 2940 1760 3013 αὔξησις

166 3029 264 3083 τοῦ
317 3030 547 3097 πάθους,
598 3032 676 3097 ὡς
728 3033 968 3104 ἐμαυτὸν
1004 3032 1198 3097 πείθω,
1254 3033 1390 3088 ἀλλά
1434 3033 1759 3108 παραμυθία

1865 542 1971 601 Sed
2027 548 2140 602 haec
2196 561 2300 602 nos
2344 545 2588 617 quidem,
2617 553 2879 615 tanquam
2921 543 3207 608 homines,
3257 543 3442 597 statim

1860 646 2313 705 commoverunt,
2371 636 2815 709 illacrymatique
2874 651 3069 692 sumus
3127 633 3440 698 immodice,

1861 744 1926 784 ac
1952 730 2214 801 gemitum
2235 730 2524 786 emisimus
2543 744 2613 785 ex
2634 727 2817 784 medio
2832 727 2998 783 corde
3021 742 3133 783 non
3156 726 3440 791 decorum,

1859 838 1986 878 cum
2020 823 2203 880 subito
2233 837 2422 890 casus,
2452 822 2623 877 veluti
2651 820 2903 892 quaedam
2937 820 3139 883 nubes,
3171 818 3442 874 rationem

1860 922 2108 970 nostram
2141 923 2488 986 occupasset.
2522 913 2593 969 At
2622 913 2716 969 ubi
2748 913 2817 967 ad
2843 927 2946 967 nos
2978 912 3186 967 reversi
3224 926 3439 975 sumus,

1860 1020 1923 1060 ac
1972 1007 2318 1077 respeximus
2369 1006 2569 1063 mentis
2619 1006 2781 1061 oculo
2830 1004 2899 1060 ad
2948 1012 3203 1059 naturam
3257 1020 3441 1059 rerum

1858 1098 2260 1164 humanarum,
2293 1100 2507 1155 veniam
2543 1097 2766 1169 quidem
2795 1112 2825 1152 a
2854 1096 3088 1152 Domino
3123 1097 3439 1168 petivimus,

1859 1190 2006 1261 quod
2040 1192 2267 1262 abrepta
2302 1206 2457 1247 mens
2488 1198 2680 1246 nostra
2712 1189 2795 1245 sic
2839 1199 3100 1246 eventum
3128 1190 3283 1245 illum
3311 1206 3443 1247 scn-

1861 1286 2027 1341 sisset
2051 1302 2066 1353 ;
2100 1300 2209 1342 nos
2235 1286 2388 1355 ipsos
2416 1300 2550 1341 vero
2578 1287 2930 1353 monuimus,
2962 1292 3024 1341 ut
3071 1284 3354 1342 moderate
3379 1301 3445 1341 ea

1860 1379 2137 1445 feramus,
2185 1395 2309 1450 qua:
2338 1396 2405 1436 ex
2454 1379 2680 1450 antiqua
2725 1377 2822 1434 Dei
2872 1379 3144 1435 sententia
3186 1379 3445 1434 humanae

1859 1480 2072 1528 natura:
2123 1488 2248 1529 sors
2284 1469 2584 1530 exsistunt.
2640 1471 2890 1528 Mortuus
2930 1480 3017 1526 est
3038 1486 3175 1542 puer
3223 1471 3443 1527 vitalem

1860 1566 2036 1637 ipsam
2082 1574 2298 1622 aetatem
2347 1580 2535 1637 agens,
2568 1565 2750 1620 clarus
2796 1563 2851 1618 in
2893 1564 3184 1635 aequalium
3228 1563 3443 1627 choris,

1859 1658 2143 1729 magistris
2172 1658 2378 1714 charus
2418 1677 2432 1713 :
2474 1657 2706 1713 idoneus
2735 1657 2827 1726 qui
2872 1672 2940 1712 ex
2994 1656 3113 1712 solo
3143 1670 3446 1726 congressu

1859 1750 1945 1804 vel
2002 1749 2406 1805 ferocissimum
2446 1749 2515 1805 ad
2567 1749 3009 1806 benevolentiam
3064 1748 3444 1820 pertraheret;

1859 1857 2058 1905 acutus
2085 1850 2146 1904 in
2186 1849 2519 1920 disciplinis,
2552 1849 2776 1920 ingenio
2808 1848 2984 1914 mitis,
3031 1862 3199 1919 supra
3225 1852 3445 1903 aetatem

1861 1950 2243 2012 temperatus:
2286 1950 2341 1998 et
2391 1942 2440 1998 si
2492 1944 2618 2013 quis
2671 1942 2829 2013 plura
2877 1941 3108 2005 dixerit,
3158 1941 3444 1996 veritatem

1860 2044 2043 2089 tamen
2064 2033 2300 2089 dicendo
2326 2050 2437 2089 non
2463 2043 2790 2105 assequetur
2817 2050 2834 2086 ξ
2858 2033 2955 2090 sed
2979 2041 3166 2089 tamen
3186 2032 3357 2089 homo
3376 2047 3445 2088 ex

1861 2123 2083 2179 homine
2130 2124 2369 2194 genitus.
2422 2123 2566 2191 Quid
2615 2124 2781 2194 igitur
2833 2124 2963 2181 talis
3017 2125 3175 2195 Pueri
3230 2131 3445 2193 patrem

1861 2213 2109 2285 cogitare
2140 2214 2334 2270 decet?
2362 2214 2504 2282 Quid
2535 2214 2704 2279 aliud,
2735 2214 2844 2270 nisi
2876 2222 2938 2270 ut
2967 2215 3053 2270 sui
3070 2213 3248 2285 ipsius
3272 2214 3447 2284 patris

1858 2304 2204 2372 recordetur,
2248 2308 2342 2378 qui
2386 2315 2641 2364 mortuus
2666 2307 2789 2363 est?
2823 2306 2968 2374 Quid
3018 2307 3187 2379 igitur
3214 2306 3443 2372 mirum,

1859 2411 1925 2449 ex
1961 2396 2181 2451 mortali
2216 2396 2483 2466 genitum,
2518 2396 2771 2452 mortalis
2804 2404 3020 2467 patrem
3051 2395 3258 2452 factum
3286 2396 3447 2453 esse?

1860 2485 2018 2553 Quod
2051 2495 2234 2543 autem
2269 2489 2595 2555 immature,
2629 2497 2685 2545 ct
2715 2490 3039 2560 priusquam
3066 2489 3179 2544 vita
3207 2489 3445 2545 satiare-

1859 2585 1986 2645 tur;
2019 2580 2337 2651 priusquam
2375 2580 2443 2635 ad
2474 2566 2655 2638 artatis
2684 2597 3001 2637 mensuram
3033 2582 3364 2653 perveniret,
3392 2590 3448 2637 et

1861 2671 2233 2729 innotesceret
2302 2673 2650 2740 hominibus,
2708 2690 2774 2729 ac
2825 2675 3044 2745 generis
3108 2674 3449 2746 relinqueret

1862 2766 2274 2821 successionem
2312 2784 2325 2821 :
2359 2781 2705 2838 nequaquam
2751 2767 2870 2823 haec
2919 2768 3129 2824 doloris
3170 2770 3444 2834 accessio,

1862 2864 1923 2911 ut
1968 2857 2105 2911 mihi
2162 2858 2282 2928 ipse
2320 2858 2650 2929 persuadeo,
2692 2859 2791 2916 sed
2829 2867 3063 2916 eventus
3114 2867 3246 2916 sunt
3295 2862 3445 2917 sola-

1863 2951 2020 3006 tium.
2045 2948 2249 3007 Gratiaa
2270 2953 2495 3024 agendae
2518 2961 2649 3009 sunt
2671 2953 2873 3009 divinae
2898 2953 3273 3025 dispositioni,
3297 2954 3447 3027 quod

1862 3058 1972 3098 non
2018 3044 2305 3115 reliquerit
2338 3045 2393 3100 in
2427 3052 2579 3101 terra
2606 3046 2811 3102 liberos
2837 3046 3003 3104 orbos
3027 3087 3043 3113 ,
3086 3062 3191 3104 nec
3218 3048 3447 3105 viduam

164 3120 263 3174 τοῦ
316 3124 604 3192 γεγονότος
657 3125 830 3181 ἐστίν.
888 3126 1347 3198 Εὐχαριστεῖσθαι
1404 3127 1609 3198 ὀφείλει
1663 3125 1757 3181 τοῦ

1866 3153 1959 3199 aut
1987 3146 2249 3202 :erumnis
2282 3145 2561 3203 diuturnis
2608 3146 2939 3213 obnoxiam,
2989 3153 3085 3202 aut
3113 3161 3241 3202 cum
3274 3146 3447 3204 altero

165 3212 309 3268 Θεοῦ
335 3217 369 3287 ή
402 3215 668 3284 διάταξις,
701 3219 784 3272 ὃτι
816 3219 891 3291 μή
925 3220 1217 3274 κατέλιπεν
1251 3221 1391 3294 ὑπὲρ
1418 3222 1521 3292 γῆς
1546 3220 1758 3293 ὀρφανά

166 3305 339 3360 τέκνα
358 3321 371 3336 ·
408 3308 490 3361 ὅτι
519 3308 594 3381 μὴ
631 3312 867 3378 γυναῖκα
902 3313 1077 3382 χήραν
1107 3311 1285 3382 θλίψει
1327 3313 1514 3384 μακρᾷ
1542 3311 1756 3367 ἔκδοτον

165 3398 407 3470 ἀφῆκεν,
441 3400 475 3472 ἢ
508 3401 664 3471 ἀνδρὶ
684 3401 857 3474 ἑτέρῳ
888 3405 1335 3475 συνοικήσουσαν,
1359 3406 1453 3459 καὶ
1484 3404 1593 3458 τῶν
1624 3422 1758 3477 προ-

164 3490 345 3562 τέρων
371 3491 576 3546 τέκνων
608 3494 1118 3567 καταμελήσουσαν.
1161 3496 1235 3550 Τὸ
1268 3496 1347 3561 δὲ,
1376 3497 1460 3551 ὅτι
1505 3498 1567 3551 οὐ
1617 3515 1760 3570 παρ-

166 3583 338 3654 ετάθη
364 3583 444 3656 τῷ
485 3584 587 3657 βίῳ
621 3585 800 3657 τούτῳ
834 3587 868 3657 ή
908 3586 1023 3659 ζωὴ
1068 3587 1159 3640 τοῦ
1212 3588 1423 3653 παιδὸς,
1460 3588 1547 3651 τίς
1587 3588 1759 3653 οὕτως

165 3675 478 3749 ἀγνώμων,
514 3677 593 3741 ὼς
642 3677 718 3750 μὴ
766 3678 827 3732 τὺ
877 3678 1135 3750 μέγιστον
1181 3678 1291 3733 τῶν
1326 3678 1548 3748 ἀγαθῶν
1601 3678 1760 3733 τοῦτο

167 3768 418 3838 νομίζειν
447 3765 588 3823 εἶναι
613 3787 628 3837 ;
663 3771 729 3824 Ἥ
755 3770 866 3845 γάρ
899 3773 994 3825 ἐπὶ
1036 3772 1221 3827 πλεῖον
1249 3772 1485 3827 ἐνταῦθα
1509 3772 1759 3844 διατριϐὴ

170 3860 438 3917 πλειόνων
475 3861 667 3917 κακῶν
695 3865 846 3918 ἐστιν
871 3865 1119 3938 ἀφορμή.
1152 3866 1267 3919 Οὐκ
1300 3865 1528 3937 ἐποίησε
1556 3865 1753 3919 κακόν·

166 3954 273 4008 οὐκ
295 3952 503 4027 ἔρραψε
534 3955 686 4010 δόλον
720 3956 798 4028 τῷ
823 3956 1053 4027 πλησίον
1073 3974 1086 3988 ·
1119 3959 1220 4011 οὐκ
1247 3959 1327 4022 είς
1356 3957 1605 4029 ἀνάγκην
1627 3952 1760 4027 ἦλθε

168 4043 467 4118 φρατρίαις
498 4046 609 4119 (59)
640 4048 1506 4121 καταμιγῆναι-τττονηρευομένων⁹
1546 4048 1646 4102 οὐκ
1672 4050 1759 4101 ὲν-

168 4135 383 4208 επλάκη
396 4140 510 4202 τοῖς
528 4141 651 4193 κατ’
675 4141 884 4213 ἀγοράν
913 4144 1106 4205 κακοῖς
1125 4158 1139 4173 ·
1163 4143 1262 4213 οὺχ
1296 4142 1591 4213 ὑπέμεινεν
1626 4141 1760 4195 ἀνά-

164 4244 313 4302 γκην
356 4230 773 4303 ἁμαρτημάτων
807 4271 823 4296 ,
857 4231 918 4285 οὐ
950 4230 1166 4302 ψεῦδος,
1212 4232 1313 4285 οὐκ
1342 4232 1758 4303 ἀγνωμοσύνην,

166 4318 231 4372 οὐ
257 4316 590 4386 πλεονεξίαν,
620 4322 682 4375 οὐ
700 4321 1035 4394 φιληδονίαν,
1057 4324 1117 4376 οὐ
1141 4322 1210 4378 τὰ
1236 4323 1336 4393 τῆς
1368 4322 1569 4394 σαρκὸς
1588 4322 1758 4393 πάθη,

165 4410 273 4465 ὅσα
305 4413 424 4475 ταῖς
453 4411 762 4482 ἀναγώγοις
786 4413 986 4487 ψυχαῖς
1014 4415 1329 4485 ἐγγίνεσθαι
1359 4416 1602 4485 πέφυκεν
1620 4433 1633 4447 ·
1670 4419 1762 4471 οὺ-

165 4502 335 4575 δεμιᾷ
359 4503 472 4576 (ιο)
523 4505 704 4577 κηλίδι
743 4506 854 4578 (ιι)
896 4507 997 4580 τὴν
1039 4506 1219 4580 ψυχὴν
1251 4508 1464 4580 ἀπῆλθε
1508 4526 1760 4564 κατεστι-
1792 4490 1838 4545 D

166 4594 395 4667 γμένος,
426 4595 562 4652 ἀλλὰ
597 4597 839 4671 καθαρὸς
878 4598 1195 4673 ἀνεχώρησε
1239 4600 1378 4672 πρὸς
1413 4600 1511 4673 τὴν
1548 4601 1759 4673 ἀμείνω

166 4685 346 4758 λῆξιν.
378 4689 453 4742 Οὐ
482 4688 557 4761 γῆ
582 4690 897 4763 κατέκρυψε
921 4692 1012 4746 τὸν
1043 4693 1349 4765 ἀγαπητὸν,
1383 4692 1502 4748 ἀλλ’
1531 4694 1760 4767 οὐρανὸς

168 4778 489 4846 ὑπεδέξατο.
527 4780 662 4845 Θεὸς
692 4783 721 4835 ὀ
742 4781 811 4836 τά
837 4782 1085 4854 ἡμέτερα
1121 4784 1442 4855 οἰκονομῶν,
1472 4784 1502 4836 ὀ
1530 4783 1630 4848 τὰς
1648 4784 1760 4839 τῶν

166 4869 382 4943 χρόνων
406 4871 692 4943 ὁροθεσίας
730 4874 947 4944 ἑκάστῳ
979 4872 1309 4945 νομοθετῶν,
1344 4875 1373 4927 ό
1422 4874 1649 4945 ἀγαγὼν
1680 4877 1760 4939 είς

165 4964 271 5036 τὴν
305 4961 450 5035 ζωὴν
498 4964 736 5035 ταύτην,
775 4966 939 5030 αὐτὸς
990 4966 1087 5020 κα).
1132 4966 1482 5038 μετέστησεν.
1522 4968 1761 5039 Ἔχομεν

169 5058 518 5114 διδασκάλιον
548 5060 662 5133 (42)
699 5062 758 5115 ὲν
787 5063 910 5126 ταῖς
938 5060 1269 5133 ὑπερϐολαῖς
1294 5061 1403 5116 τῶν
1439 5062 1757 5134 συμφορῶν,

167 5150 270 5221 τὴν
319 5151 645 5224 περιϐόητον
691 5153 909 5226 ἐκείνην
956 5153 1142 5226 φωνὴν
1194 5153 1289 5208 τοῦ
1326 5155 1565 5226 μεγάλου
1608 5155 1756 5209 Ἰώ6·

243 5353 362 5427 (ξρ)
407 5356 677 5425 Ἀθρόως.
702 5354 850 5427 Harl.
884 5363 938 5411 et
970 5355 1110 5427 Med.
1139 5354 1350 5427 ἀθρόον.

243 5425 360 5500 (⁸57)
405 5426 925 5500 κατεσταλμένος.
976 5425 1113 5496 Reg.
1158 5425 1437 5481 secundus
1485 5434 1539 5482 et
1583 5427 1756 5500 Bigot.

169 5494 599 5560 καθεσταμένος.

246 5565 361 5638 (58)
391 5564 746 5638 Γενόμενρς.
772 5564 852 5622 ita
876 5565 1041 5630 Med.,
1068 5565 1216 5621 Harl.
1250 5576 1305 5638 et
1327 5566 1498 5638 Cois}.
1530 5568 1755 5638 primus.

168 5633 320 5710 Editi
342 5633 616 5710 γενηθείς.
647 5633 777 5708 Reg.
814 5637 1091 5710 secundus
1121 5636 1422 5710 γεννηθείς.
1456 5633 1602 5693 lnl’ra
1630 5655 1757 5697 eos-

168 5708 301 5778 dem
332 5708 551 5764 codices
590 5711 765 5764 secuti
806 5708 1141 5761 mutavimus
1201 5708 1347 5778 quod
1404 5720 1521 5766 erat
1563 5710 1617 5765 in
1646 5713 1763 5769 edi--

169 5776 248 5835 Iis
275 5777 370 5832 ἐπὶ
397 5779 499 5850 γῆς
527 5786 582 5836 et
606 5780 716 5835 τῶν
757 5778 1036 5852 προτέρων
1067 5776 1299 5854 γάμων..

1382 5891 1431 5901 νικ-

1861 3236 1980 3291 viro
2019 3236 2387 3293 babitaturam
2435 3246 2491 3294 et
2538 3238 2747 3295 liberos
2788 3238 3006 3309 priores
3048 3238 3443 3310 neglecturam.

1861 3327 2019 3395 Quod
2052 3338 2237 3386 autem
2268 3332 2382 3386 vita
2416 3332 2575 3403 pueri
2602 3331 2823 3403 longius
2856 3332 2912 3386 in
2949 3331 3054 3388 hoc
3085 3332 3288 3388 saeculo
3318 3347 3450 3404 pro-

1859 3419 2027 3477 ducta
2065 3437 2176 3477 non
2226 3421 2367 3489 fuit;
2402 3423 2529 3494 quis
2577 3423 2715 3479 adeo
2748 3422 3230 3489 inconsideratus,
3279 3430 3341 3477 ut
3392 3422 3449 3477 id

1860 3512 2160 3568 maximum
2188 3513 2350 3587 437
2383 3515 2657 3570 bonorum
2704 3530 2830 3571 esse
2876 3530 2989 3570 non
3016 3514 3265 3585 judicet?
3298 3510 3448 3568 Lon-

1862 3604 1986 3674 gior
2010 3604 2156 3660 enim
2189 3605 2282 3660 hic
2306 3608 2693 3672 commoratio,
2719 3607 2994 3662 malorum
3019 3606 3259 3678 plurium
3288 3620 3451 3662 occa-

1862 3697 1946 3754 sio
1977 3706 2083 3755 est.
2131 3698 2254 3755 Non
2299 3699 2524 3757 admisit
2573 3701 2812 3766 malum,
2844 3716 2957 3757 non
3007 3701 3213 3757 struxit
3259 3699 3449 3756 dolum

1862 3792 2151 3862 proximo;
2182 3808 2294 3849 non
2339 3793 2397 3849 in
2438 3794 2494 3849 id
2542 3795 2893 3851 necessitatis
2916 3795 3089 3857 venit,
3133 3801 3193 3848 ut
3225 3793 3449 3864 ἰιιίιιιιοο

1862 3899 1985 3937 rum
2028 3885 2284 3941 societati
2337 3885 2782 3954 admisceretur;
2832 3902 2945 3943 non
2997 3885 3316 3957 implicatus
3365 3891 3454 3938 est

1865 3982 2025 4039 malis
2068 3983 2415 4051 forensibus;
2445 4001 2560 4040 non
2605 3985 2870 4041 sustinuit
2902 3984 3292 4041 necessitatem
3321 3997 3453 4053 pec-

1865 4075 2052 4141 candi,
2084 4092 2192 4133 non
2238 4076 2613 4143 mendacium,
2647 4093 2759 4132 non
2792 4077 2961 4133 animi
2990 4076 3188 4148 ingrati
3229 4075 3450 4140 vitium,

1865 4181 1976 4220 non
2035 4167 2358 4234 avaritiam,
2418 4183 2531 4223 non
2590 4183 2840 4224 amorem
2895 4167 3277 4238 voluptatum,
3338 4180 3453 4222 non

1866 4258 1998 4314 vitia
2052 4262 2276 4328 carnis,
2333 4277 2682 4334 quascunque
2745 4262 2951 4318 animis
3007 4260 3303 4316 dissolutis
3363 4260 3456 4315 in-

1866 4349 2024 4405 nasci
2071 4350 2286 4418 solent;
2321 4352 2471 4408 nulla
2501 4352 2718 4407 macula
2759 4352 2984 4409 inustus
3030 4351 3218 4406 animo
3248 4349 3453 4420 migra-

1866 4442 1968 4510 vit,
1996 4444 2089 4500 sed
2118 4460 2293 4516 purus
2323 4445 2597 4502 abscessit
2628 4445 2698 4501 ad
2746 4452 2953 4502 sortem
2986 4443 3293 4500 meliorem.
3332 4440 3456 4497 Non

1870 4537 2116 4591 contexit
2140 4547 2286 4593 terra
2316 4536 2601 4606 dilectum,
2631 4538 2743 4596 sed.
2764 4539 2965 4599 calum
2999 4538 3264 4610 suscepit.
3310 4535 3456 4594 Deus

1871 4643 1966 4712 qui
2016 4659 2107 4699 res
2163 4652 2388 4701 nostras
2437 4646 2776 4713 moderatur,
2829 4649 2925 4719 qui
2980 4646 3282 4718 unicuique
3316 4653 3459 4701 tem-

1873 4765 2070 4822 porum
2122 4751 2404 4809 terminos.
2443 4756 2776 4824 praestituit,
2830 4754 2927 4826 qui
2981 4753 3041 4809 in
3069 4753 3240 4820 ,hanc
3285 4753 3456 4808 vitam

1870 4852 2020 4908 hunc
2049 4851 2385 4923 deduxerat,
2433 4854 2580 4911 idem
2616 4856 2785 4917 etiam
2818 4855 3128 4917 transtulit.
3177 4853 3458 4911 Habemus

1870 4955 2265 5012 documentum
2294 4958 2351 5014 in
2396 4960 2656 5017 maximis
2695 4960 3122 5028 calamitatibus,
3163 4960 3459 5015 celeberri-

1871 5070 2016 5110 mam
2073 5057 2221 5111 illam
2274 5058 2459 5129 magui
2507 5058 2631 5114 Jobi
2678 5074 2869 5115 vocem
2914 5078 2927 5113 :
2968 5059 3229 5114 Dominus
3276 5056 3456 5124 dedit,

1871 5149 2132 5209 Dominus
2178 5150 2401 5224 abstulit
2431 5168 2448 5205 :
2482 5152 2621 5214 sicut
2666 5151 2893 5206 Domino
2921 5152 3093 5206 visum
3140 5159 3240 5216 est,
3285 5152 3363 5204 ita
3404 5158 3457 5203 ct

1968 5353 2056 5426 39)
2088 5353 2441 5426 ‘qurpftyg:
2461 5351 2751 5426 Medicaeus
2779 5351 2949 5426 codex
2980 5349 3240 5426 φρατρίᾳ.

1967 5406 2057 5495 λυ)
2093 5406 3050 5495 ﬁdeﬁcﬁﬂiditiadduint-coniciam
3086 5406 3237 5495 ηἱιιζα
3265 5419 3458 5495 harum

1873 5491 2051 5550 reruni
2082 5491 2315 5548 macula.
2345 5493 2451 5549 Sed
2475 5510 2538 5550 ea
2566 5508 2673 5549 vox
2702 5492 2900 5549 melius
2927 5491 3146 5547 videtur
3175 5492 3369 5547 deesse
3400 5491 3455 5545 in

1872 5568 2061 5622 codice
2091 5565 2397 5619 Harlaaano.

1945 5637 2057 5708 (41)
2089 5634 2454 5708 Κηλίδιηδὶο
2486 5636 2732 5708 plerique
2759 5651 2895 5708 mss.
2926 5633 3065 5708 Editi
3092 5632 3318 5708 κηλίδει,

1944 5704 2057 5777 (42)
2088 5704 2508 5763 Διδασκάλιονζ
2558 5704 2817 5765 Nonnulli
2858 5706 3080 5764 codices
3124 5704 3459 5767 recentiores

1873 5777 2255 5835 διδασκαλεῖον.
