3852 6224
394 243 532 300 1οη

1709 240 1765 297 8.
1808 239 2058 295 BASILII
2097 236 2312 293 MAGNI

3532 225 3679 281 ιιιδ

389 357 594 424 factum
636 360 733 408 est.
781 350 865 407 Sit
898 369 1088 408 nomen
1139 350 1355 407 Domini
1404 351 1735 407 benedictum
1778 355 1833 408 in
1877 371 1979 408 ue-

2147 373 2148 380 η
2189 352 2409 418 Κύριος
2452 347 2701 411 ἔδωκεν,
2743 348 2776 399 ὀ
2821 344 3036 412 Κύριος
3089 343 3398 413 ἀφείλετο·
3458 343 3548 407 ὡς
3602 350 3684 406 τῷ

385 448 511 503 cula
539 446 604 500 ".

876 642 1215 700 EPISTOLA
1253 644 1410 701 CCCI
1450 648 1487 699 ‘.

2078 442 2277 511 Κυρίῳ
2318 440 2564 506 ἔδοξεν,
2610 439 2765 494 οὕτω
2812 437 2912 492 καὶ
2946 436 3204 505 ἐγένετο.
3237 436 3350 505 Ειη
3377 436 3445 488 τὸ
3482 434 3687 504 ὄνομα

2076 536 2302 605 Κυρίου
2328 533 2743 606 εὐλογημένον
2774 536 2862 599 είς
2891 532 3034 598 τοὺς
3066 532 3305 597 αἰῶνας.

2615 649 2966 705 summm
3003 626 3146 701 TA'.‘

1567 757 1851 815 demetatur
1875 773 2030 821 morte
2053 770 2225 821 amris
2252 767 2499 834 afﬂictum.

842 864 1087 921 Maximo
1126 867 1507 925 consolatoria.

464 956 753 1023 Quomodo
779 956 1009 1013 affectus
1034 957 1233 1013 fuerim
1266 959 1454 1015 audito
1480 976 1633 1026 casu,
1662 965 1814 1019 nulla
1845 966 1981 1022 mihi

395 1049 575 1103 oratio
619 1050 687 1103 ad
735 1049 884 1104 clare
929 1051 1348 1120 exprimendum
1399 1053 1535 1110 satis
1584 1070 1709 1111 esse
1759 1058 1978 1127 possit;

397 1157 524 1196 cum
573 1141 791 1212 quidem
838 1156 985 1197 nunc
1031 1143 1440 1199 considerarent
1496 1147 1707 1201 illatum
1762 1150 1980 1219 piorum

396 1232 678 1286 communi
710 1232 974 1286 damnum
1005 1234 1209 1289 amissa
1243 1233 1457 1290 ordinis
1491 1236 1575 1291 sui
1616 1237 1864 1308 principe
1899 1236 1980 1293 fc-

398 1324 599 1389 mina;
654 1339 803 1378 nunc
866 1339 998 1379 vero
1030 1332 1293 1395 quantam
1328 1326 1382 1379 in
1436 1328 1718 1382 tristitiam
1764 1330 1986 1399 delapsa

396 1424 547 1470 esset
594 1415 880 1485 gravitatis
923 1424 1029 1471 tua:
1064 1418 1336 1472 serenitas
1383 1419 1728 1489 cogitarem:
1772 1436 1835 1475 ac
1881 1420 1983 1475 do-

395 1522 583 1567 mum.
619 1508 778 1575 cujus
813 1507 1062 1563 fortunas
1111 1525 1301 1565 omnes
1343 1510 1671 1577 laudabant,
1708 1513 1762 1566 in
1807 1529 1983 1584 genua

396 1602 748 1671 prolapsam,
803 1608 858 1655 et
907 1602 1241 1667 convictum,
1289 1604 1382 1673 qui
1435 1604 1720 1661 harmonia
1772 1624 1986 1663 summa

2414 875 2670 946 Μαξίμῳ
2701 874 2813 945 (45)
2850 869 3329 941 παραμυθητική.

2159 971 2346 1032 Ὅπως
2374 967 2695 1039 διετέθημεν
2728 965 2821 1019 ἐπὶ
2845 968 2910 1036 τῇ
2942 966 3079 1035 ἀκοῇ
3110 961 3203 1015 τοῦ
3239 961 3464 1025 πάθους,
3498 961 3697 1025 οὐδεὶς

2085 1062 2151 1115 ἂν
2184 1063 2318 1132 ἡμῖν
2355 1061 2513 1130 λόγος
2564 1061 2645 1123 είς
2693 1059 3037 1130 παράστασιν
3084 1056 3183 1127 τῆς
3238 1053 3537 1126 ἐναργείας
3568 1054 3693 1125 (ιε)

2087 1153 2341 1225 ἀρκέσειε
2364 1170 2378 1184 °
2413 1151 2507 1206 νῦν
2546 1152 2645 1222 μὲν
2691 1150 2791 1220 τὴν
2840 1148 3045 1220 ζημίαν
3077 1145 3414 1216 λογιζόμενοι
3440 1145 3587 1217 (45),
3620 1146 3697 1216 ἢν

2086 1244 2148 1297 τὸ
2181 1244 2361 1297 κοινὸν
2409 1244 2518 1297 τῶν
2569 1242 2816 1296 εὐλαϐὦν
2868 1237 3187 1312 ἐζημιώθη,
3227 1238 3326 1309 τὴν
3377 1238 3699 1308 προστάτιν

2087 1335 2182 1390 τοῦ
2211 1337 2334 1391 καθ’
2368 1338 2569 1408 ἑαυτὴν
2593 1336 2869 1407 τάγματος
2895 1331 3167 1386 ἀπολέσαν
3191 1328 3303 1400 (46)
3324 1349 3338 1361 ·
3362 1331 3458 1385 νῦν
3485 1330 3548 1384 δὲ
3582 1332 3697 1402 τὴν

2091 1428 2428 1501 φαιδρότητα
2456 1428 2558 1498 τῆς
2606 1428 2705 1499 σῆς
2752 1428 3081 1498 σεμνότητος
3124 1426 3205 1487 εἰς
3247 1422 3366 1475 οἵαν
3404 1422 3697 1492 μετέπεσε

2092 1522 2394 1591 κατήφειαν
2434 1519 2778 1583 ἐννοοῦντεςο
2815 1513 2964 1573 οἷκον
2996 1520 3114 1580 τοῖς
3155 1518 3288 1570 πᾶσι
3337 1514 3697 1586 μακαριστὸν

2091 1616 2171 1678 εἰς
2200 1614 2331 1684 γόνυ
2379 1614 2669 1675 κλιθέντα,
2722 1614 2816 1668 καὶ
2869 1612 3175 1683 συμϐίωσιν
3218 1608 3310 1663 διὰ
3349 1608 3448 1678 τῆς
3498 1606 3700 1679 ἄκρας

398 1694 810 1764 conglutinatus
840 1704 976 1759 erat,
1009 1710 1203 1751 somno
1232 1697 1398 1752 citius
1439 1698 1768 1754 dissolutum
1800 1704 1983 1757 animo

2147 1708 2352 1779 ιμονίας
2386 1710 2808 1779 συμπεφυκυῖαν
2842 1706 3054 1777 ὀνείρου
3088 1704 3201 1774 (47)
3256 1702 3453 1756 θᾶττον
3487 1699 3699 1754 διαλυο

398 1785 668 1839 intuerer.
700 1784 1018 1852 Quomodo,
1069 1788 1281 1843 etiamsi
1314 1806 1564 1847 essemus
1612 1793 1981 1858 adamantini,

398 1889 511 1929 non
560 1874 744 1931 inﬂexi
783 1876 966 1931 animo
1012 1876 1349 1935 fuissemus?
1392 1879 1520 1935 Mihi
1556 1897 1684 1937 vero
1715 1885 1877 1939 etiam
1918 1902 1984 1942 ex

400 1968 584 2039 primo
614 1982 916 2039 congressu
956 1972 1309 2027 necessitudo
1339 1976 1587 2044 quaedam
1619 1978 1832 2031 exstitit
1860 1994 1984 2035 cum

400 2070 499 2115 tua
540 2061 839 2131 dignitate;
883 2070 1104 2133 tamque
1154 2071 1260 2118 tua:
1292 2066 1481 2120 virtuti
1531 2065 1677 2133 favi,
1731 2076 1789 2121 ιιι
1837 2070 1986 2123 omni

400 2153 543 2209 hora
572 2154 764 2211 laudes
792 2162 916 2211 tuas
950 2155 1006 2209 in
1036 2172 1131 2212 ore
1151 2158 1426 2214 haberem.
1460 2159 1529 2214 At
1550 2161 1639 2215 ubi
1667 2162 1830 2217 etiam
1853 2162 1985 2215 mihi

403 2263 532 2304 cum
558 2248 713 2305 beata
738 2249 830 2304 illa
858 2251 1043 2304 anima
1068 2251 1280 2306 exstitit
1313 2252 1680 2319 familiaritas,
1706 2255 1840 2309 mihi
1861 2271 1989 2311 vere

401 2339 511 2397 fuit
541 2357 890 2411 persuasum,
923 2344 1063 2398 hanc
1099 2342 1526 2400 Proverhiorum
1568 2349 1897 2402 sententiam
1932 2350 1986 2402 in

402 2435 563 2489 vobis
593 2434 766 2491 fuisse
794 2435 1198 2502 conﬁrmatam,
1249 2437 1536 2493 mulierem
1577 2439 1831 2494 videlicet
1870 2440 1990 2494 viro

405 2540 439 2581 a
480 2526 592 2582 Deo
635 2528 816 2598 aptari
843 2528 908 2581 ⁸⁸.
943 2528 1093 2583 Adeo
1138 2529 1385 2585 moribus
1418 2532 1803 2601 congruebatis
1849 2533 1990 2588 inter

402 2634 524 2689 vos,
559 2627 794 2690 utroque
841 2631 1101 2690 tanquam
1156 2622 1211 2675 in
1260 2623 1485 2691 speculo
1534 2623 1758 2679 alterius
1807 2640 1990 2679 mores

404 2712 465 2766 in
505 2712 689 2782 seipso
722 2718 1172 2781 repraesentante.
1210 2710 1438 2766 Etiamsi
1482 2713 1607 2782 quis
1641 2713 1799 2783 plura
1832 2714 1988 2768 dixe—

406 2802 515 2867 rit,
569 2817 637 2856 ne
666 2803 947 2857 minimam
985 2803 1206 2871 quidem
1250 2811 1459 2872 partem
1497 2819 1688 2858 eorum
1724 2820 1845 2875 quae
1891 2821 1991 2875 pro

407 2894 611 2950 merito
641 2894 872 2949 dicenda
912 2902 1120 2960 essent,
1159 2902 1507 2965 assequatur.
1554 2893 1661 2951 Sed
1699 2897 1830 2966 quid
1861 2912 1990 2952 sen-

409 2983 657 3041 tiendum
690 2985 759 3040 de
807 2983 901 3038 Dei
944 2983 1062 3054 lege
1094 2983 1299 3039 dudum
1338 2985 1585 3055 vigente,
1623 2994 1681 3039 ιιι
1712 2988 1803 3057 qui
1849 2996 1992 3044 stato

2088 1797 2272 1851 θεῖσαν
2316 1798 2605 1868 βλέποντες
2652 1799 2717 1867 τῇ
2773 1794 3003 1867 διανοίᾳ.
3035 1793 3160 1856 Πῶς
3204 1793 3305 1845 οὐκ
3357 1791 3446 1856 ἂν,
3491 1791 3543 1843 εἰ
3588 1790 3697 1843 καὶ

2089 1891 2437 1961 ἀδαμάντινοι
2468 1885 2504 1961 ἦ
2514 1907 2633 1960 μεν,
2658 1889 2756 1952 τὰς
2780 1887 2957 1957 ψυχὰς
2979 1884 3486 1955 κατεκάμφθημεν;
3516 1883 3694 1953 Ἡμῖν

2086 1983 2144 2037 δὲ
2170 1983 2260 2036 κα)¹
2288 1984 2352 2036 ἐκ
2384 1983 2481 2053 τῆς
2510 1980 2734 2052 πρώτης
2770 1981 2868 2051 μὲν
2896 1978 3113 2048 ὁμιλίας
3145 1976 3416 2046 οἰκειότης
3445 1992 3529 2038 τις
3560 1974 3696 2042 ἐγέ-

2087 2092 2209 2128 νετο
2240 2075 2376 2145 πρὸς
2403 2075 2502 2145 τὴν
2539 2074 2636 2145 σὴν
2673 2072 3138 2144 σεμνοπρέπειαν,
3172 2070 3266 2123 καὶ
3294 2067 3553 2123 τοσοῦτόν
3589 2084 3695 2121 σου

2086 2169 2152 2237 τῇ
2178 2168 2344 2238 ἀρετῇ
2377 2164 2821 2237 προσετέθημεν,
2867 2164 3010 2217 ὥστε
3052 2162 3146 2215 ἐπὶ
3183 2162 3365 2231 πάσης
3409 2160 3567 2232 ὥρας
3598 2158 3699 2213 διὰ

2092 2257 2335 2329 γλώττης
2395 2257 2540 2328 ἔχειν
2591 2257 2661 2309 τὰ
2712 2256 2809 2309 σά’
2865 2256 2952 2308 ὅτε
3001 2255 3057 2308 δὲ
3109 2254 3205 2308 καὶ
3253 2255 3353 2323 τῆς
3403 2250 3698 2322 μακαρίας

2088 2348 2306 2419 ἐκείνης
2333 2347 2511 2419 ψυχῆς
2558 2346 2859 2418 ἐγενόμεθα
2895 2350 2951 2400 ἐν
2986 2344 3282 2417 συνηθείᾳ,
3317 2343 3490 2406 ὄντως
3534 2342 3701 2395 ἐπεί-

2092 2437 2300 2510 σθημεν
2330 2438 2420 2491 τὸν
2464 2437 2565 2507 τῆς
2611 2436 2918 2508 Παροιμίας
2958 2436 3115 2503 λόγον
3145 2436 3228 2504 ἐφ’
3258 2434 3387 2503 ὑμῖν
3429 2430 3699 2502 βεόαιού-

2096 2542 2276 2595 μενον,
2313 2526 2395 2578 ὅτι
2436 2524 2590 2596 παρὰ
2620 2524 2757 2577 Θεοῦ
2800 2524 3104 2596 ἁρμόζεται
3144 2523 3281 2594 γυνὴ
3320 2523 3497 2593 ἀνδρί.
3527 2522 3700 2575 Οὕτω

2092 2613 2228 2684 πρὸς
2252 2615 2487 2685 τρόπους
2509 2612 2622 2682 (48)
2649 2613 2899 2684 ἀλλήλοις
2920 2609 3017 2685 ἦτε
3037 2631 3053 2646 ο
3084 2612 3277 2684 ὥσπερ
3300 2613 3360 2664 ὲν
3388 2610 3699 2681 κατόπτρῳ

2094 2708 2351 2778 ἑκάτερος
2390 2708 2452 2759 τὸ
2478 2706 2571 2759 τοῦ
2616 2708 2805 2778 ἐτέρου
2835 2703 2966 2778 ἦθος
3003 2710 3060 2760 ἐν
3105 2705 3287 2777 ἐαυτῷ
3333 2703 3695 2776 προδεικνύς.

2093 2800 2203 2853 Καὶ
2233 2800 2401 2852 πολλὰ
2446 2800 2511 2853 ἂν
2544 2799 2715 2852 εἰπών
2739 2817 2822 2863 τις
2863 2799 2984 2852 οὐδὲ
3021 2798 3316 2852 πολλοστοῦ
3353 2797 3557 2870 μέρους
3591 2796 3700 2867 τῆς

2094 2892 2247 2959 ἀξίας
2298 2892 2559 2960 ἐφίκοιτο.
2605 2891 2767 2945 Ἀλλά
2818 2893 2870 2944 τί
2917 2892 3025 2963 χρὴ
3075 2890 3269 2944 παθεῖν
3329 2892 3469 2960 πρὸς
3520 2887 3700 2958 νόμον

2095 2982 2230 3036 Θεοῦ
2267 2983 2437 3037 πάλαι
2480 2984 2894 3055 κεκρατηκότα,
2937 2984 3027 3037 τὸν
3080 2983 3305 3037 ἐλθόντα
3350 2984 3431 3046 είς
3473 2982 3699 3052 γένεσιν

412 3088 657 3147 tempore
683 3077 736 3130 in
768 3077 945 3129 lucem
978 3075 1158 3131 editus
1187 3083 1292 3140 est,
1328 3092 1520 3132 rursus
1549 3078 1738 3146 abeat;
1775 3089 1822 3132 et
1858 3094 1987 3133 una-

2147 3082 2212 3143 zig
2231 3078 2534 3150 καθήκουσι
2561 3080 2775 3151 χρόνοις
2806 3080 2968 3133 πάλιν
3003 3078 3317 3144 ὑπεξελθεῖν
3336 3121 3351 3141 ,
3383 3078 3480 3131 καὶ
3508 3076 3700 3147 ψυχὴν

411 3185 642 3241 qumque
682 3171 885 3231 anima,
926 3168 1019 3223 ubi
1060 3170 1390 3225 necessariis
1419 3173 1546 3226 vitae
1583 3170 1776 3225 ofﬁciis
1806 3170 1993 3225 functa

411 3271 517 3325 est,
553 3271 667 3316 tum
698 3261 918 3317 demum
949 3261 1183 3316 vinculis
1218 3263 1466 3331 corporis
1495 3263 1779 3316 solvatur?
1812 3262 1997 3333 Neque

412 3356 577 3428 primi
611 3355 662 3410 id
698 3353 843 3424 passi
878 3368 1093 3419 sumus,
1129 3352 1215 3407 vir
1245 3353 1597 3419 admirande,
1637 3370 1812 3424 neque
1847 3356 1992 3410 Soli:

415 3446 513 3502 sed
562 3461 686 3515 qua:
738 3451 994 3514 parentes
1042 3452 1099 3497 et
1150 3442 1236 3496 avi
1286 3450 1339 3497 et
1372 3444 1608 3510 majores
1658 3451 1806 3499 retro
1834 3443 2002 3515 438

414 3553 607 3593 omnes
641 3537 852 3607 experti
875 3542 1025 3602 sunt,
1057 3550 1122 3589 ea
1152 3549 1255 3590 nos
1276 3534 1438 3589 etiam
1462 3537 1793 3605 experimur.
1822 3536 2001 3606 Atque

416 3632 535 3686 haec
577 3630 682 3683 vita
724 3628 990 3698 exemplis
1018 3627 1291 3698 ejusmodi
1335 3626 1533 3682 referta
1565 3638 1668 3683 est.
1704 3626 1780 3683 Te
1817 3636 2000 3683 autem

416 3731 574 3778 tanto
605 3721 820 3776 caeteris
848 3720 1051 3775 virtute
1082 3725 1454 3789 praestantem,
1492 3718 1549 3773 in
1599 3718 1794 3774 mediis
1837 3718 2002 3773 etiam

416 3813 680 3870 aerumnis
715 3826 815 3882 par
853 3820 936 3867 est
964 3811 1162 3865 animae
1196 3816 1303 3864 tua:
1349 3809 1783 3881 magnitudinem
1831 3809 2004 3864 infra-

419 3916 565 3961 ctam
595 3905 896 3969 custodire,
928 3919 1038 3958 non
1062 3904 1323 3958 damnum
1345 3917 1583 3972 praesens
1606 3902 1797 3971 iniquo
1820 3901 2005 3957 animo

421 3999 713 4062 ferentem,
744 3998 839 4053 sed
868 3997 939 4052 ob
967 3995 1294 4052 beneficium
1328 3995 1487 4049 initio
1512 3994 1772 4050 collatum
1800 3995 2006 4064 gratias

421 4093 672 4165 iargitori
695 4092 1006 4147 habentem.
1032 4088 1171 4144 Mori
1201 4089 1346 4145 enim
1368 4102 1659 4143 commune
1687 4098 1770 4144 est
1818 4105 2004 4144 eorum

422 4188 519 4256 qui
567 4183 819 4256 ejusdem
865 4191 1078 4238 natura:
1129 4179 1423 4251 participes
1474 4184 1603 4233 sunt
1644 4195 1658 4230 :
1704 4179 1799 4235 sed
1852 4181 2009 4235 bonae

424 4278 619 4334 uxoris
662 4277 944 4333 consortio
975 4274 1106 4340 frui,
1136 4274 1328 4344 paucis
1369 4272 1629 4344 contigit.
1662 4274 1755 4342 qui
1803 4273 1858 4327 in
1897 4284 2008 4327 νιιιι

425 4369 614 4425 felices
647 4366 928 4438 praedicati
976 4372 1138 4430 sunt;
1176 4364 1377 4434 quippe
1421 4377 1546 4416 cum
1582 4363 1699 4431 ipse
1737 4377 1803 4416 ex
1853 4378 2011 4433 sepa-

384 4469 404 4511 ’
498 4483 735 4547 "Jobt,
770 4484 863 4540 2!.
940 4479 1171 4536 “Prov.
1206 4498 1321 4535 xix.
1348 4481 1433 4534 14.

544 4619 695 4674 Alias
726 4613 1043 4671 CCCXLVI.

519 4646 1212 4757 .editis
1244 4685 1631 4757 haeceplstola
1675 4684 1877 4739 dicitur
1914 4686 2009 4738 ἀν·
2043 4646 2086 4700 D

427 4756 1393 4831 επῖγραφος,ῨΝρΙηρΙξ-Μξικίιιιίὶ-ιτιιί
1427 4756 1691 4826 inscripta
1718 4766 1823 4821 est,
1864 4758 2012 4815 erui-

428 4824 956 4885 mus'ex'codicibus
981 4825 1131 4880 Harl.
1164 4834 1217 4880 et
1241 4824 1477 4881 Clarom.

503 4901 615 4971 (44)
655 4898 1021 4971 ξΕναργείᾳς.
1056 4898 1135 4971 lta
1167 4895 1317 4971 Harl.
1359 4909 1412 4971 et
1456 4896 1632 4971 Bigol.
1683 4895 1826 4951 Editi
1857 4898 2010 4969 ἐνερ-

430 4966 608 5041 γείας.
655 4966 863 5025 Ibidem
895 4968 1029 5024 editi
1073 4966 1320 5039 ἀρκέσει,
1364 4966 1609 5037 plerique
1662 4982 1797 5022 mss.
1845 4977 1907 5022 ut
1951 4966 2010 5025 in

410 5051 621 5183 “$53
650 5110 1043 5183 Λογιζόμενοι.
1075 5107 1534 5183 Uterque_Coisl.,
1581 5108 1783 5183 Regius
1818 5122 2016 5162 secun-r

435 5178 561 5246 dus,
593 5178 771 5237 Paris.
809 5178 867 5237 et
905 5181 1146 5237 Clarom.
1194 5178 1583 5251 λογιζομένοις.
1618 5178 1724 5235 sed
1770 5186 2014 5251 erratum

433 5267 557 5307 esse
600 5259 749 5321 patet
777 5268 843 5307 ex
894 5252 981 5308 his
1010 5267 1134 5323 quae
1163 5248 1493 5321 sequuntur.
1524 5250 1696 5305 Paulo
1735 5254 1859 5319 post
1882 5248 2015 5303 editi

436 5321 559 5374 καθ’
583 5322 795 5374 ἑαυτόν.
844 5322 950 5374 Sex
1001 5338 1135 5374 mss.
1181 5333 1239 5374 ut
1282 5322 1337 5374 in
1368 5328 1537 5374 textu.
1593 5320 1741 5374 Harl.
1777 5319 2015 5374 secunda

436 5322 559 5375 καθ’
583 5322 795 5376 ἑαυτόν.
844 5322 951 5378 Sex
1001 5322 1135 5377 mss.
1181 5333 1239 5377 ut
1282 5322 1337 5375 in
1368 5328 1537 5376 textu.
1593 5322 1741 5374 Harl.
1777 5322 2016 5375 secunda

436 5406 601 5446 manu
630 5401 684 5446 et
710 5391 850 5448 Med.
885 5391 1006 5447 καθ’
1034 5393 1278 5457 ἑαυτούς.

416 5463 427 5527 ι
511 5461 620 5531 (46)
654 5461 1016 5517 Ἀπολέσαν.
1051 5464 1126 5517 lta
1155 5478 1289 5518 mss.
1330 5462 1590 5532 quinque.
1621 5459 1765 5515 Editi
1804 5457 2015 5513 ἀπώλε-

434 5532 815 5674 ἕὲὶὲῃιδίᾶεω
857 5532 1177 5588 Harlaeanus
1221 5534 1391 5589 codex
1424 5536 1519 5589 νῦν
1556 5532 1729 5589 δὲκαὶ
1760 5532 1856 5602 τήν
1894 5546 2016 5599 φαι-

603 5618 685 5655 τα.

409 5670 428 5777 ‘5
470 5670 483 5674 ⁷
516 5670 628 5743 (4⁸7)
668 5672 946 5743 Ὀνείρου.
991 5671 1142 5730 Harl.
1175 5681 1229 5731 et
1258 5672 1423 5732 Coisl.
1472 5673 1682 5746 primus
1714 5670 2010 5744 ὀνείρατος,

2097 3171 2334 3242 ἑκάστην
2369 3171 2839 3243 λειτουργήσασαν
2873 3173 2949 3243 τῷ
2982 3173 3083 3245 βίῳ
3121 3172 3190 3225 τὰ
3232 3173 3528 3239 ἀναγκαῖα,
3571 3165 3699 3222 εἶτα

2097 3263 2205 3318 τῶν
2248 3265 2464 3335 δεσμῶν
2514 3265 2626 3338 (49)
2669 3266 2765 3320 τοῦ
2822 3266 3077 3337 σώματος
3120 3265 3496 3331 enotamus;
3551 3262 3700 3317 Οὔτε

2100 3352 2307 3425 πρῶτοι
2356 3355 2725 3427 πεπόνθαμεν,
2763 3352 2808 3411 ὦ
2853 3357 3146 3428 θαυμάσιε,
3176 3355 3302 3411 οὔτε
3349 3356 3535 3427 μόνοι·
3571 3354 3696 3408 ἀλλ’

2101 3440 2176 3499 ὧν
2202 3450 2379 3516 γονεῖς
2420 3448 2783 3520 πεπείρανται
2829 3450 2921 3503 καὶ
2957 3449 3195 3513 πάπποι,
3228 3448 3324 3501 καὶ
3354 3448 3405 3500 οἱ
3448 3445 3568 3499 ἄνω
3600 3445 3703 3499 τοῦ

2101 3540 2293 3608 γένους
2323 3539 2582 3603 ἅπαντες,
2612 3539 2817 3593 τούτων
2854 3541 2949 3593 καὶ
2974 3543 3140 3610 ἡμεῖς
3174 3541 3234 3591 ἐν
3264 3537 3433 3609 πείρᾳ
3459 3537 3703 3606 γεγόνα-

2108 3646 2228 3700 μεν.
2264 3629 2374 3683 Καὶ
2402 3629 2616 3703 πλήρης
2640 3632 2669 3683 ό
2708 3630 2900 3699 παρὼν
2936 3630 3051 3700 βίος
3081 3629 3192 3683 τῶν
3221 3627 3481 3682 τοιούτων
3515 3644 3708 3700 παρα-

2102 3720 2434 3791 δειγμάτων.
2485 3722 2552 3774 Σέ
2580 3722 2659 3787 δέ,
2710 3723 2964 3776 τοσοῦτον
3010 3725 3077 3794 τῇ
3130 3723 3299 3792 ἀρετῇ
3330 3721 3438 3773 τῶν
3491 3718 3708 3773 λοιπῶν

2105 3813 2456 3884 διαφέροντα,
2493 3816 2588 3869 καὶ
2628 3816 2686 3868 ἐν
2716 3815 2904 3887 μέσοις
2941 3819 3055 3879 τοῖς
3103 3814 3298 3868 πάθεσι
3329 3812 3585 3885 προσῆκε
3644 3813 3708 3866 τὸ

2106 3906 2205 3975 τῆς
2260 3905 2441 3976 ψυχῆς
2493 3907 2628 3976 (50)
2687 3907 3029 3977 μεγαλοφυές
3078 3906 3451 3960 ἀταπείνωτον
3497 3905 3710 3960 διασώ-

2109 3995 2222 4060 ζειν
2248 3997 2384 4069 (51),
2421 3997 2495 4069 μὴ
2524 4001 2590 4070 τῇ
2621 3998 2716 4052 νῦν
2743 3999 2915 4070 ζημίᾳ
2944 3999 3387 4070 δυσχεραίνοντα,
3422 3996 3566 4053 ἀλλὰ
3601 3997 3711 4066 τῆς

2109 4090 2167 4156 ἐξ
2202 4090 2378 4161 ἀρχῆς
2411 4091 2620 4162 δωρεᾶς
2652 4091 2814 4163 χάριν
2849 4090 3029 4144 εἰδότα
3058 4091 3135 4162 τῷ
3171 4090 3452 4145 δεδωκότι.
3486 4089 3566 4142 Τὸ
3604 4088 3711 4160 μὲν

2109 4184 2218 4255 γὰρ
2248 4184 2540 4239 ἀποθανεῖν
2587 4184 2767 4239 κοινὸν
2799 4183 2909 4237 τῶν
2939 4183 3040 4254 τῆς
3077 4184 3246 4253 αὐτῆς
3276 4180 3712 4253 μετεσχηκότων

2112 4278 2358 4345 φύσεως²
2394 4277 2453 4331 τὸ
2481 4278 2537 4331 δὲ
2578 4275 2756 4349 ἀγαθῇ
2799 4276 3119 4346 συνοικῆσαι
3164 4276 3367 4345 ὀλίγοις
3406 4277 3524 4337 τοῖς
3560 4273 3712 4326 κατά

2112 4369 2202 4424 τὸν
2227 4369 2340 4441 βίον
2373 4369 2788 4442 μακαρισθεῖσιν
2815 4368 3089 4443 ὑπῆρξενυ
3125 4370 3259 4421 ὅπου
3297 4366 3411 4433 (5‘2)
3440 4367 3536 4423 καὶ
3571 4365 3711 4419 αὐτὸ

2187 4619 2296 4689 (43)
2336 4619 2490 4688 Πρὸς
2535 4619 2809 4689 τρόπους.
2842 4614 2929 4689 ita
2960 4613 3127 4689 Coisl.
3164 4612 3399 4689 primus,
3449 4610 3611 4689 Harl.
3656 4623 3711 4669 et

2120 4682 2358 4747 Mcdfet
2379 4682 2491 4742 ἰιιιῖ
2524 4682 2795 4742 nonnulli.
2835 4685 2979 4739 Editi
3017 4683 3151 4754 πρὸς
3182 4682 3428 4754 τρόπου.
3455 4683 3583 4738 Mox
3610 4700 3708 4740 co-

2119 4762 2269 4816 dices
2293 4776 2388 4815 sex
2405 4758 2746 4830 προδερινύς.
2769 4757 2907 4811 Editi
2937 4751 3282 4830 ιιτροεζδείκνυἱ
3299 4751 3549 4810 Subinde
3570 4755 3707 4830 editi

2118 4831 2171 4884 τί
2197 4831 2279 4884 δεῖ
2308 4824 2517 4884 παθεῖν.
2572 4828 2709 4883 Tres
2757 4824 3114 4882 vetustissimi
3161 4824 3383 4879 codices
3419 4839 3550 4879 cum
3598 4826 3708 4879 alio

2121 4908 2180 4956 ut
2211 4903 2266 4955 in
2298 4909 2471 4955 textu.
3068 4935 3078 4943 -

2194 4972 2305 5042 (49)
2344 4972 2466 5026 Τῶν
2492 4967 2755 5042 δεσμῶν.
2785 4966 2952 5042 Cojsl.
2976 4966 3201 5042 primus
3234 4963 3605 5042 τόν-δεσμόν(

2194 5034 2305 5112 (50)
2349 5040 2557 5112 Τὸίτῆς
2587 5034 2813 5112 ψυχῆς.
2857 5038 2935 5092 ita
2976 5034 3126 5091 Harl.
3159 5046 3215 5092 et
3256 5034 3425 5091 Coisl.
3459 5034 3704 5106 primus.

2121 5108 2355 5190 Εάξίὲίῄτθξ
2382 5111 2483 5181 τῆς
2500 5108 2604 5190 εἷῇς
2634 5108 2849 5190 ψυλῆςε.
2917 5178 2932 5190 .
3009 5177 3058 5190 ..
3111 5175 3126 5190 .
3223 5176 3301 5190 ,η
3341 5177 3353 5189 .
3391 5176 3407 5190 .
3535 5175 3548 5188 .

2285 5128 2982 5249 ῗὲᾖιηοῗίὲᾎῗνῗυέἓὲςίὶπι..
3009 5175 3151 5231 Med.
3186 5187 3239 5249 et
3261 5176 3432 5249 Cpisl.
3467 5175 3704 5249 primus.

2122 5252 2265 5307 Editi
2288 5246 2583 5306 διασῶσαι.
2631 5248 2830 5319 Ibidem
2875 5248 3006 5304 editi
3036 5248 3135 5319 τὴν
3168 5247 3261 5301 νῦν
3294 5246 3521 5319 ζημίαν.
3555 5246 3703 5312 Qua-

2122 5333 2247 5379 tuor
2269 5339 2424 5386 mss.,
2452 5322 2507 5376 in
2532 5321 2618 5376 his
2645 5318 2792 5373 Ilarl.
2820 5327 2875 5375 et
2900 5319 3071 5389 Coisl.
3096 5318 3337 5389 primus,
3361 5318 3420 5371 ut
3448 5318 3505 5389 in
3527 5324 3700 5389 textu.

2193 5394 2306 5462 (52)
2343 5394 2504 5447 Κατὰ
2528 5391 2654 5462 τὸν
2677 5387 3119 5462 ﬂag-Paduam:
3144 5388 3236 5441 Sic
3288 5387 3704 5462 emendavimus

2123 5455 2227 5535 ope
2248 5455 2501 5520 codicum
2525 5461 2675 5515 Harl.
2710 5468 2764 5515 et
2792 5458 2933 5515 Med.
2967 5459 3112 5541 quod
3139 5468 3258 5513 erat
3286 5459 3342 5512 in
3371 5458 3539 5513 editis
3566 5455 3703 5510 κατὰ

2123 5534 2323 5605 θεὸν...
2365 5529 2529 5605 ἦπου.
2554 5530 2915 5605 _Paulu_post
2954 5531 3086 5605 editi
3134 5528 3427 5597 διάζευξιν,
3474 5526 3536 5581 ἐν
3567 5529 3696 5581 ἐστι.

2171 5550 2323 5590 εον...
2365 5550 2529 5590 nmo.
2583 5550 2752 5586 raulo
2790 5550 2915 5590 nos:
2954 5550 3086 5584 eum
3134 5550 3427 5590 οιαςευςιν,
3475 5550 3536 5581 εν
3567 5550 3696 5581 εστι.

2124 5545 2323 5590 θεὸν...
2365 5545 2529 5605 ὴπου.
2583 5545 2752 5586 Paulo
2789 5545 2915 5600 p08!
2954 5545 3086 5584 eum
3134 5545 3427 5597 οιαςευςιν,

2124 5602 2261 5663 Tres
2289 5601 2644 5662 vetustissimi
2676 5599 2895 5658 codices
2934 5608 2993 5656 ut
3021 5602 3080 5657 in
3107 5607 3278 5655 textu.

2230 5798 2269 5808 ρ.
