3852 6224
145 328 288 387 ιοι9

1031 328 1524 388 EPISTOLARUM
1562 331 1848 390 CLASSIS
1884 331 1971 388 Ill.
2011 328 2231 387 EPIST.
2270 325 2469 385 CCC".

3275 321 3417 378 1050

145 449 210 503 τὸ
234 445 494 517 λυπηρῶς
525 448 768 516 ἐνεγκεῖν
806 446 905 519 τὴν
948 446 1223 516 διάζευξιν
1266 450 1328 503 οὐ
1365 452 1562 523 μικρόν
1607 454 1726 506 ἐστι

1848 451 2044 506 'atione
2073 449 2231 505 dolor
2263 463 2376 503 non
2419 448 2647 517 parvum
2695 443 2770 500 sit
2815 440 2915 499 Dei
2943 438 3172 507 donum,
3203 442 3291 499 his
3320 444 3416 512 qui

146 538 256 592 τῶν
284 548 351 591 εκ
387 536 524 590 Θεοῦ
551 535 773 606 δωρεῶν
803 539 917 599 τοῖς
952 537 1312 608 εὐγνωμόνως
1334 538 1726 611 λογιζομένοις.

148 630 385 693 Πολλοὺς
423 629 531 701 γάρ
579 629 825 699 ἔγνωμεν
867 627 964 700 τὴν
1006 628 1249 683 διάλυσιν
1290 629 1392 700 τῆς
1424 630 1733 703 ἀκαταλλή-

145 724 240 777 λου
270 723 384 795 (55)
419 723 786 792 συνοικήσεως
815 719 1003 784 ὥσπερ
1043 720 1245 792 βάρους
1275 720 1536 775 ἀπόθεσιν
1572 722 1730 787 δεξα-

149 815 367 889 μένους.
406 814 738 884 Ἀπόϐλεψον
786 814 923 883 πρὸς
975 814 1068 868 τὸν
1100 814 1328 886 οὐρανὸν
1370 814 1593 880 τοῦτον,
1640 816 1733 870 καὶ

144 909 239 962 τὸν
293 908 478 979 ἥλιον,
531 907 627 961 καὶ
672 908 853 960 πᾶσαν
906 905 1234 978 περίσκεψαι
1280 905 1379 977 τὴν
1440 908 1616 960 κτίσιν
1675 909 1734 961 ὲν

146 999 356 1070 κύκλῳ,
375 1000 457 1052 ὅτι
491 998 664 1051 ταῦτα
696 998 816 1068 μὲν,
843 996 1083 1051 τοσαῦτα
1114 997 1243 1050 ὄντα
1280 999 1374 1051 καὶ
1407 999 1731 1069 τηλικαῦτα,

149 1091 348 1162 μικρὸν
375 1089 601 1161 ὕστερον
626 1091 687 1142 οὐ
718 1090 1046 1161 φανήσεται·
1072 1091 1167 1143 καὶ
1194 1092 1259 1144 ὲκ
1288 1091 1506 1144 πάντων
1527 1091 1734 1145 τούτων

145 1180 326 1232 ἐκεῖνο
350 1179 650 1248 συνάγαγε,
667 1180 770 1244 ὅτι,
792 1177 958 1250 μέρος
987 1178 1138 1243 ὄντες
1160 1180 1258 1251 τῆς
1285 1180 1736 1251 άποθνησκούσης

146 1270 402 1337 κτίσεως,
438 1271 499 1324 τὸ
535 1274 600 1324 ἐκ
642 1272 742 1341 τῆς
795 1270 985 1340 κοινῆς
1019 1271 1234 1340 φύσεως
1280 1272 1394 1345 (54)
1448 1272 1735 1329 ἐπιϐάλλον

146 1364 285 1433 ἡμῖν
332 1359 743 1433 ὑπεδεξάμεθα·
791 1363 916 1415 ἐπεὶ
975 1363 1070 1417 καὶ
1122 1366 1151 1416 6
1201 1364 1379 1435 γάμος
1433 1365 1592 1428 αὐτὸς
1639 1366 1736 1419 τοῦ

145 1454 518 1525 ἀποθνήσκειν
550 1454 669 1507 ἐστὶ
697 1453 1039 1524 παραμυθία.
1072 1452 1217 1507 Διότι
1244 1455 1353 1526 γὰρ
1386 1458 1467 1519 εἰς
1509 1456 1570 1508 τὸ
1598 1473 1736 1510 παν-

145 1548 303 1611 τελὲς
337 1547 678 1619 παραμένειν
706 1547 808 1600 οὐκ
853 1548 999 1617 ἐνῆν,
1035 1549 1101 1618 τῇ
1144 1547 1361 1619 διαδοχῇ
1406 1547 1500 1601 τοῦ
1546 1548 1739 1616 γένους

145 1640 209 1693 τὸ
243 1640 379 1712 πρὸς
408 1640 497 1694 τὸν
530 1639 643 1710 βίον
665 1639 885 1711 διαρκὲς
912 1642 942 1692 6
963 1641 1304 1711 Δημιουργὸς
1328 1642 1734 1713 ἐμηχανήσατο.

148 1733 216 1786 Et
247 1731 329 1794 δὲ,
369 1732 453 1785 ὅτι
486 1729 681 1785 θᾶττον
724 1731 1045 1802 πῳαπῆρεν
1088 1731 1269 1802 ήμῶν,
1317 1731 1620 1802 ἀνιώμεθα,
1662 1732 1738 1803 μὴ

1833 550 1947 599 rem
1977 558 2136 612 aequo
2163 541 2348 595 animo
2390 543 2668 609 reputant.
2701 537 2838 592 Novi
2873 534 3019 591 enim
3063 535 3289 600 multos,
3320 536 3417 606 qui

1832 642 2097 705 tanquam
2126 631 2317 688 oneris
2338 628 2761 701 depositionem,
2787 628 3124 682 matrimonii
3156 644 3263 682 non
3291 643 3419 683 con-

1833 724 2084 796 gruentis
2137 722 2559 780 dissolutionem
2607 719 2845 791 amplexi
2896 725 3044 775 sunt.
3085 716 3317 788 Respice
3358 718 3415 772 in

1833 818 2032 873 cmlum
2085 826 2140 872 et
2177 817 2347 872 solem
2384 833 2398 868 :
2434 821 2488 869 et
2550 820 2836 869 creaturas
2891 821 3084 867 omnes
3138 810 3417 865 undelibet

1833 909 2127 976 collustra,
2174 908 2290 962 haec
2310 921 2433 978 qua:
2461 913 2543 960 tot
2589 912 2646 961 et
2694 913 2848 960 tanta
2880 912 3040 970 sunt,
3087 903 3253 975 paulo
3293 908 3418 973 post

1833 1016 1944 1057 non
1980 1000 2409 1072 comparebunt;
2445 1008 2609 1071 atque
2633 1015 2697 1055 ex
2729 999 2818 1053 his
2853 997 3112 1053 omnibus
3143 994 3279 1050 illud
3306 995 3418 1049 col-

1834 1094 1962 1165 lige,
1998 1107 2124 1160 nos,
2173 1107 2298 1147 cum
2349 1093 2608 1162 periturae
2653 1099 2922 1147 creaturae
2965 1103 3094 1160 pars
3135 1088 3330 1152 simus,
3362 1087 3419 1143 id

1835 1187 1982 1258 quod
2005 1187 2163 1242 nobis
2185 1201 2253 1241 ex
2275 1187 2555 1240 communi
2585 1192 2780 1239 natura
2804 1183 3086 1246 convenit,
3112 1180 3417 1251 accepisse;

1836 1278 2110 1348 siquidem
2145 1284 2201 1333 et
2242 1277 2559 1348 conjugium
2591 1276 2773 1347 ipsum
2814 1275 3012 1329 mortis
3037 1280 3123 1329 est
3148 1272 3417 1328 solamen.

1835 1369 1972 1424 Nam
2000 1372 2130 1441 quia
2161 1384 2380 1441 semper
2410 1382 2735 1439 permanere
2762 1380 2873 1422 non
2918 1366 3172 1428 dabatur,
3203 1378 3422 1420 succes-

1838 1464 1995 1518 sione
2028 1463 2245 1533 generis
2286 1462 2710 1533 perpetuitatem
2742 1461 2868 1515 vitae
2893 1457 3124 1515 Creator
3157 1457 3421 1513 concilia-

1837 1555 1937 1609 rit.
1994 1553 2152 1620 Quod
2201 1554 2249 1609 si
2304 1553 2359 1607 id
2416 1552 2694 1624 angimur,
2741 1552 2890 1622 quod
2933 1553 3099 1606 citius
3145 1559 3270 1606 ante
3319 1565 3422 1605 nos

1838 1647 2057 1710 abierit,
2084 1646 2159 1700 illi
2187 1662 2256 1701 ne
2276 1646 2642 1708 invideamus,
2675 1646 2818 1716 quod
2846 1644 3113 1700 molestiis
3133 1642 3260 1699 vita:
3274 1642 3422 1698 haud

1841 1739 2073 1792 multum
2098 1738 2314 1807 oppleta
2351 1736 2533 1801 fuerit,
2559 1737 2656 1792 sed
2688 1738 2865 1790 instar
2893 1734 3091 1791 [lorum
3129 1734 3422 1790 nitentium

148 1824 536 1894 βασκαίνωμεν
566 1826 632 1894 τῇ
669 1824 743 1895 μὴ
774 1824 868 1876 ἐπὶ
899 1823 1035 1878 πολὺ
1073 1824 1183 1877 τῶν
1210 1823 1459 1895 ὀχληρῶν
1490 1825 1585 1878 τοῦ
1619 1824 1734 1894 βίου

1848 1846 1942 1887 nos
1969 1845 2091 1885 eam
2123 1830 2303 1885 adhuc
2334 1829 2714 1885 desiderantes
2742 1829 3051 1899 reliquerit.
3087 1826 3193 1882 Sed
3218 1833 3270 1882 te
3298 1835 3424 1882 ante

144 1915 586 1986 ἀναπλησθείσῃ,
617 1914 755 1969 ἀλλὰ
782 1915 923 1969 κατά
960 1916 1060 1987 τὴν
1083 1917 1243 1988 χάριν
1272 1918 1373 1990 τὴν
1411 1917 1520 1971 τῶν
1557 1918 1734 1972 ἀνθῶν

149 2007 232 2060 ἔτι
263 2007 564 2072 ποθοῦντας
596 2010 747 2080 ἡμᾶς
777 2008 1106 2082 ἐπιλιπούσῃ
1126 2010 1260 2081 (55).
1291 2009 1405 2083 Πρὸ
1435 2009 1653 2065 πάντων
1677 2011 1735 2064 δέ

150 2116 212 2153 σε
256 2100 319 2153 τὺ
349 2101 447 2172 τῆς
491 2101 840 2165 ἀναστάσεως
870 2102 1047 2173 δόγμα
1082 2102 1561 2175 ψυχαγωγησάτω,
1597 2106 1736 2176 Χρι-

150 2189 371 2242 στιανὸν
398 2188 549 2254 ὄντα,
586 2190 681 2243 καὶ
715 2190 806 2242 ἐπ’
838 2189 1016 2243 ἑλπίδι
1042 2190 1152 2243 τῶν
1181 2191 1482 2262 μελλόντων
1511 2192 1734 2261 ἀγαθῶν

146 2281 249 2351 τὴν
291 2278 437 2352 ζωὴν
476 2281 817 2351 διεξάγοντα.
851 2281 1039 2346 Οὕτως
1078 2278 1171 2337 οὖν
1200 2282 1527 2337 διανοεῖσθαι
1566 2301 1736 2356 προσ-

146 2372 309 2443 ῆκεν,
350 2372 428 2436 ὡς
458 2372 575 2426 ὁδόν
607 2390 732 2428 τινα
770 2373 1147 2446 παρελθούσης
1173 2374 1309 2442 (56),
1339 2376 1408 2446 ἣν
1452 2377 1547 2429 καὶ
1584 2377 1735 2447 ἡμᾶς

146 2468 335 2539 δεήσει
376 2470 728 2541 πορεύεσθαι.
775 2472 840 2526 El
869 2472 946 2538 δὲ,
975 2473 1058 2527 ὅτι
1088 2474 1194 2546 πρὸ
1234 2474 1411 2546 ἡμῶν,
1444 2475 1544 2527 οὐκ
1575 2474 1733 2545 ὀδυρ-

151 2562 273 2631 μῶν
292 2560 452 2616 τοῦτο
472 2561 644 2629 ἀξιον.
676 2565 892 2636 Μικρὸν
919 2566 1028 2638 γὰρ
1057 2565 1283 2637 ὕστερον
1305 2566 1467 2636 τυχὸν
1503 2566 1564 2619 τὺ
1600 2565 1737 2637 ἡμέ-

147 2670 308 2726 τερον
357 2654 751 2730 ἐλεεινότερον,
791 2660 872 2722 εί,
927 2659 1023 2713 ἐπὶ
1062 2659 1245 2714 πλεῖον
1294 2658 1738 2731 παραταθέντες,

156 2745 368 2801 πλείοσι
415 2747 709 2820 γενοίμεθα
769 2749 1044 2822 τιμωρίας
1094 2751 1373 2821 ὑπόχρεοι.
1434 2749 1597 2802 Ἀλλά
1642 2751 1740 2821 τῆς

1841 1922 2028 1976 omnia
2094 1931 2311 1977 recreet
2373 1919 2801 1975 resurrectionis
2862 1918 3095 1988 dogma,
3149 1917 3423 1972 hominem

1840 2014 2242 2079 Christianum,
2275 2020 2441 2082 atque
2473 2013 2528 2066 in
2566 2011 2876 2065 futurorum
2907 2010 3177 2064 bonorum
3220 2024 3317 2079 spe
3342 2007 3427 2064 vi~

1840 2112 2079 2162 ventem.
2120 2104 2300 2171 Quare
2342 2119 2442 2176 par
2470 2102 2636 2157 fuerit
2674 2102 2743 2158 de
2766 2117 2831 2158 ea
2872 2103 2943 2156 ita
2975 2101 3237 2172 cogitare,
3269 2101 3424 2171 quasi

1844 2199 1986 2252 viam
2016 2197 2312 2268 quamdam
2345 2196 2671 2261 confecerit,
2715 2210 2879 2265 quam
2923 2203 2976 2251 et
3015 2209 3117 2251 nos
3150 2194 3425 2266 oportebit

1841 2289 2075 2360 ingredi.
2113 2288 2270 2355 Quod
2306 2289 2353 2345 si
2391 2289 2550 2344 nobis
2587 2288 2823 2357 praeivit,
2856 2287 2911 2341 id
2949 2287 3154 2357 gemitu
3199 2286 3426 2356 dignum

1844 2396 1954 2436 non
1985 2390 2091 2436 est.
2125 2379 2261 2435 Nam
2293 2381 2433 2435 forte
2480 2381 2645 2451 paulo
2677 2388 2801 2449 post
2829 2394 2951 2435 sors
2976 2385 3163 2432 nostra
3194 2378 3425 2432 misera-

1842 2473 2005 2528 bilior
2033 2473 2139 2529 erit
2161 2513 2176 2537 ,
2212 2473 2260 2527 si
2305 2472 2516 2527 diutius
2546 2471 2734 2535 dilati,
2769 2470 3019 2542 pluribus
3066 2468 3262 2524 ﬁamus
3297 2482 3430 2538 sup-

1845 2566 2029 2638 pliciis
2098 2567 2349 2621 obnoxii.
2412 2566 2651 2621 Proinde
2695 2566 2838 2620 ratio
2896 2573 3124 2629 nostra,
3174 2564 3427 2618 mmroris

1844 2673 2083 2714 excusso
2120 2674 2321 2724 onere,
2368 2658 2421 2712 id
2461 2666 2647 2722 curet,
2694 2657 2970 2728 quomodo
3005 2655 3197 2712 deceat
3234 2670 3336 2710 nos
3371 2653 3429 2708 in

1847 2763 2126 2822 posterum
2163 2751 2393 2807 Domino
2423 2753 2664 2822 placere.

154 2841 334 2914 λύπης
362 2843 424 2897 τὸ
450 2842 615 2915 βάρος
639 2847 668 2898 6
695 2843 957 2914 λογισμὸς
975 2843 1131 2916 ἡμῶν
1157 2846 1611 2916 ἀποσεισάμενος,
1645 2847 1746 2918 τὴν
1775 2849 1906 2920 περὶ
1936 2847 2041 2913 τοῦ,
2062 2847 2181 2911 πῶς
2210 2848 2356 2919 ἡμᾶς
2390 2847 2634 2917 προσῆκε
2694 2846 2831 2918 πρὸς
2893 2846 2954 2899 τὸ
2992 2833 3189 2916 ἐφεξῆς
3236 2844 3431 2913 εὐαρε-

155 2935 305 2987 στεῖν
338 2933 417 3006 τῷ
444 2935 637 3008 Κυρίῳ
667 2938 927 3009 φροντίδα
964 2936 1316 3007 μεταλαϐέτω
1344 2937 1481 3007 (57).

683 3050 1034 3104 ΕΠΙΣΤΟΛΗ
1072 3048 1193 3105 TB’.

2309 3046 2650 3103 EPISTOLA
2689 3047 2866 3104 CCCll
2906 3053 2920 3070 '
2933 3091 2945 3103 .

1314 3164 1537 3217 Brisonis
1560 3172 1738 3216 mortui
1761 3178 1968 3217 uxorem
1988 3167 2278 3217 consolatur.

153 3277 306 3347 Πρὸς
356 3278 468 3345 τὴν
507 3277 799 3349 ὀμόζυγον
850 3279 1165 3350 Βρίσωνος
1221 3278 1336 3350 (58)
1390 3284 1740 3350 παραμυθη-
1765 3289 1808 3345 C

869 3347 1023 3416 τική.

224 3465 391 3516 Ὅσον
416 3462 515 3533 μὲν
546 3463 914 3534 ὲστενάξαμεν
940 3463 1032 3516 ἐπὶ
1068 3465 1136 3534 τῇ
1161 3463 1393 3536 ἀγγελίᾳ
1412 3464 1507 3517 τοῦ
1531 3464 1737 3530 πάθους

162 3554 248 3608 τοῦ
281 3554 424 3608 κατά
470 3553 561 3607 τὸν
588 3554 811 3625 ἄριστον
846 3553 954 3607 τῶν
994 3554 1206 3626 ἀνδρῶν
1247 3556 1518 3627 Βρίσωνα,
1552 3558 1606 3610 τί
1636 3557 1741 3629 χρὴ

156 3644 253 3698 διαὶ
305 3644 522 3711 λέγειν;
581 3644 808 3706 Πάντως
866 3644 974 3716 γὰρ
1027 3644 1201 3709 οὐδεὶς
1251 3644 1425 3709 οὕτως
1470 3647 1587 3700 ἐστὶ
1625 3648 1738 3719 (59)

158 3737 364 3807 λιθίνην
392 3737 532 3808 ἔχων
553 3736 652 3808 τὴν
682 3737 931 3808 καρδίαν,
962 3738 1040 3802 ὃς,
1070 3741 1151 3801 εἰς
1181 3740 1375 3807 πεῖραν
1409 3738 1742 3809 ἀφικόμενος

160 3828 250 3884 τοῦ
293 3829 486 3901 ἀνδρὸς
517 3829 728 3883 ἐκείνου
751 3870 766 3895 ,
802 3825 900 3882 εἶτ’
933 3830 1174 3893 ἀκούσας
1221 3829 1385 3884 αὐτὸν
1427 3830 1640 3902 ἁθρόως
1682 3828 1742 3895 ἐξ

160 3920 459 3993 ξνθρώπων
491 3922 949 3993 ἀνηρπασμένον,
989 3922 1131 3992 οὐχὶ,
1180 3922 1256 3985 ὡς
1298 3921 1489 3991 κοινὴν
1534 3920 1739 3993 ζημίαν

161 4015 250 4068 τοῦ
277 4013 414 4084 βίου,
448 4014 551 4084 τὴν
578 4012 671 4067 τοῦ
700 4013 891 4084 ἀνδρὸς
924 4014 1177 4086 στέρησιν
1203 4014 1510 4082 ἐλογίσατο.
1551 4014 1740 4084 Ἢμῶν

162 4108 212 4162 se
257 4106 419 4170 εὐθὺς
471 4106 571 4178 τὴν
606 4105 849 4178 λύπηνὴ
902 4107 993 4158 ἐπὶ
1051 4107 1133 4158 σοὶ
1178 4109 1400 4178 φροντὶς
1446 4105 1738 4170 διεδέξατο,

161 4199 543 4271 λογιζομένων.
580 4201 699 4263 ὅτι,
746 4201 797 4253 εί
857 4201 971 4263 τοῖς
1006 4198 1197 4271 πόρῤω
1255 4200 1355 4270 τῆς
1411 4199 1742 4269 οἰκειότητος

166 4292 301 4346 idem
332 4291 470 4363 βαρὺ
502 4293 595 4346 καὶ
630 4292 899 4363 δύσφορον
933 4292 996 4344 τὸ
1030 4291 1266 4362 συμϐάν,
1300 4293 1418 4355 πῶς
1456 4292 1602 4355 εἰκὸς
1639 4290 1744 4344 ὑπὸ

164 4384 253 4439 τοῦ
302 4384 511 4448 πάθους
534 4385 634 4455 τὴν
686 4382 786 4454 σὴν
831 4383 1144 4454 διατεθῆναι
1196 4382 1412 4455 ψυχὴν,
1461 4381 1606 4435 οὕτω
1645 4382 1743 4452 μὲν

168 4478 322 4548 ρύσει
372 4477 618 4549 χρηστὴν
668 4473 875 4542 οὖσαν,
913 4476 1009 4530 καὶ
1062 4476 1201 4547 πρὸς
1247 4477 1348 4539 τὰς
1401 4474 1746 4546 συμπαθείας

171 4569 380 4624 ;ῡκολον
431 4570 521 4624 διὰ
567 4571 669 4640 τὴν
718 4566 815 4625 τοῦ
866 4569 1070 4641 τρόπου
1104 4568 1451 4640 ἡμερότητα,
1499 4566 1641 4621 οὕτω
1688 4566 1746 4619 δὲ

2203 3279 2369 3334 Uxori
2406 3277 2654 3333 Brisom's
2688 3276 3073 3331 consolatorie.

1914 3463 2189 3528 Quantum
2220 3458 2603 3530 ingemuerim,
2640 3454 2899 3509 nuntiato
2919 3447 3111 3521 optimi
3142 3448 3427 3502 hominum

1843 3552 2091 3608 Brisonis
2123 3565 2286 3616 casu,
2319 3548 2453 3620 quid
2482 3548 2567 3603 vel
2609 3546 2796 3599 dicere
2829 3538 3096 3596 attineat?
3129 3539 3267 3591 Nam
3299 3552 3430 3606 pro-

1845 3645 1989 3699 lecto
2013 3658 2178 3697 nemo
2205 3644 2278 3695 ita
2302 3640 2469 3695 corde
2499 3639 2734 3709 lapideo,
2761 3643 2823 3690 ut
2852 3634 3031 3687 virum
3048 3631 3212 3684 illum
3234 3644 3430 3699 exper-

1845 3745 1934 3791 tus
1963 3751 2026 3789 ac
2049 3733 2247 3789 deinde
2277 3734 2508 3788 audiens
2529 3747 2596 3786 ex
2628 3726 2947 3784 hominibus
2977 3723 3162 3778 subito
3181 3729 3429 3791 ereptum

1843 3844 1997 3891 esse,
2041 3843 2151 3881 non
2187 3841 2480 3881 commune
2529 3826 2782 3878 humanae
2813 3820 2937 3874 vitae
2970 3819 3233 3874 damnum
3277 3815 3425 3869 illius

1838 3921 2110 3991 jacturam
2128 3918 2545 3973 existimaverit.
2569 3917 2860 3970 Maerorem
2877 3920 3058 3966 autem
3084 3922 3263 3963 meum
3288 3906 3408 3962 solli

1843 4014 2027 4067 citudo
2055 4013 2123 4067 de
2158 4021 2209 4066 te
2240 4013 2423 4066 statim
2459 4009 2710 4079 excepit,
2742 4022 2866 4062 cum
2903 4006 3240 4077 cogitarem,
3270 4000 3318 4057 si
3343 4000 3430 4054 his

1843 4105 1934 4176 qui
1956 4120 2063 4159 non
2091 4112 2215 4159 sunt
2237 4103 2497 4157 afﬁnitate
2512 4100 2817 4170 conjuncti,
2838 4098 2893 4153 id
2912 4097 3055 4169 quod
3075 4093 3275 4150 accidit
3296 4091 3430 4146 adeo

1843 4213 2007 4268 grave
2047 4205 2103 4252 et
2145 4196 2211 4250 ad
2244 4194 2633 4265 perferendum
2669 4191 2835 4265 439
2863 4189 3116 4252 dilllcile,
3149 4183 3426 4258 quomodo

1845 4290 2141 4344 verisimile
2176 4289 2249 4344 sit
2275 4288 2514 4341 animam
2551 4287 2790 4353 tuamin
2822 4284 2927 4338 hoc
2956 4297 3090 4337 casu
3118 4280 3279 4344 allici,
3309 4290 3429 4348 quae

1844 4390 1899 4437 et
1942 4389 2137 4436 natura
2168 4381 2304 4436 adeo
2334 4381 2571 4451 benigna
2602 4386 2688 4435 est
2717 4386 2770 4433 et
2792 4377 2875 4444 ,ad
2918 4375 3430 4431 eommiserationes

1849 4489 2120 4544 propensa
2151 4483 2371 4543 propter
2418 4487 2632 4527 morum
2683 4471 2966 4525 lenitatem
2993 4508 3009 4534 ,
3053 4476 3110 4522 et
3143 4466 3247 4536 ipsi
3274 4464 3429 4520 casui

1849 4567 1923 4621 ila
1963 4567 2236 4636 subjecta,
2271 4576 2332 4621 ut
2367 4566 2533 4621 veluti
2570 4564 2888 4634 hipartitam
2909 4562 3207 4634 quamdam
3238 4558 3432 4614 sectio-

170 4661 529 4732 )ποκειμένην
561 4660 640 4732 τῷ
665 4660 853 4726 πάθει,
883 4659 1030 4714 ὥστε
1059 4661 1223 4713 οίονεὶ
1257 4660 1572 4731 διχοτομίας
1603 4658 1736 4723 τινὸς

1850 4674 1974 4712 nem
2017 4659 2074 4712 in
2117 4658 2372 4728 conjugis
2420 4656 2769 4728 separatione
2816 4654 3073 4712 senserit.
3118 4651 3333 4707 Etenim
3383 4649 3431 4704 si

172 4754 512 4809 ιίσθάνεσθαι
544 4756 603 4808 ὲν
630 4753 710 4826 τῷ
741 4753 1008 4826 χωρισμῷ
1035 4752 1129 4807 τοῦ
1152 4751 1443 4825 ὀμόζυγος.
1470 4753 1580 4806 Καὶ
1608 4751 1738 4824 γάρ,

172 4848 210 4901 :l
248 4845 327 4917 τῷ
359 4845 473 4900 ὄντι
516 4847 654 4900 κατά
684 4846 778 4900 τὸν
815 4844 910 4899 τοῦ
951 4845 1157 4918 Κυρίου
1200 4844 1358 4915 λόγον
1403 4844 1588 4898 οὐκέτι
1635 4844 1743 4897 εἰσὶ

229 5025 276 5058 ⁸⁸
299 4998 493 5081 matth.
526 5030 647 5079 x11.
684 5023 739 5079 6.

233 5182 350 5265 (ξῖὅ)
380 5182 849 5265 ﬁxae-auﬁdum
873 5181 1035 5265 Harl.
1057 5189 1114 5239 et
1134 5180 1275 5265 med.
1304 5180 1425 5265 κατ’
1456 5179 1739 5265 ἀλλήλους.

168 5250 558 5333 ibidemurnulti
588 5250 806 5333 codices
831 5253 1166 5333 re_cen_t_iores
1200 5250 1542 5333 δεχομένους.
1573 5250 1744 5333 Paulo

174 5333 289 5396 post
319 5322 450 5378 editi
481 5323 949 5396 εις-τὸνλούρανόν.
976 5324 1113 5380 Tres
1137 5321 1497 5396 vetustissimi
1525 5321 1745 5396 codices

173 5391 227 5465 at
249 5395 305 5447 in
331 5401 503 5449 textu.
531 5394 655 5449 Mox
682 5391 887 5462 Regius
914 5401 1164 5465 uterque,
1192 5391 1667 5465 Coisl.‘secundus
1691 5400 1746 5446 et

172 5463 471 5519 Vaticanus
506 5466 571 5519 ὲκ
598 5465 817 5519 πάντων
842 5462 1072 5531 τούτων,
1107 5465 1228 5520 sine
1258 5462 1668 5530 conjunctione.

240 5533 355 5603 (54)
376 5535 637 5601 Φύσεως.
671 5533 810 5589 Med.
835 5535 1086 5600 κτίσεως.
1109 5533 1280 5589 Paulo
1300 5542 1424 5604 post
1446 5533 1588 5588 idem
1613 5547 1740 5586 cum

166 5602 502 5660 ﬂammea
528 5605 625 5659 ἕνα
656 5605 736 5668 είς
767 5605 847 5666 τό.
881 5613 983 5660 etc.

242 5673 357 5738 (55)
387 5674 806 5744 Ἐπιλιπούσῃ.
861 5673 954 5729 Sic
995 5675 1159 5734 iidem
1208 5683 1321 5731 tres
1372 5671 1739 5744 antiquissimi

170 5746 410 5802 codices.
435 5743 575 5801 Editi
610 5744 967 5815 ἀπολιπούση.

1849 4766 2080 4815 revera,
2141 4751 2446 4807 secundum
2504 4750 2719 4805 Domini
2767 4761 3108 4811 sermonem,
3156 4745 3269 4814 jam
3321 4756 3430 4796 non

1851 4854 1982 4901 sunt
2013 4845 2143 4909 duo,
2170 4845 2265 4900 sed
2297 4860 2401 4897 una
2435 4858 2567 4898 caro
2595 4842 2662 4908 ιθ,
2705 4840 2953 4912 profecto
2977 4836 3254 4906 separatio
3278 4835 3429 4905 ejus-

2057 5173 2509 5249 Πιερελθοῄσήςε
2537 5170 2689 5226 Harl.
2730 5171 3123 5249 προελθούσης.

1925 5239 2039 5317 (57)
2061 5239 2470 5317 Μεταλαϐέτρ.
2490 5242 2567 5296 Ita
2587 5258 2680 5297 sex
2700 5239 2832 5317 mss.
2857 5241 3000 5317 Editj
3024 5239 3423 5317 μεταϐαλλέτω.

1929 5311 2040 5389 (58)
2066 5317 2391 5389 Βρίσωίιςος.
2418 5312 2555 5389 Reg.
2578 5312 2855 5389 secundus
2877 5321 2931 5367 et
2957 5311 3123 5389 COisl.
3150 5311 3428 5368 secundus

1852 5381 2183 5461 Bpiaoiovog.
2213 5385 2437 5461 Addunt
2463 5381 2593 5440 editi
2621 5382 2982 5455 χηρεύουσαν,
3022 5381 3258 5450 viduam,
3305 5398 3431 5454 qua:

1848 5456 1953 5515 vox
1978 5459 2131 5512 deest
2159 5457 2217 5510 in
2250 5456 2527 5526 plerisque
2553 5468 2689 5526 m_s_s.

1921 5528 2032 5601 (59)
2063 5520 2269 5601 ρῦτῳςῖ
2289 5520 2454 5601 eqd:
2476 5525 2569 5601 S_ic_
2596 5523 2748 5601 Harl.
2765 5530 2841 5601 _et
2866 5522 3004 5601 M_e_d.
3030 5520 3199 5601 Deest
3221 5522 3339 5601 ἐστι
3365 5522 3425 5601 in

1734 5613 1742 5621 '
1848 5593 2031 5657 editis.
2060 5596 2255 5651 Statim
2283 5596 2418 5650 editi
2454 5596 2615 5660 αὐτὸς
2644 5593 2873 5666 ἀθρόως.
2909 5594 3036 5666 Mss.
3070 5594 3253 5652 αὐτόν.
3283 5593 3427 5652 Sub-

1846 5670 1975 5727 inde
2003 5667 2152 5721 Harl.
2186 5673 2239 5721 et
2265 5664 2853 5737 Meiliavapnawévra
2884 5664 2983 5737 οὐχ
3008 5664 3104 5730 ὡς,

1924 5742 1941 5765 ⁶
1962 5739 2111 5796 Alias
2137 5734 2476 5794 CCCXLVll.
