3852 6224
428 299 560 360 1051

1791 321 1848 382 S.
1888 323 2134 383 BASILII
2166 327 2381 386 MAGNI

3547 329 3703 387 1053

419 415 726 518 modi.non
781 419 964 521 minus
1012 421 1180 482 habet
1223 426 1475 499 doloris,
1507 448 1672 505 quam
1723 438 1771 493 si
1825 442 1984 497 medi:

2104 444 2218 511 δύο,
2243 446 2382 501 ἀλλά
2407 446 2545 519 σὰρξ
2571 448 2690 520 μία,
2711 447 2954 520 δηλονότι
2978 448 3076 521 οὐχ
3105 443 3266 521 ἧττόν
3291 448 3440 502 ἐστιν
3458 447 3685 517 ἀλγεινίί

419 506 870 602 nostricorporis
909 528 1041 584 pars
1083 516 1510 580 discinderetur.
1556 526 1636 582 Ac
1663 528 1843 585 tristia
1872 530 1999 602 qhi-

418 593 541 651 dem
569 598 865 668 ejusmodi,
901 614 955 661 et
985 605 1076 663 his
1103 609 1315 679 majora
1343 631 1357 668 :
1390 615 1484 671 sed
1510 633 1634 686 quae
1655 634 1846 676 eorum
1874 593 1999 693 qua

416 702 720 749 evenerunt
753 699 1059 756 consolatio
1079 702 1104 754 ἰ
1133 700 1377 761 Primum
1410 709 1655 781 quidem,
1690 714 1880 784 vigens
1902 716 1995 771 illa

419 782 489 839 ab
515 785 678 842 initio
720 788 808 845 lex
858 790 954 847 Dei
1003 797 1208 862 nostri,
1241 813 1471 857 necesse
1502 804 1727 861 omnino
1756 782 1898 875 esse,
1934 816 1995 863 ut

415 876 673 966 quisquis
704 890 872 940 natus
907 884 1093 953 fuerit,
1126 897 1273 946 stato
1309 901 1553 966 tempore
1588 897 1657 952 de
1682 899 1791 953 vita
1814 909 1992 959 exeat.

418 964 478 1021 Si
501 968 668 1040 igitur
697 972 779 1029 sic
807 990 898 1031 res
926 977 1182 1037 humanae
1211 982 1281 1036 ab
1309 964 1481 1040 Adam
1509 987 1579 1041 ad
1610 997 1796 1044 nostra
1818 1006 1995 1061 usque

416 1064 662 1129 tempora
692 1065 1005 1121 constitutae
1049 1077 1201 1138 sunt,
1244 1087 1567 1131 communes
1601 1086 1811 1134 natura:
1847 1080 1992 1152 leges

417 1145 604 1202 animo
649 1150 841 1222 iniquo
871 1170 941 1210 ne
977 1156 1243 1225 feramus,
1278 1161 1377 1217 sed
1424 1161 1520 1219 Dei
1568 1181 1697 1237 erga
1733 1182 1835 1223 nos
1876 1145 1992 1225 dis-

414 1241 794 1308 pensationem
822 1248 1254 1318 amplectamur:
1289 1255 1383 1325 qui
1408 1257 1575 1326 jussit
1614 1260 1807 1313 fortem
1842 1260 1991 1316 illam

416 1328 656 1386 animam
688 1348 753 1390 ac
783 1335 1043 1394 invictam
1064 1379 1080 1405 ,
1111 1358 1221 1397 non
1256 1358 1584 1418 consumpto
1627 1350 1836 1406 morbis
1867 1367 1991 1407 cor-

414 1434 548 1510 pore
569 1433 665 1480 aut
694 1434 855 1485 aetate
883 1431 1139 1490 confecto
1164 1437 1404 1508 migrare
1440 1456 1506 1495 ex
1534 1445 1769 1510 saeculo;
1802 1446 1897 1501 sed
1934 1447 1990 1502 in

413 1509 538 1607 ipso
578 1516 758 1575 aetatis
785 1520 920 1576 ﬂore
953 1530 1009 1578 et
1054 1524 1112 1579 in
1145 1528 1437 1597 splendore
1467 1547 1648 1588 rerum
1696 1538 1911 1607 egregie
1932 1539 1989 1594 in

412 1600 559 1660 bello
599 1615 881 1678 gestarum
923 1614 1093 1671 vitam
1140 1618 1318 1675 ﬁnire.
1362 1600 1990 1688 Quamobremwmoleste

413 1692 569 1769 illudJ
597 1698 741 1757 ferre
785 1718 896 1759 non
922 1705 1221 1775 debemus,
1268 1713 1414 1782 quod
1453 1730 1484 1767 a
1516 1716 1610 1771 tali
1636 1718 1754 1773 viro
1797 1736 1988 1777 sumus

2105 538 2139 608 ἡ
2164 537 2387 610 τοιαύτη
2419 538 2709 605 διάζευξις,
2740 538 2773 611 ἢ
2801 542 2850 593 εί
2882 539 2943 594 τὸ
2971 541 3142 612 ῆμισυ
3174 539 3332 611 ἡμῶν
3373 539 3469 593 τοῦ
3499 536 3691 610 σῶμα·

2102 646 2194 694 τος
2225 631 2630 704 ἀπερρήγνυτο.
2656 631 2821 685 Ἀλλὰ
2842 631 2912 687 τὰ
2947 633 3046 703 μὲν
3069 631 3289 703 λυπηρά
3315 630 3565 698 τοιαῦτα,
3593 630 3693 684 καὶ

2107 720 2283 791 μείζω
2323 721 2563 777 τούτων·
2603 725 2636 794 ή
2682 723 2740 777 δὲ
2773 724 2866 777 ἐπὶ
2917 726 3033 788 τοῖς
3066 723 3306 795 συμϐᾶσι
3358 721 3691 794 παραμυθία

2100 813 2221 880 τίς;
2254 816 2477 886 Πρῶτον
2506 816 2627 887 μὲν,
2655 816 2690 888 ὴ
2720 815 2780 881 ἐξ
2810 816 2985 888 ἀρχῆς
3011 816 3383 887 κεκρατηκυω
3412 812 3510 867 τοῦ
3543 812 3691 866 Θεοῦ

2102 903 2260 975 ἡμῶν
2292 904 2584 977 νομοθεσία
2608 923 2622 938 ·
2658 906 2721 959 τὸ
2749 906 2949 979 χρῆναι
2977 907 3198 971 πάντως
3234 906 3326 960 τὸν
3355 905 3437 969 είς
3462 904 3694 973 γένεσιν

2102 993 2441 1064 παρελθόντα
2460 1000 2574 1060 τοῖς
2601 997 2902 1069 καθήκουσι
2932 998 3146 1069 χρόνοις
3173 997 3394 1051 ἀπιέναι
3416 994 3512 1049 τοῦ
3540 995 3689 1065 βίου.

2099 1085 2162 1138 ΕΞ
2190 1082 2285 1141 οὖν
2316 1087 2489 1154 οὕτως
2526 1089 2635 1143 ἀπὸ
2696 1090 2868 1162 Ἀδὰμ
2917 1090 3111 1162 μέχρις
3147 1088 3304 1162 ἡμῶν
3341 1088 3410 1143 τά
3462 1087 3674 1160 ἀνθρὼ-

2100 1193 2230 1230 πινα
2252 1177 2620 1245 διατέτακται,
2654 1180 2736 1252 μὴ
2772 1180 3171 1252 ἀγανακτῶμεν
3199 1180 3293 1233 ἐπὶ
3326 1182 3441 1242 τοῖς
3479 1181 3691 1241 κοινοῖς

2098 1266 2196 1337 τῆς
2238 1267 2454 1336 φύσεως
2499 1269 2686 1340 νόμοις
2721 1269 2831 1342 (60)
2852 1311 2866 1335 ,
2915 1270 3051 1325 ἀλλά
3103 1270 3536 1343 καταδεχώμεθα
3578 1271 3690 1341 τὴν

2097 1358 2181 1428 ἐφ’
2206 1360 2341 1430 ἡμῖν
2372 1362 2466 1414 τοῦ
2498 1361 2634 1414 Θεοῦ
2670 1362 3007 1433 οἰκονομίαν,
3038 1361 3098 1426 ὃς
3136 1362 3422 1416 ἐκέλευσεν
3458 1362 3689 1432 ἐκείνην

2096 1449 2193 1522 τὴν
2232 1451 2482 1520 γενναίαν
2520 1453 2697 1526 ψυχὴν
2732 1454 2827 1508 καὶ
2856 1455 3158 1526 ἀήττητον,
3203 1453 3278 1526 μὴ
3316 1454 3458 1525 νόσῳ
3501 1454 3689 1508 Gam-

2096 1539 2349 1611 νηθέντος
2375 1542 2469 1596 τοῦ
2517 1543 2789 1615 σώματος,
2836 1543 2973 1615 μηδὲ
3008 1545 3188 1616 χρόνῳ
3226 1541 3689 1614 καταμαρανθένο

2095 1648 2207 1696 τος,
2238 1633 2589 1705 ἀναχωρῆσαι
2624 1633 2717 1688 τοῦ
2750 1634 2888 1705 βίου,
2912 1634 3029 1688 ἀλλ’
3064 1636 3121 1688 ὲν
3153 1635 3305 1705 ἀκμῇ
3326 1634 3428 1705 τῆς
3458 1634 3685 1705 ἡλικίας

2095 1722 2191 1775 καὶ
2219 1723 2277 1790 ὲν
2319 1725 2385 1795 τῇ
2419 1722 2765 1797 λαμπρότητι
2795 1724 2903 1778 τῶν
2937 1723 3080 1778 κατά
3129 1724 3368 1794 πόλεμον
3394 1722 3685 1793 κατορθω-

412 1792 691 1888 separati;
730 1796 828 1852 sed
879 1796 1114 1857 Domino
1155 1807 1367 1875 gratias
1407 1823 1657 1880 agamus,
1688 1813 1831 1883 quod
1867 1814 1984 1871 talis

2096 1814 2279 1884 μάτων
2309 1792 2418 1886 (61)
2448 1792 2545 1887 τῆν
2574 1792 2720 1888 ζωὴν
2751 1815 3079 1870 καταλῦσαι.
3103 1792 3393 1884 Ὢστείούχ
3421 1814 3505 1866 ὅτι
3534 1815 3685 1888 ἐχω-

409 1878 515 1934 viri
572 1884 828 1940 convictu
876 1887 1086 1960 dignati
1138 1891 1406 1952 fuerimus
1430 1878 1466 1963 ,_
1505 1899 1667 1969 cujus
1703 1878 1989 1970 ijacturam

410 1975 588 2027 totum
630 1973 743 2031 fere
795 1976 1084 2048 imperium
1138 1982 1447 2042 Romanum
1495 1991 1796 2060 persensit;
1827 2007 1988 2062 quem

409 2068 466 2117 et
493 2062 795 2134 imperator
819 2068 940 2139 ipse
959 2070 1313 2142 desideravit,
1343 2088 1397 2132 et
1423 2079 1627 2135 milites
1643 2081 1988 2151 planxerunt,

410 2167 468 2215 et
500 2160 606 2215 viri
643 2162 699 2217 in
741 2165 996 2221 maximis
1039 2167 1401 2238 dignitatibus
1444 2171 1729 2227 constituti
1774 2182 1834 2227 ut
1868 2188 1992 2243 ger-

408 2265 635 2307 manum
692 2254 869 2311 tilium
921 2256 1279 2316 deﬂeverunt.
1332 2260 1470 2316 Cum
1515 2262 1680 2332 igitur
1726 2263 1827 2318 tibi
1876 2279 1991 2320 suae

408 2345 585 2416 ipsius
616 2348 837 2404 virtutis
869 2350 1152 2422 reliquerit
1197 2363 1612 2409 monumentum
1633 2394 1649 2423 ,
1695 2356 1830 2411 satis
1868 2371 1988 2411 ma»

407 2454 575 2508 gnum
599 2441 852 2497 existima
877 2442 1085 2499 habere
1113 2453 1164 2499 te
1185 2445 1265 2499 tui
1294 2446 1502 2503 doloris
1527 2448 1806 2504 solatium.
1832 2448 1992 2504 Dein-

405 2531 476 2587 de
506 2539 562 2587 et
593 2532 729 2590 illud
768 2536 912 2592 scire
943 2543 996 2592 te
1039 2538 1186 2604 volo,
1218 2554 1343 2594 eum
1393 2541 1487 2611 qui
1525 2556 1633 2596 non
1681 2542 1990 2599 succumbit

406 2623 819 2691 aﬂlietionihus,
851 2627 947 2683 sed
983 2645 1082 2699 per
1115 2646 1269 2701 spem
1300 2632 1355 2686 in
1390 2630 1558 2688 Deum
1608 2632 1815 2691 doloris
1851 2650 1988 2705 pon-

405 2714 511 2772 dus
542 2717 762 2782 tolerat,
792 2733 1046 2789 magnam
1090 2720 1295 2777 habere
1331 2721 1476 2793 apud
1510 2723 1679 2779 Deum
1712 2725 1987 2795 patientiae

404 2808 734 2864 mercedem.
780 2808 967 2880 Neque
1011 2811 1158 2866 enim
1202 2813 1363 2869 nobis
1392 2815 1582 2871 itidem
1614 2827 1674 2872 ut
1705 2817 1946 2873 externis
1967 2858 1982 2884 ,

402 2896 534 2954 licet
579 2899 898 2955 contristari
943 2900 1012 2957 de
1059 2900 1462 2961 dormientibus
1510 2921 1607 2976 per
1650 2916 1983 2977 praeceptum

398 2989 652 3061 Apostoli
666 2992 753 3047 δ”.
781 2990 971 3063 ὃίηιζει
997 2993 1151 3048 liberi
1170 2995 1245 3049 tui
1265 3003 1520 3066 tanquam
1540 2996 1803 3068 imagines
1825 2998 1980 3063 vivae,

403 3080 710 3137 absentiam
732 3081 877 3138 illius
893 3098 1055 3153 quem
1078 3082 1360 3140 desideras
1380 3087 1774 3146 demulcentes.
1799 3089 1983 3155 Quare

2096 1905 2358 1977 ρίσθημεν
2392 1907 2583 1978 ἀνδρὸς
2627 1907 2903 1970 τοιούτου.
2939 1906 3314 1979 δυσχεραίνειν
3344 1903 3644 1975 ὀφείλομεν
3665 1920 3682 1934 ·

2090 1996 2205 2050 ἀλλ’
2242 1999 2324 2051 ὃτι
2369 2001 2468 2070 τῆς
2516 1999 2652 2070 πρὸς
2688 1999 2781 2052 τὸν
2818 1997 3061 2052 τοιοῦτον
3100 1997 3267 2070 ἄνδρα
3311 1995 3683 2066 συνοικήσεως

2089 2090 2530 2163 κατηξιώθημεν,
2557 2092 3047 2163 εὐχαριστήσωμεν
3077 2089 3156 2160 τῷ
3190 2088 3403 2160 Κυρίῳ,
3435 2082 3498 2141 οὖ
3520 2087 3682 2140 πᾶσα

2091 2183 2275 2254 σχεδὸν
2298 2185 2331 2255 ὴ
2365 2182 2649 2255 Ῥωμαῖκὴ
2681 2183 2824 2256 ἀρχὴ
2849 2183 2949 2253 τῆς
2978 2181 3184 2252 ζημίας
3222 2179 3501 2252 ὲπῄσθητο
3522 2178 3643 2250 (69.)
3660 2192 3681 2209 ⁸

2087 2273 2146 2327 ὃν
2195 2274 2290 2328 καὶ
2344 2275 2374 2327 ὁ
2427 2275 2680 2347 βασιλεὺς
2737 2274 3126 2340 ἀνεκαλέσατο,
3182 2272 3280 2328 καὶ
3341 2271 3683 2344 στρατιῶται

2088 2365 2384 2439 ὠδύραντο,
2420 2367 2516 2421 καὶ
2546 2369 2595 2421 oi
2637 2367 2866 2420 ἐπὶτῶν
2901 2367 3177 2437 μεγίστων
3223 2364 3553 2434 ἀξιωμάτων
3595 2362 3682 2426 ὡς

2087 2459 2309 2529 γνήσιον
2346 2460 2458 2513 υἰδν
2498 2458 2932 2530 κατεπένθησαν.
2976 2458 3130 2512 Ἐπεὶ
3160 2454 3254 2512 οὖν
3292 2455 3555 2510 κατέλιπέ
3587 2472 3682 2510 σοι

2086 2547 2184 2619 τὴν
2218 2550 2438 2620 μνήμην
2463 2550 2562 2620 τῆς
2588 2550 2793 2614 οἰκείας
2822 2548 2986 2603 αὑτοῦ
3006 2548 3116 2620 (65)
3146 2547 3366 2619 ἀρετῆς,
3391 2544 3678 2617 ἀρκοῦσαν

2086 2636 2273 2708 νόμιζε
2319 2637 2464 2708 ἔχειν
2503 2639 2862 2711 παραμυθίαν
2894 2638 2988 2692 τοῦ
3019 2637 3247 2701 πάθους.
3287 2637 3522 2689 Ἔπειτα
3573 2634 3676 2687 καὶ

2086 2729 2262 2783 ἐκεῖνο
2291 2730 2489 2783 εἰδέναι
2525 2747 2583 2783 σε
2625 2729 2906 2801 βούλομαι,
2940 2730 3025 2783 ὅτι
3050 2731 3078 2782 ό
3112 2728 3186 2801 μὴ
3231 2724 3675 2788 ὑποπεσὼν-ταῖς

2086 2820 2348 2892 θλίψεσιν,
2373 2821 2511 2876 ἀλλά
2547 2822 2638 2877 διὰ
2667 2823 2766 2895 τῆς
2793 2824 2932 2895 πρὸς
2952 2822 3086 2877 Θεὸν
3113 2822 3328 2886 ἐλπίδος
3351 2819 3454 2890 τῆς
3488 2819 3676 2890 λύπης

2083 2910 2145 2963 τὸ
2178 2911 2343 2983 βάρος
2379 2912 2722 2982 ἀπενεγκὼν,
2764 2913 3007 2984 μεγάλην
3059 2913 3171 2985 ἔχει
3221 2912 3373 2984 παρὰ
3424 2911 3504 2981 τῷ
3546 2910 3675 2979 θεῷ

2082 3005 2182 3076 τῆς
2202 3005 2482 3077 ὑπομονῆς
2505 3006 2604 3077 τὴν
2625 3006 3066 3061 ἀντίδοσιν.οὐδὲ
3083 3007 3194 3079 γὰρ
3215 3006 3304 3059 ίσα
3326 3006 3441 3068 τοῖς
3466 3002 3675 3068 ἔξωθεν

2085 3096 2369 3167 ἐπετράπη
2377 3112 2476 3168 μεν
2498 3097 2786 3152 λυπεῖσθαι
2814 3098 2906 3151 ὲπί.
2927 3100 3042 3161 τοῖς
3065 3097 3491 3168 κεκοιμημένοις
3513 3096 3669 3167 παρὰ

399 3169 811 3227 educandorum
848 3172 1143 3228 liberorum
1174 3188 1307 3229 cura
1341 3176 1582 3231 animum
1616 3188 1767 3233 tuum
1791 3195 1821 3233 a
1846 3193 1982 3234 moe-

2090 3186 2184 3256 τῆς
2233 3187 2558 3259 νομοθεσίας
2606 3187 2701 3243 τοῦ
2760 3188 3105 3242 Ἀποστόλου.
3138 3189 3424 3242 Ἔστωσαν
3472 3188 3570 3240 καὶ
3622 3188 3668 3240 οι

400 3273 528 3314 rore
578 3267 809 3325 avocet;
850 3269 906 3317 et
952 3261 1191 3318 sollicita
1236 3265 1513 3335 quomodo
1560 3267 1833 3339 reliquum
1878 3271 1979 3326 tibi

399 3352 619 3416 tempus
646 3345 727 3402 sic
749 3348 1046 3420 transigas,
1082 3358 1141 3405 ut
1173 3351 1390 3421 placeas
1417 3353 1551 3419 Deo,
1579 3358 1798 3428 egregia
1821 3374 1982 3415 occu-

399 3434 625 3505 patione
655 3437 1017 3509 cogitationes
1049 3445 1173 3495 tuas
1195 3440 1449 3498 deiinies.
1490 3442 1626 3499 Nam
1656 3450 1981 3517 praeparatio

399 3526 471 3582 ad
519 3542 746 3584 causam
798 3545 986 3587 coram
1039 3531 1274 3588 Domino
1325 3544 1521 3590 nostro
1570 3536 1697 3592 Jesu
1759 3539 1982 3596 Christo

398 3619 714 3687 dicendam,
747 3637 811 3677 ac
833 3624 1075 3679 studium
1103 3626 1356 3681 veniendi
1382 3628 1437 3682 in
1470 3644 1764 3685 numerum
1789 3647 1980 3689 eorum

396 3711 492 3782 qui
528 3713 683 3767 illum
728 3712 986 3785 diligunt,
1022 3715 1220 3771 idonea
1245 3726 1376 3772 sunt
1403 3733 1526 3787 qua:
1558 3723 1787 3777 maerori
1829 3731 1983 3781 tene-

395 3806 527 3860 bras
570 3802 891 3872 oﬂundant,
939 3813 999 3861 ut
1055 3807 1125 3863 ab
1172 3823 1237 3863 eo
1287 3808 1515 3864 minime
1566 3812 1977 3873 absorbeamur.

396 3891 687 3966 Largiatur
715 3905 898 3951 autem
931 3895 1193 3955 Dominus
1233 3900 1388 3956 cordi
1416 3908 1512 3958 tuo
1541 3905 1975 3965 consolationem

394 4001 462 4043 ex
486 3985 633 4043 bono
667 4003 769 4044 suo
806 3988 1050 4060 Spiritu;
1089 4001 1149 4048 ut
1177 4001 1233 4048 et
1258 4008 1382 4059 nos,
1424 3996 1613 4053 audito
1638 4014 1820 4054 rerum
1856 4009 1979 4057 tua-

394 4093 520 4133 rum
565 4085 745 4147 statu,
785 4096 1123 4149 recreemur,
1157 4092 1212 4140 et
1251 4086 1512 4144 omnibus
1543 4089 1651 4144 tuis
1676 4092 1979 4162 aequalibus

395 4172 708 4243 exemplum
739 4174 817 4230 sis
861 4175 1189 4246 praeclarum
1218 4177 1346 4232 vitae
1385 4180 1689 4236 secundum
1722 4183 1977 4241 virtutem

394 4265 677 4320 institutae.

2079 3273 2268 3339 παῖδές
2302 3292 2396 3330 σου
2420 3276 2573 3331 ὥσπε
2582 3294 2612 3349 ρ
2640 3277 2849 3342 εἰκόνες
2872 3278 3129 3350 ἐμψυχοι,
3149 3279 3250 3349 τὴν
3273 3276 3547 3330 ἀπουσίαν
3572 3276 3667 3329 τοῦ

2078 3366 2418 3438 ποθουμένου
2461 3368 2970 3441 παραμυθούμενοι.
3002 3371 3168 3423 Ὥστε
3200 3371 3235 3441 ἡ
3282 3368 3413 3441 περὶ
3436 3367 3539 3439 τὴν
3574 3384 3668 3421 τε·

2078 3461 2406 3533 κνοτροφίαν
2435 3461 2660 3532 ἀσχολία
2685 3462 2948 3532 ἀπαγέτω
2974 3479 3069 3516 σου
3098 3462 3199 3534 τὴν
3221 3461 3398 3533 ψυχὴν
3424 3460 3534 3514 ἀπὸ
3553 3459 3668 3513 τῶν

2077 3551 2368 3624 λυπηρῶν
2415 3556 2511 3607 καὶ
2544 3554 2870 3627 μεριμνῶσα
2899 3554 2958 3608 δὲ
3000 3555 3129 3629 περὶ
3174 3554 3269 3607 τοῦ
3311 3553 3430 3616 πῶς
3471 3552 3667 3625 εὐαρέ-

2080 3659 2221 3706 στως
2248 3643 2327 3715 τῷ
2364 3644 2554 3716 Κυρίῳ
2608 3647 2700 3699 τὸν
2745 3645 3065 3716 λειπόμενον
3115 3644 3320 3715 ἑαυτῆς
3357 3644 3549 3715 χρόνον
3581 3644 3666 3698 δι-

2076 3736 2311 3809 ενέγκῃς
2332 3777 2347 3801 ,
2372 3736 2541 3809 καλὴν
2570 3737 2827 3808 ἀσχολίαν
2870 3738 3180 3809 ἐπινοήσεις
3214 3735 3327 3806 (65)
3366 3738 3481 3799 τοῖς
3520 3735 3670 3804 λογιν

2077 3830 2252 3898 σμοῖς.
2291 3829 2355 3881 Ἦ
2383 3829 2493 3900 γὰρ
2531 3829 2820 3899 έτοιμασία
2851 3829 2953 3900 τῆς
2984 3829 3077 3882 ἐπὶ
3119 3827 3215 3881 τοῦ
3260 3827 3470 3899 Κυρίου
3504 3826 3669 3897 ἡμῶν

2090 3919 2267 3991 Ἰησοῦ
2299 3920 2538 3993 Χριστοῦ
2580 3922 2899 3991 ἀπολογίας,
2928 3921 3024 3975 καὶ
3051 3923 3085 3993 ή
3134 3919 3339 3990 σπουδὴ
3380 3918 3477 3972 τοῦ
3504 3920 3667 3990 εὐρε-

2068 4004 2237 4081 ’θῆναι
2268 4012 2415 4082 ἡμᾶς
2442 4012 2793 4085 ὲναριθμίους
2820 4016 2932 4077 τοῖς
2962 4011 3252 4081 ἀγαπῶσιν
3280 4009 3464 4074 αὑτὸν,
3504 4010 3664 4082 ἱκανή

2076 4102 2225 4157 ἐστιν
2273 4105 2631 4176 ἐπισκοτῆσαι
2676 4108 2743 4178 τῇ
2773 4104 2952 4177 λύπῃ,
2987 4104 3129 4158 ὥστε
3174 4104 3251 4176 μὴ
3280 4101 3663 4184 καταποθῆναι

2076 4195 2223 4265 ἡμᾶς
2253 4196 2344 4249 ὑπ’
2367 4197 2554 4269 αὐτῆς.
2571 4197 2852 4269 Παράσχοι
2877 4198 2935 4251 δὲ
2961 4200 2990 4252 ό
3023 4198 3224 4270 Κύριος
3240 4196 3352 4268 (65)
3370 4199 3436 4267 τῇ
3461 4196 3664 4268 καρδίᾳ

2077 4301 2172 4337 σου
2204 4285 2305 4355 τὴν
2349 4287 2414 4340 ἐκ
2463 4285 2556 4340 τοῦ
2592 4286 2909 4359 Πνεύματος
2954 4286 3119 4341 αὐτοῦ
3162 4285 3513 4357 παράκλησιν
3564 4283 3663 4338 τοῦ

312 4370 317 4377 ’
390 4360 744 4431 ἀγαθοῦ,·ἴνα
798 4362 894 4416 καὶ
931 4363 1093 4435 ἡμεῖς
1133 4363 1467 4457 ἀκούσαντες
1501 4367 1570 4423 τά
1613 4371 1743 4442 περὶ
1774 4371 1870 4426 σοῦ
1920 4375 2224 4451 ἀνεθῶμεν,
2259 4382 2355 4436 καὶ
2402 4382 2604 4448 πάσαις
2659 4386 2780 4448 ταῖς
2820 4382 2942 4439 καθ’
2970 4385 3183 4457 ήλικιαν
3234 4400 3317 4437 σοι
3376 4381 3664 4454 ὁμοτίμοις

391 4453 699 4526 ὑπόδειγμα
721 4451 787 4528 ᾖς
821 4453 1023 4524 ἀγαθὸν
1051 4455 1145 4509 τοῦ
1179 4456 1300 4510 κατ’
1329 4457 1530 4530 ἀρετὴν
1560 4459 1696 4531 βίου.

758 4547 925 4622 440
953 4548 1292 4605 EPISTOLA
1328 4550 1530 4607 CCCIII
1554 4555 1594 4610 '.

2603 4564 2957 4619 ΕΠΙΣΤΟΛΗ
2986 4563 3105 4617 TI".

1040 4667 1193 4731 Rogat
1212 4672 1264 4717 ut
1285 4665 1512 4732 imposita
1530 4667 1588 4719 ob
1607 4668 1761 4733 falsas
1785 4671 2145 4729 criminationes
2166 4689 2407 4742 cauda-um
2426 4676 2678 4743 prastatio
2718 4675 3009 4729 dimittatur.

878 4775 1082 4833 Comiti
1125 4781 1475 4848 privatarum.

456 4868 612 4925 illius
643 4869 748 4924 loci
795 4869 994 4925 incola:
1030 4886 1098 4926 ex
1130 4870 1292 4937 falsa,
1325 4874 1542 4943 Opinor,
1574 4878 1851 4934 calumnia
1887 4880 1965 4935 di-

388 4963 583 5034 gnitati
616 4970 725 5018 tua:
753 4973 1176 5033 persuaserunt,
1203 4972 1262 5019 ut
1283 4964 1408 5022 istis
1443 4980 1710 5038 equarum
1741 4980 1973 5040 praesta-

463 5079 535 5112 ⁸⁸*
567 5078 585 5132 l
610 5077 808 5136 Thess.
838 5096 914 5146 Iv,
941 5080 1029 5136 12.

466 5193 482 5215 ⁶
509 5191 662 5247 Alias
690 5191 1058 5249 CCCCXXIII.

467 5261 584 5340 (60)_
621 5262 736 5340 Τῇς
761 5265 1000 5340 φύσεως
1038 5265 1262 5336 νόμοις.
1296 5263 1445 5322 Harl.
1475 5274 1529 5322 et
1561 5266 1699 5323 Med.
1733 5269 1833 5340 τῆς
1864 5270 1965 5340 φύ-

392 5347 540 5406 σεως
554 5335 596 5406 -ή
604 5333 720 5402 μῶν
750 5335 895 5406 παθή
907 5352 1090 5406 μασιν.

437 5401 1115 5525 ἐϐίγΚαῑ-ορθώμάτων.
1150 5405 1301 5461 Harl.
1341 5415 1397 5464 et
1442 5405 1585 5463 Med.
1627 5408 1972 5483 ἀνδραγαθη-

472 5490 601 5525 των.

472 5490 601 5524 των.

395 5488 957 5667 μῆῗὲἶῖῖππζσθτιτυ.
982 5544 1117 5618 Reg.
1138 5549 1435 5614 secundus,
1458 5548 1695 5605 Clarom.
1715 5558 1769 5605 et
1792 5550 1966 5623 Bigot.

395 5611 682 5667 ἐπήσθετο.
751 5614 844 5667 1οι
878 5616 1033 5667 deest
1057 5620 1325 5667 articulus
1356 5619 1410 5667 in
1451 5621 1734 5667 nonnullis
1761 5624 1966 5667 codici.

394 5611 682 5684 έπῄσθετο.
715 5611 1033 5672 ’Μοκάοοεῑ
1057 5611 1325 5674 articulus
1356 5611 1429 5674 in.
1451 5621 1734 5676 nonnullis
1761 5611 1971 5678 codici-

394 5681 521 5755 bus,
552 5685 869 5755 conjunctio
893 5686 949 5740 in
976 5688 1099 5743 aliis
1132 5691 1434 5746 nonnullis.

469 5754 582 5828 (65)
637 5754 869 5824 Οικείας
917 5757 1155 5837 aurati,
1188 5759 1368 5819 Codex
1421 5761 1713 5821 Medicaeus
1760 5763 1968 5829 οἰκείας

2577 4793 2802 4860 Κόμητι
2827 4788 3143 4859 πριὸατῶν.

2140 4884 2205 4938 Ol.
2248 4881 2343 4938 τοῦ
2384 4883 2584 4956 χωρίου
2625 4882 2781 4937 τοῦδε
2811 4887 2876 4938 ὲκ
2912 4883 3187 4954 διαὸολῆς,
3217 4879 3393 4955 οἶμαι,
3428 4883 3657 4955 ψευδοῦς

2069 4974 2292 5031 ἔπεισαν
2343 4977 2443 5049 τὴν
2492 4975 2784 5049 τιμιότητά
2840 4994 2934 5030 σου
2989 4975 3235 5048 φοράδων
3273 4976 3514 5048 τέλεσμα
3541 4977 3655 5049 (66)

2072 5198 2290 5254 ἑαυτοῦ.

2169 5269 2258 5338 64)
2293 5270 2692 5340 Ἐπινοήσεις.
2718 5267 2852 5340 Reg.
2883 5269 3178 5325 secundus.
3207 5268 3511 5340 ἐπιθήσεις.

2169 5269 2258 5338 64)
2293 5270 2692 5337 Ἐπινοήσεις.
2718 5269 2852 5340 Reg.
2883 5269 3178 5325 secundus.
3207 5269 3511 5340 ἐπιθήσεις.

2144 5269 2257 5411 ἓϐὃ)
2295 5340 2358 5393 Ὅ
2379 5341 2616 5408 Κύριος.
2648 5339 3013 5396 Restituimus
3038 5355 3105 5395 ex
3139 5355 3237 5395 sex
3268 5355 3404 5395 mss.
3435 5356 3563 5395 cum
3599 5342 3655 5397 in

2070 5409 2509 5485 editisideesse}.
2649 5481 2699 5485 μ
2909 5476 2948 5485 ,κ
3098 5478 3131 5485 _
3208 5479 3223 5485 _
3292 5480 3295 5485 ,

2144 5480 2258 5552 (66)
2291 5479 2572 5549 Φοράὃων
2598 5481 2882 5552 (uacua.
2909 5476 3080 5535 Recte
3097 5478 3399 5552 scultetum
3419 5482 3658 5551 castigat

2070 5550 2435 5607 Combelisius
2466 5550 2640 5620 quod
2688 5552 2882 5619 raptim
2936 5550 3157 5619 vectigal
3204 5550 3531 5605 reddiderit.
3574 5550 3656 5607 ’At

2070 5623 2215 5678 idem
2263 5619 2538 5676 immerito
2589 5628 2745 5690 putat
2797 5620 2870 5676 ob
2921 5636 3186 5686 equarum
3238 5623 3652 5690 possessionem

2070 5637 2215 5678 idem
2263 5637 2538 5676 Immerito
2626 5637 2745 5675 utat
2797 5637 2870 5676 on
2921 5637 3186 5686 equarum
3238 5637 3651 5690 possessmnem

2069 5693 2343 5774 tributum
2386 5637 2624 5774 aliquod1
2649 5689 2922 5774 ejusmodi
2967 5691 3284 5774 hominibus
3330 5692 3651 5774 impositum

2070 5762 2263 5822 fuisse.
2302 5761 2660 5834 Perspicuum
2683 5761 2775 5820 est
2808 5776 2977 5834 equas
3012 5763 3158 5833 ipsas
3197 5761 3286 5828 iis,
3325 5761 3531 5832 quibus
3559 5781 3652 5834 pu-
