3852 6224
251 305 402 362 1055

1109 300 1600 359 EPISTOLARUM
1625 291 1925 394 ‘CLASSIS
1961 297 2053 352 III.
2094 293 2315 351 EPIST.
2356 289 2583 349 CCCVI.

249 415 431 468 τοῖσδε
458 411 778 484 ἐπαγαγεῖν.
810 413 963 467 Ἐπεὶ
992 408 1086 467 οὖν
1109 416 1204 468 καὶ
1229 415 1291 468 τὸ
1323 415 1606 487 γινόμενον
1631 393 1834 477 ἄδικον,
1865 468 1872 481 Α

1950 410 2149 465 tionem
2195 406 2494 462 indiceres.
2529 402 2668 458 Cum
2715 399 2881 471 igitur
2910 395 2963 452 id
2993 397 3140 467 quod
3166 393 3365 450 factum
3405 404 3512 460 est,

248 508 351 560 καὶ
378 503 466 559 διὰ
492 505 649 559 τοῦτο
684 505 1019 578 ἀπαρέσκειν
1057 507 1268 576 ὀφεῖλον
1295 511 1360 580 τῇ
1404 508 1679 580 τιμιότητί
1717 525 1833 572 σου,

249 598 351 651 καὶ
395 599 528 667 ἡμῖν
552 596 794 667 λυπηρὸν
838 596 927 650 διὰ
974 597 1072 668 τὴν
1122 598 1260 670 πρὸς
1301 600 1426 661 τοὺς
1473 598 1834 669 ἠδικημένους

251 690 388 759 ἡμῖν
412 687 761 757 ὑπάρχουσαν
802 687 1109 760 οἰκειότητα
1127 703 1140 717 ·
1199 690 1544 760 ὲσπεύσαμεν
1586 707 1658 741 πα
1669 705 1836 759 ρακα-

250 777 408 832 λέσαι
434 781 533 850 τὴν
582 781 926 851 χρηστότητά
960 798 1053 834 σου
1102 780 1175 853 μὴ
1206 783 1363 836 ἐᾶσαι
1416 781 1683 855 προϐῆναι
1723 784 1836 845 τοῖς

253 869 457 924 ἀδικεῖν
483 869 816 941 ἐπιχειροῦσι
848 871 948 941 τὴν
976 871 1260 941 ἐπήρειαν.

782 1093 1128 1148 ΕΠῘΣΤΟΛΗ
1181 1096 1276 1147 ΤΔ¹

1941 501 2208 570 injustam
2239 499 2334 561 sit,
2369 503 2424 552 et
2454 493 2662 549 idcirco
2694 488 2995 570 displjcere
3030 486 3240 543 debeas
3265 486 3514 556 dignitati

1943 601 2070 656 tuae,
2119 598 2175 647 et
2233 590 2369 645 mihi
2419 587 2713 642 molestum
2772 588 2996 652 propter
3051 578 3514 635 necessitudinem

1942 684 2234 738 mihicum
2276 682 2346 736 iis
2379 680 2472 751 qui
2496 679 2611 734 laesi
2653 683 2784 732 sunt
2827 672 3296 737 intercedentem;
3324 685 3515 740 rogare

1941 776 2198 832 festinavi
2234 773 2628 844 benignitatem
2660 776 2835 831 tuam,
2876 772 2937 819 ut
2966 779 3036 819 ne
3069 762 3386 818 hominibus
3413 775 3514 814 no-

1941 885 2068 925 cere
2119 861 2740 933 volentibus_injuriam
2792 873 2862 914 ex
2905 855 3178 912 sententia
3219 853 3517 925 procedere

1941 960 2196 1033 patiaris.

2402 1080 2739 1141 EPISTOLA
2786 1077 2985 1138 CCCIV
3008 1082 3070 1133 “.

1234 1208 1542 1259 Commendat
1559 1205 1770 1271 aliquem
1791 1203 1852 1255 de
1877 1215 1972 1270 quo
1993 1207 2132 1253 antea
2152 1198 2311 1266 fuerat
2334 1200 2533 1249 locutus.

882 1317 939 1370 Ἀ
949 1317 1220 1387 ϐουργίῳ.

368 1421 492 1490 ὗτὸς
522 1429 668 1480 ἐστιν
714 1427 853 1499 ὑπὲρ
901 1423 961 1483 οὗ
1010 1430 1104 1482 καλ⁵
1154 1430 1418 1502 πρότερον
1449 1428 1726 1500 διελέχθην
1754 1446 1836 1482 σοι

250 1519 462 1573 διὰ.τοῦ
485 1520 748 1574 διακόνου.
797 1519 1012 1592 Ἐπειδὴ
1050 1517 1142 1574 οὖν
1170 1520 1305 1591 ἔχων
1349 1518 1452 1594 ἧκε
1485 1521 1587 1589 τὴν
1615 1523 1836 1575 ἐπιστο-

251 1607 352 1680 λὴν
391 1611 521 1680 παρ’
553 1607 729 1680 ἡμῶν,
773 1607 997 1662 ἀπέλθοι
1025 1609 1162 1679 ἔχων
1191 1609 1226 1662 ἃ.
1254 1609 1497 1680 βούλεται
1535 1609 1687 1681 παρά
1719 1608 1832 1663 σοῦ.

779 1716 1126 1772 ΕΠΙΣΤΟΛΗ
1177 1718 1298 1772 TE'.

2602 1304 2857 1375 Aburgio.

2013 1420 2114 1475 Hic
2152 1429 2240 1476 est
2264 1419 2375 1486 ille,
2408 1418 2476 1473 de
2503 1433 2615 1488 quo
2649 1417 2784 1472 mihi
2821 1426 2997 1471 tecum
3028 1421 3196 1471 etiam
3231 1419 3390 1468 antea
3419 1427 3518 1484 per

1943 1514 2238 1568 diaconum
2273 1527 2453 1568 sermo
2482 1511 2606 1565 fuit.
2637 1509 2771 1565 Cum
2812 1524 2944 1579 ergo
2987 1523 3018 1562 a
3061 1522 3147 1562 me
3176 1507 3274 1561 tibi
3306 1505 3518 1562 litteras

1943 1605 2176 1671 deferat,
2212 1619 2243 1657 a
2271 1611 2325 1658 te
2362 1603 2450 1658 his
2483 1616 2605 1673 qua:
2634 1601 2786 1671 cupit
2812 1599 3119 1669 impetratis
3142 1596 3390 1654 discedat

2417 1709 2757 1767 EPISTULA
2794 1708 3038 1765 CCCV“.

1139 1829 1452 1882 Commendat
1469 1827 1641 1879 amicis
1661 1826 1763 1880 suis
1783 1823 2024 1878 hominem
2047 1822 2160 1874 bene
2184 1821 2245 1874 de
2269 1821 2369 1873 illis
2389 1819 2634 1872 meritum.

419 1941 868 2010 Ἀνεπίῃοαφος,
898 1939 997 1992 ἐπὶ
1029 1938 1332 2008 ἐναρέτοις
1368 1938 1681 2008 ἀνδράσιν.

325 2116 466 2186 Ἤδη
498 2114 772 2186 γνώριμος
804 2115 933 2185 ὑμῖν
981 2117 1127 2169 ἐστιν
1174 2117 1202 2167 ὁ
1241 2116 1408 2178 δεῖνα,
1444 2115 1520 2178 ὡς
1557 2114 1696 2168 αὐτὰ
1740 2114 1836 2186 δη-

250 2208 336 2262 λοῖ
358 2207 428 2262 τά
456 2207 769 2278 διηγήματα
800 2205 894 2259 τοῦ
925 2207 1116 2278 ἀνδρός
1135 2246 1148 2260 .
1190 2208 1312 2260 Ἐπὶ
1346 2207 1526 2277 πάσης
1557 2209 1663 2278 γὰρ
1693 2209 1836 2278 ὑμᾶς

251 2301 579 2373 προφάσεως
608 2299 719 2369 ἔχει
748 2300 782 2369 ή
813 2298 1032 2366 γλῶσσα
1058 2297 1242 2363 αὑτοῦ,
1292 2300 1348 2351 ὲν
1382 2297 1676 2370 ὀρθοδόξων
1705 2300 1838 2371 μνή-

253 2409 352 2466 μῃ,
386 2395 442 2446 ὲν
471 2391 723 2460 ἀσκητῶν
760 2390 1049 2460 φιλοξενίᾳ,
1093 2391 1150 2442 ὲν
1193 2390 1344 2463 πάσῃ
1387 2392 1555 2462 ἀρετῇ
1588 2389 1836 2461 πρώτους

251 2485 398 2554 ὑμᾶς
443 2486 470 2538 ὁ
523 2483 662 2554 ἀνὴρ
709 2483 852 2549 ἄγει.
905 2481 1022 2534 Κᾶν
1076 2483 1409 2536 διδασκάλων
1461 2500 1544 2546 τις
1600 2482 1833 2554 μνησθῇ,

253 2577 352 2630 οὐκ
403 2576 656 2645 ἀνέχεται
705 2573 985 2645 προθεῖναι
1021 2573 1173 2644 ὑμῶν
1213 2576 1464 2646 ἑτέρους·
1507 2576 1599 2628 ἐὰν
1635 2577 1836 2644 ἀγωνι-

256 2669 386 2732 στὰς
410 2670 509 2739 τῆς
535 2668 838 2732 εὐσεϐείας,
870 2669 965 2720 καὶ
1012 2669 1228 2731 ἱκανοὺς
1265 2669 1326 2721 τὸ
1367 2669 1592 2723 πιθανὸν
1625 2669 1724 2740 τῆς
1750 2671 1834 2722 αἱ-

252 2759 456 2832 ρέσεως
506 2757 795 2826 διελέγξαι,
847 2759 949 2811 οὐκ
978 2757 1043 2811 ἂν
1090 2759 1262 2812 ἕλοιτο
1309 2760 1493 2830 ἕτερον
1539 2759 1644 2827 πρὸ
1684 2759 1835 2830 ὑμῶν

252 2850 572 2922 ἀριθμῆσαι,
596 2849 732 2922 πρὸς
763 2849 941 2903 πάντα
970 2850 1102 2921 (67)|
1122 2852 1332 2921 ἀμαχον
1359 2853 1486 2920 ὑμῖν
1519 2852 1614 2905 καὶ
1641 2853 1835 2905 ἀναντσ

250 2941 547 3011 αγώνιστον
596 2941 696 3011 τὴν
748 2939 949 3012 ἀρετὴν
1014 2939 1330 3013 μαρτυρῶν.
1395 2941 1505 2993 Καὶ
1557 2940 1616 2993 οὑ
1668 2941 1834 3006 πολὺς

252 3033 400 3104 αὐτῷ
445 3033 606 3096 πόνος
659 3034 865 3096 πεῖσαι,
920 3030 1090 3084 ταῦτα
1142 3032 1374 3100 λέγοντι.
1420 3035 1695 3104 Διηγείται
1726 3032 1835 3106 γὰρ

252 3127 440 3186 ἀκοαῖς
477 3122 701 3193 μείζονα
731 3121 1108 3193 ἐπισταμένων
1142 3121 1464 3194 ἀνθρώπων,
1492 3123 1524 3194 ἢ
1556 3117 1630 3176 ὧν
1659 3124 1724 3178 ἄν
1751 3141 1835 3187 τις

253 3215 530 3287 νομισθείη
560 3215 677 3286 μεθ’
706 3214 1011 3287 ὑπερϐολῆς
1035 3214 1424 3284 ἀπαγγέλλειν.
1462 3209 1630 3279 Οὗτος
1654 3215 1834 3268 τοίνυν

1861 1942 1910 2003 Β
1940 1931 2066 1987 Sine
2110 1933 2478 2000 inscriptione,
2533 1946 2708 2003 causa
2742 1928 2977 1983 virorum
3026 1925 3376 1998 quorumdam
3412 1928 3518 1982 vir—

2505 2009 2615 2053 tute
2659 2001 2951 2052 clarorum.

2011 2115 2128 2172 Jam
2172 2125 2338 2171 notus
2389 2115 2544 2170 vobis
2591 2115 2684 2169 ille
2723 2120 2829 2179 est,
2884 2121 2943 2166 ut
2994 2111 3167 2182 ipsius
3220 2110 3520 2166 ostendunt

1938 2208 2307 2264 narrationes.
2361 2205 2497 2260 Nam
2549 2206 2620 2260 ad
2666 2220 2882 2260 omnem
2931 2219 3030 2258 vos
3072 2203 3419 2258 occasionem
3461 2201 3518 2255 in

1937 2317 2034 2356 ore
2064 2300 2228 2355 habet
2259 2319 2272 2355 :
2301 2300 2356 2354 iu
2386 2299 2822 2353 ortliodoxorum
2854 2296 3259 2358 recordatione,
3284 2294 3340 2348 in
3365 2308 3520 2349 asce-

1939 2393 2011 2446 tis
2041 2392 2286 2461 hospitio
2319 2391 2660 2461 excipiendis
2691 2405 2754 2444 ac
2785 2391 2840 2443 in
2883 2389 3035 2444 omni
3077 2389 3280 2442 virtute
3311 2387 3520 2456 primas

1937 2487 2096 2541 vobis
2125 2484 2321 2540 defert.
2357 2484 2414 2538 Si
2449 2485 2575 2554 quis
2597 2483 2665 2537 de
2693 2482 3017 2538 doctoribus
3061 2484 3398 2535 mentionem
3428 2479 3516 2534 in-

1932 2579 2110 2648 jiciat,
2141 2595 2252 2632 non
2279 2578 2484 2647 patitur
2519 2577 2660 2631 alios
2691 2575 2847 2630 vobis
2877 2573 3137 2644 anteponi
3179 2591 3192 2628 :
3227 2574 3275 2627 si
3311 2573 3379 2627 de
3399 2573 3518 2643 pie-

1937 2672 2070 2726 tatis
2103 2670 2607 2741 propugnatoribus
2631 2677 2687 2723 ει
2717 2668 2783 2722 ad
2817 2665 3183 2723 coniutandas
3226 2665 3518 2720 haeretico-

1936 2779 2061 2817 rum
2089 2763 2468 2816 cavillationes
2501 2761 2734 2824 idoneis,
2764 2760 2929 2813 alium
2959 2766 3086 2812 ante
3109 2773 3206 2814 vos
3229 2773 3520 2814 numerare

1937 2855 2097 2918 nolit,
2145 2854 2526 2908 testimonium
2568 2853 2728 2908 vobis
2784 2852 3031 2907 tribuens
3065 2851 3308 2917 virtutis,
3352 2866 3518 2920 quam

1937 2963 2100 3002 nemo
2135 2948 2356 3002 vincere
2381 2955 2436 3001 et
2464 2959 2781 3017 expugnare
2812 2944 3004 3015 possit.
3031 2942 3140 2999 Nec
3165 2958 3397 3015 magnus
3436 2941 3518 2998 illi

1937 3040 2091 3093 labor
2121 3039 2236 3092 haec
2272 3038 2505 3093 dicendo
2538 3037 2890 3108 persuadere.
2929 3035 3201 3106 Loquitur
3226 3036 3374 3090 enim
3414 3051 3515 3089 au-

1937 3131 2096 3186 ribus
2143 3131 2453 3196 bominum,
2500 3129 2595 3200 qui
2647 3137 2854 3184 norunt
2902 3129 3136 3198 majora,
3193 3142 3354 3198 quam
3399 3143 3522 3200 quae

1937 3221 2061 3289 quis
2099 3235 2367 3276 enarrans
2396 3235 2727 3290 exaggerare
2751 3220 3021 3273 videatur.
3049 3220 3102 3274 Is
3135 3219 3300 3289 igitur
3323 3218 3391 3272 ad
3421 3233 3520 3274 vos

252 3307 488 3362 ἐπανιὼν
523 3307 658 3377 πρδς
688 3307 831 3376 ὑμᾶς
870 3306 1176 3378 γράμματα
1225 3306 1443 3378 ᾔτησεν,
1474 3307 1571 3376 οὐχ
1604 3307 1690 3360 ἵνα
1713 3308 1838 3360 ὲαυ-
1864 3299 1872 3339 ¹

1950 3311 2161 3367 rediens
2198 3312 2359 3382 petiit
2394 3312 2626 3374 litteras,
2659 3327 2770 3365 non
2811 3321 2870 3365 ut
2909 3327 2970 3366 se
3011 3326 3130 3364 mea
3155 3326 3318 3381 opera
3346 3311 3402 3364 in
3427 3326 3524 3366 ve.

251 3401 342 3454 τὸν
375 3401 504 3470 ὑμῖν
544 3397 802 3470 οίκειώσῃ
828 3398 892 3450 δι’
922 3401 954 3467 ἡ
966 3396 1101 3466 μῶν,
1130 3398 1245 3451 ἀλλ’
1286 3398 1373 3452 ἵνα
1405 3399 1504 3469 ἐμὲ
1548 3399 1838 3471 εὐεργετή-

254 3509 342 3566 σῃ,
399 3491 493 3545 τοῦ
538 3489 1014 3564 προσφθέγξασθαι
1060 3494 1172 3556 τοῖς
1220 3493 1521 3564 ἀγαπητοῖς
1573 3513 1672 3565 μου
1719 3494 1832 3566 (68)

251 3582 505 3654 ἀφορμὴν
535 3581 980 3652 παρασχόμενοςο
1009 3583 1068 3636 ὃν
1096 3583 1384 3654 ἀμείψαιτο
1429 3587 1458 3638 ὁ
1504 3585 1707 3657 Κύριος
1740 3587 1840 3656 τῆς

253 3675 465 3746 ἀγαθῆς
493 3675 883 3746 προαιρέσεως.
916 3676 1026 3728 Καὶ
1068 3677 1226 3747 ὑμεῖς
1267 3677 1324 3729 δὲ
1356 3677 1503 3749 αὑτῷ
1529 3679 1717 3748 εὐχαῖς
1747 3680 1840 3732 καὶ

251 3769 318 3837 τῇ
351 3766 528 3837 ἀγαθῇ
571 3763 724 3836 ὑμῶν
773 3765 904 3836 περὶ
946 3766 1157 3831 πάντας
1203 3769 1518 3840 προαιρέσει
1557 3770 1656 3841 τὴν
1699 3770 1839 3823 κατά

253 3855 481 3926 δύναμιν
529 3856 690 3927 χάριν
733 3856 1046 3928 διανείματε
1077 3857 1208 3929 (69).
1236 3860 1539 3930 Σημαίνετε
1575 3862 1706 3932 ἡμῖν
1746 3863 1840 3915 καὶ

255 3949 326 4003 τὰ
353 3948 463 4002 τῶν
503 3949 836 4012 Ἐκκλησιῶν
869 3951 1018 4014 ὅπως
1047 3950 1179 4021 ἔχει.

785 4102 1129 4161 ΕΗΙΣΤΟΛΗ
1167 4103 1303 4172 Τςτ.

1943 3413 2114 3460 stram
2150 3405 2578 3459 familiaritatem
2614 3405 2944 3468 insinuaret,
2979 3403 3074 3458 sed
3102 3414 3160 3457 ut
3195 3401 3520 3457 beneﬁcium

1939 3497 1993 3549 in
2028 3512 2112 3550 me
2171 3495 2472 3559 conferret,
2510 3495 2858 3550 occasionem
2909 3495 3164 3563 praebens
3199 3491 3522 3547 salutando-

1943 3602 2064 3640 rum
2105 3587 2408 3640 amicorum
2439 3605 2450 3640 :
2481 3587 2644 3655 cujus
2684 3593 3070 3640 remuneretur
3113 3584 3380 3639 Dominus
3423 3583 3524 3638 bo-

1941 3693 2067 3732 nam
2105 3679 2462 3732 voluntatem.
2500 3677 2610 3734 \‘os
2653 3684 2838 3732 autem
2891 3677 2943 3732 ei
2991 3675 3249 3746 precibus
3294 3686 3350 3729 et
3378 3674 3521 3730 bona

1939 3777 2124 3824 vestra
2166 3785 2295 3840 erga
2347 3785 2546 3824 omnes
2593 3770 2878 3824 voluntate
2913 3771 3118 3840 gratias
3170 3784 3269 3839 pro
3312 3768 3522 3823 viribus

1940 3863 2258 3931 persolvite.
2312 3861 2632 3932 Signiﬁcate
2673 3864 2836 3917 etiam
2883 3861 3044 3917 nobis
3096 3877 3206 3932 quo
3246 3860 3357 3917 sint
3403 3860 3524 3915 loco

1940 3969 2030 4009 res
2066 3953 2459 4010 Ecclesiarum.

2297 4108 2458 4181 441
2495 4107 2836 4164 EPISTOLA
2877 4108 3164 4166 cccvr".

257 4215 407 4282 Rogat
444 4221 496 4266 ut
515 4215 699 4269 civibus
733 4213 1083 4267 Alexandrinis
1110 4215 1375 4282 propinqui
1395 4231 1592 4292 corpus,
1633 4217 1865 4292 Sebttslice
1893 4219 2315 4292 mortuiupulgli'co
2348 4223 2576 4292 mandato
2613 4224 2972 4288 exportantium
2996 4225 3246 4289 concedat,
3272 4232 3318 4278 et
3336 4226 3524 4292 aliquid

1367 4279 1578 4330 subsidii
1599 4294 1662 4332 ea:
1683 4282 1873 4345 publica
1913 4295 2060 4333 cursu
2078 4279 2216 4344 ferri
2231 4282 2420 4346 jubeat.

641 4383 906 4454 Ἠγεμόνι
941 4383 1052 4455 (70)
1082 4383 1464 4449 Σεϐαστεὶας.

325 4475 662 4547 Αῑσθάνομαι
691 4476 791 4546 τῆς
820 4475 1130 4546 τιμιότητός
1160 4491 1252 4528 σου
1283 4474 1455 4546 ἡδέως
1492 4474 1591 4538 τὰς
1620 4475 1838 4528 ἐπιστο-

2425 4389 2730 4459 Principali
2760 4389 3054 4454 Sebastian,

2017 4478 2266 4551 Intelligo
2314 4481 2639 4552 dignitatem
2670 4493 2820 4539 tuam
2859 4487 3092 4541 libenter
3127 4486 3340 4542 litteras
3375 4503 3525 4545 meas

256 4571 351 4634 λάς
404 4569 558 4642 ήμῶν
607 4569 993 4642 προσιεμένης,
1045 4567 1140 4622 καὶ
1187 4568 1285 4640 τὴν
1341 4567 1518 4620 αἰτίαν
1555 4568 1872 4638 γνωρίζων

1950 4571 2219 4640 accipere,
2275 4588 2374 4626 nec
2420 4588 2644 4628 causam
2693 4574 2904 4645 ignoro.
2949 4577 3157 4633 Amans
3199 4578 3346 4632 enim
3395 4579 3524 4633 boni

254 4661 554 4729 Φιλάγαθος
599 4661 706 4733 γὰρ
750 4660 846 4727 ὢν,
901 4661 994 4713 καὶ
1042 4660 1177 4731 πρὸς
1233 4659 1477 4722 εὐποιίας
1529 4659 1836 4730 πρόχειρος,

257 4753 443 4824 ἐπειδή
488 4771 607 4807 τινα
650 4753 907 4806 ἑκάστοτε
937 4751 1070 4822 ὓλην
1121 4749 1475 4824 παρεχόμεθά
1519 4767 1600 4802 σοι
1649 4750 1837 4821 ἱκανὴν

257 4889 570 4943 trocinatur
623 4887 882 4952 Basilius,
941 4887 1238 4957 imperatas
1294 4885 1489 4948 fuisse,
1547 4885 1716 4957 idque
1777 4886 1834 4941 in

259 4961 444 5014 multa:
484 4959 660 5030 magis
702 4974 878 5030 quam
913 4958 971 5012 in
1012 4956 1203 5030 tributi
1252 4958 1373 5030 loco
1390 4956 1706 5030 {siquidem
1740 4972 1835 5012 eos

259 5045 446 5101 comes
479 5031 556 5084 rei
583 5027 813 5101 private
855 5027 1528 5101 falsis_criminationibus
1572 5028 1835 5101 deceptus

256 5097 635 5156 damnaverat.
681 5099 772 5154 Sic
804 5101 969 5154 etiam
1001 5097 1296 5168 Gregorius
1340 5098 1472 5152 Naz.
1521 5098 1680 5165 epist.
1733 5097 1834 5152 184

257 5170 570 5226 Nemesium
601 5171 820 5227 ﬂectere
851 5177 1103 5231 conatur,
1136 5170 1228 5239 qui
1262 5168 1641 5224 Valentiniano
1665 5184 1834 5239 equo-

260 5257 384 5294 rum
426 5243 652 5296 multam
703 5243 773 5296 ob
818 5241 1035 5309 aliquod
1081 5237 1337 5294 delictum
1388 5240 1674 5293 inﬂixerat.
1716 5237 1834 5292 Nec

260 5311 460 5380 mirum
491 5322 574 5366 est
606 5313 660 5366 in
693 5311 1060 5380 Cappadocia,
1102 5327 1222 5378 qua:
1267 5310 1503 5378 optimos
1528 5324 1698 5378 equos
1723 5309 1834 5364 ale-

258 5379 372 5447 bat,
405 5383 674 5451 ejusmodi
709 5386 909 5451 multas
941 5382 1226 5451 impositas
1252 5380 1442 5451 fuisse.

332 5450 447 5520 (67)
487 5451 644 5520 Πρὸς
683 5450 896 5505 πάντα.
951 5450 1035 5521 Ita
1081 5452 1250 5515 Med.,
1290 5450 1462 5504 Coisl.
1509 5459 1739 5521 uterque
1780 5456 1834 5507 et

258 5519 396 5588 Reg.
423 5519 720 5577 schndus.
752 5521 894 5574 Editi
920 5520 1312 5591 apdgjrdtvsag.

333 5592 445 5663 (68)
491 5591 833 5661 Ἄγαπητοῖς
856 5589 996 5659 μού.
1049 5589 1183 5663 βεε.
1239 5589 1535 5663 secundus
1563 5597 1617 5645 et
1659 5590 1830 5663 Coisl.

262 5660 883 5735 ξςὲιιιιᾱιιεάγαπητοῖς
901 5677 1012 5735 μοι.
1049 5660 1214 5718 Paulo
1241 5671 1364 5735 post
1395 5661 1561 5720 Coisl.
1598 5662 1828 5732 primus,

247 5732 383 5802 _Yat.
397 5741 466 5804 _et
485 5733 720 5793 Clarom.
754 5731 1064 5801 ἀμείψεται.

1948 4677 2071 4715 cum
2107 4663 2206 4726 sis,
2250 4671 2303 4718 et
2349 4664 2416 4718 ad
2443 4665 2865 4720 beneficentiam
2895 4683 3227 4738 propensus,
3261 4669 3524 4739 quoniam

1945 4747 2044 4804 tibi
2080 4752 2320 4821 aliquam
2362 4754 2597 4809 subinde
2622 4756 2911 4810 materiam
2948 4759 3366 4828 suppedilamus
3408 4758 3527 4813 ido-

2035 4886 2124 4964 §9)
2161 4889 2657 4964 Διουριείέιατει-[ιιιΔ
2682 4889 2856 4964 Med.,
2884 4891 3056 4948 CoisI.
3105 4900 3356 4964 uterque,
3398 4892 3522 4948 Vat.

1941 4964 1996 5012 et
2023 4957 2156 5032 Reg.
2174 4957 2659 5032 Δεεοιιιιᾷιιες.-ζΞΣ(1ιιί
2689 4960 3081 5032 διανείμαντες.

2014 5026 2127 5096 (70)
2173 5028 2460 5102 Ἡγεμόνι.
2493 5026 2626 5083 Vide
2665 5043 2824 5086 notas
2857 5026 2924 5086 ad
2961 5034 3122 5102 epist.
3166 5031 3254 5100 67,
3298 5033 3388 5088 ubi
3429 5049 3523 5089 ea-

1943 5097 2066 5173 dem
2097 5113 2232 5152 voce
2263 5115 2372 5173 non
2407 5100 2600 5173 ducem
2637 5108 2730 5173 aut
2769 5097 3079 5172 praesidem,
3117 5104 3212 5157 sed
3241 5097 3524 5173 principa-

1941 5168 2046 5222 lem
2080 5184 2174 5242 seu
2207 5169 2647 5242 primumcurim
2689 5168 2965 5242 designari
3004 5168 3381 5229 observamus.
3413 5168 3521 5228 Ne-

1943 5254 2051 5313 que
2080 5239 2262 5313 obstat
2294 5239 2420 5313 _liuic
2450 5239 2891 5313 interpretationi
2933 5244 3177 5313 precatio
3215 5243 3422 5308 Basilii,
3465 5256 3521 5300 ut

1943 5309 2077 5381 viris
2112 5310 2220 5381 illis
2257 5310 2460 5378 aliquid
2495 5311 2728 5365 subsidii
2761 5327 2829 5366 ex
2863 5309 3030 5368 cursu
3067 5315 3283 5381 publico
3322 5330 3520 5370 conce-

1941 5378 2121 5455 datur.
2153 5379 2289 5433 Nam
2311 5381 2596 5455 curialium
2621 5384 2912 5455 nonnullas
2943 5378 3114 5455 fuisse
3135 5392 3320 5455 partes
3350 5386 3403 5439 iu
3437 5401 3510 5440 re-

1940 5451 2115 5518 gendo
2156 5466 2324 5504 cursu
2361 5450 2582 5519 publico
2639 5452 2895 5510 observat
2933 5450 3300 5512 Gothofredus
3334 5455 3390 5510 in
3430 5455 3499 5512 ιιι

1941 5521 2032 5605 DeA
2052 5535 2217 5605 cursu
2241 5522 2629 5605 publjeo:_pag.
2661 5522 2786 5579 508.
2921 5551 2939 5580 ι

2012 5598 2032 5618 *
2061 5591 2212 5645 Alias
2237 5589 2528 5645 CCCLVIII

2012 5670 2054 5691 “
2085 5661 2235 5716 Alias
2257 5659 2558 5717 CCXXXII.

1990 5741 2078 5809 ..“'_
2095 5732 2246 5790 Alias
2278 5730 2638 5791 CCCCXXIV.

3375 283 3513 340 rost
3607 366 3612 370 ε
