3852 6224
360 336 503 394 1055

1708 334 1769 391 S.
1811 332 2056 392 BASILII
2108 335 2323 392 MAGNI

3492 341 3632 396 1051³

359 462 547 512 neam,
596 460 651 500 tn
683 460 794 517 qua
844 444 1014 501 animi
1045 445 1128 501 tui
1168 447 1601 519 magnitudinem
1642 448 1935 517 ostendas,

2072 447 2293 515 έξασθαί
2326 466 2420 503 σου
2449 448 2550 520 τῆς
2574 448 2945 520 προαιρέσεως
2982 448 3043 503 τὸ
3070 450 3430 521 μεγαλοφυὲς,
3460 470 3614 525 προσ

361 541 431 595 ad
468 554 618 595 meas
641 539 905 609 epistolas
947 540 1216 607 accurris,
1259 551 1319 595 ut
1353 555 1476 611 qua!
1501 540 1776 596 bonorum
1805 556 1940 613 ope-

365 646 491 687 rum
527 631 851 688 occasiones
870 631 1127 685 habeant.
1163 628 1326 685 Venit
1359 632 1526 703 igitur
1559 639 1617 687 et
1645 632 1752 686 alia
1782 647 1944 688 oeca-

363 724 468 789 sio,
500 738 624 794 quae
660 731 773 778 tua}
803 722 860 777 in
900 737 1093 778 omnes
1141 721 1496 794 benignitatis
1547 726 1695 780 notis
1737 724 1944 796 signari

350 822 567 886 potest,
620 814 899 885 simulque
948 814 1213 869 virtutum
1257 821 1482 870 tuarum
1525 830 1837 887 praeconem
1888 815 1946 871 in

364 906 607 962 medium
656 905 901 961 adducit.
954 905 1073 961 Viri
1112 907 1259 962 enim
1306 908 1640 965 Alexandria
1693 908 1944 979 profecti,

363 999 672 1054 necessarii
717 997 881 1053 ollicii
924 1012 1117 1063 causa,
1163 999 1426 1070 quodque
1458 999 1738 1054 communi
1780 999 1949 1054 totius

366 1089 728 1160 naturaajure
768 1090 1004 1165 mortuis
1038 1090 1357 1147 hominibus
1406 1091 1663 1159 debetur,
1703 1091 1952 1162 indigent

364 1181 680 1252 patrocinio
713 1189 839 1249 tuo;
871 1181 1007 1236 adeo
1031 1189 1091 1235 ut
1118 1181 1339 1251 jubeas,
1387 1190 1446 1235 ut
1490 1182 1626 1253 ipsis
1657 1181 1952 1252 propinqui

366 1287 576 1342 corpus
625 1272 914 1337 Sebastite,
968 1274 1214 1328 exercitu
1266 1274 1342 1327 ibi
1379 1282 1775 1340 eommorante,
1808 1287 1956 1327 mor-

366 1366 471 1431 tui,
534 1364 757 1435 publieo
814 1363 1076 1418 mandato
1123 1364 1523 1434 exportandum
1572 1364 1951 1421 concedatur:

364 1457 571 1513 deinde
596 1464 651 1511 et
687 1465 962 1528 quantum
996 1456 1207 1521 licebit,
1231 1456 1541 1511 subsidium
1573 1457 1713 1528 ipsis
1745 1457 1956 1513 feratur

367 1564 436 1606 ex
464 1550 686 1621 publico
727 1564 920 1614 cursu,
963 1549 1155 1620 sicque
1200 1548 1485 1604 inveniant
1524 1550 1749 1620 aliquod
1780 1551 1958 1622 longa:

366 1641 827 1713 peregrinationis
874 1655 973 1712 per
1033 1650 1183 1695 tuam
1241 1642 1754 1711 magnanimitatem
1801 1643 1956 1698 sola-

2043 542 2257 613 τρέχεις
2305 541 2465 614 ἡμῶν
2511 544 2631 605 ταῖς
2687 541 3013 607 ἐπιστολαῖς,
3060 540 3137 606 ὡς
3180 543 3357 615 ἔργων
3409 546 3623 614 ἀγαθῶ-

2045 633 2329 695 ὑποθέσεις
2355 631 2626 703 ἐχούσαις.
2669 632 2832 685 Ἥκει
2876 632 3055 685 τοίνυν
3085 633 3179 686 καὶ
3212 633 3345 706 ἄλλη
3376 635 3621 691 ὑπόθεσι-

2045 723 2316 796 δυναμένη
2344 723 2596 790 δέξασθαι
2624 723 2736 794 (71)
2760 724 2859 794 τῆς
2893 723 2992 793 σῆς
3025 725 3152 796 περὶ
3180 726 3357 780 πάντα
3396 728 3614 801 δεξιότη

2047 833 2138 881 τος
2172 817 2299 879 τοὺς
2343 815 2735 889 χαρακτῆρας,
2781 815 2918 886 ὁμοῦ
2967 815 3062 869 καὶ
3111 817 3328 888 κήρυκα
3372 818 3480 874 τῶν
3529 820 3623 874 σῶν

2049 907 2270 977 ἀγαθῶν
2314 907 2647 978 ἐπαγομένη.
2687 906 2912 977 Ἄνδρες
2938 906 3046 979 γὰρ
3094 908 3203 962 ἀπὸ
3249 910 3346 980 τῆς
3386 911 3613 977 ’Δλεξαν

2048 999 2234 1069 δρείας
2259 999 2579 1069 κινήσαντες
2609 995 2958 1065 καθηκόντως
2981 996 3165 1051 ἕνεκεν
3188 998 3508 1069 ἀναγκαίου,
3545 1020 3623 1055 κα

2052 1091 2247 1155 κοινῶς
2283 1090 2433 1163 πάσῃ
2460 1091 2525 1161 τῇ
2557 1089 2716 1159 φύσει
2756 1089 2865 1144 τῶν
2901 1090 3205 1163 ἀνθρώπων
3232 1096 3342 1157 τοῖς
3371 1094 3616 1149 ἀπελθοῦ

2056 1200 2139 1237 σιν
2181 1181 2553 1253 ὁφειλομένου,
2576 1181 2786 1237 δέονται
2826 1184 2925 1255 τῆς
2966 1183 3117 1253 παρά
3150 1182 3243 1237 σοῦ
3282 1187 3624 1256 προστασίας

2055 1272 2196 1327 ὥστε
2231 1270 2481 1325 κελεῦσαι
2509 1271 2689 1335 αὐτοῖς
2718 1272 2876 1343 σῶμα
2899 1273 3100 1326 οἰκείου
3131 1273 3343 1346 ἀνδρὸς,
3374 1276 3517 1330 κατά
3546 1276 3629 1349 τὴ

2057 1365 2350 1436 ἐπιδημίαν
2391 1363 2486 1417 τοῦ
2536 1363 2901 1436 στρατοπέδου
2938 1364 3361 1437 τελευτήσαντος
3394 1369 3485 1423 τὸν
3529 1369 3629 1440 βία

2058 1459 2118 1511 ὲν
2155 1460 2219 1529 τῇ
2259 1456 2578 1528 Σεϐαστείᾳ,
2620 1456 3006 1528 προστάγματι
3058 1457 3305 1531 δημοσίῳ
3353 1476 3617 1532 συγχωρη

2059 1550 2216 1622 θῆναι
2264 1550 2513 1621 κινῆσαι·
2559 1549 2749 1603 ἔπειτα
2785 1549 2964 1621 μέντοι
3008 1549 3101 1604 κα)⁵
3141 1551 3241 1623 τὴν
3278 1551 3511 1625 δυνατὴν
3548 1554 3622 1606 αὐ

2057 1645 2169 1706 τοῖς
2203 1641 2613 1712 παρασχεθῆναι
2659 1641 2913 1712 βοήθειαν
2959 1645 3021 1695 ὲκ
3073 1642 3168 1697 τοῦ
3213 1643 3473 1715 δημοσίου
3519 1645 3649 1717 δρό-

367 1737 529 1789 tium.
586 1733 715 1790 Haec
777 1743 963 1791 autem
1015 1736 1082 1789 ad
1135 1748 1391 1805 magnam
1438 1750 1612 1805 usque
1655 1736 1957 1791 transitura

2070 1750 2187 1803 μου,
2219 1730 2359 1783 ὥστε
2390 1730 2643 1801 εὑρέσθαι
2668 1731 2789 1785 τινὰ
2813 1732 2914 1804 τῆς
2946 1733 3162 1804 μακρᾶς
3191 1734 3399 1805 πλάνης
3431 1734 3520 1788 διὰ
3546 1736 3651 1806 τῆς

369 1826 787 1891 Alexandriam,
837 1835 1002 1896 atque
1035 1826 1104 1882 ad
1158 1828 1307 1881 illius
1345 1828 1557 1883 incolas
1600 1828 1795 1881 miram
1850 1837 1956 1884 tua:

2070 1827 2160 1897 τῆς
2201 1823 2570 1896 μεγαλοφυϊας
2608 1824 2983 1897 παραμυθίαν.
3020 1824 3205 1879 Ταῦτα
3257 1827 3313 1881 δὲ
3364 1828 3445 1881 ὅτι
3485 1829 3651 1900 μέχρι

369 1916 663 1988 dignitatis
691 1916 1092 1972 humanitatem
1133 1918 1439 1988 perlatura,
1486 1919 1837 1989 perspicuum
1868 1929 1954 1975 est

367 2008 679 2080 prudentiae
712 2017 840 2075 tuae,
888 2009 1108 2066 etiamsi
1154 2026 1256 2081 ego
1305 2026 1414 2065 non
1465 2010 1668 2065 dicam.
1706 2010 1818 2083 Ego
1857 2028 1955 2067 au-

368 2106 479 2154 tem
511 2107 566 2155 et
600 2100 657 2156 in
689 2100 900 2166 multis,
936 2116 1058 2171 quae
1081 2100 1196 2171 jam
1227 2102 1437 2171 accepi,
1467 2102 1571 2158 hoc
1601 2118 1821 2174 quoque
1859 2104 1956 2160 be-

368 2191 624 2248 neﬁcium
655 2191 985 2248 numerabo.

828 2394 1170 2453 EPISTOLA
1202 2392 1433 2450 CCCVll
1454 2400 1490 2448 '.

2060 1916 2158 1986 τῆς
2214 1913 2457 1985 μεγάλης
2518 1913 2830 1986 διαϐήσεται
2883 1915 3328 1989 Ἀλεξανδρείας,
3383 1918 3480 1971 καὶ
3536 1921 3651 1982 τοῖς

2058 2008 2176 2061 ἐκεῖ
2206 2006 2513 2078 διακονήσει
2544 2006 2656 2077 (72)
2690 2007 2751 2061 τὸ
2795 2006 2981 2078 θαῦμα
3019 2008 3119 2079 τῆς
3168 2008 3266 2080 σῆς
3311 2010 3647 2080 τιμιότητος,

2059 2097 2290 2168 φανερὸν
2328 2099 2397 2168 τῇ
2435 2096 2646 2151 συνέσει
2696 2114 2810 2161 σου,
2855 2098 2961 2153 κᾶν
2998 2097 3108 2167 ἐγὼ
3144 2101 3219 2171 μὴ
3254 2100 3420 2169 λέγω.
3461 2101 3652 2171 Ἡμεῖς

2059 2208 2117 2242 τε
2155 2188 2293 2261 πρὸς
2325 2187 2540 2252 πολλοῖς
2586 2183 2668 2253 οἷς
2711 2189 3013 2262 εἰλήφαμεν
3040 2190 3140 2262 ἤδη
3185 2193 3278 2245 καὶ
3317 2191 3525 2264 ταύτην
3553 2192 3655 2264 τὴν

2061 2281 2221 2353 χάριν
2248 2278 2705 2351 ὲναριθμήσομεν.

2594 2396 2944 2449 ΕΠΙΣΤΟΛΗ
2996 2397 3118 2453 TZ'.

1293 2512 1532 2562 Hortatur
1554 2517 1604 2563 ut
1625 2510 1748 2564 iiuer
1770 2513 1894 2566 duos
1916 2515 2157 2585 litigantes
2172 2511 2393 2581 judicem
2418 2528 2471 2566 se
2493 2513 2720 2579 praebeat.

900 2624 1028 2679 Sine
1066 2622 1435 2691 inscriptione.

447 2736 742 2808 Repellunt
767 2751 911 2808 sirpe
936 2737 1024 2792 vel
1066 2738 1228 2791 utiles
1261 2736 1567 2792 sententias
1596 2739 1961 2795 contentiosa:

371 2830 620 2894 indoles,
668 2829 835 2899 idque
885 2830 1208 2899 praeclarum
1255 2835 1309 2882 et
1348 2827 1483 2882 utile
1508 2828 1799 2898 judicant,
1847 2845 1960 2884 non

371 2922 522 2996 quod
574 2921 699 2977 aliis
745 2921 1002 2976 omnibus
1055 2920 1293 2984 videtur,
1350 2920 1568 2975 etiamsi
1608 2920 1961 2991 profuturum

374 3017 466 3080 sit,
505 3013 600 3069 sed
623 3012 770 3084 quod
799 3012 937 3083 ipsis
966 3013 1099 3067 solis
1126 3014 1326 3082 placet,
1350 3013 1569 3069 etiamsi
1599 3013 1952 3068 damnosum.

358 3103 559 3164 Causa
590 3115 798 3168 autem,
848 3104 1188 3174 insipientia,
1242 3119 1569 3174 morumque
1601 3106 1958 3173 perversitas,

373 3214 485 3253 non
519 3197 752 3251 aliorum
776 3195 1030 3250 consiliis
1060 3195 1375 3259 attendens,
1399 3196 1496 3251 sed
1527 3195 1661 3250 solis
1688 3195 1803 3250 suis
1827 3210 1962 3249 con-

378 3289 560 3344 ﬁdens
606 3287 921 3351 sententiis,
967 3301 1032 3340 ac
1089 3287 1455 3342 subeuntibus
1511 3287 1959 3358 cogitationibus.

379 3379 632 3436 Subeunt
662 3386 846 3434 autem
871 3393 935 3434 ea
969 3378 1171 3449 quibus
1206 3379 1482 3449 gaudent;
1510 3378 1751 3449 gaudent
1783 3385 1964 3432 autem

376 3474 447 3529 iis
490 3489 612 3543 qua:
651 3473 867 3526 volunt.
909 3470 1014 3537 Qui
1074 3479 1256 3525 autem
1309 3485 1376 3525 ea
1416 3486 1540 3541 qua:
1576 3472 1715 3531 vult,
1753 3471 1967 3541 judicat

376 3565 559 3630 utilia,
602 3579 713 3619 non
758 3572 911 3619 tutus
965 3570 1050 3617 est
1078 3562 1210 3632 justi
1238 3562 1431 3632 judex,
1484 3563 1581 3617 sed
1630 3564 1792 3617 czecis
1823 3576 1965 3632 quos

375 3658 507 3714 caeci
548 3657 782 3723 ducunt,
834 3656 1166 3711 consimilis.
1200 3654 1340 3710 Hinc
1386 3666 1440 3711 et
1468 3655 1523 3710 in
1571 3656 1770 3710 damna
1810 3655 1968 3711 facile

374 3751 638 3812 incurrit,
686 3757 741 3805 et
786 3748 1043 3803 utilitatis
1087 3749 1404 3819 magistram
1457 3748 1621 3801 habet
1674 3748 1966 3817 experien-

379 3843 533 3899 tiam.
579 3840 719 3895 lluic
752 3854 903 3894 nunc
935 3839 1071 3894 vitio
1106 3839 1384 3893 obnoxius
1429 3848 1514 3893 est
1553 3839 1647 3908 qui
1695 3854 1819 3892 cum
1863 3839 1968 3893 hoc.

379 3934 500 3991 viro
546 3933 848 3988 contendit.
881 3930 1017 3984 Nam
1066 3946 1191 3985 cum
1229 3928 1799 4001 oporteretjudieium
1848 3944 1970 3999 per-

378 4024 603 4080 mittere
651 4004 1042 4076 communibus
1087 4020 1324 4083 amicis;
1372 4020 1480 4073 imo
1528 4033 1652 4071 cum
1696 4032 1725 4069 a
1779 4018 1967 4071 multis

380 4132 526 4187 serpe
566 4115 851 4185 judicatus
889 4123 1060 4176 esset,
1104 4112 1309 4184 quibus
1349 4114 1441 4181 jus
1473 4121 1528 4166 et
1570 4111 1773 4166 veritas
1822 4126 1969 4164 cura:

378 4215 562 4273 erant,
598 4222 747 4263 nunc
774 4206 1022 4261 cucurrit
1057 4205 1124 4259 ad
1153 4204 1392 4274 judices,
1426 4214 1480 4258 et
1510 4202 1579 4256 ad
1605 4203 1968 4256 tribunalium

376 4298 670 4370 judicium,
700 4298 1020 4366 mavultque
1052 4295 1240 4350 multis
1273 4294 1496 4348 amissis
1527 4308 1702 4363 pauca
1734 4292 1965 4348 lucrari.

380 4390 518 4445 Data
558 4398 743 4445 autem
795 4404 824 4442 a
866 4387 1287 4458 magistratibus
1317 4386 1527 4456 judicia
1579 4403 1649 4441 ne
1679 4386 1969 4439 victoriam

2648 2622 3090 2691 Ἁνεπίγςραφος.

2137 2735 2462 2792 Διωθοῦνται
2518 2736 2777 2801 πολλάκις
2828 2738 2923 2791 καὶ
2976 2736 3074 2801 τὰς
3122 2736 3364 2808 χρηστάς
3416 2737 3661 2801 διανοίας

2073 2831 2129 2884 αἱ
2165 2828 2456 2898 φιλόνεικοι
2486 2827 2696 2898 φύσεις,
2739 2828 2834 2881 καὶ
2879 2826 3123 2899 κρίνουσι
3151 2827 3313 2881 καλὸν
3341 2827 3434 2879 καὶ
3462 2828 3663 2899 χρήσι-

2071 2939 2170 2993 μον
2199 2922 2260 2975 ού
2290 2921 2351 2974 τὸ
2381 2922 2512 2974 πᾶσι
2548 2923 2661 2984 τοῖς
2690 2919 2869 2984 ἄλλοις
2906 2919 3116 2983 δοκοῦν,
3159 2920 3263 2974 κᾶν
3357 2920 3662 2983 λυσιτελὲς,

2065 3013 2201 3069 ἀλλά
2230 3014 2290 3067 τὸ
2318 3014 2497 3085 μόνοις
2525 3014 2704 3077 αὐτοῖς
2728 3013 2980 3085 ἀρέσκον,
3011 3012 3115 3067 κᾶν
3148 3010 3439 3084 ἐπιζήμιον
3484 3007 3544 3085 ᾖ.
3587 3013 3664 3065 Τὸ

2063 3107 2119 3161 δὲ
2148 3107 2320 3161 αἴτιον
2354 3107 2505 3161 ἀνοια
2540 3106 2633 3159 καὶ
2668 3106 2924 3177 σκαιότης
2955 3106 3192 3178 τρόπων,
3223 3106 3283 3159 ού
3316 3122 3665 3177 προσεχουσα

2067 3201 2186 3263 ταῖς
2213 3199 2344 3270 παρ’
2379 3198 2579 3268 ἐτέρων
2614 3197 2982 3269 συμϐουλίαις,
3021 3198 3209 3270 μόναις
3236 3197 3293 3250 δὲ
3325 3197 3667 3251 πιστεύουσα

2065 3287 2313 3360 γνώμαις
2352 3287 2582 3351 οἰκείαις
2641 3290 2735 3341 καὶ
2786 3290 2899 3351 τοῖς
2947 3288 3314 3341 ὑποπίπτουσι
3351 3287 3661 3357 λογισμοῖς.

2077 3382 2475 3436 Ὑποπίπτουσι
2505 3380 2561 3433 δὲ
2598 3375 2678 3444 οἷς
2706 3380 2988 3451 χαίρουσιο
3021 3379 3268 3450 χαίρουσι
3307 3377 3366 3431 δὲ
3414 3372 3497 3441 οἷς
3533 3378 3665 3449 βου-

2066 3473 2267 3528 λονται.
2303 3474 2359 3527 Ὀ
2391 3473 2446 3526 δὲ
2470 3472 2505 3526 ἀ
2536 3471 2785 3543 βούλεται
2815 3468 3050 3541 νομίζων
3077 3468 3354 3539 λυσιτελῆ,
3387 3469 3492 3522 ούκ
3514 3469 3666 3521 ἔστιν

2068 3564 2316 3635 ἀσφαλὴς
2348 3564 2441 3617 τοῦ
2469 3564 2678 3617 δικαίου
2718 3564 2933 3635 κριτὴς,
2967 3561 3082 3613 ἀλλ’
3108 3561 3251 3614 ἔοικε
3285 3559 3509 3629 τυφλοῖς
3555 3560 3666 3614 ὑπὸ

2066 3657 2284 3726 τυφλῶν
2352 3656 2755 3727 ὁδηγουμένοις.
2818 3653 3098 3708 Ἐντεῦθεν
3164 3654 3259 3706 καὶ
3329 3654 3664 3724 προσπταίει

2070 3749 2291 3819 ζημίαις
2337 3748 2607 3810 εὐκόλως·
2656 3749 2749 3800 καὶ
2792 3745 2885 3800 τοῦ
2930 3745 3299 3817 συμφέροντος
3343 3744 3666 3800 διδάσκαλον

2069 3840 2181 3912 ἔχει
2218 3842 2318 3912 τὴν
2352 3842 2565 3910 πεῖραν.
2618 3838 2788 3892 Τοῦτο
2816 3837 2910 3892 νῦν
2938 3837 3051 3911 (73)
3081 3838 3141 3890 τὸ
3176 3836 3349 3901 πάθος
3398 3837 3666 3909 ὑπομένει

2068 3935 2096 3985 ό
2133 3932 2212 4003 τῷ
2261 3932 2491 4003 παρόντι
2542 3930 2968 4001 συνεζευγμένος
3012 3929 3185 4000 ἀνδρί.
3234 3928 3363 3983 Δέον
3407 3929 3520 4000 γὰρ
3562 3929 3665 4000 τὴν

2069 4025 2252 4096 κρίσιν
2304 4023 2594 4094 ἐπιτρέψαι
2653 4022 2827 4092 φίλοις
2877 4025 3106 4088 κοινοῖς,
3158 4020 3359 4092 μᾶλλον
3405 4019 3464 4073 δὲ
3511 4020 3667 4092 παρά

2072 4116 2284 4179 πολλοῖς
2309 4114 2569 4178 πολλάκις
2598 4113 2836 4185 κριθεὶς,
2868 4110 2948 4178 οἷς
2982 4112 3143 4183 ἔμελε
3180 4112 3275 4165 τοῦ
3317 4111 3528 4165 δικαίου
3570 4112 3667 4163 καὶ

2071 4210 2168 4281 τῆς
2198 4207 2474 4279 ἀληθείας,
2506 4207 2601 4260 νῦν
2634 4206 2867 4277 ἔδραμεν
2894 4207 2980 4259 ἐπ’
3013 4204 3281 4276 ἄρχοντας
3307 4204 3403 4256 καὶ
3431 4204 3533 4275 τὴν
3555 4202 3665 4256 τῶν

2070 4300 2435 4372 δικαστηρίων
2474 4297 2675 4370 κρίσιν,
2705 4299 2799 4353 καὶ
2843 4298 3099 4370 αἱρεῖται,
3125 4295 3296 4349 πολλά
3339 4294 3664 4366 ζημιωθεὶς,

2071 4391 2226 4460 ὀλίγα
2248 4391 2530 4463 κερδᾶναι.
2557 4391 2625 4442 Δί
2655 4389 2714 4444 δὲ
2740 4390 2890 4462 παρὰ
2916 4390 3145 4461 ἄρχουσι
3173 4389 3382 4461 κρίσεις
3413 4388 3539 4442 οὐδὲ
3565 4389 3665 4457 τὴν

379 4482 603 4553 quidem
643 4483 764 4536 sine
796 4482 1128 4536 detrimento
1176 4480 1380 4534 ferunt.
1423 4479 1512 4534 Sis
1558 4494 1691 4550 ergo
1726 4479 1961 4550 adjutor,

2072 4482 2227 4551 νίκην
2278 4480 2513 4551 ἀζήμιον
2560 4480 2806 4552 φέρουσι.
2852 4479 3016 4533 Γενοῦ
3074 4478 3185 4548 (74)
3233 4476 3298 4550 δὴ
3346 4476 3577 4549 βοηθὸς,
3618 4476 3663 4529 ii:

379 4573 543 4648 442
580 4590 614 4630 o
640 4575 868 4629 charum
899 4582 1097 4644 caput;
1138 4574 1372 4628 maxime
1396 4572 1618 4644 quidem
1649 4573 1870 4642 utrique
1906 4572 1966 4626 li-

381 4673 578 4744 tiganti
607 4672 685 4744 (id
719 4671 865 4727 enim
897 4671 1047 4742 pium
1076 4671 1180 4740 est)
1210 4671 1507 4741 prohibens
1528 4686 1597 4726 ne
1629 4673 1696 4725 ad
1724 4672 1966 4741 judicem

383 4765 696 4831 introeant;
730 4771 892 4834 teque
922 4763 1098 4833 ipsius
1146 4763 1268 4816 loco
1301 4761 1548 4832 judicem
1584 4763 1663 4817 illi
1694 4763 1964 4834 praebens.

382 4858 540 4926 Quod
585 4859 633 4913 si
670 4858 938 4912 alteruter
983 4871 1092 4910 non
1133 4855 1497 4925 obtemperat,
1533 4871 1634 4909 nec
1681 4855 1967 4911 sententiae

382 4949 551 5015 cedit,
588 4948 711 5004 fave
736 4947 996 5017 injuriam
1028 4947 1291 5017 patienti;
1318 4956 1373 5002 et
1403 4946 1453 5001 ei
1480 4947 1574 5017 qui
1605 4945 1759 5017 justa
1786 4957 1971 5017 postu-

381 5044 482 5108 lat,
510 5040 875 5113 patrocinium
907 5047 1062 5123 tuum
1094 5037 1369 5108 impende.

459 5286 480 5307 "
513 5282 992 5341 Alias'CCXLVll.

463 5355 918 5424 (71)Δέξασθαι.
975 5352 1288 5425 Legendum
1337 5354 1564 5425 conjicil
1613 5352 1981 5425 Combelisius

389 5422 688 5490 δείξασθαι.
723 5425 828 5480 Sed
872 5422 1099 5480 minime
1130 5422 1800 5481 necessariaemendatio.
1842 5422 1975 5477 Pro-

384 5496 628 5551 babilior
671 5495 885 5550 videtur
930 5494 1073 5549 inl‘ra
1118 5495 1365 5563 ejusdem
1405 5495 1606 5550 eruditi
1647 5494 1749 5548 viri
1790 5494 1977 5564 conje-

394 5574 575 5637 ctura,
602 5566 698 5621 ubi
734 5566 1217 5637 legendumrputati
1230 5566 1586 5637 καθήκοντος.

467 5634 580 5706 (72)
615 5634 988 5706 diaeta-nasi.
1026 5635 1118 5689 Sic
1156 5636 1289 5691 editi
1322 5634 1375 5689 ei
1414 5644 1526 5692 tres
1575 5634 1978 5706 eodices,_qui-

396 5704 627 5762 buscum
673 5705 869 5759 collata
928 5705 1029 5760 fuit
1079 5706 1192 5760 haec
1243 5706 1501 5775 cpistola,
1559 5720 1753 5775 nempe
1808 5704 1975 5767 Med.,

398 5775 567 5834 Coisl.
620 5776 830 5848 primus
885 5785 938 5832 et
998 5774 1316 5834 Vaticanus.
1377 5776 1483 5833 Sed
1544 5774 1724 5831 tamen
1781 5777 1979 5834 merito

2074 4574 2201 4646 φίλη
2242 4572 2476 4644 κεφαλὴ,
2516 4572 2752 4643 μάλιστα
2805 4573 2905 4643 μὲν
2952 4570 3282 4643 ἀμφοτέροις
3330 4572 3445 4634 τοῖς
3483 4587 3666 4642 κρινο-

2078 4666 2258 4737 μένοις
2285 4664 2529 4736 (εύσεϐὲς
2556 4664 2687 4736 γὰρ)
2731 4663 2954 4718 κωλύων
2990 4663 3089 4734 τὴν
3119 4661 3326 4716 εἴσοδον
3383 4660 3485 4733 τὴν
3529 4660 3667 4730 πρὸς

2072 4761 2163 4809 τὸν
2195 4757 2451 4827 ἄρχοντα,
2489 4755 2584 4809 καὶ
2622 4755 2907 4826 γινόμενος
2955 4753 3140 4818 αὐτοῖς
3178 4752 3293 4807 ἀντ’
3331 4752 3543 4806 ἐκείνου
3590 4750 3667 4804 δι-

2073 4851 2298 4918 καστής.
2350 4848 2413 4899 Ei
2462 4846 2521 4899 δὲ
2566 4846 2782 4899 ἀπειθεῖ
2830 4844 3078 4917 θάτερος,
3120 4844 3213 4899 καὶ
3268 4843 3503 4915 μάχεται
3546 4846 3667 4907 ταῖς

2071 4940 2306 5010 ψήφοις,
2357 4939 2676 5012 σύμπραξον
2731 4939 2810 5009 τῷ
2858 4938 3233 5010 ἀδικουμένῳ,
3281 4938 3378 4991 καὶ
3428 4935 3667 5008 πρόσθες

2077 5029 2175 5101 τὴν
2226 5030 2378 5093 παρά
2426 5029 2522 5083 σοῦ
2566 5029 2738 5101 ῥοπὴν
2780 5028 2856 5100 τῷ
2915 5028 3165 5100 ζητοῦντι
3210 5030 3399 5100 τυχεῖν
3442 5027 3553 5080 τῶν
3591 5028 3668 5081 δι-

2079 5121 2267 5177 καίων.

2082 5278 2446 5352 Combeﬁsius
2481 5280 2769 5352 legendum
2796 5282 2956 5337 docet
2983 5281 3307 5352 διακομίσει.

2155 5351 2269 5421 (75)
2300 5351 2480 5421 Τοῦτο
2523 5351 2661 5409 νῦν.
2706 5352 2785 5406 Ita
2828 5352 2977 5407 Harl.
3016 5362 3070 5408 et
3116 5351 3260 5409 Med.
3293 5352 3464 5416 Edit.,
3497 5351 3667 5406 Τοῦτο

2081 5420 2552 5494 τοίνυνε-Τίιυιυιη
2582 5423 2713 5478 huic
2743 5423 2989 5493 epistola:
3028 5424 3409 5494 apposuimus.
3447 5424 3667 5494 qualem

2082 5492 2138 5546 in
2179 5492 2370 5547 codice
2412 5493 2702 5548 Harlaeano
2748 5491 2802 5549 et
2848 5491 3130 5549 nonnullis
3173 5494 3295 5548 aliis
3334 5491 3664 5561 reperimus.

2083 5560 2471 5643 Editi‘addunt
2494 5565 2598 5643 imi
2638 5564 2979 5635 ἀποκαλύψει
3011 5564 3289 5636 κρυπτῶν,
3337 5560 3668 5617 occultorum

2084 5635 2531 5688 manifestationis
2556 5650 2741 5687 causa.

2157 5702 2269 5773 (74)
2310 5704 2525 5757 Γενοῦ.
2574 5703 2651 5758 Ita
2704 5704 3065 5763 vetustissimi
3115 5712 3228 5762 tres
3275 5719 3412 5761 mss.
3469 5712 3524 5761 et
3575 5702 3669 5759 alii

2086 5774 2356 5831 nonnulli.
2391 5773 2534 5831 Editi
2574 5774 2745 5845 γίνου.
