3874 6218
195 273 337 331 1057

738 390 1086 445 ΕΠΙΣΤΟΛΗ
1135 391 1262 444 TH’.

1124 271 1611 333 EPISTOLARUM
1650 270 1933 331 CLASSIS
1974 271 2073 327 lli.
2115 271 2333 328 EPIST.
2374 271 2575 330 CCCX.

3350 269 3483 333 1058

2357 386 2697 445 EPISTOLA
2733 387 2987 447 CCCVI"
3010 390 3051 446 ⁵.

1166 509 1418 571 Paupercs
1438 512 1483 557 et
1501 504 1703 573 aﬂlictos
1728 501 1952 567 Capralis
1980 502 2167 557 innatas
2186 507 2502 557 conmendut.

516 607 959 681 Ἁνεπίγεραφος,
986 611 1084 665 ἐπὶ
1118 614 1483 682 προστασίᾳ.

268 725 379 780 Καὶ
439 725 721 800 παρούσης
946 728 1257 799 τιμιότητός
1314 747 1408 784 σου
1473 733 1585 795 τοῖς
1643 730 1795 785 ἀδελ-

200 821 321 889 φοῖς
352 818 487 891 (75),
527 820 637 874 τῶν
681 819 790 873 ἀπὸ
829 818 925 873 τοῦ
964 821 1166 890 χωρίου
1212 823 1555 895 Καπράλεως
1583 823 1792 885 ἕνεκεν,

196 909 501 981 διελέχθην,
555 912 649 969 καὶ
701 913 1055 983 προσήγαγον
1117 913 1314 976 αὐτοὺς
1373 916 1440 986 τῇ
1498 914 1795 987 ἡμερότητί

201 1016 318 1066 σου,
344 1001 734 1072 παρακαλέσας
759 1019 817 1055 σε
845 1002 1038 1073 ἔχοντα
1066 1004 1175 1075 πρὸ
1202 1003 1496 1075 ὀφθαλμῶν
1522 1005 1619 1078 τὴν
1646 1005 1796 1077 παρά

196 1090 293 1144 τοῦ
323 1092 528 1164 Κυρίου
557 1093 987 1163 μισθαποδοσίαν
1006 1132 1023 1159 ,
1076 1094 1435 1165 προΐστασθαι
1486 1096 1685 1159 αὐτῶν,
1720 1096 1796 1160 ὡς

199 1184 451 1255 πενήτων
508 1185 603 1240 καὶ
652 1186 1146 1257 καταπονουμένων
1202 1189 1260 1240 έν
1309 1186 1502 1241 ἆπασι.
1554 1189 1665 1242 Καὶ
1702 1187 1796 1241 νῦν

198 1275 362 1331 πάλιν
390 1275 479 1330 διὰ
509 1277 605 1331 τοῦ
633 1278 964 1349 γράμματος
988 1277 1087 1349 τὴν
1116 1278 1286 1350 αὐτὴν
1320 1278 1655 1351 ἀνανεοῦμαι
1688 1297 1796 1334 πα-

200 1366 488 1440 ράκλησιν,
539 1370 831 1441 εὐχόμενος
877 1370 956 1441 τῷ
1008 1371 1149 1441 ἁγίῳ
1196 1370 1318 1443 Θεῷ
1356 1375 1451 1428 καὶ
1495 1373 1593 1445 τὴν
1623 1372 1798 1444 ὐπάρ-

197 1460 404 1530 χουσάν
465 1478 547 1514 σοι
591 1461 948 1532 περιφάνειαν
990 1464 1089 1516 καὶ
1133 1463 1498 1536 λαμπρότητα
1539 1463 1633 1518 τοῦ
1680 1464 1795 1535 βίου

198 1556 630 1628 συντηρηθῆναι,
661 1556 755 1610 καὶ
799 1556 892 1609 ἐπὶ
929 1556 1151 1626 μείζονα
1188 1556 1383 1622 ἐλθεῖν,
1417 1558 1505 1613 ἵνα
1538 1558 1646 1612 ἀπὸ
1682 1557 1799 1629 μεί-

197 1646 355 1713 ζονος
401 1649 687 1721 δυνάμεως
738 1650 1172 1724 πολυτελέστερα
1215 1653 1365 1723 ἡμᾶς
1399 1651 1529 1723 ἔχῃς
1569 1652 1797 1723 εὐεργε-

193 1743 350 1798 τεῖν.
378 1742 500 1796 Ὅτι
542 1743 651 1815 γάρ
693 1742 792 1815 μία
848 1746 983 1815 ἡμῖν
1039 1744 1174 1816 εὐχὴ
1222 1745 1400 1817 (76)ὴ
1452 1745 1651 1809 παντὸς
1702 1743 1796 1798 τοῦ

195 1831 351 1887 οῐκου
383 1832 537 1905 ὑμῶν
570 1835 833 1907 σωτηρία,
867 1834 1109 1906 ἡγοῦμαι
1133 1836 1426 1892 πεπεῖσθαί
1458 1853 1538 1890 σε.

733 1968 1086 2022 ΕΠΙΣΤΟΛΗ
1140 1969 1264 2027 ΤΘ’.

2153 611 2280 670 Sine
2324 614 2689 683 inscriptione,
2719 612 3010 680 patrocinii
3052 628 3236 669 causa.

1967 731 2029 784 Et
2068 745 2195 786 cum
2230 729 2433 786 fratres
2482 738 2671 786 essent
2709 743 2897 783 coram
2942 734 3037 781 tua
3067 725 3353 797 dignitate,
3392 743 3489 784 eo.

1897 837 2018 875 rum
2070 837 2240 878 causa
2298 822 2393 893 qui
2429 822 2609 877 locum
2653 819 2941 891 Capralem
2988 818 3256 886 incolunt,
3307 828 3488 875 tecum

1897 916 2215 973 collecutus
2259 932 2404 977 sum.
2455 924 2509 970 et
2548 930 2645 972 eos
2683 928 2871 970 coram
2903 921 2998 967 tua
3041 911 3331 968 clementia
3362 928 3490 983 pro«

1896 1007 2054 1076 duxi,
2090 1009 2414 1072 obsecrans,
2446 1014 2506 1063 ut
2530 1014 2657 1063 ante
2681 1006 2873 1061 oculos
2905 1005 3117 1061 habens
3158 1005 3489 1075 promissam

1897 1116 1926 1154 a
1962 1099 2199 1156 Domino
2230 1099 2567 1162 mercedem,
2598 1108 2857 1169 protegas
2883 1112 2982 1153 eos
3030 1104 3091 1152 ut
3122 1110 3392 1168 pauperes
3424 1110 3491 1150 ac

1898 1194 1955 1248 in
1990 1194 2254 1249 cmnibus
2300 1193 2551 1248 afﬂictos.
2587 1192 2653 1245 Et
2702 1206 2851 1245 nunc
2906 1205 3099 1246 rursus
3140 1204 3238 1260 per
3277 1189 3489 1243 litteras

1896 1286 2145 1343 eamdem
2184 1302 2391 1341 renovo
2432 1285 2827 1357 precationem,
2879 1283 3048 1338 Deum
3099 1290 3351 1337 sanctum
3390 1280 3488 1336 ob-

1898 1389 2150 1439 secrans,
2199 1383 2257 1429 ut
2293 1390 2414 1446 qua-
2451 1389 2599 1429 nunc
2639 1373 2736 1427 tibi
2792 1373 2948 1428 adest
2990 1372 3215 1427 claritas
3255 1386 3321 1426 ac
3364 1372 3489 1426 vitae

1898 1466 2162 1537 splendor
2199 1475 2585 1532 conservetur,
2618 1474 2784 1537 atque
2822 1467 2989 1521 etiam
3034 1465 3251 1521 auctior
3279 1464 3392 1531 ﬁat,
3428 1472 3490 1519 ut

1897 1575 1962 1615 ex
2014 1560 2223 1630 majore
2257 1566 2534 1631 potestate
2562 1559 2928 1630 locupletiora
2971 1558 3027 1613 in
3079 1573 3182 1613 nos
3220 1556 3489 1613 beneficia

1896 1652 2157 1709 conferre
2193 1654 2397 1723 possis.
2449 1651 2566 1708 Hoc
2616 1653 2763 1707 enim
2820 1652 2982 1707 nobis
3033 1666 3201 1706 unum
3253 1654 3308 1705 in
3344 1650 3490 1705 votis

1898 1759 2043 1803 esse.
2076 1744 2247 1799 totius
2275 1754 2472 1799 vestrae
2513 1744 2714 1799 domus
2755 1742 3215 1808 incolumitatem,
3262 1756 3492 1814 persua-

1898 1851 2022 1891 sum
2052 1836 2150 1891 tibi
2184 1851 2308 1892 esse
2344 1837 2627 1892 existimo.

2374 1960 2715 2018 EPiSTOLA
2768 1961 2972 2018 CCCIX

449 2118 764 2171 Commendat
788 2131 949 2170 senem
971 2132 1034 2171 ea:
1056 2118 1205 2172 divite
1223 2118 1613 2184 pauperrimum,
1640 2123 1687 2170 et
1712 2117 1866 2169 tribus
1886 2114 2056 2168 liberis
2079 2122 2351 2177 oneratum,
2376 2114 2439 2165 de
2460 2112 2633 2163 domus
2657 2126 2761 2165 suae
2786 2127 2932 2166 censu
2956 2113 3240 2166 sollicitum.

583 2228 1013 2297 Ἆγεπίγραφος
1030 2269 1045 2294 ,
1080 2226 1182 2281 ἐπὶ
1206 2226 1417 2282 ἐνδεεῖ.

272 2336 421 2393 Πάνυ
468 2337 747 2407 κατέγνων
794 2338 889 2392 τοῦ
939 2338 1172 2409 ἀδελφοῦ
1217 2339 1371 2393 τοῦδε
1420 2335 1797 2410 φροντίζοντος

195 2432 297 2486 ἐπὶ
345 2434 411 2502 τῇ
464 2430 762 2501 ἀπογραφῇ
812 2429 907 2484 τοῦ
938 2432 1087 2485 οτκου
1108 2448 1122 2472 θ
1174 2432 1234 2495 ὃς
1266 2447 1330 2500 γε
1362 2429 1474 2501 (77)
1510 2426 1797 2499 προλαϐὼν

196 2521 304 2593 τὴν
335 2520 643 2591 ἀναγκαίαν
670 2519 922 2576 ἀτέλειαν
961 2521 1074 2592 ἔχει
1124 2521 1235 2575 ἀπὸ
1277 2521 1375 2592 τῆς
1415 2520 1624 2583 πενίας.
1666 2518 1799 2572 Ἀπὸ

197 2613 315 2686 γὰρ
342 2613 466 2684 βίου
500 2613 758 2685 εὐπόρου,
783 2613 927 2667 οὕτω
964 2614 1059 2669 τοῦ
1092 2615 1299 2685 Κυρίου
1333 2613 1428 2667 ἐπὶ
1469 2612 1798 2684 συμφέροντι

196 2706 303 2777 τῆς
328 2704 507 2776 ψυχῆς
533 2704 699 2759 αὐτοῦ
739 2706 1221 2777 οἰκονομήσαντος,
1250 2705 1347 2759 νῦν
1389 2706 1469 2769 είς
1505 2705 1605 2775 τὴν
1637 2705 1801 2774 ὲσχά-

199 2815 306 2869 την
333 2797 527 2852 πενίαν
576 2797 944 2871 περιετράπη,
992 2799 1069 2862 ὡς
1115 2798 1268 2870 μόλις
1304 2798 1401 2870 μὲν
1450 2798 1544 2852 καὶ
1590 2798 1687 2870 τῆς
1714 2797 1798 2867 ἐφ’

200 2889 420 2961 ἡμέραν
478 2888 590 2961 (78)
622 2890 829 2961 τροφῆς
878 2890 1152 2961 εὐπορεῖν,
1197 2889 1532 2962 ἀνδραπόδου
1576 2889 1632 2943 δὲ
1666 2888 1801 2961 μηδὲ

203 2979 326 3042 ἑνὸς
358 2979 676 3051 κατάρχειν,
710 2979 818 3033 ἀπὸ
864 2978 1073 3033 πολλῶν
1121 2974 1197 3034 ὧν
1251 2980 1515 3053 πρότερον
1552 2975 1697 3050 εἶχεν
1743 2980 1801 3032 ὲν

202 3073 272 3142 τῇ
308 3070 503 3125 ἑαυτοῦ
529 3071 835 3144 δεσποτεία.
863 3072 1050 3143 Τούτῳ
1092 3072 1153 3125 τὸ
1194 3071 1353 3142 σῶμα
1391 3070 1801 3141 περιλέλειπται

210 3163 396 3234 μόνον,
424 3164 517 3217 καὶ
554 3162 713 3217 τοῦτο
740 3164 966 3229 ἀσθενὲς
995 3165 1089 3218 καὶ
1120 3166 1371 3237 γηραιὸν,
1403 3164 1479 3229 ὡς
1516 3165 1611 3219 καὶ
1640 3164 1801 3228 αὐτὸς

203 3257 368 3328 ὁρᾷς*
416 3257 511 3311 καὶ
560 3256 747 3320 παῖδες
784 3259 952 3328 τρεῖς,
991 3258 1273 3329 προσθήκη
1321 3259 1617 3330 φροντίδων
1648 3259 1801 3332 ἀνδρὶ

207 3345 423 3418 πένητι.
463 3347 584 3400 Ὅτι
640 3345 739 3418 μὲν
791 3342 885 3400 οὖν
934 3347 1087 3401 οὐδὲν
1145 3347 1314 3401 ἐδεῖτο
1373 3348 1473 3421 τῆς
1526 3350 1803 3421 ἡμετέρας

204 3439 530 3511 πρεσϐείας,
564 3439 752 3512 ἱκανὴν
782 3438 920 3511 έχων
951 3439 1053 3511 τὴν
1104 3442 1295 3495 πενίαν
1344 3441 1663 3513 δυσωπῆσαι
1688 3442 1800 3511 (79)

203 3530 295 3584 διὰ
317 3531 380 3584 τὸ
407 3529 789 3602 φιλάνθρωπον
809 3530 901 3584 τοῦ
929 3531 1153 3603 τρόπου,
1184 3532 1428 3604 ἀκριϐῶς
1460 3533 1795 3604 ἠπιστάμην.

217 3622 376 3676 Ἐπεὶ⁸
405 3622 463 3676 δὲ
505 3621 824 3694 δυσάρεστοι
853 3623 902 3675 οί
940 3622 1236 3687 αἰτοῦντες,
1281 3622 1555 3695 ἐφοϐήθην
1590 3625 1803 3695 μήποτε

206 3713 519 3788 ὲλλιμπάνῃ
550 3713 659 3786 (80)
705 3730 758 3767 τι
806 3712 915 3766 τῶν
956 3714 1036 3778 εἰς
1078 3714 1239 3769 αὐτὸν
1290 3714 1679 3787 ὀφειλομένων,
1711 3716 1805 3769 καὶ

207 3805 527 3872 ἐπέστειλα,
566 3804 744 3871 εἰδὼς,
779 3805 862 3859 ὅτι
907 3807 940 3877 ὴ
988 3806 1172 3879 ἡμέρα
1202 3805 1372 3878 αὐτῷ,
1400 3808 1458 3860 ὲν
1488 3801 1521 3881 ᾗ
1560 3807 1624 3861 ἂν
1655 3807 1807 3879 πρῶ-

204 3916 304 3954 τον
331 3899 414 3970 ῐδῃ
444 3915 537 3951 σου
568 3897 667 3971 τὴν
695 3896 1021 3969 σεμνότητα,
1051 3899 1194 3969 ἀρχὴ
1237 3898 1476 3971 εὐθύμου
1520 3898 1636 3969 βίου
1670 3900 1808 3972 πρὸς

207 3991 305 4046 τὸν
345 3990 485 4063 μετά
524 3990 697 4045 ταῦτα
734 3990 926 4063 χρόνον
972 3992 1284 4061 γενήσεται,
1336 3992 1430 4046 καὶ
1478 3992 1639 4046 δώσει
1691 4009 1810 4046 τινα

212 4083 462 4157 βελτίονα
486 4082 596 4138 τῶν
625 4081 969 4155 πραγμάτων
1001 4082 1165 4138 αὐτοῦ
1194 4083 1303 4156 (8|)
1338 4084 1662 4159 μεταϐολήν.

766 4239 1109 4293 ΕΠΙΣΤΟΛΗ
1144 4238 1244 4294 Τι’.

2243 2220 2373 2277 Sine
2404 2220 2776 2289 inscriptione,
2819 2237 2915 2290 pro
2956 2236 3135 2291 egeno.

1974 2335 2293 2407 Vituperavi
2336 2350 2567 2405 prorsus
2597 2333 2748 2389 hunc
2775 2333 3001 2390 fratrem
3044 2332 3112 2390 de
3143 2333 3341 2391 domus
3373 2350 3489 2391 sum

1902 2444 2079 2486 censu
2121 2429 2445 2491 sollicitum,
2480 2426 2685 2497 quippe
2730 2442 2854 2480 cum
2902 2426 2959 2481 in
3010 2434 3356 2483 antecessum
3397 2444 3490 2484 ue—

1901 2523 2201 2579 cessariam
2229 2522 2633 2576 immunitatem
2673 2529 2972 2591 paupertas
3004 2520 3055 2575 ei
3086 2520 3317 2576 tribuat.
3349 2518 3489 2577 Nam

1901 2631 1934 2671 a
1956 2614 2069 2671 vita
2097 2614 2378 2684 opulenta,
2414 2614 2489 2668 ita
2533 2613 2768 2669 Domino
2791 2614 2859 2668 ad
2892 2614 3093 2669 animas
3125 2613 3304 2683 ipsius
3333 2614 3489 2669 utili-

1902 2715 2069 2764 tatem
2114 2708 2496 2777 dispensante,
2553 2722 2703 2761 nunc
2739 2707 2795 2760 in
2828 2714 3135 2762 extremam
3188 2713 3489 2777 egestatem

1902 2801 2161 2857 redactus
2190 2806 2298 2864 est,
2347 2799 2486 2855 adeo
2520 2806 2579 2854 ut
2615 2799 2979 2870 quotidianus
3016 2798 3184 2853 etiam
3228 2799 3406 2854 victus
3440 2799 3491 2855 ei

1902 2892 1993 2947 vix
2022 2898 2298 2963 suppetat,
2331 2898 2386 2946 et
2424 2907 2490 2946 ex
2524 2892 2714 2947 multis
2749 2890 3066 2962 mancipiis,
3097 2905 3220 2962 quae
3248 2891 3407 2961 prius
3432 2891 3492 2947 in

1903 2999 2003 3040 sua
2027 2992 2295 3054 potestate
2314 2983 2601 3049 habuerat,
2634 2984 2771 3038 nulli
2804 2998 3033 3053 prorsus
3063 2983 3314 3053 imperet.
3342 2968 3486 3039 lluic

1904 3093 2110 3149 corpus
2142 3080 2321 3134 solum
2351 3089 2628 3149 superest,
2655 3076 2841 3147 idque,
2874 3083 2936 3130 ut
2966 3084 3020 3130 et
3050 3076 3169 3146 ipse
3199 3075 3375 3142 vides,
3407 3077 3491 3131 in-

1907 3172 2124 3227 ﬁrmum
2155 3180 2209 3228 et
2242 3171 2397 3228 senio
2423 3171 2766 3234 confectum,
2800 3179 2855 3226 et
2886 3170 3045 3225 liberi
3078 3176 3214 3236 tres,
3240 3169 3491 3225 accessio

1905 3280 2164 3320 curarum
2192 3264 2311 3320 viro
2337 3262 2626 3334 indigenti.
2656 3261 2816 3318 Hunc
2847 3262 3017 3333 igitur
3052 3262 3185 3317 nihil
3225 3276 3366 3332 opus
3398 3261 3495 3315 ha-

1904 3355 2039 3411 bere
2069 3354 2385 3425 precatione
2422 3369 2567 3420 mea,
2600 3368 2726 3408 cum
2764 3353 3018 3408 idoneam
3069 3354 3267 3408 habeat
3300 3352 3367 3407 ad
3398 3352 3495 3408 lle-

1905 3447 2165 3503 ctendum
2188 3452 2569 3517 paupertatem
2593 3445 2664 3499 ob
2685 3460 2898 3499 morum
2930 3453 3151 3499 tuorum
3182 3444 3496 3500 humanita-

1906 3547 2041 3599 tem.
2063 3548 2215 3593 certo
2240 3538 2505 3594 sciebam.
2533 3534 2641 3591 Sed
2666 3537 2795 3607 quia
2818 3535 3037 3592 diﬂicile
3064 3546 3148 3592 est
3172 3536 3497 3593 satisfacere

1904 3630 2240 3700 petentibus,
2279 3629 2439 3683 timui
2472 3643 2542 3683 ne
2577 3627 2667 3681 cui
2695 3626 2876 3683 oliicio
2902 3629 2951 3683 ei
2991 3629 3176 3683 debito
3204 3627 3493 3692 deessem;

1907 3727 2072 3790 atque
2108 3717 2245 3772 adeo
2280 3716 2502 3786 scripsi,
2552 3716 2722 3786 probe
2765 3717 2946 3773 sciens
2972 3716 3115 3772 diem
3165 3717 3340 3781 illum,
3386 3732 3497 3787 quo

1922 3821 2072 3867 tuam
2139 3812 2459 3882 gravitatem
2515 3808 2756 3880 primum
2812 3808 3045 3874 viderit,
3103 3809 3320 3864 initium
3370 3809 3497 3864 vitm

1910 3906 2169 3975 deinceps
2210 3901 2439 3959 laetioris
2489 3902 2759 3967 futurum,
2812 3910 2867 3956 et
2917 3903 3201 3959 meliorem
3255 3902 3493 3973 aliquam

1910 3997 2061 4053 illius
2091 4012 2275 4051 rerum
2304 3995 2660 4050 mutationem
2696 3993 3020 4048 allaturum.

2263 4236 2424 4310 M3
2453 4235 2788 4293 EPiSTOLA
2826 4233 3005 4290 cccx

1084 4353 1395 4407 Connnendat
1417 4360 1643 4421 cognatos
1667 4368 1779 4406 suos
1801 4367 1862 4407 ac
1880 4362 2079 4408 cancros
2101 4346 2397 4403 Ariaratltia:
2430 4349 2632 4401 incolas.

512 4466 954 4538 Ἀνεπίτραςρος,
997 4466 1147 4536 ὑπὲρ
1184 4464 1516 4537 συγγενῶν.

292 4557 451 4632 Αὐτῷ
495 4575 587 4631 μοι
639 4557 1107 4630 περισπούδαστον
1152 4552 1221 4629 ἦν
1268 4560 1549 4628 συντυχεῖν
1600 4575 1692 4613 σου
1739 4562 1805 4632 τῇ

296 4692 575 4766 (75)]ὀῖς
616 4690 923 4766 ἁδεᾷφοῖς.
982 4690 1190 4766 mutata
1237 4690 1664 4761 interpungendi
1715 4705 1808 4766 ra-

213 4760 598 4824 tione'lucem
660 4760 789 4817 huic
837 4762 959 4817 loco
997 4761 1195 4817 afferre
1243 4768 1476 4817 conatus
1514 4760 1664 4816 'sum.
1711 4760 1807 4817 Sic

214 4839 367 4896 enim
401 4841 520 4891 erat
563 4836 620 4888 in
660 4831 847 4899 editis,
883 4833 994 4902 καὶ
1035 4830 1321 4902 παροιξσης
1353 4831 1453 4901 τῆς
1496 4829 1807 4902 τιμιότητός

217 4888 479 4971 alia;
507 4888 1155 4974 ἀδελφοῖς...’διελέχθην.
1193 4888 1353 4957 Unde
1378 4888 1671 4974 interpres,
1696 4888 1808 4955 ἐστὶ
1836 4888 1887 4950 υ

217 4969 429 5034 monent
459 4974 620 5029 habui
646 4969 764 5027 cum
789 4969 1069 5043 fratribus,
1091 4969 1307 5036 eorum,
1338 4972 1427 5043 qui
1453 4969 1698 5043 (Ia—pratis
1719 4988 1805 5026 re-

216 5048 674 5122 gioneortisunt,
694 5041 872 5115 gratia
893 5058 912 5097 :
939 5042 1034 5098 sed
1061 5043 1312 5122 quoshic
1340 5041 1574 5122 Basilius
1600 5041 1804 5122 fratres

219 5112 483 5190 appellat,
506 5116 561 5170 bi
584 5116 677 5171 alii
697 5112 826 5190 esse
851 5129 961 5190 non
988 5119 1239 5190 possunt,
1262 5127 1431 5190 quam
1448 5112 1634 5190 selecti
1654 5112 1803 5170 cives

218 5182 587 5261 C'a'pralenses
625 5200 689 5261 ac
736 5184 828 5261 de“
850 5182 1014 5240 rebus
1047 5184 1255 5261 p_atriae_
1279 5182 1457 5239 inissi.
1491 5182 1674 5250 Quare
1701 5199 1803 5261 ue-

219 5254 500 5333 quaquam
534 5255 917 5333 bis_fratribu_s
942 5269 1033 5310 res
1061 5254 1422 5333 Capralenses
1450 5255 1804 5333 commenda-

220 5324 482 5397 liatfsed
528 5328 714 5398 potius
746 5327 795 5382 ei
829 5327 898 5382 ad
932 5340 1095 5397 quem
1143 5324 1259 5398 haec
1303 5324 1509 5398 scripta
1547 5325 1800 5398 epistola.

221 5395 342 5458 Hos
373 5395 736 5456 enim—coram
785 5398 881 5454 illo
930 5395 1095 5451 antea
1122 5395 1402 5467 produxit,
1446 5403 1506 5449 ut
1540 5397 1608 5451 de
1632 5395 1804 5467 rebus

220 5471 646 5543 Capralensium
695 5477 924 5543 ageret:
962 5466 1375 5543 nunceosdem
1422 5480 1549 5520 cum
1606 5466 1806 5543 litteris

222 5538 411 5599 mittit.
445 5542 712 5597 Cancrum
735 5538 959 5596 Fclarior
987 5538 1159 5592 multo
1186 5546 1335 5592 esset
1369 5543 1480 5590 tota
1506 5538 1801 5591 verborum

224 5613 554 5684 complexio.
584 5612 628 5667 si
655 5616 909 5666 deessent
940 5611 1023 5663 hae
1050 5621 1234 5684 voces,
1263 5610 1376 5670 τοῖς
1399 5606 1667 5684 ἀδελφοῖς.
1698 5606 1807 5662 Sed

226 5686 275 5739 si
310 5678 691 5753 retineantur,
727 5696 834 5735 non
885 5687 1020 5753 puto
1066 5679 1246 5738 aliter.
1301 5694 1363 5733 ac
1414 5678 1805 5747 interpretatus

227 5771 374 5823 sum,
406 5753 580 5823 accipi
609 5752 830 5808 debere.

2234 4464 2362 4520 Sine
2395 4464 2757 4533 inscriptione,
2787 4476 2885 4531 pro
2919 4462 3179 4531 cognatis.
3456 4526 3463 4538 Ι

1987 4559 2117 4615 Mihi
2148 4557 2252 4629 ipsi
2282 4556 2577 4614 admodum
2622 4558 2677 4610 in
2707 4555 2912 4626 optatis
2967 4562 3086 4608 erat
3124 4570 3249 4609 cum
3283 4561 3375 4609 tua
3419 4552 3501 4608 fa-

1986 4692 2099 4775 (Ἱθ)
2138 4690 2313 4775 ςΗμῖγ
2341 4690 2514 4775 εὐχή.
2550 4688 2718 4745 Coisl.
2751 4688 3029 4745 secundus
3060 4695 3115 4744 et
3141 4687 3273 4759 Reg.
3301 4703 3502 4744 secun-

1913 4761 2017 4820 dus
2044 4761 2205 4887 ημῶν
2236 4761 2393 4833 εὐχή.
2425 4829 2437 4841 ο
2772 4829 2784 4840 ⁸
3440 4832 3447 4839 ⁹

1916 4905 1940 4921 η
1986 4834 2038 4904 (7
2081 4832 2350 4921 λίρςιγεξ.
2383 4829 2475 4886 Sic
2496 4828 2661 4895 Med.,
2690 4827 2860 4886 Corsl.
2882 4828 3095 4901 primus
3116 4835 3171 4883 et
3202 4826 3321 4883 Vat.
3352 4826 3497 4894 Editi

1913 4900 2062 4973 ὅσγε.
2081 4900 2335 4994 ’[Ιξθεεε]
2886 4900 2895 4901 “
3187 4968 3201 4981 θ

1930 5046 1939 5047 7
1986 4973 2100 5047 (78)
2152 4975 2243 5047 Εςρ
2280 4970 2529 5047 ήμέρᾳγ.
2556 4968 2690 5047 Reg.
2708 4968 2994 5047 secundus
3022 4975 3079 5047 et
3105 4966 3275 5047 Coisl.
3305 4981 3503 5047 secun-

1912 5037 2019 5102 dus
2046 5037 2348 5116 ἐφημέρου.
2378 5037 2584 5098 [bidem
2614 5037 2917 5096 Vaticanus
2953 5039 3127 5095 codex
3164 5037 3498 5111 ἀνδραπόδου

1910 5114 2519 5268 ῗὲόξεχῗὲωπῇσαι.
2554 5181 2689 5257 Reg.
2717 5182 2992 5240 secundus
3016 5188 3075 5237 et
3100 5178 3270 5238 Coisl.
3298 5193 3497 5236 secun-

1912 5254 2016 5314 dus
2045 5254 2362 5326 δυσωπῆσαι
2398 5271 2479 5326 σε.
2582 5325 2591 5326 7
2643 5254 2659 5257 ⁷
2951 5323 2966 5326 _
3145 5321 3181 5326 _
3567 5297 3573 5302 .

1985 5327 2106 5452 (80g
2134 5321 2531 5395 numnam.
2563 5325 2732 5384 Coisl.
2762 5323 3038 5383 secundus
3062 5331 3115 5380 et
3145 5321 3280 5394 Reg.
3303 5334 3500 5377 secun-

1989 5416 2016 5452 s
2046 5399 2073 5451 ὲ
2107 5396 2420 5452 λιμπάνειν.

1911 5396 2420 5473 ᾶυεᾴξλλιμπάκειγ-
2488 5465 2520 5473 η
2563 5467 2574 5473 _
2613 5467 2627 5473 _
2750 5468 2761 5473 _
2996 5462 3042 5473 ..
3088 5472 3093 5473 ,
3150 5460 3291 5473 ....-.
3365 5460 3380 5473 .
3432 5456 3463 5473 ι.

1986 5460 2651 5540 (8l)7A1’;roi2_.__l_t_a_goisl.
2680 5468 2891 5540 primus
2915 5476 2969 5524 et
2996 5462 3121 5521 Vat.
3150 5460 3294 5519 Editi
3320 5460 3495 5532 αὐτῷ.

1992 5534 2011 5565 ί*
2042 5534 2193 5593 Alias
2222 5534 2552 5591 CCXXXIII.
2572 5567 2596 5593 τ.

1990 5613 2031 5634 *⁸
2066 5610 2220 5663 Alias
2250 5604 2508 5661 CCXXX.
2694 5662 2701 5667 ,

1988 5681 2052 5705 “'
2087 5678 2236 5735 Alias
2263 5673 2618 5735 CCXXXVII.
