3874 6218
403 267 546 326 1059

1754 256 1812 312 S.
1854 253 2100 310 BASILII
2142 252 2359 309 LIAGNI

3529 241 3676 296 I060

402 387 604 448 cundia
652 381 912 454 congredi
944 379 1196 453 pluribus
1228 377 1298 433 de
1353 375 1538 434 causis
1567 395 1580 430 :
1613 376 1874 449 primum,
1920 382 1982 429 ut

2113 373 2357 442 ,oyté‘rq'ct
2408 369 2618 424 πολλῶν
2666 368 2882 421 ἕνεκεν
2937 364 3150 437 πρῶτον
3201 361 3319 431 μὲν,
3362 358 3502 412 ὥστε
3542 359 3679 412 ἀπο-

404 480 587 543 bonis,
621 492 743 548 qua:
767 474 865 529 tibi
889 475 1101 536 insunt,
1126 471 1290 541 longo
1316 469 1608 524 intervallo
1638 466 1982 538 perfruerer;

405 571 626 633 deinde,
663 576 723 622 ut
759 567 926 622 etiam
961 579 1062 635 pro
1094 561 1421 616 Ariaratbiae
1458 560 1655 615 incolis
1709 567 1761 612 te
1794 571 1986 628 preca-

406 679 498 718 rer
527 680 542 716 :
575 660 777 732 quibus
801 656 1129 728 jamdudum
1157 653 1404 724 gravatis
1431 652 1584 707 dedit
1613 650 1878 704 Dominus
1900 649 1986 703 di-

408 769 573 826 gnum
624 752 904 814 solatium,
957 748 1248 819 probitatis
1299 755 1405 800 tua:
1449 743 1984 800 administrationem

407 849 518 905 illis
539 845 868 902 concedens.
900 843 998 896 Est
1031 850 1212 895 autem
1244 849 1298 894 et
1330 840 1434 894 alia
1458 838 1703 909 quaedam
1739 849 1986 890 meorum

407 948 768 1012 cognatorum
806 934 1105 1007 possessio,
1141 948 1262 1004 qua:
1288 931 1447 986 valde
1470 941 1746 1002 gravatur,
1780 944 1844 983 ac
1875 927 1988 981 fere

407 1039 570 1102 caput
593 1042 678 1086 est
709 1028 908 1098 impiae
930 1024 1290 1080 Ariaratbica:
1322 1042 1334 1078 :
1361 1023 1450 1077 cui
1478 1022 1639 1078 etiam
1683 1036 1894 1092 precor,
1929 1025 1988 1073 ut

407 1121 721 1194 benignitas
778 1127 896 1181 tua,
953 1123 1221 1187 quantum
1269 1113 1383 1169 ﬁeri
1435 1121 1635 1184 potest,
1681 1112 1986 1175 medeatur,

407 1232 518 1288 quo
546 1217 616 1272 ab
640 1216 708 1272 iis
733 1214 825 1285 qui
852 1212 1162 1285 potiuntur,
1193 1208 1455 1280 deinceps
1497 1208 1628 1264 ferri
1662 1206 1859 1278 possit.

873 1551 1215 1608 EPISTOLA
1252 1543 1454 1602 CCCXI
1487 1547 1526 1597 ‘.

2089 465 2286 520 λαῦσαι
2309 464 2418 517 τῶν
2460 465 2518 517 ἐν
2568 464 2649 516 σοὶ
2687 460 2866 514 καλῶν
2899 459 2984 513 διὰ
3022 455 3217 510 πολλοῦ
3249 452 3344 506 τοῦ
3383 455 3438 506 ἐν
3464 451 3542 522 τῷ
3575 469 3678 523 με·

2090 557 2222 622 ταξὺ
2248 558 2441 627 χρόνου
2459 571 2471 584 ·
2503 555 2692 608 ἔπειτα
2721 553 2798 620 δὲ,
2831 553 2923 606 καὶ
2950 551 3077 621 περὶ
3108 548 3214 601 τῶν
3243 546 3386 600 κατά
3419 547 3676 615 Ἀριαρα-

2094 647 2214 701 θίαν
2265 645 2566 717 ἀνθρώπων
2607 641 2983 713 παρακαλέσαι
3035 655 3093 690 σε
3115 653 3128 666 ’
3189 631 3270 698 οἷς
3332 635 3394 686 ἐκ
3440 630 3678 686 παλαιοῦ

2095 738 2432 808 θλιϐομένοις
2484 737 2682 789 ἔδωκεν
2733 737 2763 787 ό
2816 733 3019 804 Κύριος
3072 728 3227 793 ἀξίαν
3283 725 3676 797 παραμυθίαν,

2093 833 2191 904 τῆς
2226 832 2323 901 σῆς
2357 829 2644 900 ὀρθότητος
2689 827 2786 898 τὴν
2825 824 3141 878 ἐπιστασίαν
3171 823 3352 884 αὐτοῖς
3377 818 3484 890 (82)
3515 836 3678 889 χαρι-

2096 926 2347 994 σάμενος.
2389 923 2543 974 Ἔστι
2575 921 2632 973 δέ
2671 938 2722 972 τι
2762 919 2856 972 καὶ
2897 917 3082 988 ἓτερον
3127 914 3237 967 τῶν
3267 911 3540 980 συγγενῶν
3565 909 3680 961 τῶν

2094 1014 2243 1084 ἐμῶν
2273 1015 2412 1068 πάνυ
2464 1011 2856 1085 βεϐαρημένον,
2909 1010 3000 1062 καὶ
3056 1007 3238 1078 σχεδὸν
3279 1005 3338 1057 τὸ
3382 1000 3678 1073 καιριώτα-

2094 1123 2184 1160 τον
2213 1107 2312 1177 τῆς
2353 1103 2746 1176 Ἀριαραθικῆς
2777 1102 3010 1173 ἀπορίας
3056 1101 3324 1170 ὑπάρχον·
3367 1097 3461 1149 καὶ
3500 1110 3678 1164 παρα-

2097 1197 2251 1252 καλῶ
2289 1197 2400 1268 (85)
2438 1194 2578 1249 κατὰ
2633 1193 2691 1247 τὸ
2736 1193 3082 1262 ἐνδεχόμενον
3137 1187 3480 1261 ίατρευθῆναι
3527 1185 3684 1256 παρὰ

2098 1291 2195 1362 τῆς
2226 1289 2324 1361 σῆς
2352 1288 2738 1360 χρηστότητος,
2782 1284 2922 1338 ὥστε
2956 1283 3188 1355 φορητὸν
3233 1281 3326 1334 τοῦ
3368 1278 3556 1333 λοιποῦ
3587 1294 3681 1345 γε·

2099 1381 2285 1436 νέσθαι
2314 1383 2424 1444 τοῖς
2457 1397 2624 1450 κεκτη
2635 1378 2832 1449 μένοις.

2629 1540 2976 1594 ΕΠΙΣΤΟΛΗ
2998 1537 3146 1592 TIA'.

825 1664 974 1728 Rogat
995 1669 1045 1712 ut
1069 1659 1202 1711 iuius
1225 1657 1417 1718 domus,
1443 1654 1526 1720 qui
1545 1654 1669 1706 hanc
1687 1654 1938 1719 epistolam
1965 1653 2166 1719 ferebat,
2189 1653 2403 1720 publicis
2426 1651 2702 1703 muneribus
2727 1659 2924 1717 gravata
2963 1653 3198 1704 sublever
3213 1661 3248 1703 ‘.

1035 1767 1358 1836 l’rincipuli.

484 1889 683 1946 Multas
717 1901 804 1941 me
841 1891 1044 1955 cogunt
1066 1883 1280 1935 litteras
1309 1878 1566 1947 digmtati
1598 1875 1993 1932 tuae"scribere

411 1984 507 2056 qui
538 1978 1006 2039 asseverationum
1043 1986 1289 2028 mearum
1326 1971 1594 2024 rationem
1630 1985 1738 2022 non
1766 1968 1990 2033 habent,

413 2077 508 2135 sed
548 2072 828 2146 proprium
856 2067 1116 2139 quiddam
1163 2079 1228 2120 ac
1260 2063 1522 2118 eximium
1576 2061 1628 2115 iu
1668 2061 1785 2117 suis
1826 2060 1992 2115 rebus

410 2166 730 2237 exquirunt.
777 2157 1106 2215 Jamdudum
1149 2154 1295 2208 enim
1341 2154 1423 2208 eis
1470 2151 1796 2208 testiﬁcatus
1845 2167 1989 2214 sum,

413 2261 491 2314 ita
521 2265 574 2312 te
616 2267 963 2311 communem
1001 2249 1121 2304 fore
1176 2257 1230 2302 et
1269 2246 1594 2318 aequabilem
1650 2245 1810 2299 nobis
1847 2244 1992 2314 juris

413 2347 721 2415 custodem,
761 2352 823 2400 ut
850 2357 1011 2398 nemo
1035 2341 1272 2410 amplius
1302 2337 1604 2408 quidquam
1641 2336 1710 2391 ad
1743 2334 1997 2389 Immani-

412 2450 583 2497 tatem
620 2438 996 2509 requisiturus
1036 2433 1130 2499 sit,
1162 2431 1270 2487 nisi
1305 2431 1431 2502 plus
1459 2430 1614 2498 justo
1655 2428 1850 2482 avidus
1881 2426 1998 2481 l'ue-

413 2535 506 2589 rit.
539 2530 646 2587 Sed
672 2537 854 2585 tamen
896 2535 959 2582 ut
991 2525 1120 2580 huic
1150 2523 1360 2578 homini
1401 2519 1869 2584 satisfaceremus,
1899 2518 1996 2574 de-

414 2627 597 2681 dimus
625 2623 676 2678 ei
717 2620 1029 2693 epistolam,
1067 2615 1520 2672 commendantes
1567 2628 1692 2668 eum
1741 2612 1860 2675 tibi,
1908 2625 2000 2664 ro-

413 2724 715 2789 gantesque
770 2720 831 2767 ut
877 2720 930 2766 et
981 2711 1218 2764 libenter
1268 2707 1447 2777 ipsum
1502 2704 1713 2768 videas,
1770 2711 1824 2757 et
1868 2701 1998 2772 quia

415 2818 663 2879 tempore
690 2804 895 2860 fatiscit
922 2803 1073 2858 illius
1096 2802 1293 2856 domus
1339 2798 1394 2850 in
1437 2795 1709 2851 obeundis
1748 2794 1997 2848 muneri-

416 2905 542 2969 bus,
574 2916 716 2966 eam,
743 2904 1009 2971 quantum
1038 2895 1122 2950 fas
1152 2893 1279 2959 erit,
1309 2891 1546 2944 allevare
1575 2889 1842 2958 digneris.

854 3143 1191 3200 EPISTOLA
1232 3142 1460 3197 CCCXII

2693 1761 3082 1828 Πρωτεύοντι.

2172 1878 2380 1942 Πολλὰς
2437 1881 2568 1948 ἡμῖν
2633 1875 2845 1929 ποιοῦσι
2892 1873 2990 1936 τὰς
3056 1870 3342 1935 ἐπιστολάς
3394 1871 3531 1942 πρὸς
3583 1873 3690 1942 τὴν

2104 1973 2202 2046 σὴν
2260 1972 2548 2044 τιμιότητα
2605 1971 2653 2022 οἱ
2717 1971 2837 2031 ταῖς
2899 1965 3342 2020 διαϐεϐαιὼσεσιν
3392 1963 3549 2034 ἡμῶν
3604 1961 3688 2036 μὴ

2101 2065 2477 2137 προσέχοντες,
2516 2062 2631 2117 ἀλλ’
2659 2059 2788 2114 ἴδιόν
2815 2077 2865 2112 τι
2901 2059 2994 2112 καὶ⁴
3027 2057 3302 2128 ἐξαίρετον
3335 2057 3392 2108 ἐν
3421 2058 3534 2118 τοῖς
3567 2056 3694 2108 ἐαυ-

2099 2155 2208 2210 τῶν
2250 2152 2650 2224 ἐπιζητοῦντες.
2693 2148 2868 2203 Πάλαι
2899 2148 3007 2218 γὰρ
3050 2149 3209 2218 ἡμεῖς
3255 2145 3434 2208 αὐτοῖς
3463 2143 3692 2214 διεμαρ-

2101 2245 2404 2318 τυράμεθα,
2443 2245 2526 2298 ὅτι
2563 2243 2734 2307 οὕτως
2786 2242 2886 2315 ἔσῃ
2938 2239 3115 2302 κοινὸς
3157 2239 3251 2291 καὶ
3299 2239 3410 2300 ῐσος
3452 2237 3560 2289 τῶν
3610 2235 3693 2288 δι-

2104 2339 2271 2392 καίων
2319 2339 2449 2408 ἡμῖν
2485 2335 2678 2406 φύλαξ,
2721 2333 2859 2388 ὥστε
2907 2333 3111 2404 μηδένα
3158 2330 3319 2384 πλέον
3355 2325 3693 2398 ἐπιζητῆσαι

2104 2449 2156 2484 τι
2186 2430 2292 2483 τῶν
2321 2431 2400 2492 εἰς
2431 2427 2862 2498 φιλανθρωπίαν,
2892 2425 2986 2478 ἐὰν
3018 2426 3093 2496 μή
3131 2440 3234 2476 που
3261 2421 3539 2492 ὑπερϐάλῃ
3573 2418 3695 2488 (84)

2105 2528 2171 2595 τῇ
2241 2522 2534 2594 ἀπληστίᾳ.
2583 2521 2772 2592 Ὅμως
2830 2519 2887 2571 δὲ
2966 2515 3435 2589 πληροφοροῦντες
3491 2512 3690 2574 τόνδε,

2100 2610 2380 2680 ἐδώκαμεν
2410 2607 2560 2678 αὐτῷ
2600 2608 2698 2678 τὴν
2749 2606 3058 2677 ἐπιστολὴν,
3093 2603 3444 2666 ωνιστῶντές
3481 2619 3563 2654 σοι
3592 2601 3697 2654 τὸν

2101 2702 2288 2772 ἄνδρα,
2321 2701 2416 2754 καὶ
2453 2697 2896 2772 παρακαλοῦντες
2930 2698 3112 2761 καλῶς
3139 2715 3197 2750 τε
3223 2695 3386 2750 αὐτὸν
3415 2695 3562 2757 ἰδεῖν,
3593 2694 3695 2747 καὶ

2099 2793 2186 2846 διὰ
2227 2793 2288 2845 τὸ
2327 2792 2502 2864 χρόνῳ
2539 2791 2878 2863 κεκμηκέναι
2920 2790 3086 2844 αὐτοῦ
3120 2790 3210 2843 τὸν
3243 2785 3390 2842 οἷκον
3427 2787 3518 2839 ἐπὶ
3566 2788 3695 2850 ταῖς

2101 2884 2498 2953 λειτουργίαις,
2543 2884 2643 2956 τῆς
2686 2883 3040 2956 ἐνδεχομένης
3089 2883 3250 2937 αὑτὸν
3293 2879 3697 2952 παρακλήσεως

2103 2975 2356 3042 ἀξιῶσαι.

2634 3136 2981 3190 ΕΠΙΣΤΟΛΗ
3020 3133 3164 3190 ΤΙΒ⁹.

1233 3256 1541 3308 Commendat
1564 3251 1776 3316 aliquem
1801 3257 2085 3302 metuentem
2108 3267 2166 3304 ne
2188 3266 2252 3304 ex
2271 3265 2392 3304 novo
2422 3265 2568 3304 censu
2591 3252 2870 3304 (inderetur.

1072 3365 1352 3419 Censitori.

487 3483 640 3540 Nosti
671 3497 793 3554 quze
841 3479 1104 3536 accedant
1133 3477 1455 3533 hominibus
1486 3493 1550 3531 ex
1598 3476 1854 3532 censibus
1883 3483 1998 3530 tum

418 3578 572 3633 lucra
616 3583 733 3630 tum
781 3571 1131 3629 detrimenta.
1175 3569 1358 3636 Quare
1401 3568 1530 3622 huic
1580 3567 1806 3638 ignosce
1851 3567 1905 3620 in
1947 3565 1999 3620 id

420 3669 777 3724 vehementer
825 3661 1190 3728 incumbenti,
1226 3677 1294 3716 ne
1318 3661 1449 3730 quid
1497 3660 1682 3714 damni
1717 3659 1952 3728 accipiat
1984 3673 1998 3711 :

419 3759 724 3831 quinetiam
756 3758 805 3814 ei
839 3758 906 3812 ad
933 3757 1026 3826 jus
1067 3752 1427 3809 obtinendum
1459 3767 1558 3823 pro
1589 3752 1734 3807 virili
1763 3752 2002 3822 patroci-

420 3853 541 3910 nari
569 3853 625 3908 in
652 3852 895 3908 animum
929 3848 1186 3904 inducas.

842 4004 1180 4061 EPISTULA
1219 4000 1465 4060 CCCXIII
1489 4002 1569 4054 "'.

2727 3365 3067 3432 Κηνσίτορι.

2175 3472 2336 3541 Οἶδας
2364 3476 2463 3540 τὰς
2502 3478 2566 3530 ἐκ
2600 3475 2708 3529 τῶν
2754 3479 2971 3548 κήνσων
3009 3478 3103 3530 καὶ
3143 3477 3413 3546 ὠφελείας
3445 3482 3539 3535 καὶ
3567 3482 3699 3552 βλάο

2104 3566 2224 3631 ϐας,
2253 3567 2352 3630 τὰς
2380 3566 2670 3638 γινομένας
2711 3570 2820 3630 τοῖς
2852 3566 3178 3639 ἀνθρώποις.
3215 3568 3377 3622 Ὥστε
3423 3571 3700 3641 σύγγνωθι

2102 3658 2237 3729 τῷδε
2289 3658 2488 3728 πολλὴν
2548 3659 2900 3730 ποιησαμένῳ
2958 3661 3191 3730 σπουδὴν
3241 3661 3514 3732 μηδεμίαν
3565 3665 3700 3718 ὐπο-

2110 3754 2286 3823 μεῖναι
2324 3750 2550 3822 βλάϐην,
2584 3752 2678 3804 καὶ
2711 3753 3045 3822 συνάρασθαι
3091 3753 3240 3824 αὑτῴ
3289 3755 3426 3808 κατά
3467 3755 3698 3826 δύναμιν

2107 3842 2244 3913 πρὸς
2279 3843 2338 3897 τὸ
2366 3844 2571 3899 δίκαιον
2601 3845 3002 3918 προθυμήθητι.

2639 4003 2986 4056 ΕΠΙΣΤΟΛΗ
3027 4001 3166 4055 Τιῐ“¹.

1097 4141 1246 4204 Rogat
1267 4133 1470 4189 Galatiae
1495 4133 1807 4191 Ceusitorem,
1835 4138 1886 4182 ut
1904 4131 1965 4182 de
1982 4144 2126 4184 censu
2146 4135 2318 4186 domus
2343 4139 2552 4201 Sulpicu
2574 4137 2764 4190 aliauid
2787 4138 3016 4188 remittat.

1065 4249 1351 4306 Censitori.

495 4389 612 4445 Non
646 4388 776 4444 licet
807 4389 1027 4442 eminus
1055 4383 1457 4455 providentiam
1483 4381 1726 4435 divinam
1755 4379 1956 4432 intueri
1988 4397 2000 4433 :

426 4481 522 4538 sed
556 4494 656 4534 nos
698 4477 946 4531 homines
978 4489 1088 4544 pra:
1118 4472 1284 4526 animi
1321 4469 1695 4522 imbecillitate
1725 4482 1846 4537 qua:
1877 4474 2004 4523 ante

424 4572 593 4646 pedes
626 4571 801 4642 posita
823 4576 954 4623 sunt
983 4566 1349 4635 respicimus;
1386 4574 1437 4616 et
1457 4577 1599 4631 smpe
1639 4561 1766 4613 dum
1803 4560 1868 4613 ad
1908 4560 2008 4614 bo-

2726 4253 3075 4322 Κηνσίτορι.

2178 4392 2291 4444 Οὐκ
2356 4391 2470 4444 ἔστι
2525 4389 2804 4461 πόρρωθεν
2871 4392 2997 4444 ἰδεῖν
3058 4391 3158 4454 τὰς
3231 4389 3546 4460 οἰκονομίας
3609 4390 3703 4444 τοῦ

2107 4481 2274 4535 Θεοῦ’
2326 4482 2440 4535 ἀλλ’
2482 4483 2586 4536 ὑπὸ
2634 4483 2996 4554 μικροψυχίας
3044 4484 3093 4536 oi
3146 4482 3424 4554 ἄνθρωποι
3465 4483 3603 4553 πρὸς
3645 4485 3707 4536 τὸ

2117 4573 2174 4625 ἐν
2231 4575 2388 4626 ποσὶν
2439 4574 2858 4643 ἀποϐλέπομεν·
2918 4575 3011 4628 καὶ
3063 4573 3324 4637 πολλάκις
3370 4575 3465 4626 ἐπὶ
3497 4576 3707 4643 ἀγαθὸν

426 4679 560 4721 num
584 4662 747 4718 ﬁnem
771 4658 1119 4718 deducimur,
1155 4654 1383 4709 moleste
1440 4651 1689 4716 ferimus,
1743 4650 1997 4704 tolerante

2118 4662 2291 4733 πέρας
2345 4663 2602 4733 ἀγόμενοι
2651 4663 3109 4735 δυσχεραίνομεν,
3169 4666 3502 4735 ἀνεχομένου
3550 4665 3709 4735 ἡμῶν

428 4765 648 4814 nostras
678 4753 926 4810 inscitias
959 4766 1046 4813 eo,
1073 4749 1164 4819 qui
1201 4745 1387 4801 omnia
1420 4744 1475 4798 in
1510 4743 1780 4813 sapientia
1815 4742 1997 4798 mode-

2113 4729 2214 4824 τῆς
2238 4729 2475 4826 ἀμαθίας
2507 4755 2599 4810 τοῦ
2629 4729 2896 4810 πάνταψέν
2927 4729 2993 4829 τῇ
3020 4757 3211 4810 ἑαυτοῦ
3387 4757 3552 4829 σοφίᾳ
3571 4729 3706 4811 διοι-

427 4859 606 4917 ratur,
637 4847 888 4902 Domino.
927 4838 1223 4896 Meministi
1251 4837 1397 4892 enim
1421 4849 1584 4905 quam
1618 4835 1846 4889 moleste
1875 4842 2010 4888 tunc

427 4941 594 5016 ω
631 4937 923 4994 tulerimus
962 4931 1275 5002 impositam
1319 4928 1479 4983 nobis
1519 4925 1947 4982 sollicitudinem
1994 4944 2007 4980 :

429 5046 564 5108 quot
605 5027 1057 5088 advocaverimus
1106 5023 1338 5087 amicos,
1380 5029 1438 5074 ut
1477 5020 1696 5075 illorum
1737 5033 1901 5088 opera
1931 5019 2015 5073 in-

504 5196 521 5215 ⁶
558 5190 706 5244 Alias
737 5181 1057 5242 CCCCXXI.

503 5265 543 5285 ‘°
570 5262 719 5315 Alias
750 5251 1117 5313 CCCCXXVI.

502 5335 566 5357 "'
592 5332 738 5384 Alias
767 5325 1031 5383 CCCLIII.
1933 5339 1937 5344 α

504 5401 617 5475 (82)
647 5399 880 5475 Ajn’gk.
917 5395 1069 5450 Hanc
1096 5406 1286 5447 vocem
1320 5387 1630 5445 addidimus
1663 5403 1727 5442 ex
1772 5385 2015 5456 quinque

434 5470 570 5529 mss.
601 5470 907 5525 Codicibus.

508 5524 618 5610 (83)
649 5524 830 5593 ‘Orxai
850 5531 1198 5610 παρᾳκιωῑᾶεε
1225 5530 1388 5586 Deest
1416 5527 1734 5610 conjunctio
1763 5526 1816 5579 in
1849 5524 2015 5580 Medi-

439 5601 574 5670 cse‘n,
602 5601 773 5663 'Coisl.
805 5601 1047 5663 secundo
1075 5610 1129 5657 et
1160 5601 1292 5672 Reg.
1327 5601 1587 5672 secundo.

509 5665 622 5751 (ελ)
664 5676 1012 5748 Ὑπερϐάλῃ.
1050 5672 1218 5730 Coisl.
1244 5665 1535 5729 'sccundus
1563 5676 1615 5724 et
1640 5665 1776 5738 Reg.
1809 5680 2008 5722 secun-

2117 4847 2340 4912 κοῦντος
2364 4849 2656 4902 Δεσπότου.
2701 4850 2996 4919 Μέμνησαι
3029 4849 3136 4921 γάρ
3179 4850 3349 4921 δήπου
3382 4850 3506 4902 ὅσον
3550 4850 3708 4903 ἐδυσ-

2118 4941 2432 5012 χεράναμεν
2478 4941 2589 5013 (86)
2642 4941 2765 4994 τότε
2827 4942 2963 5012 πρὸς
3025 4941 3124 5012 τὴν
3174 4941 3520 4995 ἐπιτεθείσαν
3578 4945 3709 5014 ἡμῖν

2118 5034 2396 5106 φροντίδα,
2426 5035 2584 5097 ὅσους
2614 5033 2995 5104 παρελάϐομεν
3023 5034 3131 5086 τῶν
3177 5034 3369 5104 φίλων,
3411 5035 3494 5097 εἰς
3538 5034 3598 5087 τὸ
3643 5035 3708 5088 δι’

2125 5169 2223 5225 ﬂtls
2253 5169 2586 5241 ὑπερϐάλλῃ.

2192 5242 2304 5311 (85)
2347 5238 2425 5309 Τῇ
2456 5238 2697 5311 ἐαῡτοῦ.
2753 5240 2844 5295 Sic
2901 5248 3014 5296 tres
3054 5238 3417 5296 vetustissimi
3467 5239 3704 5294 codices.

2120 5310 2264 5366 Editi
2289 5310 2354 5382 τῇ
2387 5310 2576 5366 αὑτοῦ.

2192 5383 2302 5454 (86)
2330 5377 2886 5454 "’Eduaxepdraper.
2930 5379 3134 5454 R_egius
3180 5387 3422 5454 uterque
3455 5377 3706 5454 et_Cois_l.

2121 5449 2395 5525 secundus
2431 5449 2918 5525 Aé6uﬁd’x5paivousv.
2960 5449 3133 5525 Paulo
3164 5459 3290 5525 post
3337 5449 3469 5525 editi
3515 5450 3685 5525 όνομά

2121 5523 2306 5596 ζομεν.
2339 5523 2443 5596 Sed
2497 5518 2677 5592 potior
2735 5518 2852 5578 visa
2914 5522 3061 5596 Regii
3112 5522 3274 5590 primi
3315 5529 3370 5576 et
3423 5518 3622 5574 Paris.
3652 5537 3710 5573 ac

2121 5593 2295 5668 Bigot.
2333 5594 2630 5665 scriptura,
2665 5608 2826 5664 quam
2863 5593 3038 5648 secuti
3069 5607 3283 5647 sumus.
