  <div class='ocr_page' id='page_1' title='image "/cluster/home/n/w/nwhite01/storage/ocr_20150623/32/nnc1.0046978879/618.png"; bbox 0 0 3874 6218; ppageno 0'>
   <div class='ocr_carea' id='block_1_1' title="bbox 146 288 290 346">
    <p class='ocr_par' dir='ltr' id='par_1_1' title="bbox 146 288 290 346">
     <span class='ocr_line' id='line_1_1' title="bbox 146 288 290 346; baseline -0.014 0"><span class='ocrx_word' id='word_1_1' title='bbox 146 288 290 346; x_wconf 68' lang='lat' dir='ltr'><strong>“Nil</strong></span> 
     </span>
    </p>
   </div>
   <div class='ocr_carea' id='block_1_2' title="bbox 1023 278 2544 343">
    <p class='ocr_par' dir='ltr' id='par_1_2' title="bbox 1023 278 2544 343">
     <span class='ocr_line' id='line_1_2' title="bbox 1023 278 2544 343; baseline -0.001 0"><span class='ocrx_word' id='word_1_2' title='bbox 1023 284 1514 343; x_wconf 70' lang='lat' dir='ltr'><strong>EPISTOLARUM</strong></span> <span class='ocrx_word' id='word_1_3' title='bbox 1552 282 1842 340; x_wconf 79' lang='lat' dir='ltr'><strong>CLASSIS</strong></span> <span class='ocrx_word' id='word_1_4' title='bbox 1874 282 1963 339; x_wconf 78' lang='grc' dir='ltr'><strong>ΙΙΙ.</strong></span> <span class='ocrx_word' id='word_1_5' title='bbox 2006 278 2225 340; x_wconf 83' lang='lat' dir='ltr'><strong>EPlST.</strong></span> <span class='ocrx_word' id='word_1_6' title='bbox 2268 283 2544 342; x_wconf 72' lang='lat' dir='ltr'><strong>CCCXIV.</strong></span> 
     </span>
    </p>
   </div>
   <div class='ocr_carea' id='block_1_3' title="bbox 3294 290 3434 350">
    <p class='ocr_par' dir='ltr' id='par_1_3' title="bbox 3294 290 3434 350">
     <span class='ocr_line' id='line_1_3' title="bbox 3294 290 3434 350; baseline 0.007 -3"><span class='ocrx_word' id='word_1_7' title='bbox 3294 290 3434 350; x_wconf 72' lang='grc'><strong>1062</strong></span> 
     </span>
    </p>
   </div>
   <div class='ocr_carea' id='block_1_4' title="bbox 147 407 1758 484">
    <p class='ocr_par' dir='ltr' id='par_1_4' title="bbox 147 408 1740 481">
     <span class='ocr_line' id='line_1_4' title="bbox 147 408 1740 481; baseline -0.003 -14"><span class='ocrx_word' id='word_1_8' title='bbox 147 410 337 467; x_wconf 68' lang='grc' dir='ltr'>αὐτῶν</span> <span class='ocrx_word' id='word_1_9' title='bbox 364 408 689 465; x_wconf 83' lang='grc' dir='ltr'>ἀπώσασθαι</span> <span class='ocrx_word' id='word_1_10' title='bbox 720 409 821 481; x_wconf 81' lang='grc' dir='ltr'>τὴν</span> <span class='ocrx_word' id='word_1_11' title='bbox 853 409 1135 481; x_wconf 84' lang='grc' dir='ltr'>ὲπήρειαν.</span> <span class='ocrx_word' id='word_1_12' title='bbox 1168 408 1325 464; x_wconf 77' lang='grc' dir='ltr'>Οὕτω</span> <span class='ocrx_word' id='word_1_13' title='bbox 1369 409 1479 481; x_wconf 86' lang='grc' dir='ltr'>γὰρ</span> <span class='ocrx_word' id='word_1_14' title='bbox 1522 408 1740 480; x_wconf 84' lang='grc' dir='ltr'>ὠνομά-</span> 
     </span>
    </p>
   </div>
   <div class='ocr_carea' id='block_1_5' title="bbox 1852 407 3409 484">
    <p class='ocr_par' dir='ltr' id='par_1_5' title="bbox 1852 407 3409 484">
     <span class='ocr_line' id='line_1_5' title="bbox 1852 407 3409 484; baseline 0.006 -23"><span class='ocrx_word' id='word_1_15' title='bbox 1852 407 2041 475; x_wconf 87' lang='lat' dir='ltr'><strong>iuriam</strong></span> <span class='ocrx_word' id='word_1_16' title='bbox 2069 408 2540 479; x_wconf 84' lang='lat' dir='ltr'><strong>propulsaremus.</strong></span> <span class='ocrx_word' id='word_1_17' title='bbox 2570 407 2661 464; x_wconf 78' lang='lat' dir='ltr'><strong>Sic</strong></span> <span class='ocrx_word' id='word_1_18' title='bbox 2681 409 2828 466; x_wconf 86' lang='lat' dir='ltr'><strong>enim</strong></span> <span class='ocrx_word' id='word_1_19' title='bbox 2852 424 2969 468; x_wconf 89' lang='lat' dir='ltr'><strong>rem</strong></span> <span class='ocrx_word' id='word_1_20' title='bbox 2997 410 3409 484; x_wconf 86' lang='lat' dir='ltr'><strong>appellabamus</strong></span> 
     </span>
    </p>
   </div>
   <div class='ocr_carea' id='block_1_6' title="bbox 151 500 1739 576">
    <p class='ocr_par' dir='ltr' id='par_1_6' title="bbox 151 500 1739 576">
     <span class='ocr_line' id='line_1_6' title="bbox 151 500 1739 576; baseline -0.001 -19"><span class='ocrx_word' id='word_1_21' title='bbox 151 506 325 576; x_wconf 81' lang='grc' dir='ltr'>ζομεν</span> <span class='ocrx_word' id='word_1_22' title='bbox 352 502 415 556; x_wconf 82' lang='grc' dir='ltr'><strong>τὸ</strong></span> <span class='ocrx_word' id='word_1_23' title='bbox 441 503 694 575; x_wconf 81' lang='grc' dir='ltr'>πρᾶγμα.</span> <span class='ocrx_word' id='word_1_24' title='bbox 737 500 898 554; x_wconf 84' lang='grc' dir='ltr'>’Δλλά</span> <span class='ocrx_word' id='word_1_25' title='bbox 919 500 1014 555; x_wconf 80' lang='grc' dir='ltr'><strong>νῦν</strong></span> <span class='ocrx_word' id='word_1_26' title='bbox 1033 503 1165 575; x_wconf 79' lang='grc' dir='ltr'>ὁρᾷς</span> <span class='ocrx_word' id='word_1_27' title='bbox 1191 504 1350 556; x_wconf 84' lang='grc' dir='ltr'>ὁποῖα</span> <span class='ocrx_word' id='word_1_28' title='bbox 1378 501 1450 556; x_wconf 79' lang='grc' dir='ltr'>τὰ</span> <span class='ocrx_word' id='word_1_29' title='bbox 1475 501 1739 567; x_wconf 82' lang='grc' dir='ltr'>παρόντα.</span> 
     </span>
    </p>
   </div>
   <div class='ocr_carea' id='block_1_7' title="bbox 148 592 1741 667">
    <p class='ocr_par' dir='ltr' id='par_1_7' title="bbox 148 592 1741 667">
     <span class='ocr_line' id='line_1_7' title="bbox 148 592 1741 667; baseline -0.001 -19"><span class='ocrx_word' id='word_1_30' title='bbox 148 594 408 667; x_wconf 82' lang='grc' dir='ltr'>Παρέσχε</span> <span class='ocrx_word' id='word_1_31' title='bbox 429 593 537 666; x_wconf 89' lang='grc' dir='ltr'><strong>γάρ</strong></span> <span class='ocrx_word' id='word_1_32' title='bbox 564 610 647 646; x_wconf 92' lang='grc' dir='ltr'><strong>σοι</strong></span> <span class='ocrx_word' id='word_1_33' title='bbox 677 594 706 645; x_wconf 99' lang='lat'><strong>6</strong></span> <span class='ocrx_word' id='word_1_34' title='bbox 734 592 868 655; x_wconf 84' lang='grc' dir='ltr'>Θεὸς</span> <span class='ocrx_word' id='word_1_35' title='bbox 897 593 1151 665; x_wconf 83' lang='grc' dir='ltr'>ἀφορμὴν</span> <span class='ocrx_word' id='word_1_36' title='bbox 1182 592 1278 647; x_wconf 83' lang='grc' dir='ltr'>τοῦ</span> <span class='ocrx_word' id='word_1_37' title='bbox 1308 593 1405 667; x_wconf 82' lang='grc' dir='ltr'><strong>τὴν</strong></span> <span class='ocrx_word' id='word_1_38' title='bbox 1429 593 1741 662; x_wconf 87' lang='grc' dir='ltr'>καλοκαγα-</span> 
     </span>
    </p>
   </div>
   <div class='ocr_carea' id='block_1_8' title="bbox 151 685 1743 758">
    <p class='ocr_par' dir='ltr' id='par_1_8' title="bbox 151 685 1743 758">
     <span class='ocr_line' id='line_1_8' title="bbox 151 685 1743 758; baseline 0 -17"><span class='ocrx_word' id='word_1_39' title='bbox 151 686 280 741; x_wconf 82' lang='grc' dir='ltr'>θίαν</span> <span class='ocrx_word' id='word_1_40' title='bbox 304 685 413 740; x_wconf 85' lang='grc' dir='ltr'><strong>τῶν</strong></span> <span class='ocrx_word' id='word_1_41' title='bbox 446 686 664 757; x_wconf 90' lang='grc' dir='ltr'>τρόπων</span> <span class='ocrx_word' id='word_1_42' title='bbox 697 687 778 751; x_wconf 86' lang='grc' dir='ltr'><strong>είς</strong></span> <span class='ocrx_word' id='word_1_43' title='bbox 805 686 1040 758; x_wconf 75' lang='grc' dir='ltr'>φανερὸν</span> <span class='ocrx_word' id='word_1_44' title='bbox 1073 687 1324 756; x_wconf 84' lang='grc' dir='ltr'><strong>ἀγαγεῖν,</strong></span> <span class='ocrx_word' id='word_1_45' title='bbox 1354 687 1450 741; x_wconf 80' lang='grc' dir='ltr'><strong>καὶ</strong></span> <span class='ocrx_word' id='word_1_46' title='bbox 1479 690 1642 742; x_wconf 75' lang='grc' dir='ltr'>παντὶ</span> <span class='ocrx_word' id='word_1_47' title='bbox 1664 686 1743 758; x_wconf 84' lang='grc' dir='ltr'>τῷ</span> 
     </span>
    </p>
   </div>
   <div class='ocr_carea' id='block_1_9' title="bbox 150 768 1739 851">
    <p class='ocr_par' dir='ltr' id='par_1_9' title="bbox 150 768 1739 851">
     <span class='ocr_line' id='line_1_9' title="bbox 150 768 1739 851; baseline 0.003 -21"><span class='ocrx_word' id='word_1_48' title='bbox 150 777 356 849; x_wconf 77' lang='grc' dir='ltr'>ἐφεξῆς</span> <span class='ocrx_word' id='word_1_49' title='bbox 398 768 527 849; x_wconf 89' lang='grc' dir='ltr'><strong>¹βίῳ</strong></span> <span class='ocrx_word' id='word_1_50' title='bbox 577 777 788 850; x_wconf 80' lang='grc' dir='ltr'><strong>ἀγαθῆς</strong></span> <span class='ocrx_word' id='word_1_51' title='bbox 851 781 1074 850; x_wconf 84' lang='grc' dir='ltr'><strong>μνήμης</strong></span> <span class='ocrx_word' id='word_1_52' title='bbox 1129 779 1384 851; x_wconf 85' lang='grc' dir='ltr'>ἀφορμὰς</span> <span class='ocrx_word' id='word_1_53' title='bbox 1439 782 1739 849; x_wconf 78' lang='grc' dir='ltr'>ἐναφεῖναι.</span> 
     </span>
    </p>
   </div>
   <div class='ocr_carea' id='block_1_10' title="bbox 165 864 1744 945">
    <p class='ocr_par' dir='ltr' id='par_1_10' title="bbox 165 864 1744 945">
     <span class='ocr_line' id='line_1_10' title="bbox 165 864 1744 945; baseline 0.003 -21"><span class='ocrx_word' id='word_1_54' title='bbox 165 872 381 925; x_wconf 87' lang='grc' dir='ltr'>Ὀποῖαι</span> <span class='ocrx_word' id='word_1_55' title='bbox 410 870 521 944; x_wconf 85' lang='grc' dir='ltr'><strong>γὰρ</strong></span> <span class='ocrx_word' id='word_1_56' title='bbox 548 870 614 925; x_wconf 84' lang='grc' dir='ltr'><strong>ἂν</strong></span> <span class='ocrx_word' id='word_1_57' title='bbox 642 864 797 926; x_wconf 81' lang='grc' dir='ltr'>ὦσιν.</span> <span class='ocrx_word' id='word_1_58' title='bbox 820 871 877 925; x_wconf 84' lang='grc' dir='ltr'><strong>αἱ</strong></span> <span class='ocrx_word' id='word_1_59' title='bbox 927 873 1290 945; x_wconf 84' lang='grc' dir='ltr'>ἀποτιμήσεις</span> <span class='ocrx_word' id='word_1_60' title='bbox 1322 866 1505 940; x_wconf 80' lang='grc' dir='ltr'>αὗται,</span> <span class='ocrx_word' id='word_1_61' title='bbox 1559 875 1744 928; x_wconf 76' lang='grc' dir='ltr'>τοιαῦ-</span> 
     </span>
    </p>
   </div>
   <div class='ocr_carea' id='block_1_11' title="bbox 150 962 1743 1035">
    <p class='ocr_par' dir='ltr' id='par_1_11' title="bbox 150 962 1743 1035">
     <span class='ocr_line' id='line_1_11' title="bbox 150 962 1743 1035; baseline 0.001 -18"><span class='ocrx_word' id='word_1_62' title='bbox 150 981 244 1017; x_wconf 80' lang='grc' dir='ltr'><strong>ται</strong></span> <span class='ocrx_word' id='word_1_63' title='bbox 303 962 403 1018; x_wconf 79' lang='grc' dir='ltr'>καὶ</span> <span class='ocrx_word' id='word_1_64' title='bbox 454 964 511 1016; x_wconf 87' lang='grc' dir='ltr'><strong>αἱ</strong></span> <span class='ocrx_word' id='word_1_65' title='bbox 550 963 637 1016; x_wconf 73' lang='grc' dir='ltr'><strong>ἐπ’</strong></span> <span class='ocrx_word' id='word_1_66' title='bbox 670 962 861 1026; x_wconf 80' lang='grc' dir='ltr'>αὐταῖς</span> <span class='ocrx_word' id='word_1_67' title='bbox 913 964 1125 1035; x_wconf 87' lang='grc' dir='ltr'>μνῆμαι</span> <span class='ocrx_word' id='word_1_68' title='bbox 1152 964 1305 1034; x_wconf 85' lang='grc' dir='ltr'>παρὰ</span> <span class='ocrx_word' id='word_1_69' title='bbox 1344 964 1454 1018; x_wconf 79' lang='grc' dir='ltr'><strong>τῶν</strong></span> <span class='ocrx_word' id='word_1_70' title='bbox 1501 968 1743 1033; x_wconf 78' lang='grc' dir='ltr'>ἐπιγινο-</span> 
     </span>
    </p>
   </div>
   <div class='ocr_carea' id='block_1_12' title="bbox 153 1050 1742 1125">
    <p class='ocr_par' dir='ltr' id='par_1_12' title="bbox 153 1050 1742 1125">
     <span class='ocr_line' id='line_1_12' title="bbox 153 1050 1742 1125; baseline 0.001 -19"><span class='ocrx_word' id='word_1_71' title='bbox 153 1053 337 1124; x_wconf 81' lang='grc' dir='ltr'><strong>μένων</strong></span> <span class='ocrx_word' id='word_1_72' title='bbox 365 1051 725 1115; x_wconf 79' lang='grc' dir='ltr'><strong>διασώζεσθαι</strong></span> <span class='ocrx_word' id='word_1_73' title='bbox 754 1050 1063 1122; x_wconf 78' lang='grc' dir='ltr'>πεφύκασιν</span> <span class='ocrx_word' id='word_1_74' title='bbox 1098 1052 1230 1125; x_wconf 82' lang='grc'><strong>(87).</strong></span> <span class='ocrx_word' id='word_1_75' title='bbox 1263 1054 1416 1107; x_wconf 69' lang='grc' dir='ltr'>Ἐπεὶ</span> <span class='ocrx_word' id='word_1_76' title='bbox 1430 1055 1485 1109; x_wconf 81' lang='grc' dir='ltr'><strong>δὲ</strong></span> <span class='ocrx_word' id='word_1_77' title='bbox 1504 1054 1625 1108; x_wconf 81' lang='grc' dir='ltr'>οὐδὲ</span> <span class='ocrx_word' id='word_1_78' title='bbox 1652 1056 1742 1108; x_wconf 88' lang='grc' dir='ltr'>εύ-</span> 
     </span>
    </p>
   </div>
   <div class='ocr_carea' id='block_1_13' title="bbox 148 1145 1739 1219">
    <p class='ocr_par' dir='ltr' id='par_1_13' title="bbox 148 1145 1739 1219">
     <span class='ocr_line' id='line_1_13' title="bbox 148 1145 1739 1219; baseline 0.001 -19"><span class='ocrx_word' id='word_1_79' title='bbox 148 1146 407 1218; x_wconf 80' lang='grc' dir='ltr'>χομένοις</span> <span class='ocrx_word' id='word_1_80' title='bbox 453 1146 722 1206; x_wconf 79' lang='grc' dir='ltr'><strong>Γαλάταις</strong></span> <span class='ocrx_word' id='word_1_81' title='bbox 785 1146 1026 1217; x_wconf 78' lang='grc' dir='ltr'>ὑπῆρξεν</span> <span class='ocrx_word' id='word_1_82' title='bbox 1099 1145 1166 1200; x_wconf 80' lang='grc' dir='ltr'>ἂν</span> <span class='ocrx_word' id='word_1_83' title='bbox 1229 1145 1739 1219; x_wconf 82' lang='grc' dir='ltr'>φιλανθρωποτέρου</span> 
     </span>
    </p>
   </div>
   <div class='ocr_carea' id='block_1_14' title="bbox 147 1237 1739 1311">
    <p class='ocr_par' dir='ltr' id='par_1_14' title="bbox 147 1237 1739 1311">
     <span class='ocr_line' id='line_1_14' title="bbox 147 1237 1739 1311; baseline 0.001 -20"><span class='ocrx_word' id='word_1_84' title='bbox 147 1238 319 1309; x_wconf 78' lang='grc' dir='ltr'>ἦθους</span> <span class='ocrx_word' id='word_1_85' title='bbox 361 1239 658 1308; x_wconf 76' lang='grc' dir='ltr'><strong>ἐπιτυχεῖν,</strong></span> <span class='ocrx_word' id='word_1_86' title='bbox 695 1237 939 1308; x_wconf 69' lang='grc' dir='ltr'>ἀκριϐῶς</span> <span class='ocrx_word' id='word_1_87' title='bbox 975 1237 1086 1306; x_wconf 77' lang='grc' dir='ltr'><strong>ἐγὼ</strong></span> <span class='ocrx_word' id='word_1_88' title='bbox 1131 1238 1457 1310; x_wconf 81' lang='grc' dir='ltr'>πέπεισμαι.</span> <span class='ocrx_word' id='word_1_89' title='bbox 1503 1240 1652 1311; x_wconf 89' lang='grc' dir='ltr'>Ἔχω</span> <span class='ocrx_word' id='word_1_90' title='bbox 1682 1240 1739 1294; x_wconf 84' lang='grc' dir='ltr'><strong>δὲ</strong></span> 
     </span>
    </p>
   </div>
   <div class='ocr_carea' id='block_1_15' title="bbox 146 1327 1736 1401">
    <p class='ocr_par' dir='ltr' id='par_1_15' title="bbox 146 1327 1736 1401">
     <span class='ocr_line' id='line_1_15' title="bbox 146 1327 1736 1401; baseline 0.001 -19"><span class='ocrx_word' id='word_1_91' title='bbox 146 1330 213 1382; x_wconf 83' lang='grc' dir='ltr'><strong>οὐ</strong></span> <span class='ocrx_word' id='word_1_92' title='bbox 238 1328 487 1392; x_wconf 76' lang='grc' dir='ltr'><strong>Γαλάτας</strong></span> <span class='ocrx_word' id='word_1_93' title='bbox 535 1327 859 1400; x_wconf 80' lang='grc' dir='ltr'>μακαρίζειν</span> <span class='ocrx_word' id='word_1_94' title='bbox 903 1328 1003 1400; x_wconf 90' lang='grc' dir='ltr'><strong>τῆς</strong></span> <span class='ocrx_word' id='word_1_95' title='bbox 1050 1328 1150 1399; x_wconf 88' lang='grc' dir='ltr'><strong>σῆς</strong></span> <span class='ocrx_word' id='word_1_96' title='bbox 1192 1329 1513 1394; x_wconf 72' lang='grc' dir='ltr'><strong>ἐπιστασίας</strong></span> <span class='ocrx_word' id='word_1_97' title='bbox 1555 1330 1736 1401; x_wconf 89' lang='grc' dir='ltr'>μόνον,</span> 
     </span>
    </p>
   </div>
   <div class='ocr_carea' id='block_1_16' title="bbox 146 1418 1740 1493">
    <p class='ocr_par' dir='ltr' id='par_1_16' title="bbox 146 1418 1740 1493">
     <span class='ocr_line' id='line_1_16' title="bbox 146 1418 1740 1493; baseline -0.001 -18"><span class='ocrx_word' id='word_1_98' title='bbox 146 1421 294 1475; x_wconf 80' lang='grc' dir='ltr'><strong>ἀλλά</strong></span> <span class='ocrx_word' id='word_1_99' title='bbox 314 1422 408 1475; x_wconf 79' lang='grc' dir='ltr'>καὶ</span> <span class='ocrx_word' id='word_1_100' title='bbox 431 1421 595 1486; x_wconf 81' lang='grc' dir='ltr'>αὐτὸς</span> <span class='ocrx_word' id='word_1_101' title='bbox 628 1420 866 1491; x_wconf 77' lang='grc' dir='ltr'>ἐμαυτόν</span> <span class='ocrx_word' id='word_1_102' title='bbox 887 1420 1022 1493; x_wconf 88' lang='lat'><strong>(88).</strong></span> <span class='ocrx_word' id='word_1_103' title='bbox 1059 1421 1216 1474; x_wconf 85' lang='grc' dir='ltr'>Ἔστι</span> <span class='ocrx_word' id='word_1_104' title='bbox 1246 1419 1356 1493; x_wconf 81' lang='grc' dir='ltr'>γὰρ</span> <span class='ocrx_word' id='word_1_105' title='bbox 1391 1421 1560 1492; x_wconf 77' lang='grc' dir='ltr'>κάμοὶ</span> <span class='ocrx_word' id='word_1_106' title='bbox 1593 1418 1740 1486; x_wconf 75' lang='grc' dir='ltr'>οἶκος</span> 
     </span>
    </p>
   </div>
   <div class='ocr_carea' id='block_1_17' title="bbox 147 1512 1735 1585">
    <p class='ocr_par' dir='ltr' id='par_1_17' title="bbox 147 1512 1735 1585">
     <span class='ocr_line' id='line_1_17' title="bbox 147 1512 1735 1585; baseline -0.001 -18"><span class='ocrx_word' id='word_1_107' title='bbox 147 1515 212 1567; x_wconf 80' lang='grc' dir='ltr'>ὲν</span> <span class='ocrx_word' id='word_1_108' title='bbox 240 1512 503 1584; x_wconf 77' lang='grc' dir='ltr'><strong>Γαλατίᾳ,</strong></span> <span class='ocrx_word' id='word_1_109' title='bbox 545 1514 640 1567; x_wconf 82' lang='grc' dir='ltr'>καὶ</span> <span class='ocrx_word' id='word_1_110' title='bbox 659 1514 824 1567; x_wconf 78' lang='grc' dir='ltr'>οἴκων</span> <span class='ocrx_word' id='word_1_111' title='bbox 857 1530 920 1583; x_wconf 89' lang='grc' dir='ltr'><strong>γε</strong></span> <span class='ocrx_word' id='word_1_112' title='bbox 962 1515 991 1566; x_wconf 92' lang='lat'><strong>6</strong></span> <span class='ocrx_word' id='word_1_113' title='bbox 1024 1512 1411 1584; x_wconf 88' lang='grc' dir='ltr'>λαμπρότατος</span> <span class='ocrx_word' id='word_1_114' title='bbox 1465 1514 1562 1568; x_wconf 82' lang='grc' dir='ltr'><strong>σὺν</strong></span> <span class='ocrx_word' id='word_1_115' title='bbox 1593 1512 1735 1585; x_wconf 79' lang='grc' dir='ltr'>Θεῷ,</span> 
     </span>
    </p>
   </div>
   <div class='ocr_carea' id='block_1_18' title="bbox 147 1601 1737 1676">
    <p class='ocr_par' dir='ltr' id='par_1_18' title="bbox 147 1601 1737 1676">
     <span class='ocr_line' id='line_1_18' title="bbox 147 1601 1737 1676; baseline 0.001 -19"><span class='ocrx_word' id='word_1_116' title='bbox 147 1606 236 1667; x_wconf 78' lang='grc' dir='ltr'>εἰς</span> <span class='ocrx_word' id='word_1_117' title='bbox 260 1603 319 1657; x_wconf 81' lang='grc' dir='ltr'>ὃν</span> <span class='ocrx_word' id='word_1_118' title='bbox 340 1605 388 1657; x_wconf 84' lang='grc' dir='ltr'><strong>εί</strong></span> <span class='ocrx_word' id='word_1_119' title='bbox 411 1602 631 1675; x_wconf 85' lang='grc' dir='ltr'>τύχοιμι</span> <span class='ocrx_word' id='word_1_120' title='bbox 658 1602 808 1676; x_wconf 85' lang='grc' dir='ltr'>παρὰ</span> <span class='ocrx_word' id='word_1_121' title='bbox 840 1602 934 1656; x_wconf 82' lang='grc' dir='ltr'>σοῦ</span> <span class='ocrx_word' id='word_1_122' title='bbox 983 1620 1127 1666; x_wconf 88' lang='grc' dir='ltr'>τινος</span> <span class='ocrx_word' id='word_1_123' title='bbox 1156 1601 1411 1674; x_wconf 82' lang='grc' dir='ltr'><strong>βοηθείας</strong></span> <span class='ocrx_word' id='word_1_124' title='bbox 1456 1601 1737 1675; x_wconf 77' lang='grc' dir='ltr'><strong>(τεύξομαι</strong></span> 
     </span>
    </p>
   </div>
   <div class='ocr_carea' id='block_1_19' title="bbox 145 1694 1736 1768">
    <p class='ocr_par' dir='ltr' id='par_1_19' title="bbox 145 1694 1736 1768">
     <span class='ocr_line' id='line_1_19' title="bbox 145 1694 1736 1768; baseline -0.001 -20"><span class='ocrx_word' id='word_1_125' title='bbox 145 1694 211 1748; x_wconf 80' lang='grc' dir='ltr'>δὲ</span> <span class='ocrx_word' id='word_1_126' title='bbox 234 1694 340 1758; x_wconf 80' lang='grc' dir='ltr'>ἓως</span> <span class='ocrx_word' id='word_1_127' title='bbox 366 1694 433 1750; x_wconf 82' lang='grc' dir='ltr'><strong>ἂν</strong></span> <span class='ocrx_word' id='word_1_128' title='bbox 467 1697 501 1766; x_wconf 83' lang='grc' dir='ltr'><strong>ἡ</strong></span> <span class='ocrx_word' id='word_1_129' title='bbox 524 1695 676 1765; x_wconf 78' lang='grc' dir='ltr'>φιλία</span> <span class='ocrx_word' id='word_1_130' title='bbox 704 1696 802 1768; x_wconf 83' lang='grc' dir='ltr'>τὴν</span> <span class='ocrx_word' id='word_1_131' title='bbox 827 1695 1033 1750; x_wconf 78' lang='grc' dir='ltr'>οἰκείαν</span> <span class='ocrx_word' id='word_1_132' title='bbox 1087 1696 1240 1766; x_wconf 81' lang='grc' dir='ltr'>ἰσχὺν</span> <span class='ocrx_word' id='word_1_133' title='bbox 1288 1694 1432 1768; x_wconf 74' lang='grc' dir='ltr'>ἔχῃ),</span> <span class='ocrx_word' id='word_1_134' title='bbox 1491 1695 1736 1767; x_wconf 81' lang='grc' dir='ltr'><strong>μεγάλην</strong></span> 
     </span>
    </p>
   </div>
   <div class='ocr_carea' id='block_1_20' title="bbox 146 1772 1811 1859">
    <p class='ocr_par' dir='ltr' id='par_1_20' title="bbox 146 1772 1811 1859">
     <span class='ocr_line' id='line_1_20' title="bbox 146 1772 1811 1859; baseline 0.002 -21"><span class='ocrx_word' id='word_1_135' title='bbox 146 1785 374 1857; x_wconf 80' lang='grc' dir='ltr'>εἵσομαι</span> <span class='ocrx_word' id='word_1_136' title='bbox 401 1784 478 1858; x_wconf 81' lang='grc' dir='ltr'>τῷ</span> <span class='ocrx_word' id='word_1_137' title='bbox 499 1786 618 1858; x_wconf 85' lang='grc' dir='ltr'><strong>Θεῷ</strong></span> <span class='ocrx_word' id='word_1_138' title='bbox 649 1786 747 1859; x_wconf 85' lang='grc' dir='ltr'>τὴν</span> <span class='ocrx_word' id='word_1_139' title='bbox 773 1787 954 1859; x_wconf 87' lang='grc' dir='ltr'>χάριν.</span> <span class='ocrx_word' id='word_1_140' title='bbox 988 1787 1051 1841; x_wconf 82' lang='lat' dir='ltr'><strong>El</strong></span> <span class='ocrx_word' id='word_1_141' title='bbox 1080 1783 1173 1841; x_wconf 80' lang='grc' dir='ltr'><strong>οὖν</strong></span> <span class='ocrx_word' id='word_1_142' title='bbox 1191 1804 1277 1851; x_wconf 86' lang='grc' dir='ltr'><strong>τις</strong></span> <span class='ocrx_word' id='word_1_143' title='bbox 1304 1786 1464 1857; x_wconf 86' lang='grc' dir='ltr'>λόγος</span> <span class='ocrx_word' id='word_1_144' title='bbox 1491 1787 1642 1859; x_wconf 89' lang='grc' dir='ltr'><strong>παρά</strong></span> <span class='ocrx_word' id='word_1_145' title='bbox 1668 1790 1736 1859; x_wconf 79' lang='grc' dir='ltr'>τῇ</span> <span class='ocrx_word' id='word_1_146' title='bbox 1770 1772 1811 1828; x_wconf 77' lang='grc' dir='ltr'><strong>Β</strong></span> 
     </span>
    </p>
   </div>
   <div class='ocr_carea' id='block_1_21' title="bbox 152 1877 1739 1950">
    <p class='ocr_par' dir='ltr' id='par_1_21' title="bbox 152 1877 1739 1950">
     <span class='ocr_line' id='line_1_21' title="bbox 152 1877 1739 1950; baseline 0.001 -20"><span class='ocrx_word' id='word_1_147' title='bbox 152 1879 223 1948; x_wconf 82' lang='grc' dir='ltr'>σῇ</span> <span class='ocrx_word' id='word_1_148' title='bbox 253 1877 530 1950; x_wconf 86' lang='grc' dir='ltr'>τιμιότητι</span> <span class='ocrx_word' id='word_1_149' title='bbox 561 1879 660 1949; x_wconf 87' lang='grc' dir='ltr'><strong>τῆς</strong></span> <span class='ocrx_word' id='word_1_150' title='bbox 701 1878 844 1950; x_wconf 78' lang='grc' dir='ltr'>ἐμῆς</span> <span class='ocrx_word' id='word_1_151' title='bbox 892 1877 1093 1947; x_wconf 80' lang='grc' dir='ltr'>φιλίας,</span> <span class='ocrx_word' id='word_1_152' title='bbox 1129 1878 1568 1950; x_wconf 83' lang='grc' dir='ltr'>ὁμολογουμένην</span> <span class='ocrx_word' id='word_1_153' title='bbox 1613 1879 1739 1933; x_wconf 78' lang='grc' dir='ltr'>τινὰ</span> 
     </span>
    </p>
   </div>
   <div class='ocr_carea' id='block_1_22' title="bbox 147 1966 1738 2039">
    <p class='ocr_par' dir='ltr' id='par_1_22' title="bbox 147 1966 1738 2039">
     <span class='ocr_line' id='line_1_22' title="bbox 147 1966 1738 2039; baseline 0.001 -19"><span class='ocrx_word' id='word_1_154' title='bbox 147 1966 422 2037; x_wconf 73' lang='grc' dir='ltr'>ὠφέλειαν</span> <span class='ocrx_word' id='word_1_155' title='bbox 446 1967 825 2038; x_wconf 82' lang='grc' dir='ltr'>παρασχέσθαι</span> <span class='ocrx_word' id='word_1_156' title='bbox 860 1966 938 2038; x_wconf 85' lang='grc' dir='ltr'>τῷ</span> <span class='ocrx_word' id='word_1_157' title='bbox 975 1966 1111 2038; x_wconf 73' lang='grc' dir='ltr'>οἴκῳ</span> <span class='ocrx_word' id='word_1_158' title='bbox 1157 1966 1252 2020; x_wconf 80' lang='grc' dir='ltr'>τοῦ</span> <span class='ocrx_word' id='word_1_159' title='bbox 1285 1967 1738 2039; x_wconf 87' lang='grc' dir='ltr'>θαυμασιωτάτου</span> 
     </span>
    </p>
   </div>
   <div class='ocr_carea' id='block_1_23' title="bbox 147 2058 1736 2132">
    <p class='ocr_par' dir='ltr' id='par_1_23' title="bbox 147 2058 1736 2132">
     <span class='ocr_line' id='line_1_23' title="bbox 147 2058 1736 2132; baseline -0.001 -17"><span class='ocrx_word' id='word_1_160' title='bbox 147 2061 415 2130; x_wconf 82' lang='grc' dir='ltr'>ἄρχοντος</span> <span class='ocrx_word' id='word_1_161' title='bbox 439 2059 764 2114; x_wconf 86' lang='grc' dir='ltr'>Σουλπικίου</span> <span class='ocrx_word' id='word_1_162' title='bbox 788 2059 923 2127; x_wconf 87' lang='grc'><strong>(89),</strong></span> <span class='ocrx_word' id='word_1_163' title='bbox 947 2060 1105 2131; x_wconf 81' lang='grc' dir='ltr'>ἡμῶν</span> <span class='ocrx_word' id='word_1_164' title='bbox 1125 2058 1310 2114; x_wconf 71' lang='grc' dir='ltr'>ἕνεκεν</span> <span class='ocrx_word' id='word_1_165' title='bbox 1332 2060 1736 2132; x_wconf 83' lang='grc' dir='ltr'>παρακλήθητι·</span> 
     </span>
    </p>
   </div>
   <div class='ocr_carea' id='block_1_24' title="bbox 147 2151 1746 2225">
    <p class='ocr_par' dir='ltr' id='par_1_24' title="bbox 147 2151 1746 2225">
     <span class='ocr_line' id='line_1_24' title="bbox 147 2151 1746 2225; baseline 0.001 -20"><span class='ocrx_word' id='word_1_166' title='bbox 147 2151 298 2206; x_wconf 83' lang='grc' dir='ltr'>ὥστε</span> <span class='ocrx_word' id='word_1_167' title='bbox 325 2152 544 2221; x_wconf 84' lang='grc' dir='ltr'>ὑφελεῖν</span> <span class='ocrx_word' id='word_1_168' title='bbox 569 2169 623 2206; x_wconf 86' lang='grc' dir='ltr'><strong>τι</strong></span> <span class='ocrx_word' id='word_1_169' title='bbox 656 2155 757 2224; x_wconf 82' lang='grc' dir='ltr'><strong>τῆς</strong></span> <span class='ocrx_word' id='word_1_170' title='bbox 785 2151 883 2206; x_wconf 82' lang='grc' dir='ltr'>νῦν</span> <span class='ocrx_word' id='word_1_171' title='bbox 923 2152 1090 2224; x_wconf 76' lang='grc' dir='ltr'>οὔσης</span> <span class='ocrx_word' id='word_1_172' title='bbox 1127 2153 1476 2225; x_wconf 79' lang='grc' dir='ltr'>ἀπογραφῆς,</span> <span class='ocrx_word' id='word_1_173' title='bbox 1509 2153 1746 2225; x_wconf 86' lang='grc' dir='ltr'>μάλιστα</span> 
     </span>
    </p>
   </div>
   <div class='ocr_carea' id='block_1_25' title="bbox 150 2244 1742 2317">
    <p class='ocr_par' dir='ltr' id='par_1_25' title="bbox 150 2244 1742 2317">
     <span class='ocr_line' id='line_1_25' title="bbox 150 2244 1742 2317; baseline 0.002 -19"><span class='ocrx_word' id='word_1_174' title='bbox 150 2245 258 2315; x_wconf 85' lang='grc' dir='ltr'>μὲν</span> <span class='ocrx_word' id='word_1_175' title='bbox 315 2244 627 2315; x_wconf 82' lang='grc' dir='ltr'>ἀξιόλογον,</span> <span class='ocrx_word' id='word_1_176' title='bbox 685 2245 780 2299; x_wconf 83' lang='grc' dir='ltr'>καὶ</span> <span class='ocrx_word' id='word_1_177' title='bbox 836 2246 936 2317; x_wconf 85' lang='grc' dir='ltr'><strong>τῆς</strong></span> <span class='ocrx_word' id='word_1_178' title='bbox 988 2246 1090 2317; x_wconf 84' lang='grc' dir='ltr'><strong>σῆς</strong></span> <span class='ocrx_word' id='word_1_179' title='bbox 1143 2246 1502 2316; x_wconf 87' lang='grc' dir='ltr'>μεγαλονοίας</span> <span class='ocrx_word' id='word_1_180' title='bbox 1555 2246 1742 2314; x_wconf 79' lang='grc' dir='ltr'>ἀξιον,</span> 
     </span>
    </p>
   </div>
   <div class='ocr_carea' id='block_1_26' title="bbox 147 2336 1743 2411">
    <p class='ocr_par' dir='ltr' id='par_1_26' title="bbox 147 2336 1743 2411">
     <span class='ocr_line' id='line_1_26' title="bbox 147 2336 1743 2411; baseline 0.001 -21"><span class='ocrx_word' id='word_1_181' title='bbox 147 2336 452 2409; x_wconf 83' lang='grc' dir='ltr'>προσθήσω</span> <span class='ocrx_word' id='word_1_182' title='bbox 490 2338 569 2402; x_wconf 88' lang='grc' dir='ltr'>δὲ,</span> <span class='ocrx_word' id='word_1_183' title='bbox 604 2339 686 2392; x_wconf 80' lang='grc' dir='ltr'>ὅτι</span> <span class='ocrx_word' id='word_1_184' title='bbox 719 2338 936 2408; x_wconf 77' lang='grc' dir='ltr'>καὶτῆς</span> <span class='ocrx_word' id='word_1_185' title='bbox 983 2339 1262 2411; x_wconf 78' lang='grc' dir='ltr'>ἡμετέρας</span> <span class='ocrx_word' id='word_1_186' title='bbox 1312 2338 1607 2411; x_wconf 73' lang='grc' dir='ltr'>πρεσϐείας</span> <span class='ocrx_word' id='word_1_187' title='bbox 1632 2337 1743 2409; x_wconf 88' lang='grc'><strong>(90)</strong></span> 
     </span>
    </p>
   </div>
   <div class='ocr_carea' id='block_1_27' title="bbox 143 2429 1739 2504">
    <p class='ocr_par' dir='ltr' id='par_1_27' title="bbox 143 2429 1739 2504">
     <span class='ocr_line' id='line_1_27' title="bbox 143 2429 1739 2504; baseline 0.001 -21"><span class='ocrx_word' id='word_1_188' title='bbox 143 2429 264 2484; x_wconf 77' lang='grc' dir='ltr'>τῶν</span> <span class='ocrx_word' id='word_1_189' title='bbox 294 2429 638 2499; x_wconf 86' lang='grc' dir='ltr'>ἀγαπώντων</span> <span class='ocrx_word' id='word_1_190' title='bbox 672 2448 761 2484; x_wconf 88' lang='grc' dir='ltr'>σε·</span> <span class='ocrx_word' id='word_1_191' title='bbox 795 2432 844 2485; x_wconf 84' lang='grc' dir='ltr'><strong>εί</strong></span> <span class='ocrx_word' id='word_1_192' title='bbox 888 2430 944 2485; x_wconf 80' lang='grc' dir='ltr'><strong>δὲ</strong></span> <span class='ocrx_word' id='word_1_193' title='bbox 977 2433 1072 2504; x_wconf 88' lang='grc' dir='ltr'>μὴ,</span> <span class='ocrx_word' id='word_1_194' title='bbox 1105 2430 1234 2486; x_wconf 82' lang='grc' dir='ltr'>ἀλλ’</span> <span class='ocrx_word' id='word_1_195' title='bbox 1263 2432 1386 2486; x_wconf 82' lang='grc' dir='ltr'>ὅσον</span> <span class='ocrx_word' id='word_1_196' title='bbox 1429 2432 1484 2485; x_wconf 84' lang='grc' dir='ltr'><strong>οῖ</strong></span> <span class='ocrx_word' id='word_1_197' title='bbox 1526 2449 1588 2485; x_wconf 86' lang='grc' dir='ltr'><strong>τε</strong></span> <span class='ocrx_word' id='word_1_198' title='bbox 1616 2448 1739 2485; x_wconf 90' lang='grc' dir='ltr'>και-</span> 
     </span>
    </p>
   </div>
   <div class='ocr_carea' id='block_1_28' title="bbox 151 2522 1742 2597">
    <p class='ocr_par' dir='ltr' id='par_1_28' title="bbox 151 2522 1742 2597">
     <span class='ocr_line' id='line_1_28' title="bbox 151 2522 1742 2597; baseline 0.001 -22"><span class='ocrx_word' id='word_1_199' title='bbox 151 2522 239 2596; x_wconf 84' lang='grc' dir='ltr'>ροὶ</span> <span class='ocrx_word' id='word_1_200' title='bbox 266 2522 381 2596; x_wconf 69' lang='lat'><strong>(9!)</strong></span> <span class='ocrx_word' id='word_1_201' title='bbox 414 2523 779 2596; x_wconf 82' lang='grc' dir='ltr'>συγχωροῦσι,</span> <span class='ocrx_word' id='word_1_202' title='bbox 833 2524 927 2579; x_wconf 74' lang='grc' dir='ltr'>καὶ</span> <span class='ocrx_word' id='word_1_203' title='bbox 965 2526 999 2596; x_wconf 82' lang='grc' dir='ltr'><strong>ἡ</strong></span> <span class='ocrx_word' id='word_1_204' title='bbox 1041 2523 1151 2579; x_wconf 84' lang='grc' dir='ltr'><strong>τῶν</strong></span> <span class='ocrx_word' id='word_1_205' title='bbox 1185 2525 1527 2597; x_wconf 78' lang='grc' dir='ltr'>πραγμάτων</span> <span class='ocrx_word' id='word_1_206' title='bbox 1562 2523 1742 2578; x_wconf 83' lang='grc' dir='ltr'>ὲπιδέ-</span> 
     </span>
    </p>
   </div>
   <div class='ocr_carea' id='block_1_29' title="bbox 145 2615 1742 2690">
    <p class='ocr_par' dir='ltr' id='par_1_29' title="bbox 145 2615 1742 2690">
     <span class='ocr_line' id='line_1_29' title="bbox 145 2615 1742 2690; baseline 0.001 -21"><span class='ocrx_word' id='word_1_207' title='bbox 145 2632 307 2687; x_wconf 85' lang='grc' dir='ltr'>χεται</span> <span class='ocrx_word' id='word_1_208' title='bbox 339 2615 534 2684; x_wconf 82' lang='grc' dir='ltr'>φύσις·</span> <span class='ocrx_word' id='word_1_209' title='bbox 568 2616 786 2681; x_wconf 88' lang='grc' dir='ltr'>πάντως</span> <span class='ocrx_word' id='word_1_210' title='bbox 832 2616 890 2671; x_wconf 83' lang='grc' dir='ltr'><strong>δὲ</strong></span> <span class='ocrx_word' id='word_1_211' title='bbox 918 2617 1155 2686; x_wconf 82' lang='grc' dir='ltr'>ὑφελεῖν,</span> <span class='ocrx_word' id='word_1_212' title='bbox 1202 2620 1298 2672; x_wconf 79' lang='grc' dir='ltr'>καὶ</span> <span class='ocrx_word' id='word_1_213' title='bbox 1340 2617 1414 2690; x_wconf 86' lang='grc' dir='ltr'><strong>μὴ</strong></span> <span class='ocrx_word' id='word_1_214' title='bbox 1447 2618 1603 2671; x_wconf 78' lang='grc' dir='ltr'>ἐᾶσαι</span> <span class='ocrx_word' id='word_1_215' title='bbox 1648 2616 1742 2671; x_wconf 72' lang='grc' dir='ltr'><strong>ἐπὶ</strong></span> 
     </span>
    </p>
   </div>
   <div class='ocr_carea' id='block_1_30' title="bbox 144 2700 1741 2781">
    <p class='ocr_par' dir='ltr' id='par_1_30' title="bbox 144 2700 1741 2781">
     <span class='ocr_line' id='line_1_30' title="bbox 144 2700 1741 2781; baseline 0.001 -22"><span class='ocrx_word' id='word_1_216' title='bbox 144 2707 252 2777; x_wconf 82' lang='grc' dir='ltr'><strong>τῆς</strong></span> <span class='ocrx_word' id='word_1_217' title='bbox 282 2707 644 2779; x_wconf 85' lang='grc' dir='ltr'>ταυτότητος·</span> <span class='ocrx_word' id='word_1_218' title='bbox 687 2706 827 2761; x_wconf 82' lang='grc' dir='ltr'>ὥστε</span> <span class='ocrx_word' id='word_1_219' title='bbox 850 2711 1000 2781; x_wconf 80' lang='grc' dir='ltr'>ἡμᾶς</span> <span class='ocrx_word' id='word_1_220' title='bbox 1024 2709 1137 2781; x_wconf 71' lang='grc'><strong>(92)</strong></span> <span class='ocrx_word' id='word_1_221' title='bbox 1174 2709 1383 2780; x_wconf 90' lang='grc' dir='ltr'>μυρίων</span> <span class='ocrx_word' id='word_1_222' title='bbox 1423 2700 1499 2763; x_wconf 82' lang='grc' dir='ltr'>ὧν</span> <span class='ocrx_word' id='word_1_223' title='bbox 1544 2708 1741 2779; x_wconf 73' lang='grc' dir='ltr'>ἔχομεν</span> 
     </span>
    </p>
   </div>
   <div class='ocr_carea' id='block_1_31' title="bbox 146 2797 1746 2874">
    <p class='ocr_par' dir='ltr' id='par_1_31' title="bbox 146 2797 1746 2874">
     <span class='ocr_line' id='line_1_31' title="bbox 146 2797 1746 2874; baseline 0.002 -23"><span class='ocrx_word' id='word_1_224' title='bbox 146 2797 308 2869; x_wconf 88' lang='grc' dir='ltr'><strong>παρά</strong></span> <span class='ocrx_word' id='word_1_225' title='bbox 338 2798 433 2852; x_wconf 81' lang='grc' dir='ltr'>τοῦ</span> <span class='ocrx_word' id='word_1_226' title='bbox 473 2798 681 2868; x_wconf 80' lang='grc' dir='ltr'>ἀγαθοῦ</span> <span class='ocrx_word' id='word_1_227' title='bbox 734 2800 994 2872; x_wconf 82' lang='grc' dir='ltr'>ἄρχοντος</span> <span class='ocrx_word' id='word_1_228' title='bbox 1038 2801 1366 2874; x_wconf 84' lang='grc' dir='ltr'>εὐεργεσιῶν</span> <span class='ocrx_word' id='word_1_229' title='bbox 1416 2800 1546 2872; x_wconf 87' lang='grc' dir='ltr'>μίαν</span> <span class='ocrx_word' id='word_1_230' title='bbox 1587 2800 1746 2872; x_wconf 87' lang='grc' dir='ltr'>χάριν</span> 
     </span>
    </p>
   </div>
   <div class='ocr_carea' id='block_1_32' title="bbox 146 2887 1566 2963">
    <p class='ocr_par' dir='ltr' id='par_1_32' title="bbox 146 2887 1566 2963">
     <span class='ocr_line' id='line_1_32' title="bbox 146 2887 1566 2963; baseline 0.001 -20"><span class='ocrx_word' id='word_1_231' title='bbox 146 2887 361 2963; x_wconf 74' lang='grc' dir='ltr'>ταύτην</span> <span class='ocrx_word' id='word_1_232' title='bbox 388 2888 479 2944; x_wconf 80' lang='grc' dir='ltr'><strong>διὰ</strong></span> <span class='ocrx_word' id='word_1_233' title='bbox 507 2889 611 2962; x_wconf 84' lang='grc' dir='ltr'><strong>τῆς</strong></span> <span class='ocrx_word' id='word_1_234' title='bbox 636 2892 736 2963; x_wconf 82' lang='grc' dir='ltr'><strong>σῆς</strong></span> <span class='ocrx_word' id='word_1_235' title='bbox 764 2891 1093 2963; x_wconf 85' lang='grc' dir='ltr'>σεμνότητος</span> <span class='ocrx_word' id='word_1_236' title='bbox 1120 2891 1458 2947; x_wconf 83' lang='grc' dir='ltr'>ἀντεκτίσαι.</span> <span class='ocrx_word' id='word_1_237' title='bbox 1563 2911 1566 2914; x_wconf 63' lang='grc'><strong>’</strong></span> 
     </span>
    </p>
   </div>
   <div class='ocr_carea' id='block_1_33' title="bbox 689 3088 1211 3146">
    <p class='ocr_par' dir='ltr' id='par_1_33' title="bbox 689 3088 1211 3146">
     <span class='ocr_line' id='line_1_33' title="bbox 689 3088 1211 3146; baseline -0.006 -1"><span class='ocrx_word' id='word_1_238' title='bbox 689 3088 1039 3146; x_wconf 85' lang='grc' dir='ltr'><strong>ΕΠΙΣΤΟΛΗ</strong></span> <span class='ocrx_word' id='word_1_239' title='bbox 1068 3091 1211 3143; x_wconf 81' lang='grc' dir='ltr'><strong>ΤΙΔ¹.</strong></span> 
     </span>
    </p>
   </div>
   <div class='ocr_carea' id='block_1_34' title="bbox 1848 499 3435 576">
    <p class='ocr_par' dir='ltr' id='par_1_34' title="bbox 1848 499 3435 576">
     <span class='ocr_line' id='line_1_34' title="bbox 1848 499 3435 576; baseline 0.005 -22"><span class='ocrx_word' id='word_1_240' title='bbox 1848 499 1955 555; x_wconf 87' lang='lat' dir='ltr'><strong>Sed</strong></span> <span class='ocrx_word' id='word_1_241' title='bbox 2010 516 2160 556; x_wconf 91' lang='lat' dir='ltr'><strong>nunc</strong></span> <span class='ocrx_word' id='word_1_242' title='bbox 2218 500 2370 558; x_wconf 81' lang='lat' dir='ltr'><strong>vides</strong></span> <span class='ocrx_word' id='word_1_243' title='bbox 2417 502 2601 573; x_wconf 84' lang='lat' dir='ltr'><strong>qualia</strong></span> <span class='ocrx_word' id='word_1_244' title='bbox 2664 502 2776 559; x_wconf 90' lang='lat' dir='ltr'><strong>sint</strong></span> <span class='ocrx_word' id='word_1_245' title='bbox 2825 507 3139 576; x_wconf 65' lang='lat' dir='ltr'><strong>praesentia.</strong></span> <span class='ocrx_word' id='word_1_246' title='bbox 3191 504 3435 564; x_wconf 64' lang='lat' dir='ltr'><strong>Praebuit</strong></span> 
     </span>
    </p>
   </div>
   <div class='ocr_carea' id='block_1_35' title="bbox 1844 591 3430 669">
    <p class='ocr_par' dir='ltr' id='par_1_35' title="bbox 1844 591 3430 669">
     <span class='ocr_line' id='line_1_35' title="bbox 1844 591 3430 669; baseline 0.005 -23"><span class='ocrx_word' id='word_1_247' title='bbox 1844 591 1991 646; x_wconf 91' lang='lat' dir='ltr'><strong>enim</strong></span> <span class='ocrx_word' id='word_1_248' title='bbox 2023 592 2121 647; x_wconf 88' lang='lat' dir='ltr'><strong>tibi</strong></span> <span class='ocrx_word' id='word_1_249' title='bbox 2153 591 2298 649; x_wconf 87' lang='lat' dir='ltr'><strong>Deus</strong></span> <span class='ocrx_word' id='word_1_250' title='bbox 2342 594 2693 650; x_wconf 87' lang='lat' dir='ltr'><strong>occasionem</strong></span> <span class='ocrx_word' id='word_1_251' title='bbox 2736 611 2953 651; x_wconf 91' lang='lat' dir='ltr'><strong>morum</strong></span> <span class='ocrx_word' id='word_1_252' title='bbox 2997 596 3333 669; x_wconf 74' lang='lat' dir='ltr'><strong>integritatis</strong></span> <span class='ocrx_word' id='word_1_253' title='bbox 3373 600 3430 654; x_wconf 91' lang='lat' dir='ltr'><strong>in</strong></span> 
     </span>
    </p>
   </div>
   <div class='ocr_carea' id='block_1_36' title="bbox 1848 684 3428 763">
    <p class='ocr_par' dir='ltr' id='par_1_36' title="bbox 1848 684 3428 763">
     <span class='ocr_line' id='line_1_36' title="bbox 1848 684 3428 763; baseline 0.005 -25"><span class='ocrx_word' id='word_1_254' title='bbox 1848 684 2027 739; x_wconf 86' lang='lat' dir='ltr'><strong>lucem</strong></span> <span class='ocrx_word' id='word_1_255' title='bbox 2075 685 2440 756; x_wconf 53' lang='lat' dir='ltr'><strong>proferenda,</strong></span> <span class='ocrx_word' id='word_1_256' title='bbox 2483 688 2697 758; x_wconf 88' lang='lat' dir='ltr'><strong>totique</strong></span> <span class='ocrx_word' id='word_1_257' title='bbox 2749 690 3058 760; x_wconf 92' lang='lat' dir='ltr'><strong>posteritati</strong></span> <span class='ocrx_word' id='word_1_258' title='bbox 3103 699 3428 763; x_wconf 81' lang='lat' dir='ltr'><strong>argumenta</strong></span> 
     </span>
    </p>
   </div>
   <div class='ocr_carea' id='block_1_37' title="bbox 1844 774 3433 850">
    <p class='ocr_par' dir='ltr' id='par_1_37' title="bbox 1844 774 3433 850">
     <span class='ocr_line' id='line_1_37' title="bbox 1844 774 3433 850; baseline 0.008 -20"><span class='ocrx_word' id='word_1_259' title='bbox 1844 774 2006 830; x_wconf 66' lang='lat' dir='ltr'><strong>bona:</strong></span> <span class='ocrx_word' id='word_1_260' title='bbox 2050 777 2331 833; x_wconf 73' lang='lat' dir='ltr'><strong>memoria:</strong></span> <span class='ocrx_word' id='word_1_261' title='bbox 2376 778 2747 850; x_wconf 86' lang='lat' dir='ltr'><strong>relinquendi.</strong></span> <span class='ocrx_word' id='word_1_262' title='bbox 2796 780 3000 849; x_wconf 84' lang='lat' dir='ltr'><strong>Quales</strong></span> <span class='ocrx_word' id='word_1_263' title='bbox 3036 784 3185 840; x_wconf 89' lang='lat' dir='ltr'><strong>enim</strong></span> <span class='ocrx_word' id='word_1_264' title='bbox 3217 785 3433 842; x_wconf 87' lang='lat' dir='ltr'><strong>descri-</strong></span> 
     </span>
    </p>
   </div>
   <div class='ocr_carea' id='block_1_38' title="bbox 1842 864 3431 939">
    <p class='ocr_par' dir='ltr' id='par_1_38' title="bbox 1842 864 3431 939">
     <span class='ocr_line' id='line_1_38' title="bbox 1842 864 3431 939; baseline 0.008 -20"><span class='ocrx_word' id='word_1_265' title='bbox 1842 864 2061 935; x_wconf 90' lang='lat' dir='ltr'><strong>ptiones</strong></span> <span class='ocrx_word' id='word_1_266' title='bbox 2105 881 2371 923; x_wconf 88' lang='lat' dir='ltr'><strong>censuum</strong></span> <span class='ocrx_word' id='word_1_267' title='bbox 2423 867 2559 939; x_wconf 64' lang='lat' dir='ltr'><strong>ipsae</strong></span> <span class='ocrx_word' id='word_1_268' title='bbox 2602 869 2827 937; x_wconf 82' lang='lat' dir='ltr'><strong>fuerint,</strong></span> <span class='ocrx_word' id='word_1_269' title='bbox 2875 873 3003 929; x_wconf 91' lang='lat' dir='ltr'><strong>talis</strong></span> <span class='ocrx_word' id='word_1_270' title='bbox 3044 874 3209 929; x_wconf 89' lang='lat' dir='ltr'><strong>etiam</strong></span> <span class='ocrx_word' id='word_1_271' title='bbox 3243 889 3431 931; x_wconf 88' lang='lat' dir='ltr'><strong>earum</strong></span> 
     </span>
    </p>
   </div>
   <div class='ocr_carea' id='block_1_39' title="bbox 1841 960 3432 1031">
    <p class='ocr_par' dir='ltr' id='par_1_39' title="bbox 1841 960 3432 1031">
     <span class='ocr_line' id='line_1_39' title="bbox 1841 960 3432 1031; baseline 0.008 -19"><span class='ocrx_word' id='word_1_272' title='bbox 1841 960 2150 1015; x_wconf 85' lang='lat' dir='ltr'><strong>recordatio</strong></span> <span class='ocrx_word' id='word_1_273' title='bbox 2182 974 2213 1015; x_wconf 92' lang='lat' dir='ltr'><strong>a</strong></span> <span class='ocrx_word' id='word_1_274' title='bbox 2237 963 2475 1031; x_wconf 89' lang='lat' dir='ltr'><strong>posteris</strong></span> <span class='ocrx_word' id='word_1_275' title='bbox 2507 963 2830 1018; x_wconf 86' lang='lat' dir='ltr'><strong>conservari</strong></span> <span class='ocrx_word' id='word_1_276' title='bbox 2878 963 3042 1020; x_wconf 90' lang='lat' dir='ltr'><strong>solet.</strong></span> <span class='ocrx_word' id='word_1_277' title='bbox 3075 964 3209 1021; x_wconf 77' lang='lat' dir='ltr'><strong>Mihi</strong></span> <span class='ocrx_word' id='word_1_278' title='bbox 3248 975 3432 1024; x_wconf 86' lang='lat' dir='ltr'><strong>autem</strong></span> 
     </span>
    </p>
   </div>
   <div class='ocr_carea' id='block_1_40' title="bbox 1842 1049 3425 1130">
    <p class='ocr_par' dir='ltr' id='par_1_40' title="bbox 1842 1049 3425 1130">
     <span class='ocr_line' id='line_1_40' title="bbox 1842 1049 3425 1130; baseline 0.007 -25"><span class='ocrx_word' id='word_1_279' title='bbox 1842 1049 2068 1108; x_wconf 85' lang='lat' dir='ltr'><strong>Galatas</strong></span> <span class='ocrx_word' id='word_1_280' title='bbox 2125 1067 2198 1109; x_wconf 89' lang='lat' dir='ltr'><strong>ne</strong></span> <span class='ocrx_word' id='word_1_281' title='bbox 2263 1054 2507 1124; x_wconf 91' lang='lat' dir='ltr'><strong>optando</strong></span> <span class='ocrx_word' id='word_1_282' title='bbox 2559 1054 2781 1125; x_wconf 88' lang='lat' dir='ltr'><strong>quidem</strong></span> <span class='ocrx_word' id='word_1_283' title='bbox 2829 1056 3080 1126; x_wconf 86' lang='lat' dir='ltr'><strong>potuisse</strong></span> <span class='ocrx_word' id='word_1_284' title='bbox 3141 1057 3425 1130; x_wconf 87' lang='lat' dir='ltr'><strong>ingenium</strong></span> 
     </span>
    </p>
   </div>
   <div class='ocr_carea' id='block_1_41' title="bbox 1841 1141 3429 1218">
    <p class='ocr_par' dir='ltr' id='par_1_41' title="bbox 1841 1141 3429 1218">
     <span class='ocr_line' id='line_1_41' title="bbox 1841 1141 3429 1218; baseline 0.004 -22"><span class='ocrx_word' id='word_1_285' title='bbox 1841 1141 2141 1199; x_wconf 86' lang='lat' dir='ltr'><strong>humanius</strong></span> <span class='ocrx_word' id='word_1_286' title='bbox 2202 1145 2450 1200; x_wconf 83' lang='lat' dir='ltr'><strong>nancisci</strong></span> <span class='ocrx_word' id='word_1_287' title='bbox 2482 1146 2827 1216; x_wconf 83' lang='lat' dir='ltr'><strong>exploratum</strong></span> <span class='ocrx_word' id='word_1_288' title='bbox 2869 1155 2925 1202; x_wconf 89' lang='lat' dir='ltr'><strong>et</strong></span> <span class='ocrx_word' id='word_1_289' title='bbox 2968 1163 3295 1218; x_wconf 85' lang='lat' dir='ltr'><strong>persuasum</strong></span> <span class='ocrx_word' id='word_1_290' title='bbox 3323 1157 3429 1206; x_wconf 85' lang='lat' dir='ltr'><strong>est.</strong></span> 
     </span>
    </p>
   </div>
   <div class='ocr_carea' id='block_1_42' title="bbox 1844 1232 3435 1311">
    <p class='ocr_par' dir='ltr' id='par_1_42' title="bbox 1844 1232 3435 1311">
     <span class='ocr_line' id='line_1_42' title="bbox 1844 1232 3435 1311; baseline 0.007 -24"><span class='ocrx_word' id='word_1_291' title='bbox 1844 1232 1959 1290; x_wconf 85' lang='lat' dir='ltr'><strong>Nec</strong></span> <span class='ocrx_word' id='word_1_292' title='bbox 2002 1232 2224 1291; x_wconf 86' lang='lat' dir='ltr'><strong>Galatas</strong></span> <span class='ocrx_word' id='word_1_293' title='bbox 2266 1237 2443 1292; x_wconf 88' lang='lat' dir='ltr'><strong>solum</strong></span> <span class='ocrx_word' id='word_1_294' title='bbox 2483 1236 2676 1292; x_wconf 90' lang='lat' dir='ltr'><strong>beatos</strong></span> <span class='ocrx_word' id='word_1_295' title='bbox 2723 1237 3026 1308; x_wconf 68' lang='lat' dir='ltr'><strong>praedicare</strong></span> <span class='ocrx_word' id='word_1_296' title='bbox 3079 1255 3308 1311; x_wconf 88' lang='lat' dir='ltr'><strong>possum</strong></span> <span class='ocrx_word' id='word_1_297' title='bbox 3359 1241 3435 1298; x_wconf 84' lang='lat' dir='ltr'><strong>ob</strong></span> 
     </span>
    </p>
   </div>
   <div class='ocr_carea' id='block_1_43' title="bbox 1843 1326 3430 1401">
    <p class='ocr_par' dir='ltr' id='par_1_43' title="bbox 1843 1326 3430 1401">
     <span class='ocr_line' id='line_1_43' title="bbox 1843 1326 3430 1401; baseline 0.004 -21"><span class='ocrx_word' id='word_1_298' title='bbox 1843 1334 1990 1380; x_wconf 89' lang='lat' dir='ltr'><strong>tuam</strong></span> <span class='ocrx_word' id='word_1_299' title='bbox 2023 1326 2579 1393; x_wconf 87' lang='lat' dir='ltr'><strong>administrationem,</strong></span> <span class='ocrx_word' id='word_1_300' title='bbox 2614 1328 2709 1384; x_wconf 92' lang='lat' dir='ltr'><strong>sed</strong></span> <span class='ocrx_word' id='word_1_301' title='bbox 2746 1338 2801 1385; x_wconf 91' lang='lat' dir='ltr'><strong>et</strong></span> <span class='ocrx_word' id='word_1_302' title='bbox 2831 1330 3121 1401; x_wconf 86' lang='lat' dir='ltr'><strong>meipsum.</strong></span> <span class='ocrx_word' id='word_1_303' title='bbox 3154 1331 3252 1388; x_wconf 86' lang='lat' dir='ltr'><strong>Est</strong></span> <span class='ocrx_word' id='word_1_304' title='bbox 3283 1332 3430 1387; x_wconf 89' lang='lat' dir='ltr'><strong>enim</strong></span> 
     </span>
    </p>
   </div>
   <div class='ocr_carea' id='block_1_44' title="bbox 1849 1418 3430 1494">
    <p class='ocr_par' dir='ltr' id='par_1_44' title="bbox 1849 1418 3430 1494">
     <span class='ocr_line' id='line_1_44' title="bbox 1849 1418 3430 1494; baseline 0.006 -22"><span class='ocrx_word' id='word_1_305' title='bbox 1849 1418 1984 1473; x_wconf 89' lang='lat' dir='ltr'><strong>mihi</strong></span> <span class='ocrx_word' id='word_1_306' title='bbox 2020 1421 2184 1474; x_wconf 89' lang='lat' dir='ltr'><strong>etiam</strong></span> <span class='ocrx_word' id='word_1_307' title='bbox 2208 1419 2404 1476; x_wconf 89' lang='lat' dir='ltr'><strong>domus</strong></span> <span class='ocrx_word' id='word_1_308' title='bbox 2427 1421 2482 1475; x_wconf 87' lang='lat' dir='ltr'><strong>in</strong></span> <span class='ocrx_word' id='word_1_309' title='bbox 2506 1420 2722 1475; x_wconf 87' lang='lat' dir='ltr'><strong>Galatia</strong></span> <span class='ocrx_word' id='word_1_310' title='bbox 2751 1439 2765 1488; x_wconf 90' lang='lat'><strong>;</strong></span> <span class='ocrx_word' id='word_1_311' title='bbox 2798 1437 2862 1477; x_wconf 91' lang='lat' dir='ltr'><strong>ac</strong></span> <span class='ocrx_word' id='word_1_312' title='bbox 2893 1422 3180 1478; x_wconf 90' lang='lat' dir='ltr'><strong>domorum</strong></span> <span class='ocrx_word' id='word_1_313' title='bbox 3211 1423 3430 1494; x_wconf 87' lang='lat' dir='ltr'><strong>quiden</strong></span> 
     </span>
    </p>
   </div>
   <div class='ocr_carea' id='block_1_45' title="bbox 1841 1510 3425 1587">
    <p class='ocr_par' dir='ltr' id='par_1_45' title="bbox 1841 1510 3425 1587">
     <span class='ocr_line' id='line_1_45' title="bbox 1841 1510 3425 1587; baseline 0.005 -24"><span class='ocrx_word' id='word_1_314' title='bbox 1841 1510 1935 1566; x_wconf 90' lang='lat' dir='ltr'><strong>Dei</strong></span> <span class='ocrx_word' id='word_1_315' title='bbox 1987 1511 2134 1566; x_wconf 90' lang='lat' dir='ltr'><strong>dono</strong></span> <span class='ocrx_word' id='word_1_316' title='bbox 2178 1512 2343 1583; x_wconf 83' lang='lat' dir='ltr'><strong>longe</strong></span> <span class='ocrx_word' id='word_1_317' title='bbox 2400 1514 2870 1583; x_wconf 87' lang='lat' dir='ltr'><strong>splendidissima,</strong></span> <span class='ocrx_word' id='word_1_318' title='bbox 2903 1515 2958 1570; x_wconf 90' lang='lat' dir='ltr'><strong>in</strong></span> <span class='ocrx_word' id='word_1_319' title='bbox 3006 1531 3171 1586; x_wconf 90' lang='lat' dir='ltr'><strong>quam</strong></span> <span class='ocrx_word' id='word_1_320' title='bbox 3200 1514 3425 1587; x_wconf 86' lang='lat' dir='ltr'><strong>quidem</strong></span> 
     </span>
    </p>
   </div>
   <div class='ocr_carea' id='block_1_46' title="bbox 1840 1604 3419 1679">
    <p class='ocr_par' dir='ltr' id='par_1_46' title="bbox 1840 1604 3419 1679">
     <span class='ocr_line' id='line_1_46' title="bbox 1840 1604 3419 1679; baseline 0.003 -21"><span class='ocrx_word' id='word_1_321' title='bbox 1840 1604 1889 1659; x_wconf 80' lang='lat' dir='ltr'><strong>si</strong></span> <span class='ocrx_word' id='word_1_322' title='bbox 1942 1604 2076 1660; x_wconf 90' lang='lat' dir='ltr'><strong>mihi</strong></span> <span class='ocrx_word' id='word_1_323' title='bbox 2137 1605 2342 1675; x_wconf 92' lang='lat' dir='ltr'><strong>aliquid</strong></span> <span class='ocrx_word' id='word_1_324' title='bbox 2410 1605 2652 1676; x_wconf 68' lang='lat' dir='ltr'><strong>praasidii</strong></span> <span class='ocrx_word' id='word_1_325' title='bbox 2714 1607 3060 1663; x_wconf 82' lang='lat' dir='ltr'><strong>concesseris</strong></span> <span class='ocrx_word' id='word_1_326' title='bbox 3124 1607 3419 1679; x_wconf 76' lang='lat' dir='ltr'><strong>(concedes</strong></span> 
     </span>
    </p>
   </div>
   <div class='ocr_carea' id='block_1_47' title="bbox 1842 1697 3429 1770">
    <p class='ocr_par' dir='ltr' id='par_1_47' title="bbox 1842 1697 3429 1770">
     <span class='ocr_line' id='line_1_47' title="bbox 1842 1697 3429 1770; baseline 0.003 -21"><span class='ocrx_word' id='word_1_327' title='bbox 1842 1702 2025 1750; x_wconf 89' lang='lat' dir='ltr'><strong>autem</strong></span> <span class='ocrx_word' id='word_1_328' title='bbox 2074 1697 2319 1767; x_wconf 89' lang='lat' dir='ltr'><strong>quandiu</strong></span> <span class='ocrx_word' id='word_1_329' title='bbox 2372 1698 2617 1753; x_wconf 89' lang='lat' dir='ltr'><strong>amicitia</strong></span> <span class='ocrx_word' id='word_1_330' title='bbox 2665 1713 2770 1753; x_wconf 93' lang='lat' dir='ltr'><strong>suo</strong></span> <span class='ocrx_word' id='word_1_331' title='bbox 2809 1698 2983 1754; x_wconf 78' lang='lat' dir='ltr'><strong>stabit</strong></span> <span class='ocrx_word' id='word_1_332' title='bbox 3032 1699 3292 1770; x_wconf 85' lang='lat' dir='ltr'><strong>robore),</strong></span> <span class='ocrx_word' id='word_1_333' title='bbox 3342 1700 3429 1753; x_wconf 83' lang='lat' dir='ltr'><strong>in-</strong></span> 
     </span>
    </p>
   </div>
   <div class='ocr_carea' id='block_1_48' title="bbox 1845 1786 3432 1861">
    <p class='ocr_par' dir='ltr' id='par_1_48' title="bbox 1845 1786 3432 1861">
     <span class='ocr_line' id='line_1_48' title="bbox 1845 1786 3432 1861; baseline 0.003 -20"><span class='ocrx_word' id='word_1_334' title='bbox 1845 1795 2033 1856; x_wconf 89' lang='lat' dir='ltr'><strong>gentes</strong></span> <span class='ocrx_word' id='word_1_335' title='bbox 2082 1786 2196 1843; x_wconf 92' lang='lat' dir='ltr'><strong>Deo</strong></span> <span class='ocrx_word' id='word_1_336' title='bbox 2234 1787 2441 1859; x_wconf 77' lang='lat' dir='ltr'><strong>gratias</strong></span> <span class='ocrx_word' id='word_1_337' title='bbox 2489 1789 2781 1845; x_wconf 88' lang='lat' dir='ltr'><strong>habiturus</strong></span> <span class='ocrx_word' id='word_1_338' title='bbox 2825 1805 2972 1846; x_wconf 90' lang='lat' dir='ltr'><strong>sum.</strong></span> <span class='ocrx_word' id='word_1_339' title='bbox 3022 1789 3086 1844; x_wconf 88' lang='lat' dir='ltr'><strong>Si</strong></span> <span class='ocrx_word' id='word_1_340' title='bbox 3116 1805 3224 1861; x_wconf 91' lang='lat' dir='ltr'><strong>qua</strong></span> <span class='ocrx_word' id='word_1_341' title='bbox 3261 1790 3432 1861; x_wconf 90' lang='lat' dir='ltr'><strong>igitur</strong></span> 
     </span>
    </p>
   </div>
   <div class='ocr_carea' id='block_1_49' title="bbox 1843 1879 3432 1952">
    <p class='ocr_par' dir='ltr' id='par_1_49' title="bbox 1843 1879 3432 1952">
     <span class='ocr_line' id='line_1_49' title="bbox 1843 1879 3432 1952; baseline 0.003 -19"><span class='ocrx_word' id='word_1_342' title='bbox 1843 1880 1985 1934; x_wconf 88' lang='lat' dir='ltr'><strong>ratio</strong></span> <span class='ocrx_word' id='word_1_343' title='bbox 2052 1881 2200 1951; x_wconf 90' lang='lat' dir='ltr'><strong>apud</strong></span> <span class='ocrx_word' id='word_1_344' title='bbox 2257 1888 2409 1936; x_wconf 88' lang='lat' dir='ltr'><strong>tuam</strong></span> <span class='ocrx_word' id='word_1_345' title='bbox 2465 1879 2791 1952; x_wconf 82' lang='lat' dir='ltr'><strong>dignitatem</strong></span> <span class='ocrx_word' id='word_1_346' title='bbox 2853 1882 3114 1938; x_wconf 82' lang='lat' dir='ltr'><strong>amicitiae</strong></span> <span class='ocrx_word' id='word_1_347' title='bbox 3163 1897 3317 1948; x_wconf 66' lang='lat' dir='ltr'><strong>mete,</strong></span> <span class='ocrx_word' id='word_1_348' title='bbox 3370 1888 3432 1938; x_wconf 90' lang='lat' dir='ltr'><strong>ut</strong></span> 
     </span>
    </p>
   </div>
   <div class='ocr_carea' id='block_1_50' title="bbox 1843 1972 3430 2043">
    <p class='ocr_par' dir='ltr' id='par_1_50' title="bbox 1843 1972 3430 2043">
     <span class='ocr_line' id='line_1_50' title="bbox 1843 1972 3430 2043; baseline 0.004 -19"><span class='ocrx_word' id='word_1_349' title='bbox 1843 1981 2025 2025; x_wconf 86' lang='lat' dir='ltr'><strong>ratum</strong></span> <span class='ocrx_word' id='word_1_350' title='bbox 2082 1972 2361 2043; x_wconf 88' lang='lat' dir='ltr'><strong>quoddam</strong></span> <span class='ocrx_word' id='word_1_351' title='bbox 2412 1973 2739 2030; x_wconf 83' lang='lat' dir='ltr'><strong>beneﬁcium</strong></span> <span class='ocrx_word' id='word_1_352' title='bbox 2793 1974 3010 2031; x_wconf 87' lang='lat' dir='ltr'><strong>tribuas</strong></span> <span class='ocrx_word' id='word_1_353' title='bbox 3061 1975 3251 2030; x_wconf 88' lang='lat' dir='ltr'><strong>domui</strong></span> <span class='ocrx_word' id='word_1_354' title='bbox 3306 1990 3430 2031; x_wconf 88' lang='lat' dir='ltr'><strong>ma-</strong></span> 
     </span>
    </p>
   </div>
   <div class='ocr_carea' id='block_1_51' title="bbox 1844 2065 3431 2141">
    <p class='ocr_par' dir='ltr' id='par_1_51' title="bbox 1844 2065 3431 2141">
     <span class='ocr_line' id='line_1_51' title="bbox 1844 2065 3431 2141; baseline 0.004 -23"><span class='ocrx_word' id='word_1_355' title='bbox 1844 2065 2111 2136; x_wconf 88' lang='lat' dir='ltr'><strong>gistratus</strong></span> <span class='ocrx_word' id='word_1_356' title='bbox 2167 2066 2407 2123; x_wconf 83' lang='lat' dir='ltr'><strong>maxime</strong></span> <span class='ocrx_word' id='word_1_357' title='bbox 2464 2068 2774 2124; x_wconf 89' lang='lat' dir='ltr'><strong>admirandi</strong></span> <span class='ocrx_word' id='word_1_358' title='bbox 2833 2069 3089 2141; x_wconf 85' lang='lat' dir='ltr'><strong>Sulpicii,</strong></span> <span class='ocrx_word' id='word_1_359' title='bbox 3153 2069 3243 2125; x_wconf 81' lang='lat' dir='ltr'><strong>fac</strong></span> <span class='ocrx_word' id='word_1_360' title='bbox 3307 2083 3431 2124; x_wconf 86' lang='lat' dir='ltr'><strong>mea</strong></span> 
     </span>
    </p>
   </div>
   <div class='ocr_carea' id='block_1_52' title="bbox 1848 2159 3432 2233">
    <p class='ocr_par' dir='ltr' id='par_1_52' title="bbox 1848 2159 3432 2233">
     <span class='ocr_line' id='line_1_52' title="bbox 1848 2159 3432 2233; baseline 0.003 -20"><span class='ocrx_word' id='word_1_361' title='bbox 1848 2173 2017 2214; x_wconf 91' lang='lat' dir='ltr'><strong>causa</strong></span> <span class='ocrx_word' id='word_1_362' title='bbox 2040 2159 2292 2215; x_wconf 83' lang='lat' dir='ltr'><strong>exoreris</strong></span> <span class='ocrx_word' id='word_1_363' title='bbox 2329 2178 2344 2216; x_wconf 90' lang='lat'><strong>:</strong></span> <span class='ocrx_word' id='word_1_364' title='bbox 2383 2161 2519 2216; x_wconf 88' lang='lat' dir='ltr'><strong>adeo</strong></span> <span class='ocrx_word' id='word_1_365' title='bbox 2547 2169 2603 2216; x_wconf 90' lang='lat' dir='ltr'><strong>ut</strong></span> <span class='ocrx_word' id='word_1_366' title='bbox 2638 2161 2707 2218; x_wconf 92' lang='lat' dir='ltr'><strong>de</strong></span> <span class='ocrx_word' id='word_1_367' title='bbox 2727 2177 2896 2219; x_wconf 91' lang='lat' dir='ltr'><strong>censu</strong></span> <span class='ocrx_word' id='word_1_368' title='bbox 2928 2163 3185 2233; x_wconf 68' lang='lat' dir='ltr'><strong>praesenti</strong></span> <span class='ocrx_word' id='word_1_369' title='bbox 3220 2161 3432 2233; x_wconf 91' lang='lat' dir='ltr'><strong>aliquid</strong></span> 
     </span>
    </p>
   </div>
   <div class='ocr_carea' id='block_1_53' title="bbox 1845 2249 3428 2325">
    <p class='ocr_par' dir='ltr' id='par_1_53' title="bbox 1845 2249 3428 2325">
     <span class='ocr_line' id='line_1_53' title="bbox 1845 2249 3428 2325; baseline 0.001 -20"><span class='ocrx_word' id='word_1_370' title='bbox 1845 2249 2057 2318; x_wconf 89' lang='lat' dir='ltr'><strong>demas,</strong></span> <span class='ocrx_word' id='word_1_371' title='bbox 2125 2251 2366 2308; x_wconf 79' lang='lat' dir='ltr'><strong>maxime</strong></span> <span class='ocrx_word' id='word_1_372' title='bbox 2419 2252 2639 2323; x_wconf 90' lang='lat' dir='ltr'><strong>quidem</strong></span> <span class='ocrx_word' id='word_1_373' title='bbox 2692 2254 2838 2325; x_wconf 85' lang='lat' dir='ltr'><strong>quod</strong></span> <span class='ocrx_word' id='word_1_374' title='bbox 2902 2252 3263 2309; x_wconf 90' lang='lat' dir='ltr'><strong>memorabile</strong></span> <span class='ocrx_word' id='word_1_375' title='bbox 3332 2253 3428 2321; x_wconf 85' lang='lat' dir='ltr'><strong>sit,</strong></span> 
     </span>
    </p>
   </div>
   <div class='ocr_carea' id='block_1_54' title="bbox 1846 2345 3431 2417">
    <p class='ocr_par' dir='ltr' id='par_1_54' title="bbox 1846 2345 3431 2417">
     <span class='ocr_line' id='line_1_54' title="bbox 1846 2345 3431 2417; baseline 0.003 -20"><span class='ocrx_word' id='word_1_376' title='bbox 1846 2350 1902 2398; x_wconf 94' lang='lat' dir='ltr'><strong>et</strong></span> <span class='ocrx_word' id='word_1_377' title='bbox 1960 2354 2053 2398; x_wconf 92' lang='lat' dir='ltr'><strong>tua</strong></span> <span class='ocrx_word' id='word_1_378' title='bbox 2108 2345 2565 2416; x_wconf 87' lang='lat' dir='ltr'><strong>magnanimitate</strong></span> <span class='ocrx_word' id='word_1_379' title='bbox 2613 2345 2862 2417; x_wconf 88' lang='lat' dir='ltr'><strong>dignum,</strong></span> <span class='ocrx_word' id='word_1_380' title='bbox 2923 2345 3120 2402; x_wconf 85' lang='lat' dir='ltr'><strong>addam</strong></span> <span class='ocrx_word' id='word_1_381' title='bbox 3164 2346 3328 2403; x_wconf 90' lang='lat' dir='ltr'><strong>etiam</strong></span> <span class='ocrx_word' id='word_1_382' title='bbox 3373 2353 3431 2402; x_wconf 84' lang='lat' dir='ltr'><strong>et</strong></span> 
     </span>
    </p>
   </div>
   <div class='ocr_carea' id='block_1_55' title="bbox 1844 2436 3428 2510">
    <p class='ocr_par' dir='ltr' id='par_1_55' title="bbox 1844 2436 3428 2510">
     <span class='ocr_line' id='line_1_55' title="bbox 1844 2436 3428 2510; baseline 0.002 -20"><span class='ocrx_word' id='word_1_383' title='bbox 1844 2444 2034 2491; x_wconf 84' lang='lat' dir='ltr'><strong>nostra</strong></span> <span class='ocrx_word' id='word_1_384' title='bbox 2070 2436 2168 2507; x_wconf 88' lang='lat' dir='ltr'><strong>qui</strong></span> <span class='ocrx_word' id='word_1_385' title='bbox 2213 2446 2267 2492; x_wconf 89' lang='lat' dir='ltr'><strong>te</strong></span> <span class='ocrx_word' id='word_1_386' title='bbox 2332 2438 2616 2510; x_wconf 89' lang='lat' dir='ltr'><strong>diligimus</strong></span> <span class='ocrx_word' id='word_1_387' title='bbox 2668 2439 3005 2509; x_wconf 87' lang='lat' dir='ltr'><strong>precatione.</strong></span> <span class='ocrx_word' id='word_1_388' title='bbox 3058 2438 3157 2494; x_wconf 88' lang='lat' dir='ltr'><strong>Sin</strong></span> <span class='ocrx_word' id='word_1_389' title='bbox 3206 2438 3428 2504; x_wconf 89' lang='lat' dir='ltr'><strong>minus,</strong></span> 
     </span>
    </p>
   </div>
   <div class='ocr_carea' id='block_1_56' title="bbox 1848 2529 3430 2604">
    <p class='ocr_par' dir='ltr' id='par_1_56' title="bbox 1848 2529 3430 2604">
     <span class='ocr_line' id='line_1_56' title="bbox 1848 2529 3430 2604; baseline 0 -19"><span class='ocrx_word' id='word_1_390' title='bbox 1848 2529 2045 2585; x_wconf 88' lang='lat' dir='ltr'><strong>saltem</strong></span> <span class='ocrx_word' id='word_1_391' title='bbox 2101 2537 2368 2599; x_wconf 87' lang='lat' dir='ltr'><strong>quantum</strong></span> <span class='ocrx_word' id='word_1_392' title='bbox 2442 2539 2692 2602; x_wconf 84' lang='lat' dir='ltr'><strong>tempora</strong></span> <span class='ocrx_word' id='word_1_393' title='bbox 2744 2531 3080 2604; x_wconf 77' lang='lat' dir='ltr'><strong>concedunt,</strong></span> <span class='ocrx_word' id='word_1_394' title='bbox 3136 2540 3192 2587; x_wconf 91' lang='lat' dir='ltr'><strong>et</strong></span> <span class='ocrx_word' id='word_1_395' title='bbox 3242 2545 3430 2587; x_wconf 90' lang='lat' dir='ltr'><strong>rerum</strong></span> 
     </span>
    </p>
   </div>
   <div class='ocr_carea' id='block_1_57' title="bbox 1847 2620 3426 2693">
    <p class='ocr_par' dir='ltr' id='par_1_57' title="bbox 1847 2620 3426 2693">
     <span class='ocr_line' id='line_1_57' title="bbox 1847 2620 3426 2693; baseline 0.003 -21"><span class='ocrx_word' id='word_1_396' title='bbox 1847 2626 2043 2672; x_wconf 86' lang='lat' dir='ltr'><strong>natura</strong></span> <span class='ocrx_word' id='word_1_397' title='bbox 2096 2620 2305 2691; x_wconf 87' lang='lat' dir='ltr'><strong>patitur</strong></span> <span class='ocrx_word' id='word_1_398' title='bbox 2357 2639 2370 2675; x_wconf 92' lang='lat'>:</span> <span class='ocrx_word' id='word_1_399' title='bbox 2421 2622 2650 2677; x_wconf 90' lang='lat' dir='ltr'><strong>omnino</strong></span> <span class='ocrx_word' id='word_1_400' title='bbox 2697 2629 2879 2677; x_wconf 89' lang='lat' dir='ltr'><strong>autem</strong></span> <span class='ocrx_word' id='word_1_401' title='bbox 2934 2621 3141 2693; x_wconf 88' lang='lat' dir='ltr'><strong>aliquid</strong></span> <span class='ocrx_word' id='word_1_402' title='bbox 3200 2620 3426 2688; x_wconf 86' lang='lat' dir='ltr'><strong>demas,</strong></span> 
     </span>
    </p>
   </div>
   <div class='ocr_carea' id='block_1_58' title="bbox 1848 2710 3432 2786">
    <p class='ocr_par' dir='ltr' id='par_1_58' title="bbox 1848 2710 3432 2786">
     <span class='ocr_line' id='line_1_58' title="bbox 1848 2710 3432 2786; baseline 0.002 -22"><span class='ocrx_word' id='word_1_403' title='bbox 1848 2725 1952 2764; x_wconf 88' lang='lat' dir='ltr'><strong>nec</strong></span> <span class='ocrx_word' id='word_1_404' title='bbox 1984 2710 2041 2765; x_wconf 90' lang='lat' dir='ltr'><strong>in</strong></span> <span class='ocrx_word' id='word_1_405' title='bbox 2081 2712 2271 2767; x_wconf 90' lang='lat' dir='ltr'><strong>eodem</strong></span> <span class='ocrx_word' id='word_1_406' title='bbox 2312 2720 2459 2768; x_wconf 89' lang='lat' dir='ltr'><strong>statu</strong></span> <span class='ocrx_word' id='word_1_407' title='bbox 2503 2714 2788 2785; x_wconf 89' lang='lat' dir='ltr'><strong>relinquas</strong></span> <span class='ocrx_word' id='word_1_408' title='bbox 2821 2731 2836 2767; x_wconf 91' lang='lat'><strong>:</strong></span> <span class='ocrx_word' id='word_1_409' title='bbox 2873 2722 2933 2770; x_wconf 90' lang='lat' dir='ltr'><strong>ut</strong></span> <span class='ocrx_word' id='word_1_410' title='bbox 2980 2729 3083 2786; x_wconf 88' lang='lat' dir='ltr'><strong>pro</strong></span> <span class='ocrx_word' id='word_1_411' title='bbox 3113 2715 3432 2770; x_wconf 87' lang='lat' dir='ltr'><strong>innumera-</strong></span> 
     </span>
    </p>
   </div>
   <div class='ocr_carea' id='block_1_59' title="bbox 1849 2801 3433 2878">
    <p class='ocr_par' dir='ltr' id='par_1_59' title="bbox 1849 2801 3433 2878">
     <span class='ocr_line' id='line_1_59' title="bbox 1849 2801 3433 2878; baseline 0.001 -20"><span class='ocrx_word' id='word_1_412' title='bbox 1849 2801 2056 2860; x_wconf 86' lang='lat' dir='ltr'><strong>bilibus</strong></span> <span class='ocrx_word' id='word_1_413' title='bbox 2098 2805 2404 2871; x_wconf 82' lang='lat' dir='ltr'><strong>beneﬁciis,</strong></span> <span class='ocrx_word' id='word_1_414' title='bbox 2444 2821 2565 2876; x_wconf 74' lang='lat' dir='ltr'><strong>qua:</strong></span> <span class='ocrx_word' id='word_1_415' title='bbox 2608 2806 2678 2862; x_wconf 92' lang='lat' dir='ltr'><strong>ab</strong></span> <span class='ocrx_word' id='word_1_416' title='bbox 2719 2806 2940 2878; x_wconf 85' lang='lat' dir='ltr'><strong>egregio</strong></span> <span class='ocrx_word' id='word_1_417' title='bbox 2977 2807 3074 2862; x_wconf 92' lang='lat' dir='ltr'><strong>illo</strong></span> <span class='ocrx_word' id='word_1_418' title='bbox 3103 2806 3433 2878; x_wconf 87' lang='lat' dir='ltr'><strong>magistratu</strong></span> 
     </span>
    </p>
   </div>
   <div class='ocr_carea' id='block_1_60' title="bbox 1850 2896 3426 2972">
    <p class='ocr_par' dir='ltr' id='par_1_60' title="bbox 1850 2896 3426 2972">
     <span class='ocr_line' id='line_1_60' title="bbox 1850 2896 3426 2972; baseline 0.004 -25"><span class='ocrx_word' id='word_1_419' title='bbox 1850 2896 2203 2966; x_wconf 84' lang='lat' dir='ltr'><strong>accepimus,</strong></span> <span class='ocrx_word' id='word_1_420' title='bbox 2259 2896 2405 2952; x_wconf 87' lang='lat' dir='ltr'><strong>hanc</strong></span> <span class='ocrx_word' id='word_1_421' title='bbox 2453 2911 2621 2953; x_wconf 88' lang='lat' dir='ltr'><strong>unam</strong></span> <span class='ocrx_word' id='word_1_422' title='bbox 2672 2898 2909 2970; x_wconf 85' lang='lat' dir='ltr'><strong>gratiam</strong></span> <span class='ocrx_word' id='word_1_423' title='bbox 2971 2905 3082 2954; x_wconf 70' lang='lat' dir='ltr'><strong>tute</strong></span> <span class='ocrx_word' id='word_1_424' title='bbox 3135 2896 3426 2972; x_wconf 77' lang='lat' dir='ltr'><strong>gravitatis</strong></span> 
     </span>
    </p>
   </div>
   <div class='ocr_carea' id='block_1_61' title="bbox 1845 2986 2366 3054">
    <p class='ocr_par' dir='ltr' id='par_1_61' title="bbox 1845 2986 2366 3054">
     <span class='ocr_line' id='line_1_61' title="bbox 1845 2986 2366 3054; baseline 0.006 -16"><span class='ocrx_word' id='word_1_425' title='bbox 1845 2998 2013 3054; x_wconf 85' lang='lat' dir='ltr'><strong>opera</strong></span> <span class='ocrx_word' id='word_1_426' title='bbox 2043 2986 2366 3043; x_wconf 77' lang='lat' dir='ltr'><strong>referamus.</strong></span> 
     </span>
    </p>
   </div>
   <div class='ocr_carea' id='block_1_62' title="bbox 2298 3095 2986 3156">
    <p class='ocr_par' dir='ltr' id='par_1_62' title="bbox 2298 3095 2986 3156">
     <span class='ocr_line' id='line_1_62' title="bbox 2298 3095 2986 3156; baseline 0.007 -5"><span class='ocrx_word' id='word_1_427' title='bbox 2298 3095 2636 3153; x_wconf 80' lang='lat' dir='ltr'><strong>EPISTOLA</strong></span> <span class='ocrx_word' id='word_1_428' title='bbox 2663 3096 2917 3154; x_wconf 76' lang='lat' dir='ltr'><strong>CCCXIV</strong></span> <span class='ocrx_word' id='word_1_429' title='bbox 2944 3100 2986 3156; x_wconf 75' lang='grc'>⁴.</span> 
     </span>
    </p>
   </div>
   <div class='ocr_carea' id='block_1_63' title="bbox 671 3205 2885 3275">
    <p class='ocr_par' dir='ltr' id='par_1_63' title="bbox 671 3205 2885 3275">
     <span class='ocr_line' id='line_1_63' title="bbox 671 3205 2885 3275; baseline 0.004 -21"><span class='ocrx_word' id='word_1_430' title='bbox 671 3206 822 3269; x_wconf 82' lang='lat' dir='ltr'><strong>Rogat</strong></span> <span class='ocrx_word' id='word_1_431' title='bbox 843 3210 896 3255; x_wconf 89' lang='lat' dir='ltr'><strong>ut</strong></span> <span class='ocrx_word' id='word_1_432' title='bbox 917 3216 1007 3255; x_wconf 79' lang='lat' dir='ltr'><strong>sua</strong></span> <span class='ocrx_word' id='word_1_433' title='bbox 1029 3217 1180 3254; x_wconf 83' lang='lat' dir='ltr'><strong>causa</strong></span> <span class='ocrx_word' id='word_1_434' title='bbox 1201 3217 1418 3256; x_wconf 87' lang='lat' dir='ltr'><strong>amorem</strong></span> <span class='ocrx_word' id='word_1_435' title='bbox 1441 3218 1558 3268; x_wconf 86' lang='lat' dir='ltr'><strong>erga</strong></span> <span class='ocrx_word' id='word_1_436' title='bbox 1578 3206 1802 3270; x_wconf 78' lang='lat' dir='ltr'><strong>fratrem,</strong></span> <span class='ocrx_word' id='word_1_437' title='bbox 1824 3205 1909 3275; x_wconf 86' lang='lat' dir='ltr'><strong>qui</strong></span> <span class='ocrx_word' id='word_1_438' title='bbox 1930 3206 2056 3259; x_wconf 80' lang='lat' dir='ltr'><strong>hanc</strong></span> <span class='ocrx_word' id='word_1_439' title='bbox 2077 3207 2333 3273; x_wconf 81' lang='lat' dir='ltr'><strong>epistolam</strong></span> <span class='ocrx_word' id='word_1_440' title='bbox 2357 3208 2558 3274; x_wconf 68' lang='lat' dir='ltr'><strong>terebat,</strong></span> <span class='ocrx_word' id='word_1_441' title='bbox 2581 3208 2885 3275; x_wconf 74' lang='lat' dir='ltr'><strong>multiplicat.</strong></span> 
     </span>
    </p>
   </div>
   <div class='ocr_carea' id='block_1_64' title="bbox 523 3311 1386 3384">
    <p class='ocr_par' dir='ltr' id='par_1_64' title="bbox 523 3311 1386 3384">
     <span class='ocr_line' id='line_1_64' title="bbox 523 3311 1386 3384; baseline -0.001 -16"><span class='ocrx_word' id='word_1_442' title='bbox 523 3313 984 3383; x_wconf 66' lang='grc' dir='ltr'>Ἀνεπίῃοαεοος,</span> <span class='ocrx_word' id='word_1_443' title='bbox 1021 3311 1121 3365; x_wconf 82' lang='grc' dir='ltr'><strong>ἐπὶ</strong></span> <span class='ocrx_word' id='word_1_444' title='bbox 1161 3312 1386 3384; x_wconf 81' lang='grc' dir='ltr'>οἰκέτῃ.</span> 
     </span>
    </p>
   </div>
   <div class='ocr_carea' id='block_1_65' title="bbox 220 3425 1740 3501">
    <p class='ocr_par' dir='ltr' id='par_1_65' title="bbox 220 3425 1740 3501">
     <span class='ocr_line' id='line_1_65' title="bbox 220 3425 1740 3501; baseline 0 -20"><span class='ocrx_word' id='word_1_445' title='bbox 220 3428 336 3481; x_wconf 76' lang='grc' dir='ltr'><strong>Καὶ</strong></span> <span class='ocrx_word' id='word_1_446' title='bbox 363 3426 481 3491; x_wconf 83' lang='grc' dir='ltr'>πῶς</span> <span class='ocrx_word' id='word_1_447' title='bbox 514 3426 741 3498; x_wconf 71' lang='grc' dir='ltr'>ἔμελλον</span> <span class='ocrx_word' id='word_1_448' title='bbox 781 3425 893 3495; x_wconf 79' lang='grc' dir='ltr'><strong>ἐγὼ</strong></span> <span class='ocrx_word' id='word_1_449' title='bbox 932 3425 1279 3498; x_wconf 86' lang='grc' dir='ltr'>γραμμάτων</span> <span class='ocrx_word' id='word_1_450' title='bbox 1309 3428 1515 3481; x_wconf 82' lang='grc' dir='ltr'>οἰκείαν</span> <span class='ocrx_word' id='word_1_451' title='bbox 1568 3428 1740 3501; x_wconf 83' lang='grc' dir='ltr'>ἀφορ-</span> 
     </span>
    </p>
   </div>
   <div class='ocr_carea' id='block_1_66' title="bbox 153 3519 1743 3595">
    <p class='ocr_par' dir='ltr' id='par_1_66' title="bbox 153 3519 1743 3595">
     <span class='ocr_line' id='line_1_66' title="bbox 153 3519 1743 3595; baseline -0.002 -19"><span class='ocrx_word' id='word_1_452' title='bbox 153 3522 265 3595; x_wconf 78' lang='grc' dir='ltr'>μὴν</span> <span class='ocrx_word' id='word_1_453' title='bbox 288 3519 653 3591; x_wconf 74' lang='grc' dir='ltr'>παρόψεσθαι,</span> <span class='ocrx_word' id='word_1_454' title='bbox 685 3520 781 3574; x_wconf 69' lang='grc' dir='ltr'><strong>καὶ</strong></span> <span class='ocrx_word' id='word_1_455' title='bbox 810 3519 886 3591; x_wconf 81' lang='grc' dir='ltr'>μὴ</span> <span class='ocrx_word' id='word_1_456' title='bbox 910 3522 1200 3591; x_wconf 89' lang='grc' dir='ltr'>προσερεῖν</span> <span class='ocrx_word' id='word_1_457' title='bbox 1236 3520 1348 3590; x_wconf 82' lang='grc'>(95)</span> <span class='ocrx_word' id='word_1_458' title='bbox 1377 3519 1477 3590; x_wconf 81' lang='grc' dir='ltr'>τὴν</span> <span class='ocrx_word' id='word_1_459' title='bbox 1521 3519 1620 3593; x_wconf 79' lang='grc' dir='ltr'>σὴν</span> <span class='ocrx_word' id='word_1_460' title='bbox 1663 3538 1743 3573; x_wconf 87' lang='grc' dir='ltr'>τι-</span> 
     </span>
    </p>
   </div>
   <div class='ocr_carea' id='block_1_67' title="bbox 156 3611 1741 3687">
    <p class='ocr_par' dir='ltr' id='par_1_67' title="bbox 156 3611 1741 3687">
     <span class='ocr_line' id='line_1_67' title="bbox 156 3611 1741 3687; baseline -0.003 -19"><span class='ocrx_word' id='word_1_461' title='bbox 156 3615 412 3687; x_wconf 84' lang='grc' dir='ltr'>μιότητα,</span> <span class='ocrx_word' id='word_1_462' title='bbox 440 3612 597 3667; x_wconf 77' lang='grc' dir='ltr'>τοῦδε</span> <span class='ocrx_word' id='word_1_463' title='bbox 626 3612 764 3685; x_wconf 82' lang='grc' dir='ltr'>πρὸς</span> <span class='ocrx_word' id='word_1_464' title='bbox 790 3613 935 3682; x_wconf 83' lang='grc' dir='ltr'>ὑμᾶς</span> <span class='ocrx_word' id='word_1_465' title='bbox 964 3612 1364 3684; x_wconf 80' lang='grc' dir='ltr'>ἀφικνουμένου</span> <span class='ocrx_word' id='word_1_466' title='bbox 1392 3629 1406 3678; x_wconf 91' lang='grc'><strong>;</strong></span> <span class='ocrx_word' id='word_1_467' title='bbox 1442 3614 1538 3677; x_wconf 88' lang='grc' dir='ltr'>Ὃς</span> <span class='ocrx_word' id='word_1_468' title='bbox 1576 3611 1741 3685; x_wconf 82' lang='grc' dir='ltr'>ἐξήρ-</span> 
     </span>
    </p>
   </div>
   <div class='ocr_carea' id='block_1_68' title="bbox 152 3702 1743 3777">
    <p class='ocr_par' dir='ltr' id='par_1_68' title="bbox 152 3702 1743 3777">
     <span class='ocr_line' id='line_1_68' title="bbox 152 3702 1743 3777; baseline -0.001 -18"><span class='ocrx_word' id='word_1_469' title='bbox 152 3722 243 3759; x_wconf 85' lang='grc' dir='ltr'><strong>κει</strong></span> <span class='ocrx_word' id='word_1_470' title='bbox 273 3706 375 3776; x_wconf 82' lang='grc' dir='ltr'><strong>μὲν</strong></span> <span class='ocrx_word' id='word_1_471' title='bbox 391 3703 485 3758; x_wconf 75' lang='grc' dir='ltr'><strong>καὶ</strong></span> <span class='ocrx_word' id='word_1_472' title='bbox 501 3704 594 3773; x_wconf 77' lang='grc' dir='ltr'>ἀφ’</span> <span class='ocrx_word' id='word_1_473' title='bbox 617 3702 811 3756; x_wconf 80' lang='grc' dir='ltr'>ἑαυτοῦ</span> <span class='ocrx_word' id='word_1_474' title='bbox 838 3705 1011 3756; x_wconf 82' lang='grc' dir='ltr'>εἰπεῖν</span> <span class='ocrx_word' id='word_1_475' title='bbox 1033 3702 1384 3775; x_wconf 84' lang='grc' dir='ltr'>τάήμέτερα,</span> <span class='ocrx_word' id='word_1_476' title='bbox 1409 3704 1504 3758; x_wconf 73' lang='grc' dir='ltr'><strong>καὶ</strong></span> <span class='ocrx_word' id='word_1_477' title='bbox 1524 3704 1625 3776; x_wconf 83' lang='grc' dir='ltr'>τὴν</span> <span class='ocrx_word' id='word_1_478' title='bbox 1644 3707 1743 3777; x_wconf 81' lang='grc' dir='ltr'><strong>τῆς</strong></span> 
     </span>
    </p>
   </div>
   <div class='ocr_carea' id='block_1_69' title="bbox 152 3780 1743 3867">
    <p class='ocr_par' dir='ltr' id='par_1_69' title="bbox 152 3780 1743 3867">
     <span class='ocr_line' id='line_1_69' title="bbox 152 3780 1743 3867; baseline -0.001 -17"><span class='ocrx_word' id='word_1_479' title='bbox 152 3795 448 3867; x_wconf 74' lang='grc' dir='ltr'>ἐπιστολῆς</span> <span class='ocrx_word' id='word_1_480' title='bbox 469 3780 1003 3866; x_wconf 60' lang='grc' dir='ltr'>ἀποπληρῶσαιῖ9ό)</span> <span class='ocrx_word' id='word_1_481' title='bbox 1024 3794 1214 3866; x_wconf 85' lang='grc' dir='ltr'>χρείαν</span> <span class='ocrx_word' id='word_1_482' title='bbox 1237 3809 1252 3824; x_wconf 89' lang='grc'><strong>·</strong></span> <span class='ocrx_word' id='word_1_483' title='bbox 1277 3794 1549 3867; x_wconf 73' lang='grc' dir='ltr'>ἠϐουλήθη</span> <span class='ocrx_word' id='word_1_484' title='bbox 1577 3795 1634 3849; x_wconf 82' lang='grc' dir='ltr'>δὲ</span> <span class='ocrx_word' id='word_1_485' title='bbox 1650 3795 1743 3849; x_wconf 74' lang='grc' dir='ltr'><strong>καὶ</strong></span> 
     </span>
    </p>
   </div>
   <div class='ocr_carea' id='block_1_70' title="bbox 153 3886 1744 3961">
    <p class='ocr_par' dir='ltr' id='par_1_70' title="bbox 153 3886 1744 3961">
     <span class='ocr_line' id='line_1_70' title="bbox 153 3886 1744 3961; baseline 0.008 -24"><span class='ocrx_word' id='word_1_486' title='bbox 153 3888 506 3961; x_wconf 82' lang='grc' dir='ltr'>γραμμάτων</span> <span class='ocrx_word' id='word_1_487' title='bbox 548 3886 795 3950; x_wconf 87' lang='grc' dir='ltr'>διάκονος</span> <span class='ocrx_word' id='word_1_488' title='bbox 840 3887 1114 3955; x_wconf 79' lang='grc' dir='ltr'>γενέσθαι,</span> <span class='ocrx_word' id='word_1_489' title='bbox 1145 3887 1233 3941; x_wconf 78' lang='grc' dir='ltr'><strong>διὰ</strong></span> <span class='ocrx_word' id='word_1_490' title='bbox 1266 3888 1328 3941; x_wconf 88' lang='grc' dir='ltr'>τὸ</span> <span class='ocrx_word' id='word_1_491' title='bbox 1363 3888 1568 3960; x_wconf 86' lang='grc' dir='ltr'>σφόδρα</span> <span class='ocrx_word' id='word_1_492' title='bbox 1596 3889 1744 3960; x_wconf 77' lang='grc' dir='ltr'>ἡμᾶς</span> 
     </span>
    </p>
   </div>
   <div class='ocr_carea' id='block_1_71' title="bbox 154 3980 1746 4054">
    <p class='ocr_par' dir='ltr' id='par_1_71' title="bbox 154 3980 1746 4054">
     <span class='ocr_line' id='line_1_71' title="bbox 154 3980 1746 4054; baseline -0.001 -17"><span class='ocrx_word' id='word_1_493' title='bbox 154 3984 401 4054; x_wconf 85' lang='grc' dir='ltr'>ἀγαπᾷν,</span> <span class='ocrx_word' id='word_1_494' title='bbox 434 3982 528 4036; x_wconf 71' lang='grc' dir='ltr'><strong>καὶ</strong></span> <span class='ocrx_word' id='word_1_495' title='bbox 573 3980 633 4048; x_wconf 74' lang='grc' dir='ltr'>ἐξ</span> <span class='ocrx_word' id='word_1_496' title='bbox 668 3981 795 4052; x_wconf 83' lang='grc' dir='ltr'>ὅλης</span> <span class='ocrx_word' id='word_1_497' title='bbox 825 3980 1004 4052; x_wconf 79' lang='grc' dir='ltr'>ψυχῆς</span> <span class='ocrx_word' id='word_1_498' title='bbox 1035 3981 1395 4053; x_wconf 81' lang='grc' dir='ltr'>προσκεῖσθαι</span> <span class='ocrx_word' id='word_1_499' title='bbox 1424 3984 1576 4053; x_wconf 84' lang='grc' dir='ltr'>ἡμῖν.</span> <span class='ocrx_word' id='word_1_500' title='bbox 1600 3983 1746 4035; x_wconf 81' lang='grc' dir='ltr'><strong>Παν-</strong></span> 
     </span>
    </p>
   </div>
   <div class='ocr_carea' id='block_1_72' title="bbox 154 4074 1744 4147">
    <p class='ocr_par' dir='ltr' id='par_1_72' title="bbox 154 4074 1744 4147">
     <span class='ocr_line' id='line_1_72' title="bbox 154 4074 1744 4147; baseline -0.001 -18"><span class='ocrx_word' id='word_1_501' title='bbox 154 4077 211 4129; x_wconf 73' lang='grc' dir='ltr'><strong>τὶ</strong></span> <span class='ocrx_word' id='word_1_502' title='bbox 225 4075 336 4147; x_wconf 82' lang='grc'><strong>(95)</strong></span> <span class='ocrx_word' id='word_1_503' title='bbox 362 4075 549 4147; x_wconf 86' lang='grc' dir='ltr'>τρόπῳ</span> <span class='ocrx_word' id='word_1_504' title='bbox 571 4076 667 4128; x_wconf 74' lang='grc' dir='ltr'><strong>καὶ</strong></span> <span class='ocrx_word' id='word_1_505' title='bbox 694 4075 763 4128; x_wconf 79' lang='grc' dir='ltr'>τὰ</span> <span class='ocrx_word' id='word_1_506' title='bbox 787 4074 1031 4145; x_wconf 80' lang='grc' dir='ltr'>ὑμέτερα</span> <span class='ocrx_word' id='word_1_507' title='bbox 1054 4076 1277 4145; x_wconf 76' lang='grc' dir='ltr'>ῥήματα</span> <span class='ocrx_word' id='word_1_508' title='bbox 1327 4074 1744 4145; x_wconf 77' lang='grc' dir='ltr'>ἐπικομίζεσθαι</span> 
     </span>
    </p>
   </div>
   <div class='ocr_carea' id='block_1_73' title="bbox 158 4161 1744 4239">
    <p class='ocr_par' dir='ltr' id='par_1_73' title="bbox 158 4161 1744 4239">
     <span class='ocr_line' id='line_1_73' title="bbox 158 4161 1744 4239; baseline -0.002 -18"><span class='ocrx_word' id='word_1_509' title='bbox 158 4167 431 4239; x_wconf 85' lang='grc' dir='ltr'>βούλεται,</span> <span class='ocrx_word' id='word_1_510' title='bbox 459 4168 554 4221; x_wconf 73' lang='grc' dir='ltr'><strong>καὶ</strong></span> <span class='ocrx_word' id='word_1_511' title='bbox 578 4166 707 4238; x_wconf 82' lang='grc' dir='ltr'>ὑμῖν</span> <span class='ocrx_word' id='word_1_512' title='bbox 727 4165 1110 4220; x_wconf 88' lang='grc' dir='ltr'>διακονεῖσθαι.</span> <span class='ocrx_word' id='word_1_513' title='bbox 1145 4165 1456 4236; x_wconf 84' lang='grc' dir='ltr'>Ἐδὼκαμεν</span> <span class='ocrx_word' id='word_1_514' title='bbox 1479 4161 1572 4220; x_wconf 84' lang='grc' dir='ltr'><strong>οὖν</strong></span> <span class='ocrx_word' id='word_1_515' title='bbox 1594 4166 1744 4238; x_wconf 80' lang='grc' dir='ltr'>αὐτῷ</span> 
     </span>
    </p>
   </div>
   <div class='ocr_carea' id='block_1_74' title="bbox 152 4248 1746 4327">
    <p class='ocr_par' dir='ltr' id='par_1_74' title="bbox 152 4248 1746 4327">
     <span class='ocr_line' id='line_1_74' title="bbox 152 4248 1746 4327; baseline 0.003 -21"><span class='ocrx_word' id='word_1_516' title='bbox 152 4254 259 4325; x_wconf 80' lang='grc' dir='ltr'>τὴν</span> <span class='ocrx_word' id='word_1_517' title='bbox 311 4254 621 4327; x_wconf 77' lang='grc' dir='ltr'>ἐπιστολὴν,</span> <span class='ocrx_word' id='word_1_518' title='bbox 671 4253 737 4307; x_wconf 89' lang='grc' dir='ltr'><strong>δι’</strong></span> <span class='ocrx_word' id='word_1_519' title='bbox 781 4248 849 4325; x_wconf 81' lang='grc' dir='ltr'>ἦς</span> <span class='ocrx_word' id='word_1_520' title='bbox 885 4252 1103 4326; x_wconf 82' lang='grc' dir='ltr'>πρῶτον</span> <span class='ocrx_word' id='word_1_521' title='bbox 1160 4255 1260 4326; x_wconf 85' lang='grc' dir='ltr'><strong>μὲν</strong></span> <span class='ocrx_word' id='word_1_522' title='bbox 1313 4257 1441 4327; x_wconf 84' lang='grc' dir='ltr'>ὑμῖν</span> <span class='ocrx_word' id='word_1_523' title='bbox 1474 4256 1746 4327; x_wconf 82' lang='grc' dir='ltr'>εὐχόμεθα</span> 
     </span>
    </p>
   </div>
   <div class='ocr_carea' id='block_1_75' title="bbox 154 4341 1746 4418">
    <p class='ocr_par' dir='ltr' id='par_1_75' title="bbox 154 4341 1746 4418">
     <span class='ocr_line' id='line_1_75' title="bbox 154 4341 1746 4418; baseline 0 -17"><span class='ocrx_word' id='word_1_524' title='bbox 154 4345 339 4401; x_wconf 82' lang='grc' dir='ltr'>πάντα</span> <span class='ocrx_word' id='word_1_525' title='bbox 366 4344 436 4400; x_wconf 85' lang='grc' dir='ltr'><strong>τά</strong></span> <span class='ocrx_word' id='word_1_526' title='bbox 462 4344 664 4414; x_wconf 75' lang='grc' dir='ltr'>ἀγαθὰ,</span> <span class='ocrx_word' id='word_1_527' title='bbox 701 4345 796 4399; x_wconf 83' lang='grc' dir='ltr'>ἆτε</span> <span class='ocrx_word' id='word_1_528' title='bbox 823 4347 852 4399; x_wconf 95' lang='lat'><strong>6</strong></span> <span class='ocrx_word' id='word_1_529' title='bbox 877 4345 991 4416; x_wconf 87' lang='grc' dir='ltr'>βίος</span> <span class='ocrx_word' id='word_1_530' title='bbox 1020 4341 1176 4410; x_wconf 77' lang='grc' dir='ltr'>οὗτος</span> <span class='ocrx_word' id='word_1_531' title='bbox 1208 4346 1343 4418; x_wconf 72' lang='grc' dir='ltr'>ἔχει,</span> <span class='ocrx_word' id='word_1_532' title='bbox 1390 4348 1485 4401; x_wconf 70' lang='grc' dir='ltr'><strong>καὶ</strong></span> <span class='ocrx_word' id='word_1_533' title='bbox 1527 4348 1628 4401; x_wconf 84' lang='grc' dir='ltr'><strong>ὅσα</strong></span> <span class='ocrx_word' id='word_1_534' title='bbox 1654 4347 1746 4402; x_wconf 79' lang='grc' dir='ltr'><strong>τὸν</strong></span> 
     </span>
    </p>
   </div>
   <div class='ocr_carea' id='block_1_76' title="bbox 156 4438 1744 4511">
    <p class='ocr_par' dir='ltr' id='par_1_76' title="bbox 156 4438 1744 4511">
     <span class='ocr_line' id='line_1_76' title="bbox 156 4438 1744 4511; baseline 0 -18"><span class='ocrx_word' id='word_1_535' title='bbox 156 4441 218 4493; x_wconf 81' lang='grc' dir='ltr'>ὲν</span> <span class='ocrx_word' id='word_1_536' title='bbox 266 4441 389 4503; x_wconf 86' lang='grc' dir='ltr'>ταῖς</span> <span class='ocrx_word' id='word_1_537' title='bbox 443 4438 555 4511; x_wconf 83' lang='grc'>(96)</span> <span class='ocrx_word' id='word_1_538' title='bbox 591 4438 951 4508; x_wconf 76' lang='grc' dir='ltr'>ἐπαγγελίαις</span> <span class='ocrx_word' id='word_1_539' title='bbox 999 4438 1350 4511; x_wconf 77' lang='grc' dir='ltr'>μακαρισμὸν</span> <span class='ocrx_word' id='word_1_540' title='bbox 1399 4438 1744 4510; x_wconf 85' lang='grc' dir='ltr'>ἀποκείμενα</span> 
     </span>
    </p>
   </div>
   <div class='ocr_carea' id='block_1_77' title="bbox 157 4530 1747 4603">
    <p class='ocr_par' dir='ltr' id='par_1_77' title="bbox 157 4530 1747 4603">
     <span class='ocr_line' id='line_1_77' title="bbox 157 4530 1747 4603; baseline 0 -18"><span class='ocrx_word' id='word_1_541' title='bbox 157 4532 447 4602; x_wconf 78' lang='grc' dir='ltr'>φυλάσσει·</span> <span class='ocrx_word' id='word_1_542' title='bbox 492 4532 685 4586; x_wconf 74' lang='grc' dir='ltr'>ἔπειτα</span> <span class='ocrx_word' id='word_1_543' title='bbox 708 4533 804 4586; x_wconf 68' lang='grc' dir='ltr'>καὶ</span> <span class='ocrx_word' id='word_1_544' title='bbox 837 4530 1071 4603; x_wconf 88' lang='grc' dir='ltr'>δεόμεθα</span> <span class='ocrx_word' id='word_1_545' title='bbox 1104 4530 1198 4584; x_wconf 79' lang='grc' dir='ltr'>τοῦ</span> <span class='ocrx_word' id='word_1_546' title='bbox 1233 4531 1391 4599; x_wconf 85' lang='grc' dir='ltr'>ἁγίου</span> <span class='ocrx_word' id='word_1_547' title='bbox 1429 4531 1565 4585; x_wconf 86' lang='grc' dir='ltr'>Θεοῦ</span> <span class='ocrx_word' id='word_1_548' title='bbox 1599 4533 1747 4585; x_wconf 87' lang='grc' dir='ltr'>οίκο-</span> 
     </span>
    </p>
   </div>
   <div class='ocr_carea' id='block_1_78' title="bbox 158 4619 1747 4692">
    <p class='ocr_par' dir='ltr' id='par_1_78' title="bbox 158 4619 1747 4692">
     <span class='ocr_line' id='line_1_78' title="bbox 158 4619 1747 4692; baseline 0.001 -19"><span class='ocrx_word' id='word_1_549' title='bbox 158 4619 464 4692; x_wconf 75' lang='grc' dir='ltr'>νομηθῆναι</span> <span class='ocrx_word' id='word_1_550' title='bbox 489 4619 746 4692; x_wconf 88' lang='grc' dir='ltr'>δεύτερον</span> <span class='ocrx_word' id='word_1_551' title='bbox 774 4621 909 4692; x_wconf 82' lang='grc' dir='ltr'>ἡμῖν</span> <span class='ocrx_word' id='word_1_552' title='bbox 948 4619 1048 4692; x_wconf 84' lang='grc' dir='ltr'>τὴν</span> <span class='ocrx_word' id='word_1_553' title='bbox 1085 4620 1378 4692; x_wconf 84' lang='grc' dir='ltr'>συντυχίαν</span> <span class='ocrx_word' id='word_1_554' title='bbox 1423 4620 1596 4692; x_wconf 85' lang='grc' dir='ltr'>ὑμῶν,</span> <span class='ocrx_word' id='word_1_555' title='bbox 1641 4621 1747 4687; x_wconf 76' lang='grc' dir='ltr'><strong>ἕως</strong></span> 
     </span>
    </p>
   </div>
   <div class='ocr_carea' id='block_1_79' title="bbox 2163 3315 3151 3407">
    <p class='ocr_par' dir='ltr' id='par_1_79' title="bbox 2163 3315 3151 3407">
     <span class='ocr_line' id='line_1_79' title="bbox 2163 3315 3151 3407; baseline 0.007 -37"><span class='ocrx_word' id='word_1_556' title='bbox 2163 3315 2287 3371; x_wconf 85' lang='lat' dir='ltr'><strong>Sine</strong></span> <span class='ocrx_word' id='word_1_557' title='bbox 2325 3317 2706 3387; x_wconf 75' lang='lat' dir='ltr'><strong>inscriptione,</strong></span> <span class='ocrx_word' id='word_1_558' title='bbox 2746 3336 2843 3389; x_wconf 83' lang='lat' dir='ltr'><strong>pro</strong></span> <span class='ocrx_word' id='word_1_559' title='bbox 2884 3319 3115 3389; x_wconf 80' lang='lat' dir='ltr'><strong>famulo.</strong></span> <span class='ocrx_word' id='word_1_560' title='bbox 3138 3392 3151 3407; x_wconf 30' lang='grc' dir='ltr'>λ</span> 
     </span>
    </p>
   </div>
   <div class='ocr_carea' id='block_1_80' title="bbox 1913 3425 3428 3501">
    <p class='ocr_par' dir='ltr' id='par_1_80' title="bbox 1913 3425 3428 3501">
     <span class='ocr_line' id='line_1_80' title="bbox 1913 3425 3428 3501; baseline 0.009 -21"><span class='ocrx_word' id='word_1_561' title='bbox 1913 3425 1980 3480; x_wconf 87' lang='lat' dir='ltr'><strong>Et</strong></span> <span class='ocrx_word' id='word_1_562' title='bbox 2032 3429 2309 3499; x_wconf 89' lang='lat' dir='ltr'><strong>quomodo</strong></span> <span class='ocrx_word' id='word_1_563' title='bbox 2353 3444 2453 3501; x_wconf 92' lang='lat' dir='ltr'><strong>ego</strong></span> <span class='ocrx_word' id='word_1_564' title='bbox 2508 3429 2869 3488; x_wconf 90' lang='lat' dir='ltr'><strong>domesticam</strong></span> <span class='ocrx_word' id='word_1_565' title='bbox 2927 3433 3203 3490; x_wconf 88' lang='lat' dir='ltr'><strong>scribendi</strong></span> <span class='ocrx_word' id='word_1_566' title='bbox 3261 3451 3428 3493; x_wconf 81' lang='lat' dir='ltr'><strong>occa-</strong></span> 
     </span>
    </p>
   </div>
   <div class='ocr_carea' id='block_1_81' title="bbox 1844 3518 3432 3601">
    <p class='ocr_par' dir='ltr' id='par_1_81' title="bbox 1844 3518 3432 3601">
     <span class='ocr_line' id='line_1_81' title="bbox 1844 3518 3432 3601; baseline 0.006 -26"><span class='ocrx_word' id='word_1_567' title='bbox 1844 3518 2057 3575; x_wconf 87' lang='lat' dir='ltr'><strong>sionem</strong></span> <span class='ocrx_word' id='word_1_568' title='bbox 2113 3521 2469 3592; x_wconf 84' lang='lat' dir='ltr'><strong>negligerem,</strong></span> <span class='ocrx_word' id='word_1_569' title='bbox 2511 3538 2613 3578; x_wconf 93' lang='lat' dir='ltr'><strong>nec</strong></span> <span class='ocrx_word' id='word_1_570' title='bbox 2660 3531 2812 3579; x_wconf 90' lang='lat' dir='ltr'><strong>tuam</strong></span> <span class='ocrx_word' id='word_1_571' title='bbox 2859 3524 3157 3581; x_wconf 85' lang='lat' dir='ltr'><strong>salutarem</strong></span> <span class='ocrx_word' id='word_1_572' title='bbox 3190 3528 3432 3601; x_wconf 84' lang='lat' dir='ltr'><strong>dignita-</strong></span> 
     </span>
    </p>
   </div>
   <div class='ocr_carea' id='block_1_82' title="bbox 1846 3615 3434 3696">
    <p class='ocr_par' dir='ltr' id='par_1_82' title="bbox 1846 3615 3434 3696">
     <span class='ocr_line' id='line_1_82' title="bbox 1846 3615 3434 3696; baseline 0.007 -27"><span class='ocrx_word' id='word_1_573' title='bbox 1846 3622 1975 3683; x_wconf 90' lang='lat' dir='ltr'><strong>tem,</strong></span> <span class='ocrx_word' id='word_1_574' title='bbox 2010 3615 2116 3671; x_wconf 91' lang='lat' dir='ltr'><strong>hoc</strong></span> <span class='ocrx_word' id='word_1_575' title='bbox 2168 3616 2238 3671; x_wconf 88' lang='lat' dir='ltr'><strong>ad</strong></span> <span class='ocrx_word' id='word_1_576' title='bbox 2268 3631 2367 3672; x_wconf 80' lang='lat' dir='ltr'><strong>vos</strong></span> <span class='ocrx_word' id='word_1_577' title='bbox 2405 3617 2836 3688; x_wconf 84' lang='lat' dir='ltr'><strong>proﬁciscente?</strong></span> <span class='ocrx_word' id='word_1_578' title='bbox 2866 3618 2971 3687; x_wconf 85' lang='lat' dir='ltr'><strong>Qui</strong></span> <span class='ocrx_word' id='word_1_579' title='bbox 3009 3621 3229 3692; x_wconf 86' lang='lat' dir='ltr'><strong>quidem</strong></span> <span class='ocrx_word' id='word_1_580' title='bbox 3253 3632 3305 3679; x_wconf 91' lang='lat' dir='ltr'><strong>et</strong></span> <span class='ocrx_word' id='word_1_581' title='bbox 3336 3640 3434 3696; x_wconf 92' lang='lat' dir='ltr'><strong>per</strong></span> 
     </span>
    </p>
   </div>
   <div class='ocr_carea' id='block_1_83' title="bbox 1846 3712 3433 3786">
    <p class='ocr_par' dir='ltr' id='par_1_83' title="bbox 1846 3712 3433 3786">
     <span class='ocr_line' id='line_1_83' title="bbox 1846 3712 3433 3786; baseline 0.006 -23"><span class='ocrx_word' id='word_1_582' title='bbox 1846 3722 1905 3763; x_wconf 90' lang='lat' dir='ltr'><strong>se</strong></span> <span class='ocrx_word' id='word_1_583' title='bbox 1964 3715 2154 3780; x_wconf 91' lang='lat' dir='ltr'><strong>posset</strong></span> <span class='ocrx_word' id='word_1_584' title='bbox 2216 3714 2410 3763; x_wconf 89' lang='lat' dir='ltr'><strong>nostra</strong></span> <span class='ocrx_word' id='word_1_585' title='bbox 2469 3723 2735 3779; x_wconf 87' lang='lat' dir='ltr'><strong>narrare,</strong></span> <span class='ocrx_word' id='word_1_586' title='bbox 2791 3712 3217 3786; x_wconf 86' lang='lat' dir='ltr'><strong>litterarumque</strong></span> <span class='ocrx_word' id='word_1_587' title='bbox 3255 3716 3433 3772; x_wconf 82' lang='lat' dir='ltr'><strong>vicem</strong></span> 
     </span>
    </p>
   </div>
   <div class='ocr_carea' id='block_1_84' title="bbox 1845 3798 3431 3876">
    <p class='ocr_par' dir='ltr' id='par_1_84' title="bbox 1845 3798 3431 3876">
     <span class='ocr_line' id='line_1_84' title="bbox 1845 3798 3431 3876; baseline 0.007 -23"><span class='ocrx_word' id='word_1_588' title='bbox 1845 3799 2076 3868; x_wconf 80' lang='lat' dir='ltr'><strong>explere</strong></span> <span class='ocrx_word' id='word_1_589' title='bbox 2146 3816 2161 3852; x_wconf 89' lang='lat'><strong>:</strong></span> <span class='ocrx_word' id='word_1_590' title='bbox 2224 3798 2401 3854; x_wconf 76' lang='lat' dir='ltr'><strong>voluit</strong></span> <span class='ocrx_word' id='word_1_591' title='bbox 2445 3806 2629 3855; x_wconf 90' lang='lat' dir='ltr'><strong>tamen</strong></span> <span class='ocrx_word' id='word_1_592' title='bbox 2682 3801 2896 3859; x_wconf 87' lang='lat' dir='ltr'><strong>litteras</strong></span> <span class='ocrx_word' id='word_1_593' title='bbox 2938 3805 3101 3860; x_wconf 89' lang='lat' dir='ltr'><strong>etiam</strong></span> <span class='ocrx_word' id='word_1_594' title='bbox 3164 3806 3431 3876; x_wconf 79' lang='lat' dir='ltr'><strong>perferre.</strong></span> 
     </span>
    </p>
   </div>
   <div class='ocr_carea' id='block_1_85' title="bbox 1844 3889 3434 3962">
    <p class='ocr_par' dir='ltr' id='par_1_85' title="bbox 1844 3889 3434 3962">
     <span class='ocr_line' id='line_1_85' title="bbox 1844 3889 3434 3962; baseline 0.008 -19"><span class='ocrx_word' id='word_1_595' title='bbox 1844 3902 1910 3943; x_wconf 92' lang='lat' dir='ltr'><strong>eo</strong></span> <span class='ocrx_word' id='word_1_596' title='bbox 1948 3889 2096 3959; x_wconf 91' lang='lat' dir='ltr'><strong>quod</strong></span> <span class='ocrx_word' id='word_1_597' title='bbox 2147 3904 2236 3945; x_wconf 89' lang='lat' dir='ltr'><strong>me</strong></span> <span class='ocrx_word' id='word_1_598' title='bbox 2283 3890 2640 3946; x_wconf 86' lang='lat' dir='ltr'><strong>vehementer</strong></span> <span class='ocrx_word' id='word_1_599' title='bbox 2675 3889 2889 3962; x_wconf 88' lang='lat' dir='ltr'><strong>diligat,</strong></span> <span class='ocrx_word' id='word_1_600' title='bbox 2941 3910 3008 3951; x_wconf 92' lang='lat' dir='ltr'><strong>ac</strong></span> <span class='ocrx_word' id='word_1_601' title='bbox 3038 3896 3175 3953; x_wconf 86' lang='lat' dir='ltr'><strong>mihi</strong></span> <span class='ocrx_word' id='word_1_602' title='bbox 3216 3914 3282 3954; x_wconf 81' lang='lat' dir='ltr'><strong>ex</strong></span> <span class='ocrx_word' id='word_1_603' title='bbox 3315 3907 3434 3955; x_wconf 92' lang='lat' dir='ltr'><strong>toto</strong></span> 
     </span>
    </p>
   </div>
   <div class='ocr_carea' id='block_1_86' title="bbox 1846 3979 3434 4063">
    <p class='ocr_par' dir='ltr' id='par_1_86' title="bbox 1846 3979 3434 4063">
     <span class='ocr_line' id='line_1_86' title="bbox 1846 3979 3434 4063; baseline 0.009 -30"><span class='ocrx_word' id='word_1_604' title='bbox 1846 3980 2032 4036; x_wconf 90' lang='lat' dir='ltr'><strong>animo</strong></span> <span class='ocrx_word' id='word_1_605' title='bbox 2065 3979 2260 4037; x_wconf 81' lang='lat' dir='ltr'><strong>allixus</strong></span> <span class='ocrx_word' id='word_1_606' title='bbox 2296 3981 2387 4037; x_wconf 90' lang='lat' dir='ltr'><strong>sit.</strong></span> <span class='ocrx_word' id='word_1_607' title='bbox 2436 3981 2600 4053; x_wconf 89' lang='lat' dir='ltr'><strong>Cupit</strong></span> <span class='ocrx_word' id='word_1_608' title='bbox 2633 3984 2859 4041; x_wconf 89' lang='lat' dir='ltr'><strong>omnino</strong></span> <span class='ocrx_word' id='word_1_609' title='bbox 2900 3995 2958 4041; x_wconf 85' lang='lat' dir='ltr'><strong>et</strong></span> <span class='ocrx_word' id='word_1_610' title='bbox 3012 3998 3169 4045; x_wconf 91' lang='lat' dir='ltr'><strong>tuum</strong></span> <span class='ocrx_word' id='word_1_611' title='bbox 3197 4006 3434 4063; x_wconf 86' lang='lat' dir='ltr'><strong>respon-</strong></span> 
     </span>
    </p>
   </div>
   <div class='ocr_carea' id='block_1_87' title="bbox 1848 4071 3435 4148">
    <p class='ocr_par' dir='ltr' id='par_1_87' title="bbox 1848 4071 3435 4148">
     <span class='ocr_line' id='line_1_87' title="bbox 1848 4071 3435 4148; baseline 0.008 -23"><span class='ocrx_word' id='word_1_612' title='bbox 1848 4086 1970 4125; x_wconf 92' lang='lat' dir='ltr'><strong>sum</strong></span> <span class='ocrx_word' id='word_1_613' title='bbox 2009 4071 2250 4139; x_wconf 82' lang='lat' dir='ltr'><strong>referre,</strong></span> <span class='ocrx_word' id='word_1_614' title='bbox 2299 4080 2355 4128; x_wconf 91' lang='lat' dir='ltr'><strong>et</strong></span> <span class='ocrx_word' id='word_1_615' title='bbox 2395 4073 2495 4128; x_wconf 88' lang='lat' dir='ltr'><strong>tibi</strong></span> <span class='ocrx_word' id='word_1_616' title='bbox 2539 4089 2694 4128; x_wconf 87' lang='lat' dir='ltr'><strong>suam</strong></span> <span class='ocrx_word' id='word_1_617' title='bbox 2732 4091 2956 4147; x_wconf 88' lang='lat' dir='ltr'><strong>operam</strong></span> <span class='ocrx_word' id='word_1_618' title='bbox 3000 4089 3284 4148; x_wconf 80' lang='lat' dir='ltr'><strong>praestare.</strong></span> <span class='ocrx_word' id='word_1_619' title='bbox 3322 4083 3435 4138; x_wconf 82' lang='lat' dir='ltr'><strong>Ita-</strong></span> 
     </span>
    </p>
   </div>
   <div class='ocr_carea' id='block_1_88' title="bbox 1846 4164 3435 4241">
    <p class='ocr_par' dir='ltr' id='par_1_88' title="bbox 1846 4164 3435 4241">
     <span class='ocr_line' id='line_1_88' title="bbox 1846 4164 3435 4241; baseline 0.008 -22"><span class='ocrx_word' id='word_1_620' title='bbox 1846 4179 1954 4235; x_wconf 91' lang='lat' dir='ltr'><strong>que</strong></span> <span class='ocrx_word' id='word_1_621' title='bbox 2005 4164 2058 4220; x_wconf 90' lang='lat' dir='ltr'><strong>ei</strong></span> <span class='ocrx_word' id='word_1_622' title='bbox 2105 4165 2232 4220; x_wconf 90' lang='lat' dir='ltr'><strong>dedi</strong></span> <span class='ocrx_word' id='word_1_623' title='bbox 2283 4164 2611 4236; x_wconf 86' lang='lat' dir='ltr'><strong>epistolam,</strong></span> <span class='ocrx_word' id='word_1_624' title='bbox 2661 4183 2768 4237; x_wconf 86' lang='lat' dir='ltr'><strong>qua</strong></span> <span class='ocrx_word' id='word_1_625' title='bbox 2823 4168 2923 4223; x_wconf 89' lang='lat' dir='ltr'><strong>tibi</strong></span> <span class='ocrx_word' id='word_1_626' title='bbox 2980 4172 3219 4241; x_wconf 88' lang='lat' dir='ltr'><strong>primum</strong></span> <span class='ocrx_word' id='word_1_627' title='bbox 3293 4175 3435 4231; x_wconf 90' lang='lat' dir='ltr'><strong>bona</strong></span> 
     </span>
    </p>
   </div>
   <div class='ocr_carea' id='block_1_89' title="bbox 1848 4258 3434 4332">
    <p class='ocr_par' dir='ltr' id='par_1_89' title="bbox 1848 4258 3434 4332">
     <span class='ocr_line' id='line_1_89' title="bbox 1848 4258 3434 4332; baseline 0.008 -20"><span class='ocrx_word' id='word_1_628' title='bbox 1848 4258 2032 4313; x_wconf 89' lang='lat' dir='ltr'><strong>omnia</strong></span> <span class='ocrx_word' id='word_1_629' title='bbox 2089 4274 2306 4329; x_wconf 85' lang='lat' dir='ltr'><strong>precor,</strong></span> <span class='ocrx_word' id='word_1_630' title='bbox 2369 4267 2488 4313; x_wconf 89' lang='lat' dir='ltr'><strong>tum</strong></span> <span class='ocrx_word' id='word_1_631' title='bbox 2544 4275 2669 4330; x_wconf 65' lang='lat' dir='ltr'><strong>quae</strong></span> <span class='ocrx_word' id='word_1_632' title='bbox 2727 4261 2843 4316; x_wconf 67' lang='lat' dir='ltr'><strong>haec</strong></span> <span class='ocrx_word' id='word_1_633' title='bbox 2907 4263 3019 4318; x_wconf 84' lang='lat' dir='ltr'><strong>vita</strong></span> <span class='ocrx_word' id='word_1_634' title='bbox 3075 4265 3264 4332; x_wconf 90' lang='lat' dir='ltr'><strong>habet,</strong></span> <span class='ocrx_word' id='word_1_635' title='bbox 3317 4275 3434 4324; x_wconf 91' lang='lat' dir='ltr'><strong>tum</strong></span> 
     </span>
    </p>
   </div>
   <div class='ocr_carea' id='block_1_90' title="bbox 1848 4351 3430 4427">
    <p class='ocr_par' dir='ltr' id='par_1_90' title="bbox 1848 4351 3430 4427">
     <span class='ocr_line' id='line_1_90' title="bbox 1848 4351 3430 4427; baseline 0.008 -24"><span class='ocrx_word' id='word_1_636' title='bbox 1848 4364 1972 4419; x_wconf 61' lang='lat' dir='ltr'><strong>qua:</strong></span> <span class='ocrx_word' id='word_1_637' title='bbox 2025 4351 2358 4420; x_wconf 89' lang='lat' dir='ltr'><strong>promissam</strong></span> <span class='ocrx_word' id='word_1_638' title='bbox 2405 4351 2802 4409; x_wconf 88' lang='lat' dir='ltr'><strong>beatitudinem</strong></span> <span class='ocrx_word' id='word_1_639' title='bbox 2849 4357 3093 4427; x_wconf 89' lang='lat' dir='ltr'><strong>reposita</strong></span> <span class='ocrx_word' id='word_1_640' title='bbox 3141 4369 3364 4415; x_wconf 85' lang='lat' dir='ltr'><strong>servant</strong></span> <span class='ocrx_word' id='word_1_641' title='bbox 3416 4378 3430 4416; x_wconf 88' lang='lat'><strong>:</strong></span> 
     </span>
    </p>
   </div>
   <div class='ocr_carea' id='block_1_91' title="bbox 1849 4439 3435 4519">
    <p class='ocr_par' dir='ltr' id='par_1_91' title="bbox 1849 4439 3435 4519">
     <span class='ocr_line' id='line_1_91' title="bbox 1849 4439 3435 4519; baseline 0.009 -26"><span class='ocrx_word' id='word_1_642' title='bbox 1849 4439 2045 4495; x_wconf 89' lang='lat' dir='ltr'><strong>deinde</strong></span> <span class='ocrx_word' id='word_1_643' title='bbox 2078 4442 2245 4497; x_wconf 91' lang='lat' dir='ltr'><strong>etiam</strong></span> <span class='ocrx_word' id='word_1_644' title='bbox 2287 4441 2458 4497; x_wconf 90' lang='lat' dir='ltr'><strong>Deum</strong></span> <span class='ocrx_word' id='word_1_645' title='bbox 2496 4450 2748 4500; x_wconf 89' lang='lat' dir='ltr'><strong>sanctum</strong></span> <span class='ocrx_word' id='word_1_646' title='bbox 2790 4462 2948 4519; x_wconf 87' lang='lat' dir='ltr'><strong>rogo,</strong></span> <span class='ocrx_word' id='word_1_647' title='bbox 2989 4457 3050 4503; x_wconf 92' lang='lat' dir='ltr'><strong>ut</strong></span> <span class='ocrx_word' id='word_1_648' title='bbox 3093 4466 3160 4505; x_wconf 91' lang='lat' dir='ltr'><strong>eo</strong></span> <span class='ocrx_word' id='word_1_649' title='bbox 3204 4451 3282 4505; x_wconf 86' lang='lat' dir='ltr'><strong>ita</strong></span> <span class='ocrx_word' id='word_1_650' title='bbox 3321 4450 3435 4508; x_wconf 90' lang='lat' dir='ltr'><strong>dis-</strong></span> 
     </span>
    </p>
   </div>
   <div class='ocr_carea' id='block_1_92' title="bbox 1850 4535 3436 4612">
    <p class='ocr_par' dir='ltr' id='par_1_92' title="bbox 1850 4535 3436 4612">
     <span class='ocr_line' id='line_1_92' title="bbox 1850 4535 3436 4612; baseline 0.01 -27"><span class='ocrx_word' id='word_1_651' title='bbox 1850 4540 2118 4602; x_wconf 88' lang='lat' dir='ltr'><strong>pensante</strong></span> <span class='ocrx_word' id='word_1_652' title='bbox 2174 4535 2374 4590; x_wconf 87' lang='lat' dir='ltr'><strong>iterum</strong></span> <span class='ocrx_word' id='word_1_653' title='bbox 2441 4536 2727 4593; x_wconf 83' lang='lat' dir='ltr'><strong>vobiscum</strong></span> <span class='ocrx_word' id='word_1_654' title='bbox 2806 4542 3250 4612; x_wconf 85' lang='lat' dir='ltr'><strong>congrediamur,</strong></span> <span class='ocrx_word' id='word_1_655' title='bbox 3307 4544 3436 4601; x_wconf 89' lang='lat' dir='ltr'><strong>dum</strong></span> 
     </span>
    </p>
   </div>
   <div class='ocr_carea' id='block_1_93' title="bbox 1857 4623 3436 4704">
    <p class='ocr_par' dir='ltr' id='par_1_93' title="bbox 1857 4623 3436 4704">
     <span class='ocr_line' id='line_1_93' title="bbox 1857 4623 3436 4704; baseline 0.011 -27"><span class='ocrx_word' id='word_1_656' title='bbox 1857 4623 1914 4677; x_wconf 92' lang='lat' dir='ltr'><strong>in</strong></span> <span class='ocrx_word' id='word_1_657' title='bbox 1962 4631 2112 4680; x_wconf 89' lang='lat' dir='ltr'><strong>terra</strong></span> <span class='ocrx_word' id='word_1_658' title='bbox 2165 4642 2478 4683; x_wconf 83' lang='lat' dir='ltr'><strong>versamur.</strong></span> <span class='ocrx_word' id='word_1_659' title='bbox 2536 4630 2843 4697; x_wconf 78' lang='lat' dir='ltr'><strong>Caeterum,</strong></span> <span class='ocrx_word' id='word_1_660' title='bbox 2889 4633 3025 4704; x_wconf 89' lang='lat' dir='ltr'><strong>quin</strong></span> <span class='ocrx_word' id='word_1_661' title='bbox 3068 4650 3198 4704; x_wconf 86' lang='lat' dir='ltr'><strong>erga</strong></span> <span class='ocrx_word' id='word_1_662' title='bbox 3241 4652 3436 4695; x_wconf 89' lang='lat' dir='ltr'><strong>memo-</strong></span> 
     </span>
    </p>
   </div>
   <div class='ocr_carea' id='block_1_94' title="bbox 234 4774 1758 4858">
    <p class='ocr_par' dir='ltr' id='par_1_94' title="bbox 234 4774 1750 4858">
     <span class='ocr_line' id='line_1_94' title="bbox 234 4774 1750 4858; baseline 0.005 -29"><span class='ocrx_word' id='word_1_663' title='bbox 234 4774 348 4858; x_wconf 64' lang='grc' dir='ltr'>(ξἰ)</span> <span class='ocrx_word' id='word_1_664' title='bbox 390 4775 731 4858; x_wconf 42' lang='lat' dir='ltr'><strong>remigat&quot;,</strong></span> <span class='ocrx_word' id='word_1_665' title='bbox 771 4777 1134 4858; x_wconf 43' lang='grc' dir='ltr'>πεφύκασιν.</span> <span class='ocrx_word' id='word_1_666' title='bbox 1171 4776 1292 4858; x_wconf 77' lang='lat' dir='ltr'><strong>_Sic</strong></span> <span class='ocrx_word' id='word_1_667' title='bbox 1325 4784 1449 4858; x_wconf 34' lang='lat' dir='ltr'><strong>‘trc_s</strong></span> <span class='ocrx_word' id='word_1_668' title='bbox 1489 4780 1750 4858; x_wconf 75' lang='lat' dir='ltr'><strong>vetustis-</strong></span> 
     </span>
    </p>
   </div>
   <div class='ocr_carea' id='block_1_95' title="bbox 1852 4774 3213 4858">
    <p class='ocr_par' dir='ltr' id='par_1_95' title="bbox 1854 4782 3213 4858">
     <span class='ocr_line' id='line_1_95' title="bbox 1854 4782 3213 4858; baseline 0.009 -23"><span class='ocrx_word' id='word_1_669' title='bbox 1854 4782 2042 4858; x_wconf 67' lang='lat' dir='ltr'><strong>ctripoz</strong></span> <span class='ocrx_word' id='word_1_670' title='bbox 2073 4782 2302 4858; x_wconf 69' lang='lat' dir='ltr'><strong>Patrum</strong></span> <span class='ocrx_word' id='word_1_671' title='bbox 2336 4788 2542 4858; x_wconf 60' lang='lat' dir='ltr'><strong>uerique</strong></span> <span class='ocrx_word' id='word_1_672' title='bbox 2568 4804 2751 4843; x_wconf 88' lang='lat' dir='ltr'><strong>eorum</strong></span> <span class='ocrx_word' id='word_1_673' title='bbox 2780 4806 2965 4845; x_wconf 74' lang='lat' dir='ltr'><strong>sensus</strong></span> <span class='ocrx_word' id='word_1_674' title='bbox 2995 4792 3213 4847; x_wconf 79' lang='lat' dir='ltr'><strong>arbiter.</strong></span> 
     </span>
    </p>
   </div>
   <div class='ocr_carea' id='block_1_96' title="bbox 159 4845 1744 4920">
    <p class='ocr_par' dir='ltr' id='par_1_96' title="bbox 159 4845 1744 4920">
     <span class='ocr_line' id='line_1_96' title="bbox 159 4845 1744 4920; baseline 0.001 -18"><span class='ocrx_word' id='word_1_675' title='bbox 159 4846 289 4920; x_wconf 79' lang='lat' dir='ltr'><strong>simi</strong></span> <span class='ocrx_word' id='word_1_676' title='bbox 309 4846 551 4920; x_wconf 73' lang='lat' dir='ltr'><strong>codices.</strong></span> <span class='ocrx_word' id='word_1_677' title='bbox 573 4845 716 4901; x_wconf 83' lang='lat' dir='ltr'><strong>Editi</strong></span> <span class='ocrx_word' id='word_1_678' title='bbox 745 4845 1077 4920; x_wconf 75' lang='grc' dir='ltr'>τοιαύτη</span> <span class='ocrx_word' id='word_1_679' title='bbox 1108 4849 1142 4919; x_wconf 81' lang='grc' dir='ltr'><strong>ἡ</strong></span> <span class='ocrx_word' id='word_1_680' title='bbox 1167 4848 1255 4901; x_wconf 77' lang='grc' dir='ltr'><strong>ἐπ’</strong></span> <span class='ocrx_word' id='word_1_681' title='bbox 1278 4848 1464 4912; x_wconf 81' lang='grc' dir='ltr'>αὐτοῖς</span> <span class='ocrx_word' id='word_1_682' title='bbox 1487 4849 1744 4920; x_wconf 84' lang='grc' dir='ltr'>μνήμη...</span> 
     </span>
    </p>
   </div>
   <div class='ocr_carea' id='block_1_97' title="bbox 160 4915 1743 4986">
    <p class='ocr_par' dir='ltr' id='par_1_97' title="bbox 160 4915 1743 4986">
     <span class='ocr_line' id='line_1_97' title="bbox 160 4915 1743 4986; baseline 0.001 -15"><span class='ocrx_word' id='word_1_683' title='bbox 160 4917 400 4986; x_wconf 81' lang='grc' dir='ltr'>πέφυκε.</span> <span class='ocrx_word' id='word_1_684' title='bbox 452 4915 667 4973; x_wconf 85' lang='lat' dir='ltr'><strong>Habent</strong></span> <span class='ocrx_word' id='word_1_685' title='bbox 704 4917 866 4986; x_wconf 88' lang='lat' dir='ltr'><strong>etiam</strong></span> <span class='ocrx_word' id='word_1_686' title='bbox 901 4915 988 4971; x_wconf 81' lang='grc' dir='ltr'><strong>ἐπ’</strong></span> <span class='ocrx_word' id='word_1_687' title='bbox 1020 4915 1210 4982; x_wconf 81' lang='grc' dir='ltr'>αὐταῖς</span> <span class='ocrx_word' id='word_1_688' title='bbox 1257 4933 1349 4973; x_wconf 79' lang='lat' dir='ltr'><strong>sex</strong></span> <span class='ocrx_word' id='word_1_689' title='bbox 1391 4915 1743 4976; x_wconf 57' lang='lat' dir='ltr'><strong>alii&#39;co-It&#39;ic&#39;es.</strong></span> 
     </span>
    </p>
   </div>
   <div class='ocr_carea' id='block_1_98' title="bbox 236 4985 1744 5057">
    <p class='ocr_par' dir='ltr' id='par_1_98' title="bbox 236 4985 1744 5057">
     <span class='ocr_line' id='line_1_98' title="bbox 236 4985 1744 5057; baseline 0.003 -17"><span class='ocrx_word' id='word_1_690' title='bbox 236 4986 349 5057; x_wconf 89' lang='lat'><strong>(88)</strong></span> <span class='ocrx_word' id='word_1_691' title='bbox 417 4986 725 5057; x_wconf 78' lang='grc' dir='ltr'>Ἑμαυτόν.</span> <span class='ocrx_word' id='word_1_692' title='bbox 773 4985 866 5042; x_wconf 90' lang='lat' dir='ltr'><strong>Sic</strong></span> <span class='ocrx_word' id='word_1_693' title='bbox 918 4996 1030 5043; x_wconf 87' lang='lat' dir='ltr'><strong>tres</strong></span> <span class='ocrx_word' id='word_1_694' title='bbox 1087 4987 1446 5045; x_wconf 84' lang='lat' dir='ltr'><strong>vetustissimi</strong></span> <span class='ocrx_word' id='word_1_695' title='bbox 1504 4988 1744 5047; x_wconf 89' lang='lat' dir='ltr'><strong>codices.</strong></span> 
     </span>
    </p>
   </div>
   <div class='ocr_carea' id='block_1_99' title="bbox 160 5057 549 5113">
    <p class='ocr_par' dir='ltr' id='par_1_99' title="bbox 160 5057 549 5113">
     <span class='ocr_line' id='line_1_99' title="bbox 160 5057 549 5113; baseline -0.005 0"><span class='ocrx_word' id='word_1_696' title='bbox 160 5057 309 5113; x_wconf 85' lang='lat' dir='ltr'><strong>Editi</strong></span> <span class='ocrx_word' id='word_1_697' title='bbox 340 5058 549 5111; x_wconf 80' lang='grc' dir='ltr'>ἑαυτόν.</span> 
     </span>
    </p>
   </div>
   <div class='ocr_carea' id='block_1_100' title="bbox 257 5126 1745 5251">
    <p class='ocr_par' dir='ltr' id='par_1_100' title="bbox 257 5126 1745 5251">
     <span class='ocr_line' id='line_1_100' title="bbox 257 5126 1745 5251; baseline 0.003 -69"><span class='ocrx_word' id='word_1_698' title='bbox 257 5128 349 5251; x_wconf 53' lang='lat' dir='ltr'><strong>f9)</strong></span> <span class='ocrx_word' id='word_1_699' title='bbox 383 5128 777 5251; x_wconf 65' lang='grc' dir='ltr'>ἱεουλατικιου.</span> <span class='ocrx_word' id='word_1_700' title='bbox 821 5128 898 5183; x_wconf 89' lang='lat' dir='ltr'><strong>lta</strong></span> <span class='ocrx_word' id='word_1_701' title='bbox 952 5126 1101 5183; x_wconf 83' lang='lat' dir='ltr'><strong>Harl.</strong></span> <span class='ocrx_word' id='word_1_702' title='bbox 1137 5128 1314 5200; x_wconf 85' lang='lat' dir='ltr'><strong>prima</strong></span> <span class='ocrx_word' id='word_1_703' title='bbox 1375 5143 1561 5185; x_wconf 89' lang='lat' dir='ltr'><strong>manu.</strong></span> <span class='ocrx_word' id='word_1_704' title='bbox 1605 5129 1745 5187; x_wconf 87' lang='lat' dir='ltr'><strong>Editi</strong></span> 
     </span>
     <span class='ocr_line' id='line_1_101' title="bbox 278 5215 484 5251; baseline -0.005 0"><span class='ocrx_word' id='word_1_705' title='bbox 278 5215 378 5251; x_wconf 83' lang='grc' dir='ltr'><strong>πικ</strong></span> <span class='ocrx_word' id='word_1_706' title='bbox 401 5215 484 5251; x_wconf 88' lang='grc' dir='ltr'><strong>ου.</strong></span> 
     </span>
    </p>
   </div>
   <div class='ocr_carea' id='block_1_101' title="bbox 160 5201 484 5253">
    <p class='ocr_par' dir='ltr' id='par_1_101' title="bbox 160 5201 484 5253">
     <span class='ocr_line' id='line_1_102' title="bbox 160 5201 484 5253; baseline -0.009 0"><span class='ocrx_word' id='word_1_707' title='bbox 160 5201 484 5253; x_wconf 82' lang='grc' dir='ltr'>Οὑλπικίου.</span> 
     </span>
    </p>
   </div>
   <div class='ocr_carea' id='block_1_102' title="bbox 234 5268 1746 5342">
    <p class='ocr_par' dir='ltr' id='par_1_102' title="bbox 234 5268 1746 5342">
     <span class='ocr_line' id='line_1_103' title="bbox 234 5268 1746 5342; baseline 0.003 -17"><span class='ocrx_word' id='word_1_708' title='bbox 234 5269 350 5342; x_wconf 85' lang='grc'><strong>(90)</strong></span> <span class='ocrx_word' id='word_1_709' title='bbox 380 5270 726 5337; x_wconf 80' lang='grc' dir='ltr'>Πρεσσείας.</span> <span class='ocrx_word' id='word_1_710' title='bbox 750 5268 1035 5342; x_wconf 85' lang='lat' dir='ltr'><strong>immorari</strong></span> <span class='ocrx_word' id='word_1_711' title='bbox 1058 5286 1169 5327; x_wconf 92' lang='lat' dir='ltr'><strong>non</strong></span> <span class='ocrx_word' id='word_1_712' title='bbox 1190 5271 1341 5329; x_wconf 88' lang='lat' dir='ltr'><strong>soleo</strong></span> <span class='ocrx_word' id='word_1_713' title='bbox 1361 5271 1417 5327; x_wconf 89' lang='lat' dir='ltr'><strong>in</strong></span> <span class='ocrx_word' id='word_1_714' title='bbox 1448 5271 1746 5329; x_wconf 83' lang='lat' dir='ltr'><strong>observan-</strong></span> 
     </span>
    </p>
   </div>
   <div class='ocr_carea' id='block_1_103' title="bbox 160 5341 1749 5415">
    <p class='ocr_par' dir='ltr' id='par_1_103' title="bbox 160 5341 1749 5415">
     <span class='ocr_line' id='line_1_104' title="bbox 160 5341 1749 5415; baseline 0.001 -19"><span class='ocrx_word' id='word_1_715' title='bbox 160 5341 252 5397; x_wconf 89' lang='lat' dir='ltr'><strong>dis</strong></span> <span class='ocrx_word' id='word_1_716' title='bbox 288 5342 648 5415; x_wconf 82' lang='lat' dir='ltr'><strong>interpretum</strong></span> <span class='ocrx_word' id='word_1_717' title='bbox 679 5341 911 5415; x_wconf 74' lang='lat' dir='ltr'><strong>er_ra_tis;</strong></span> <span class='ocrx_word' id='word_1_718' title='bbox 942 5341 1039 5415; x_wconf 76' lang='lat' dir='ltr'><strong>sed</strong></span> <span class='ocrx_word' id='word_1_719' title='bbox 1086 5351 1266 5415; x_wconf 81' lang='lat' dir='ltr'><strong>tamen</strong></span> <span class='ocrx_word' id='word_1_720' title='bbox 1301 5343 1406 5397; x_wconf 87' lang='lat' dir='ltr'><strong>hoc</strong></span> <span class='ocrx_word' id='word_1_721' title='bbox 1433 5343 1555 5398; x_wconf 88' lang='lat' dir='ltr'><strong>loco</strong></span> <span class='ocrx_word' id='word_1_722' title='bbox 1578 5359 1749 5415; x_wconf 87' lang='lat' dir='ltr'><strong>appo-</strong></span> 
     </span>
    </p>
   </div>
   <div class='ocr_carea' id='block_1_104' title="bbox 162 5412 1749 5483">
    <p class='ocr_par' dir='ltr' id='par_1_104' title="bbox 162 5412 1749 5483">
     <span class='ocr_line' id='line_1_105' title="bbox 162 5412 1749 5483; baseline 0.003 -17"><span class='ocrx_word' id='word_1_723' title='bbox 162 5427 294 5466; x_wconf 85' lang='lat' dir='ltr'><strong>nam</strong></span> <span class='ocrx_word' id='word_1_724' title='bbox 345 5412 582 5480; x_wconf 88' lang='lat' dir='ltr'><strong>speciem</strong></span> <span class='ocrx_word' id='word_1_725' title='bbox 616 5412 945 5468; x_wconf 86' lang='lat' dir='ltr'><strong>eruditionis</strong></span> <span class='ocrx_word' id='word_1_726' title='bbox 991 5412 1240 5481; x_wconf 89' lang='lat' dir='ltr'><strong>Sculteti,</strong></span> <span class='ocrx_word' id='word_1_727' title='bbox 1270 5420 1352 5483; x_wconf 86' lang='lat' dir='ltr'><strong>ut</strong></span> <span class='ocrx_word' id='word_1_728' title='bbox 1400 5412 1749 5483; x_wconf 44' lang='lat' dir='ltr'><strong>quisque—vi-</strong></span> 
     </span>
    </p>
   </div>
   <div class='ocr_carea' id='block_1_105' title="bbox 163 5482 1749 5558">
    <p class='ocr_par' dir='ltr' id='par_1_105' title="bbox 163 5482 1749 5558">
     <span class='ocr_line' id='line_1_106' title="bbox 163 5482 1749 5558; baseline 0.004 -23"><span class='ocrx_word' id='word_1_729' title='bbox 163 5483 295 5558; x_wconf 77' lang='lat' dir='ltr'><strong>deat</strong></span> <span class='ocrx_word' id='word_1_730' title='bbox 350 5490 615 5551; x_wconf 87' lang='lat' dir='ltr'><strong>quantum</strong></span> <span class='ocrx_word' id='word_1_731' title='bbox 637 5482 999 5558; x_wconf 38' lang='lat' dir='ltr'><strong>huic‘homini</strong></span> <span class='ocrx_word' id='word_1_732' title='bbox 1028 5482 1380 5558; x_wconf 78' lang='lat' dir='ltr'><strong>tribuendum</strong></span> <span class='ocrx_word' id='word_1_733' title='bbox 1402 5482 1493 5539; x_wconf 78' lang='lat' dir='ltr'><strong>sit.</strong></span> <span class='ocrx_word' id='word_1_734' title='bbox 1530 5482 1623 5558; x_wconf 80' lang='lat' dir='ltr'><strong>Sic</strong></span> <span class='ocrx_word' id='word_1_735' title='bbox 1646 5487 1749 5558; x_wconf 86' lang='lat' dir='ltr'><strong>igi-</strong></span> 
     </span>
    </p>
   </div>
   <div class='ocr_carea' id='block_1_106' title="bbox 164 5552 1748 5627">
    <p class='ocr_par' dir='ltr' id='par_1_106' title="bbox 164 5552 1748 5627">
     <span class='ocr_line' id='line_1_107' title="bbox 164 5552 1748 5627; baseline 0.003 -21"><span class='ocrx_word' id='word_1_736' title='bbox 164 5562 259 5606; x_wconf 90' lang='lat' dir='ltr'><strong>tur</strong></span> <span class='ocrx_word' id='word_1_737' title='bbox 286 5552 717 5622; x_wconf 67' lang='lat' dir='ltr'><strong>interpretatur:</strong></span> <span class='ocrx_word' id='word_1_738' title='bbox 750 5552 906 5627; x_wconf 71' lang='lat' dir='ltr'><strong>Quod</strong></span> <span class='ocrx_word' id='word_1_739' title='bbox 939 5554 1027 5627; x_wconf 78' lang='lat' dir='ltr'><strong>ille</strong></span> <span class='ocrx_word' id='word_1_740' title='bbox 1051 5555 1120 5627; x_wconf 74' lang='lat' dir='ltr'><strong>sit</strong></span> <span class='ocrx_word' id='word_1_741' title='bbox 1145 5570 1219 5627; x_wconf 58' lang='lat' dir='ltr'><strong>ea;</strong></span> <span class='ocrx_word' id='word_1_742' title='bbox 1250 5553 1436 5627; x_wconf 64' lang='lat' dir='ltr'><strong>ordine</strong></span> <span class='ocrx_word' id='word_1_743' title='bbox 1480 5552 1748 5627; x_wconf 66' lang='lat' dir='ltr'><strong>presbyte-</strong></span> 
     </span>
    </p>
   </div>
   <div class='ocr_carea' id='block_1_107' title="bbox 163 5624 1745 5693">
    <p class='ocr_par' dir='ltr' id='par_1_107' title="bbox 163 5624 1745 5693">
     <span class='ocr_line' id='line_1_108' title="bbox 163 5624 1745 5693; baseline 0.003 -16"><span class='ocrx_word' id='word_1_744' title='bbox 163 5639 348 5677; x_wconf 78' lang='lat' dir='ltr'><strong>rorum</strong></span> <span class='ocrx_word' id='word_1_745' title='bbox 390 5632 712 5678; x_wconf 84' lang='lat' dir='ltr'><strong>nostrorum.</strong></span> <span class='ocrx_word' id='word_1_746' title='bbox 750 5624 906 5680; x_wconf 87' lang='lat' dir='ltr'><strong>Unde</strong></span> <span class='ocrx_word' id='word_1_747' title='bbox 934 5625 1295 5680; x_wconf 84' lang='lat' dir='ltr'><strong>Combeﬁsius</strong></span> <span class='ocrx_word' id='word_1_748' title='bbox 1330 5640 1344 5676; x_wconf 87' lang='lat'><strong>:</strong></span> <span class='ocrx_word' id='word_1_749' title='bbox 1384 5624 1607 5693; x_wconf 79' lang='lat' dir='ltr'><strong>Vapulet</strong></span> <span class='ocrx_word' id='word_1_750' title='bbox 1638 5624 1745 5682; x_wconf 73' lang='lat' dir='ltr'><strong>tiro</strong></span> 
     </span>
    </p>
   </div>
   <div class='ocr_carea' id='block_1_108' title="bbox 161 5692 1745 5766">
    <p class='ocr_par' dir='ltr' id='par_1_108' title="bbox 161 5692 1745 5766">
     <span class='ocr_line' id='line_1_109' title="bbox 161 5692 1745 5766; baseline 0.003 -18"><span class='ocrx_word' id='word_1_751' title='bbox 161 5695 259 5766; x_wconf 85' lang='lat' dir='ltr'><strong>qui</strong></span> <span class='ocrx_word' id='word_1_752' title='bbox 278 5695 356 5748; x_wconf 81' lang='lat' dir='ltr'><strong>sic</strong></span> <span class='ocrx_word' id='word_1_753' title='bbox 379 5692 563 5749; x_wconf 81' lang='lat' dir='ltr'><strong>deliret</strong></span> <span class='ocrx_word' id='word_1_754' title='bbox 595 5711 614 5749; x_wconf 91' lang='lat'><em>:</em></span> <span class='ocrx_word' id='word_1_755' title='bbox 641 5697 842 5766; x_wconf 83' lang='lat' dir='ltr'><strong>eritque</strong></span> <span class='ocrx_word' id='word_1_756' title='bbox 883 5693 1030 5750; x_wconf 80' lang='lat' dir='ltr'><strong>nobis</strong></span> <span class='ocrx_word' id='word_1_757' title='bbox 1069 5695 1223 5750; x_wconf 84' lang='lat' dir='ltr'><strong>homo</strong></span> <span class='ocrx_word' id='word_1_758' title='bbox 1264 5696 1340 5751; x_wconf 80' lang='lat' dir='ltr'><strong>sic</strong></span> <span class='ocrx_word' id='word_1_759' title='bbox 1377 5692 1617 5766; x_wconf 75' lang='lat' dir='ltr'><strong>inﬁcetus</strong></span> <span class='ocrx_word' id='word_1_760' title='bbox 1648 5699 1745 5753; x_wconf 81' lang='lat' dir='ltr'><strong>do-</strong></span> 
     </span>
    </p>
   </div>
   <div class='ocr_carea' id='block_1_109' title="bbox 1948 4853 3227 4934">
    <p class='ocr_par' dir='ltr' id='par_1_109' title="bbox 1948 4853 3227 4934">
     <span class='ocr_line' id='line_1_110' title="bbox 1948 4853 3227 4934; baseline 0.006 -28"><span class='ocrx_word' id='word_1_761' title='bbox 1948 4853 2037 4934; x_wconf 52' lang='lat' dir='ltr'><strong>g!)</strong></span> <span class='ocrx_word' id='word_1_762' title='bbox 2077 4856 2301 4934; x_wconf 63' lang='grc' dir='ltr'>ἔξαιροί.</span> <span class='ocrx_word' id='word_1_763' title='bbox 2345 4853 2817 4934; x_wconf 79' lang='lat' dir='ltr'><strong>Sic_hove_m_mss.</strong></span> <span class='ocrx_word' id='word_1_764' title='bbox 2850 4859 2991 4934; x_wconf 75' lang='lat' dir='ltr'><strong>Editi</strong></span> <span class='ocrx_word' id='word_1_765' title='bbox 3024 4863 3227 4934; x_wconf 78' lang='grc' dir='ltr'>χρόνοι.</span> 
     </span>
    </p>
   </div>
   <div class='ocr_carea' id='block_1_110' title="bbox 1924 4858 3443 5001">
    <p class='ocr_par' dir='ltr' id='par_1_110' title="bbox 1924 4858 3443 5001">
     <span class='ocr_line' id='line_1_111' title="bbox 1924 4858 3227 4994; baseline 0.006 -88"><span class='ocrx_word' id='word_1_766' title='bbox 1924 4858 2037 4994; x_wconf 40' lang='grc' dir='ltr'><strong>ἕω)</strong></span> <span class='ocrx_word' id='word_1_767' title='bbox 2077 4858 2301 4924; x_wconf 84' lang='grc' dir='ltr'>Καιροί.</span> <span class='ocrx_word' id='word_1_768' title='bbox 2345 4858 2817 4941; x_wconf 43' lang='lat' dir='ltr'><strong>Sic~novem.mss.</strong></span> <span class='ocrx_word' id='word_1_769' title='bbox 2850 4859 2991 4942; x_wconf 62' lang='lat' dir='ltr'><strong>Editi</strong></span> <span class='ocrx_word' id='word_1_770' title='bbox 3024 4863 3227 4934; x_wconf 86' lang='grc' dir='ltr'>χρόνοι.</span> 
     </span>
     <span class='ocr_line' id='line_1_112' title="bbox 1944 4923 3443 5001; baseline 0.007 -24"><span class='ocrx_word' id='word_1_771' title='bbox 1944 4923 2016 5001; x_wconf 63' lang='lat'><strong>92</strong></span> <span class='ocrx_word' id='word_1_772' title='bbox 2104 4926 2282 4981; x_wconf 82' lang='grc' dir='ltr'>Ὥστε</span> <span class='ocrx_word' id='word_1_773' title='bbox 2338 4927 2519 4997; x_wconf 72' lang='grc' dir='ltr'>ἡμας.</span> <span class='ocrx_word' id='word_1_774' title='bbox 2573 4928 2743 4985; x_wconf 70' lang='lat' dir='ltr'><strong>C0381.</strong></span> <span class='ocrx_word' id='word_1_775' title='bbox 2803 4946 3014 5001; x_wconf 75' lang='lat' dir='ltr'><strong>primus</strong></span> <span class='ocrx_word' id='word_1_776' title='bbox 3064 4941 3121 4989; x_wconf 90' lang='lat' dir='ltr'><strong>et</strong></span> <span class='ocrx_word' id='word_1_777' title='bbox 3176 4933 3315 4990; x_wconf 80' lang='lat' dir='ltr'><strong>Med.</strong></span> <span class='ocrx_word' id='word_1_778' title='bbox 3364 4934 3443 4996; x_wconf 81' lang='grc' dir='ltr'>ὡς</span> 
     </span>
    </p>
   </div>
   <div class='ocr_carea' id='block_1_111' title="bbox 1854 4995 3436 5142">
    <p class='ocr_par' dir='ltr' id='par_1_111' title="bbox 1854 4995 3436 5142">
     <span class='ocr_line' id='line_1_113' title="bbox 1854 4995 3436 5142; baseline 0.007 -23"><span class='ocrx_word' id='word_1_779' title='bbox 1854 4995 2062 5142; x_wconf 58' lang='grc' dir='ltr'><strong>ὴμίὸθςέλ</strong></span> <span class='ocrx_word' id='word_1_780' title='bbox 2103 5064 2203 5134; x_wconf 78' lang='grc' dir='ltr'><strong>Μὴ</strong></span> <span class='ocrx_word' id='word_1_781' title='bbox 2226 5068 2602 5142; x_wconf 45' lang='grc' dir='ltr'>μροσερεῖνη</span> <span class='ocrx_word' id='word_1_782' title='bbox 2633 5066 2865 5142; x_wconf 88' lang='lat' dir='ltr'><strong>Negatio</strong></span> <span class='ocrx_word' id='word_1_783' title='bbox 2916 5069 3100 5127; x_wconf 84' lang='lat' dir='ltr'><strong>addita</strong></span> <span class='ocrx_word' id='word_1_784' title='bbox 3145 5088 3214 5129; x_wconf 78' lang='lat' dir='ltr'><strong>ex</strong></span> <span class='ocrx_word' id='word_1_785' title='bbox 3266 5074 3436 5130; x_wconf 89' lang='lat' dir='ltr'><strong>Coisl.</strong></span> 
     </span>
    </p>
   </div>
   <div class='ocr_carea' id='block_1_112' title="bbox 1857 5134 2662 5206">
    <p class='ocr_par' dir='ltr' id='par_1_112' title="bbox 1857 5134 2662 5206">
     <span class='ocr_line' id='line_1_114' title="bbox 1857 5134 2662 5206; baseline 0.006 -16"><span class='ocrx_word' id='word_1_786' title='bbox 1857 5136 2101 5206; x_wconf 86' lang='lat' dir='ltr'><strong>secundo</strong></span> <span class='ocrx_word' id='word_1_787' title='bbox 2133 5143 2190 5191; x_wconf 88' lang='lat' dir='ltr'><strong>et</strong></span> <span class='ocrx_word' id='word_1_788' title='bbox 2226 5134 2357 5206; x_wconf 83' lang='lat' dir='ltr'><strong>Reg.</strong></span> <span class='ocrx_word' id='word_1_789' title='bbox 2398 5134 2662 5196; x_wconf 82' lang='lat' dir='ltr'><strong>secundo.</strong></span> 
     </span>
    </p>
   </div>
   <div class='ocr_carea' id='block_1_113' title="bbox 1855 5204 3437 5337">
    <p class='ocr_par' dir='ltr' id='par_1_113' title="bbox 1855 5204 3437 5337">
     <span class='ocr_line' id='line_1_115' title="bbox 1928 5204 3437 5278; baseline 0.007 -18"><span class='ocrx_word' id='word_1_790' title='bbox 1928 5204 2042 5277; x_wconf 67' lang='lat'><strong>(94)</strong></span> <span class='ocrx_word' id='word_1_791' title='bbox 2098 5204 2583 5278; x_wconf 69' lang='grc' dir='ltr'>Ἀποπληρῶσαι.</span> <span class='ocrx_word' id='word_1_792' title='bbox 2638 5209 2808 5268; x_wconf 86' lang='lat' dir='ltr'><strong>Iidem</strong></span> <span class='ocrx_word' id='word_1_793' title='bbox 2869 5209 2981 5268; x_wconf 86' lang='lat' dir='ltr'><strong>duo</strong></span> <span class='ocrx_word' id='word_1_794' title='bbox 3051 5212 3270 5270; x_wconf 86' lang='lat' dir='ltr'><strong>codices</strong></span> <span class='ocrx_word' id='word_1_795' title='bbox 3313 5229 3437 5271; x_wconf 87' lang='lat' dir='ltr'><strong>cum</strong></span> 
     </span>
     <span class='ocr_line' id='line_1_116' title="bbox 1855 5273 2333 5337; baseline 0.015 -8"><span class='ocrx_word' id='word_1_796' title='bbox 1855 5273 1997 5331; x_wconf 83' lang='lat' dir='ltr'><strong>Med.</strong></span> <span class='ocrx_word' id='word_1_797' title='bbox 2026 5276 2333 5337; x_wconf 85' lang='grc' dir='ltr'>πληρῶσαι.</span> 
     </span>
    </p>
   </div>
   <div class='ocr_carea' id='block_1_114' title="bbox 1926 5346 3436 5427">
    <p class='ocr_par' dir='ltr' id='par_1_114' title="bbox 1926 5346 3436 5427">
     <span class='ocr_line' id='line_1_117' title="bbox 1926 5346 3436 5427; baseline 0.005 -26"><span class='ocrx_word' id='word_1_798' title='bbox 1926 5346 2039 5427; x_wconf 61' lang='grc' dir='ltr'><strong>(9ᾅ)</strong></span> <span class='ocrx_word' id='word_1_799' title='bbox 2090 5346 2285 5427; x_wconf 82' lang='grc' dir='ltr'>ᾞμῖν.</span> <span class='ocrx_word' id='word_1_800' title='bbox 2312 5349 2500 5404; x_wconf 70' lang='grc' dir='ltr'>Παντὶ</span> <span class='ocrx_word' id='word_1_801' title='bbox 2540 5352 2759 5420; x_wconf 79' lang='grc' dir='ltr'>τρόπῳ.</span> <span class='ocrx_word' id='word_1_802' title='bbox 2796 5352 3038 5425; x_wconf 88' lang='lat' dir='ltr'><strong>Uterque</strong></span> <span class='ocrx_word' id='word_1_803' title='bbox 3091 5352 3260 5410; x_wconf 86' lang='lat' dir='ltr'><strong>Coisl.</strong></span> <span class='ocrx_word' id='word_1_804' title='bbox 3306 5357 3436 5427; x_wconf 71' lang='grc' dir='ltr'>ἡμῖν</span> 
     </span>
    </p>
   </div>
   <div class='ocr_carea' id='block_1_115' title="bbox 1851 5418 2240 5490">
    <p class='ocr_par' dir='ltr' id='par_1_115' title="bbox 1851 5418 2240 5490">
     <span class='ocr_line' id='line_1_118' title="bbox 1851 5418 2240 5490; baseline 0.003 -19"><span class='ocrx_word' id='word_1_805' title='bbox 1851 5418 2016 5490; x_wconf 53' lang='grc' dir='ltr'>παντί</span> <span class='ocrx_word' id='word_1_806' title='bbox 2034 5418 2240 5490; x_wconf 85' lang='grc' dir='ltr'>τρόπῳ.</span> 
     </span>
    </p>
   </div>
   <div class='ocr_carea' id='block_1_116' title="bbox 1928 5487 3440 5560">
    <p class='ocr_par' dir='ltr' id='par_1_116' title="bbox 1928 5487 3440 5560">
     <span class='ocr_line' id='line_1_119' title="bbox 1928 5487 3440 5560; baseline 0.007 -20"><span class='ocrx_word' id='word_1_807' title='bbox 1928 5487 2040 5560; x_wconf 81' lang='lat'><strong>(96)</strong></span> <span class='ocrx_word' id='word_1_808' title='bbox 2072 5487 2389 5560; x_wconf 56' lang='grc' dir='ltr'><strong>νοσέατὸν</strong></span> <span class='ocrx_word' id='word_1_809' title='bbox 2419 5491 2490 5545; x_wconf 73' lang='grc' dir='ltr'>ὲν</span> <span class='ocrx_word' id='word_1_810' title='bbox 2525 5491 2679 5560; x_wconf 81' lang='grc' dir='ltr'>ταῖς,</span> <span class='ocrx_word' id='word_1_811' title='bbox 2722 5501 2832 5552; x_wconf 91' lang='lat' dir='ltr'><strong>etc.</strong></span> <span class='ocrx_word' id='word_1_812' title='bbox 2874 5494 3008 5560; x_wconf 77' lang='lat' dir='ltr'><strong>Reg.</strong></span> <span class='ocrx_word' id='word_1_813' title='bbox 3066 5495 3342 5552; x_wconf 86' lang='lat' dir='ltr'><strong>secundus</strong></span> <span class='ocrx_word' id='word_1_814' title='bbox 3384 5503 3440 5550; x_wconf 78' lang='grc' dir='ltr'>ρι</span> 
     </span>
    </p>
   </div>
   <div class='ocr_carea' id='block_1_117' title="bbox 1852 5512 3437 5637">
    <p class='ocr_par' dir='ltr' id='par_1_117' title="bbox 1852 5512 3437 5637">
     <span class='ocr_line' id='line_1_120' title="bbox 1928 5512 3437 5560; baseline 0.005 -17"><span class='ocrx_word' id='word_1_815' title='bbox 1928 5512 2040 5559; x_wconf 61' lang='grc' dir='ltr'>μιν)</span> <span class='ocrx_word' id='word_1_816' title='bbox 2111 5512 2242 5542; x_wconf 78' lang='lat' dir='ltr'><strong>uua</strong></span> <span class='ocrx_word' id='word_1_817' title='bbox 2280 5512 2389 5545; x_wconf 81' lang='grc' dir='ltr'>τον</span> <span class='ocrx_word' id='word_1_818' title='bbox 2419 5512 2490 5545; x_wconf 79' lang='grc' dir='ltr'>εν</span> <span class='ocrx_word' id='word_1_819' title='bbox 2525 5512 2679 5560; x_wconf 82' lang='grc' dir='ltr'>ταις,</span> <span class='ocrx_word' id='word_1_820' title='bbox 2722 5512 2832 5552; x_wconf 86' lang='lat' dir='ltr'><strong>etc.</strong></span> <span class='ocrx_word' id='word_1_821' title='bbox 2876 5512 2952 5552; x_wconf 72' lang='lat' dir='ltr'><strong>ne</strong></span> <span class='ocrx_word' id='word_1_822' title='bbox 2995 5538 3008 5550; x_wconf 92' lang='lat'><strong>.</strong></span> <span class='ocrx_word' id='word_1_823' title='bbox 3066 5512 3342 5552; x_wconf 81' lang='lat' dir='ltr'><strong>secundus</strong></span> <span class='ocrx_word' id='word_1_824' title='bbox 3384 5512 3437 5550; x_wconf 76' lang='lat' dir='ltr'><strong>Pl</strong></span> 
     </span>
     <span class='ocr_line' id='line_1_121' title="bbox 1852 5512 3437 5637; baseline 0.005 -24"><span class='ocrx_word' id='word_1_825' title='bbox 1852 5557 2025 5613; x_wconf 90' lang='lat' dir='ltr'><strong>Coisl.</strong></span> <span class='ocrx_word' id='word_1_826' title='bbox 2069 5559 2347 5637; x_wconf 75' lang='lat' dir='ltr'><strong>secundus</strong></span> <span class='ocrx_word' id='word_1_827' title='bbox 2390 5563 2490 5637; x_wconf 76' lang='grc' dir='ltr'>ὅσα</span> <span class='ocrx_word' id='word_1_828' title='bbox 2520 5563 2629 5617; x_wconf 88' lang='grc' dir='ltr'><strong>τῶν</strong></span> <span class='ocrx_word' id='word_1_829' title='bbox 2676 5565 2909 5637; x_wconf 78' lang='grc' dir='ltr'>ὲνταῖς</span> <span class='ocrx_word' id='word_1_830' title='bbox 2956 5512 3312 5637; x_wconf 55' lang='grc' dir='ltr'>ἐπαγγελίαις</span> <span class='ocrx_word' id='word_1_831' title='bbox 3345 5567 3437 5621; x_wconf 78' lang='grc' dir='ltr'><strong>τὸν</strong></span> 
     </span>
    </p>
   </div>
   <div class='ocr_carea' id='block_1_118' title="bbox 1856 5627 2912 5704">
    <p class='ocr_par' dir='ltr' id='par_1_118' title="bbox 1856 5627 2912 5704">
     <span class='ocr_line' id='line_1_122' title="bbox 1856 5627 2912 5704; baseline 0.01 -23"><span class='ocrx_word' id='word_1_832' title='bbox 1856 5627 2203 5704; x_wconf 66' lang='grc' dir='ltr'>μακαρισμὸν</span> <span class='ocrx_word' id='word_1_833' title='bbox 2216 5630 2429 5704; x_wconf 44' lang='lat' dir='ltr'><strong>Ergone!</strong></span> <span class='ocrx_word' id='word_1_834' title='bbox 2436 5650 2595 5702; x_wconf 85' lang='grc' dir='ltr'>μενον</span> <span class='ocrx_word' id='word_1_835' title='bbox 2627 5627 2912 5704; x_wconf 54' lang='grc' dir='ltr'>φυλάσσει.</span> 
     </span>
    </p>
   </div>
   <div class='ocr_carea' id='block_1_119' title="bbox 1924 5698 2441 5757">
    <p class='ocr_par' dir='ltr' id='par_1_119' title="bbox 1924 5698 2441 5757">
     <span class='ocr_line' id='line_1_123' title="bbox 1924 5698 2441 5757; baseline 0.01 -5"><span class='ocrx_word' id='word_1_836' title='bbox 1924 5702 1941 5722; x_wconf 82' lang='grc'><strong>⁹</strong></span> <span class='ocrx_word' id='word_1_837' title='bbox 1969 5698 2121 5754; x_wconf 77' lang='lat' dir='ltr'><strong>Alias</strong></span> <span class='ocrx_word' id='word_1_838' title='bbox 2164 5698 2441 5757; x_wconf 75' lang='lat' dir='ltr'><strong>CCXXXI.</strong></span> 
     </span>
    </p>
   </div>
  </div>
