3852 6224
438 261 582 320 1065

1748 262 1806 318 S.
1848 261 2094 319 BASILII
2136 264 2353 321 MAGNI

3582 274 3733 335 1064

439 389 620 439 ratum
666 381 893 438 Iratrem
943 397 1188 438 amorem
1250 382 1591 453 multiplices
1635 398 1754 438 mea
1814 399 2063 451 causa“

2164 390 2296 460 σμὲν
2328 390 2468 464 ὑπὲρ
2494 390 2620 461 γῆς.
2670 390 2783 463 Τὴν
2802 392 2862 451 δὲ
2894 395 2975 457 εἰς
3004 393 3097 449 τὸν
3145 394 3545 467 προειρημένον
3573 394 3732 450 ἀδελς

444 474 632 529 nullus
662 473 878 533 dubito.
911 471 1094 533 Oﬁare
1119 472 1206 528 fac
1244 475 1493 531 exoreris
1541 483 1599 529 ut
1635 475 1689 531 id
1728 477 1907 547 reipsa
1932 492 2029 533 ex-

440 564 707 636 pariatur.

796 788 959 862 “5
995 788 1338 846 EPISTULA
1371 789 1604 846 CCCXV
1636 792 1674 842 ‘.

2130 487 2230 554 φὸν
2267 487 2490 559 ἀγάπην
2539 489 2623 542 ὅτι
2674 486 3135 553 πολυπλασιάσεις
3175 490 3334 561 ἡμῶν
3372 489 3580 553 ἕνεκεν,
3624 491 3729 543 οὐκ

2126 578 2473 649 amissum.
2502 580 2664 635 Ὥστε
2688 578 3073 652 παρακλήθητι
3100 580 3248 653 ἔργῳ
3268 580 3417 652 αὐτῷ
3442 581 3725 652 παρασχέ-

2141 671 2265 725 σθαι
2300 673 2399 743 τὴν
2426 675 2644 743 πεῖραν.

2671 784 3020 838 ΕΠΙΣΤΟΛΗ
3040 785 3190 841 TIE'.

1334 901 1647 955 Commendat
1669 902 1866 953 viduam
1889 900 1983 954 sibi
2005 900 2332 968 propinquam
2363 899 2563 964 eiusque
2583 897 2815 958 pupillos.

727 1004 855 1061 Sine
895 1007 1264 1077 inscriptione,
1305 1014 1401 1076 pro
1433 1008 1751 1078 propinqua.

509 1117 648 1173 Cum
695 1120 924 1173 omnino
966 1135 1294 1190 persuasum
1346 1118 1579 1173 habeam
1617 1119 2035 1188 impetraturum

448 1225 539 1266 me
569 1209 842 1281 quidquid
881 1212 1033 1281 juste
1066 1226 1095 1265 a
1126 1219 1223 1266 tua
1250 1211 1520 1282 dignitate
1558 1210 1827 1281 petivere,
1861 1211 2039 1269 liben-

2424 1005 2869 1072 Ἀνεπίγραςρος,
2904 1002 3060 1072 ὑπὲρ
3100 999 3457 1073 συγγενοῦς.

2208 1119 2355 1172 Πάνυ
2384 1116 2751 1188 πεπεισμένος
2785 1115 2953 1187 μηδὲν
2985 1114 3458 1187 διαμαρτήσεσθαι
3485 1115 3618 1186 περὶ
3652 1113 3732 1170 ὧν

2138 1212 2205 1266 ἂν
2230 1209 2369 1282 μετὰ
2399 1210 2494 1263 τοῦ
2523 1209 2729 1263 δικαίου
2766 1206 3137 1279 παρακαλέσω
3155 1207 3253 1279 τὴν
3285 1208 3580 1279 τιμιότητά
3603 1227 3728 1272 σου,

442 1311 526 1359 ter
581 1304 875 1373 epistolam
932 1304 1059 1359 dedi
1117 1304 1486 1361 ornatissimae
1527 1303 1656 1367 huic
1703 1303 2039 1374 pupillorum

2164 1302 2435 1376 προθύμως
2489 1298 2654 1372 ἦλθον
2698 1301 2793 1354 ἐπὶ
2836 1302 2897 1354 τὸ
2929 1299 3116 1357 δοῦναι
3177 1300 3275 1368 τὴν
3318 1300 3611 1372 επιστολὴν
3659 1305 3733 1372 τῇ

441 1397 727 1462 curatrici,
754 1412 875 1468 quat
901 1398 1049 1452 mdes
1087 1397 1282 1451 incolit
1328 1396 1502 1466 hydra
1538 1395 1774 1467 quadam
1821 1395 2026 1449 multo-

444 1504 568 1544 rum
606 1489 847 1559 capitum
896 1490 1229 1545 acerbiores.
1263 1488 1478 1555 Quibus
1507 1489 1766 1544 omnibus
1793 1487 2026 1551 accedit,

2134 1398 2485 1468 κοσμιωτάτῃ
2538 1396 2666 1467 τῇδε
2713 1393 2966 1467 ὀρφανῶν
3016 1392 3359 1465 προεστώσῃ,
3405 1394 3498 1447 καὶ
3546 1394 3735 1448 οἰκίαν

2134 1491 2358 1561 οἰκούσῃ
2389 1489 2556 1560 ὕδρας
2583 1489 2730 1553 τινὸς
2755 1486 3129 1556 πολυκεφάλου
3152 1486 3561 1558 χαλεπωτέραν.
3602 1488 3736 1540 Ἐπὶ

443 1586 507 1635 ιιι
530 1580 802 1651 sanguine
835 1581 981 1635 inter
1012 1596 1114 1635 nos
1145 1580 1427 1649 conjuncti
1463 1582 1659 1635 simus.
1687 1578 2032 1649 Quapropter

2164 1583 2275 1635 πᾶσι
2303 1582 2361 1634 δὲ
2394 1581 2607 1644 τούτοις
2641 1580 2877 1651 ὑπάρχει
2907 1581 3038 1650 ἡμῖν
3082 1579 3145 1632 τὸ
3179 1579 3274 1632 καὶ
3320 1580 3537 1642 οἰκείως
3582 1580 3735 1650 ἔχειν

444 1670 792 1728 nobilitatem
830 1683 977 1727 tuam
1008 1688 1162 1742 rogo.
1199 1680 1261 1726 ut
1289 1681 1345 1727 et
1374 1673 1506 1726 mibi
1541 1671 1747 1741 aliquid
1785 1671 2033 1725 tribuens

2164 1673 2392 1742 ιλλήλοις
2445 1671 2587 1725 κατὰ
2640 1669 2815 1740 γένος,
2868 1670 2959 1723 Διὸ
3001 1668 3427 1741 παρακαλοῦμέν
3483 1686 3578 1722 σου
3628 1672 3737 1741 τὴν

441 1771 501 1818 et
530 1763 799 1821 honorem
843 1766 1179 1836 pupillorum
1230 1780 1338 1819 avo
1386 1764 1631 1819 debitum
1675 1776 2034 1826 conservans,

2144 1765 2444 1835 εὐγένειαν,
2477 1763 2572 1817 καὶ
2605 1764 2751 1833 ἡμᾶς
2795 1762 3059 1831 τιμῶντα,
3105 1760 3311 1832 καὶτῷ
3360 1762 3572 1833 πάππῳ
3621 1762 3737 1815 τῶν

447 1855 655 1927 aliquid
699 1823 860 1914 feras.
894 1823 1085 1917 auxilii
1124 1875 1138 1910 :
1185 1873 1296 1928 quo
1333 1857 1595 1927 deinceps
1640 1856 1734 1908 ﬁat
1779 1853 1886 1907 illis
1927 1823 2039 1908 haec

2164 1823 2390 1929 ιρφανῶν
2574 1823 2931 1925 ὀφειλομένην
2976 1823 3331 1917 ἀποσώζοντα
3374 1823 3564 1925 τιμὴν,
3619 1871 3737 1906 πα-

445 1949 725 2017 possessio
752 1949 1080 2005 tolerabilis.

916 2164 1250 2221 EPISTOLA
1276 2161 1529 2219 CCCXVI

2143 1946 2442 2019 ρασχέσθαι
2468 1944 2591 1999 τινὰ
2617 1945 2866 2016 βοήθειαν
2890 1962 2903 1976 ’
2941 1943 3083 1996 ὥστε
3114 1942 3360 2015 φορητὴν
3396 1943 3489 1997 τοῦ
3537 1945 3734 1999 λοιποῦ

2135 2042 2232 2114 τὴν
2258 2041 2452 2111 κτῆσιν
2479 2039 2662 2103 αὐτοῖς
2699 2039 3062 2110 καταστῆσαι.

2673 2157 3022 2212 summa
3050 2159 3213 2225 Tur.

1107 2276 1421 2331 Commendat
1442 2274 1682 2325 hominem
1707 2270 1974 2338 patrocinio
1993 2272 2059 2322 ad
2083 2285 2160 2332 ea,
2183 2283 2293 2334 qua:
2313 2267 2406 2320 sibi
2427 2268 2740 2333 proponebat,
2766 2267 3079 2335 indigentem.

767 2384 894 2440 Sine
923 2382 1294 2452 inscriptione,
1326 2397 1423 2450 pro
1450 2381 1717 2435 direxato.

516 2478 845 2549 Quanquam
922 2476 1151 2531 omnino
1212 2490 1542 2545 persuasum
1605 2474 1782 2528 habeo
1844 2472 2044 2527 litteris

445 2589 557 2631 non
597 2572 846 2642 indigere
898 2571 993 2641 qui
1035 2577 1184 2622 tuam
1245 2567 1592 2621 clementiam
1646 2566 1870 2629 adeunt,
1913 2581 2038 2635 pro-

446 2673 637 2737 pterea
666 2665 815 2735 quod
846 2678 913 2718 ex
952 2661 1123 2717 animi
1169 2660 1445 2731 probitate
1483 2659 1641 2728 plura
1676 2659 1834 2737 facis,
1873 2674 2038 2729 quam

448 2735 577 2829 quis
608 2757 909 2812 obsecrans
943 2753 1013 2808 ad
1055 2754 1259 2808 bonum
1293 2753 1657 2818 adhortetur;
1691 2735 1818 2823 quia
1856 2760 2039 2805 tamen

447 2849 684 2918 hujusce
723 2847 817 2901 ﬁlii
868 2861 1003 2905 cura
1048 2846 1311 2915 majorem
1347 2846 1400 2899 in
1435 2846 1656 2900 modum
1690 2854 1906 2915 tangor,
1944 2845 2041 2897 ad-

452 2941 655 2996 ductus
692 2955 814 2995 sum
864 2948 925 2992 ut
966 2937 1032 2991 ad
1082 2951 1276 3006 puram
1309 2944 1459 2990 tuam
1509 2944 1564 2990 et
1606 2935 1714 2989 doli
1758 2944 2039 3005 expertem

447 3032 689 3088 animam
720 3032 1042 3095 scriberem,
1085 3027 1482 3084 commendans
1514 3028 1614 3081 tibi
1645 3026 1924 3081 hominem
1973 3040 2039 3079 ac

446 3140 672 3196 rogans,
706 3133 766 3180 ut
799 3124 1006 3194 quibus
1041 3122 1210 3177 rebus
1241 3120 1451 3192 poteris
1476 3129 1731 3192 praestes,
1765 3120 1813 3173 ei
1848 3119 1914 3173 ad
1951 3134 2039 3182 ea,

450 3231 577 3287 quae
633 3216 741 3271 sibi
792 3214 1069 3286 proponit,
1133 3220 1288 3267 tuum
1340 3228 1441 3283 pro
1492 3213 1704 3268 viribus
1752 3211 2042 3265 auxilium.

447 3307 677 3365 Nullum
730 3314 915 3363 autem
969 3306 1137 3361 alium
1190 3305 1243 3360 ei
1287 3319 1429 3375 opus
1461 3302 1589 3359 fore
1633 3312 1952 3375 patronum,
1998 3301 2048 3357 si

2270 2379 2713 2446 Ἀνεπίγίαφος,
2742 2375 2894 2444 ὑπὲρ
2920 2378 3459 2448 καταπονουμένου
3493 2380 3631 2453 (97).

2219 2472 2369 2526 Πάνυ
2442 2468 2807 2539 πεπεισμένος
2875 2469 3040 2539 μηδὲν
3106 2470 3315 2524 δεῖσθαι
3387 2473 3749 2544 γραμμάτων

2149 2566 2273 2627 τοὺς
2302 2563 2438 2633 πρὸς
2470 2562 2569 2633 τὴν
2603 2561 2702 2633 σὴν
2736 2562 3081 2632 χρηστότητα
3122 2563 3510 2635 ἀφικομένους,
3552 2565 3643 2619 διὰ
3682 2570 3749 2621 τὸ

2146 2655 2331 2707 πλεῖον
2378 2657 2550 2707 ποιεῖν
2600 2654 2663 2706 ἐκ
2715 2652 2817 2723 τῆς
2867 2651 2960 2705 τοῦ
2992 2653 3195 2725 τρόπου
3245 2655 3662 2726 καλοκαγαθίας
3707 2660 3747 2731 ἢ

2145 2748 2269 2800 ὅσον
2312 2745 2376 2799 ἄν
2419 2763 2504 2809 τις
2549 2743 2941 2816 παρακαλέσας
2989 2744 3360 2818 προτρέψαιτό
3397 2765 3457 2801 σε
3505 2749 3647 2820 πρὸς
3681 2752 3748 2805 τὸ

2146 2839 2372 2907 ἀγαθὸν,
2398 2840 2569 2910 ὅμως,
2598 2837 2686 2890 διὰ
2714 2836 2775 2891 τὸ
2806 2836 2929 2891 καθ’
2964 2838 3272 2912 ὑπερϐολὴν
3307 2841 3619 2914 φροντίζειν
3644 2843 3748 2897 τοῦ

2149 2930 2267 2985 υἱοῦ
2318 2931 2493 2995 τοῦδε,
2544 2929 2850 2984 ἐπιστεῖλαι
2893 2933 2961 3001 τῇ
3015 2932 3231 3003 καθαρᾷ
3277 2950 3370 2986 σου
3420 2935 3519 2988 καὶ
3563 2936 3746 3008 ἀδόλῳ

2147 3023 2292 3094 ψυχῇ
2326 3021 2631 3094 προήχθην,
2668 3020 2934 3074 συνιστῶν
2967 3038 3048 3075 σοι
3078 3023 3166 3076 τὸν
3199 3024 3391 3094 ἄνδρα,
3420 3027 3514 3080 καὶ
3551 3045 3744 3098 παρα-

2147 3114 2347 3179 καλῶν,
2370 3116 2429 3166 ὲν
2450 3111 2531 3178 οἷς
2566 3109 2696 3187 δινῇ
2735 3112 2979 3177 δυνατὸν,
3031 3116 3409 3186 παρασχέσθαι
3459 3119 3612 3190 αὐτῷ
3663 3123 3746 3185 εἰς

2142 3206 2214 3259 τὰ
2247 3205 2589 3278 προκείμενα
2644 3204 2746 3275 τὴν
2797 3205 2940 3258 κατὰ
2984 3205 3215 3277 δύναμίν
3258 3224 3340 3261 σοι
3388 3210 3745 3282 ὲπικουρὶαν.

2149 3298 2270 3351 Ὅτι
2308 3297 2363 3350 δὲ
2386 3296 2600 3359 οὐδενὸς
2651 3296 2842 3368 ἑτέρου
2890 3296 3215 3368 δεηθήσεται
3253 3301 3587 3370 προστάτου,
3645 3303 3747 3356 σοῦ

452 3403 708 3476 digneris
781 3412 953 3458 totam
999 3406 1329 3471 potestatem
1389 3414 1556 3470 quam
1625 3397 1724 3451 tibi
1780 3396 2050 3452 Dominus

2164 3387 2584 3454 ιαταξιώσαντος
2614 3387 2765 3459 πάσῃ
2792 3388 3022 3459 δυνάμει
3056 3390 3122 3460 ἢν
3153 3388 3322 3448 ἔδωκέ
3351 3408 3432 3445 σοι
3452 3394 3483 3445 ὁ
3505 3392 3744 3465 Κύριος,

448 3495 687 3568 largitus
714 3502 823 3559 est,
850 3495 918 3549 ad
953 3493 1105 3547 illius
1141 3492 1511 3563 patrocinium
1543 3489 1880 3561 impendere,
1912 3486 2048 3542 mihi

2164 3480 2457 3553 (Ρήσασθαι
2487 3482 2567 3544 εἷς
2596 3480 2696 3551 τὴν
2724 3479 2866 3552 ὑπὲρ
2906 3480 3058 3551 αὐτῷ
3102 3484 3463 3552 προστασίαν,
3495 3486 3749 3557 ἀκριϐῶς

450 3588 680 3644 omnino
715 3601 1041 3660 persuasum
1066 3595 1180 3641 est.

840 3695 1177 3753 EPISTOLA
1212 3693 1496 3752 CCCXVII
1535 3698 1620 3751 ““.

2152 3573 2476 3643 ἐπίσταμαι.

2672 3683 3020 3738 ΕΠΙΣΤΟΛΗ
3057 3684 3204 3741 ΤΙΖ’.

447 3813 606 3867 Amici
625 3806 1016 3875 occupationibus
1035 3806 1219 3868 tribuit,
1241 3805 1371 3873 quod
1392 3804 1695 3857 ruratitteris
1716 3801 2063 3915 suis-responsi;

2164 3800 2327 3911 rRogat
2351 3803 2403 3847 ut
2423 3795 2464 3846 is
2482 3793 2567 3861 qui
2588 3793 2845 3860 epistolam
2865 3795 3064 3861 ferebat,
3085 3811 3181 3848 non
3206 3798 3395 3863 frustra
3412 3804 3750 3867 militiae

807 3980 933 4037 Sine
960 3978 1304 4046 inscriptione
1329 4018 1344 4043 ,
1378 3992 1473 4046 pro
1498 3992 1682 4047 egeno.

525 4095 706 4151 Baras
737 4093 872 4149 mihi
915 4090 983 4146 ad
1012 4099 1164 4145 tuam
1194 4088 1521 4158 dignitatem
1557 4087 1803 4143 eﬂiciunt
1826 4088 2040 4143 litteras

453 4202 580 4244 rara
641 4202 672 4240 a
728 4195 783 4240 te
837 4196 1127 4254 responsa.
1189 4177 1462 4233 Indicium
1510 4178 1659 4235 enim
1722 4178 1889 4244 facio,
1941 4194 2042 4233 cur

455 4280 773 4338 molestiam
825 4291 981 4332 meas
1026 4275 1242 4330 litteras
1278 4273 1477 4330 aﬂ'erre
1504 4273 1760 4345 dignitati
1797 4280 1903 4327 tuae
1935 4287 2041 4342 pu-

2485 3968 2930 4038 Ἅνεπίπραφος,
2970 3968 3123 4038 ὑπὲρ
3147 3970 3417 4039 ἐνδεοῦς.

2223 4082 2465 4147 Σπανίας
2492 4083 2624 4153 ἡμῖν
2650 4081 2749 4145 τὰς
2776 4081 2914 4154 πρὸς
2940 4082 3039 4155 τὴν
3069 4085 3169 4154 σὴν
3230 4103 3279 4139 τι
3288 4086 3524 4157 μιότητα
3566 4106 3753 4144 κατα-

2153 4175 2411 4239 σκευάζει
2439 4175 2732 4237 ὲπιστολὰς
2759 4176 2821 4229 τὸ
2852 4176 3078 4230 σπάνιον
3098 4177 3209 4231 τῶν
3231 4178 3421 4233 αὐτόθι
3455 4181 3569 4254 (98)
3608 4184 3755 4238 ἁπο-

2149 4269 2406 4340 κρῐσεων.
2460 4269 2668 4339 Δεῖγμα
2721 4268 2831 4339 γὰρ
2888 4269 3191 4340 ποιούμεθα
3230 4270 3328 4324 τοῦ
3373 4272 3533 4345 ὄχλον
3583 4278 3753 4348 ἡμῶν

454 4383 588 4443 tem,
620 4371 771 4444 quod
808 4385 919 4426 non
970 4367 1240 4438 accipiam
1281 4367 1369 4422 bis
1408 4360 1547 4437 qua?
1570 4366 1809 4423 subinde
1857 4366 2042 4422 scribo

2164 4361 2208 4414 τὸ
2233 4359 2468 4432 γράμμα
2495 4359 2679 4430 φέρειν
2716 4362 2783 4431 τῇ
2820 4361 3095 4432 τιμιότητί
3128 4379 3244 4427 σου,
3277 4363 3339 4416 τὸ
3374 4364 3451 4436 μὴ
3487 4365 3752 4438 δέχεσθαι

454 4463 869 4536 responsiones.
905 4460 1012 4517 Sed
1049 4475 1245 4516 rursus
1288 4459 1356 4515 ad
1402 4460 1565 4514 aliam
1610 4459 1850 4514 traducit
1893 4458 2043 4530 cogi:-

454 4557 720 4611 tationem
801 4552 1180 4608 consideratio
1247 4549 1622 4605 multitudinis
1695 4550 2039 4621 negotiorum

455 4657 675 4702 tuorum
701 4662 717 4712 ;
747 4660 812 4700 ac
854 4653 938 4699 tot
964 4652 1021 4700 et
1049 4649 1205 4697 tanta
1236 4643 1293 4695 in
1324 4642 1581 4697 manibus
1627 4641 1851 4701 habenti
1893 4642 2044 4713 igno-

455 4752 573 4803 sco,
600 4737 647 4792 si
673 4735 781 4791 mei
803 4733 1160 4789 obliviscaris
1193 4750 1206 4786 :
1247 4730 1406 4801 cujus
1439 4746 1508 4785 ne
1534 4731 1582 4786 si
1614 4745 1890 4786 summum
1919 4729 2044 4799 qui-

454 4830 580 4885 dem
614 4835 764 4884 esset
800 4824 974 4881 otium
1016 4833 1069 4879 et
1115 4823 1299 4895 quies,
1336 4822 1407 4877 ob
1459 4821 1622 4878 vilem
1676 4829 1733 4877 et
1771 4821 2041 4892 abjectam

452 4922 627 4978 vitam
656 4920 822 4975 facile
869 4925 1020 4974 esset
1055 4916 1364 4974 recordari.
1422 4912 1501 4970 Te
1551 4913 1775 4985 quidem
1816 4924 2043 4968 sanctus

455 5012 551 5068 ille
580 5018 634 5068 et
657 5010 727 5065 ad
760 5009 1028 5079 majorem
1065 5006 1417 5078 splendorem
1445 5007 1734 5079 perducat,
1773 5012 1828 5061 et
1862 5013 1917 5060 te
1942 5018 2044 5060 sua

453 5106 634 5177 ipsius
678 5105 854 5177 gratia
888 5103 945 5157 in
968 5101 1229 5173 praesenti
1261 5100 1518 5157 claritate
1549 5106 1863 5156 conservet.
1910 5095 2042 5157 Mihi

458 5205 640 5253 autem
685 5193 945 5265 quaelibet
990 5191 1336 5257 occasiones,
1372 5208 1528 5249 novae
1585 5201 1716 5249 sunt
1768 5189 2043 5249 scribendi

531 5329 551 5351 ‘
592 5327 745 5383 Alias
774 5323 1053 5391 CCXVIII.

529 5401 571 5422 "
605 5398 758 5462 Alias
787 5396 1014 5452 CCXIX.

530 5468 594 5491 “⁶·
619 5470 773 5523 Alias
810 5466 1062 5522 CCXXII.

534 5538 645 5608 (97)
693 5538 873 5606 Ὑπὲρ
926 5534 1478 5608 καταπονουμένῳ).
1516 5532 1592 5587 Ita
1625 5532 1764 5589 Med.
1821 5542 1876 5608 et
1930 5534 2041 5591 duo

468 5604 581 5664 alii.
609 5608 750 5664 Editi
776 5604 845 5664 et
869 5608 1045 5678 Coisl.
1065 5604 1301 5678 primus,
1336 5605 1479 5678 ὑπὲρ
1504 5604 2004 5678 καταποιουμένω-ν.

533 5678 648 5751 (98)
671 5674 1124 5750 Αὐτόθι.ί(ῖιοίἑ1.
1166 5674 1456 5735 secundus
1476 5683 1532 5733 et
1576 5674 1714 5747 Reg.
1759 5674 2039 5734 secundus

2149 4453 2236 4520 ἐφ’
2262 4446 2344 4515 οἷς
2373 4451 2439 4505 ἂν
2477 4452 2737 4505 ἑκάστοτε
2786 4453 3072 4524 γράφομεν
3121 4454 3233 4526 (99)
3263 4456 3363 4519 τὰς
3393 4459 3749 4531 ἀποκρίσεις.

2149 4545 2319 4600 Πάλιν
2345 4546 2402 4599 δὲ
2437 4548 2519 4611 εἰς
2546 4546 2738 4619 ἑτέραν
2782 4547 3069 4620 μεθίστησι
3088 4549 3325 4604 διάνοιαν
3356 4553 3389 4624 ἡ
3427 4552 3609 4607 ἔννοια
3649 4557 3751 4609 τοῦ

2149 4638 2390 4709 πλήθους
2412 4640 2522 4692 τῶν
2562 4641 2692 4711 περὶ
2734 4639 2794 4693 σὲ
2846 4643 3208 4712 πραγμάτων,
3261 4644 3356 4698 καὶ
3408 4647 3757 4721 συγγνώμην

2151 4729 2346 4801 ἔχομεν
2394 4731 2473 4803 τῷ
2519 4731 2759 4786 τοσαῦτα
2794 4733 2883 4787 διὰ
2924 4735 3106 4805 χειρὸς
3144 4735 3323 4807 ἔχοντι
3381 4739 3755 4796 ἐπιλανθανο-

2154 4822 2300 4893 μένῳ
2339 4823 2517 4893 ἡμῶν,
2546 4819 2621 4877 ῶν
2656 4824 2777 4877 οὐδὲ
2803 4826 2852 4878 εἰ
2882 4827 3035 4879 πᾶσα
3059 4821 3128 4899 ἦν
3158 4828 3322 4900 σχολὴ
3369 4830 3467 4884 καὶ
3520 4834 3750 4904 ἡσυχία,

2140 4917 2239 4971 ⁴διὸι
2265 4919 2327 4971 τὸ
2352 4919 2617 4974 ταπεινὸν·
2644 4918 2741 4974 τοῦ⁹
2779 4919 2896 4991 βίου
2940 4921 3255 4993 μεμνῆσθαι
3299 4924 3510 4996 ῥᾴδιον,
3538 4927 3611 4980 Σὲ
3646 4929 3754 4997 μὲν

2150 5007 2242 5066 οὖν
2294 5014 2322 5064 ὁ
2368 5012 2523 5081 ἅγιος
2572 5011 2648 5083 (1)
2687 5013 2780 5066 καὶ
2829 5012 2923 5066 ἐπὶ
2969 5013 3191 5084 μείζονα
3238 5014 3343 5086 τῆς
3380 5022 3752 5088 περιφανείας

2151 5102 2371 5173 ἀγάγοι,
2406 5104 2502 5157 καὶ
2523 5107 2593 5177 τῇ
2618 5105 2872 5177 παρούσῃ
2907 5104 3255 5177 λαμπρότητι
3299 5113 3632 5181 συντηρήσοι
3674 5116 3748 5184 τῇ

2152 5194 2345 5249 ἑαυτοῦ
2380 5197 2562 5270 χάριτι
2592 5213 2604 5225 ·
2639 5199 2802 5269 ἡμεῖς
2842 5196 2899 5250 δὲ
2951 5198 3134 5251 πᾶσαν
3184 5199 3461 5270 πρόφασιν
3512 5202 3750 5273 ἀμειϐό-

2150 5329 2705 5475 αυῗξὲῗνῗράςοομεν.
2730 5403 2899 5461 Iidem
2916 5403 3030 5459 duo
3044 5403 3268 5462 codices
3288 5420 3416 5462 cum
3441 5405 3589 5464 Med.
3609 5412 3750 5482 γράσ-

2148 5489 2541 5676 ἓῗῗνίιὶγιος.
2576 5543 2875 5604 Vaticanus
2915 5551 2970 5603 et
3019 5544 3491 5660 Claromontanus
3536 5549 3749 5607 addunt
