3852 6224
181 240 318 295 1065
1021 234 1505 291 EPISTOLARUM
1542 233 1828 291 CLASSIS
1866 234 1958 288 ιιι.
2000 234 2214 290 EPIST.
2258 235 2505 292 CCCXX.
3292 240 3431 295 1066

181 352 321 422 μεθα
364 349 703 423 γράμμασιν,
742 350 839 420 οὐχ
874 351 1072 421 ἥκιστα
1104 352 1161 404 δὲ
1205 352 1304 423 τὴν
1344 352 1623 423 παροῦσαν
1663 351 1752 405 διὰ

1881 350 2041 417 ’ἰοεε;
2094 352 2200 407 ista
2227 350 2502 423 inprimis.
2524 358 2750 423 propter
2772 352 2922 409 hunc
2942 352 3242 417 hominem,
3268 368 3428 422 quem

180 443 349 505 τόνδε,
394 442 453 496 ὃν
500 442 594 496 καὶ
640 440 1195 513 παρακατατιθέμεθα
1228 458 1331 502 σοι.
1367 442 1464 496 καὶ
1493 441 1754 512 ἀξιοῦμεν

1881 441 1959 497 ibi
1994 445 2322 500 commendo
2353 459 2418 499 ac
2448 460 2607 515 rogo,
2652 457 2713 500 ut
2741 462 2801 503 se
2834 462 2985 503 meas
3015 446 3083 501 ad
3129 455 3181 502 te
3213 446 3431 501 litteras

179 533 364 587 λαϐεῖν
397 549 516 588 τινα
537 533 699 588 αὑτὸν
731 532 829 603 τῆς
853 532 961 586 τῶν
987 532 1329 604 γραμμάτων
1350 533 1507 605 ἡμῶν
1535 532 1611 604 (2)
1640 533 1756 587 δια-

1881 548 1977 589 non
2007 533 2212 591 frustra
2247 537 2542 609 pertulisse
2576 540 2798 596 sentiat.

86 671 97 678 .
180 625 365 689 κονίας
392 624 664 695 αἴσθησιν.

706 740 1050 795 ΕΠΙΣΤΟΛΗ
1075 741 1207 794 TIH'

2182 742 2352 815 446
2384 742 2721 799 EPISTOLA
2745 744 3045 801 CCCXVIII
3073 747 3112 800 σ.

938 863 1086 927 Rogat
1106 866 1159 911 ut
1181 859 1433 925 epistolam
1452 859 1625 925 ferenti
1643 867 1689 913 et
1718 873 1808 914 sua
1840 868 1889 914 et
1920 861 2094 925 patria:
2114 859 2267 925 prosit
2284 859 2652 913 commendatio.

282 972 628 1037 Βασιλείου,
661 971 1085 1041 ἀνεπίγραφος,
1114 971 1266 1041 ὑπὲρ
1297 968 1649 1040 πατριώτου.

2058 969 2279 1036 Basilii,
2308 986 2494 1025 carens
2527 970 2705 1033 titulo,
2730 985 2827 1039 pro
2861 978 3229 1024 conterraneo.

253 1083 393 1147 Τοὺς
421 1085 487 1137 ἐκ
504 1083 607 1153 τῆς
640 1083 895 1154 πατρίδος
926 1083 1081 1154 ἡμῶν
1102 1084 1465 1155 ἀφικομένους
1500 1083 1758 1155 συνίστη-

1927 1079 2036 1135 Eos
2083 1080 2181 1151 qui
2210 1095 2243 1135 e
2283 1080 2461 1151 patria
2497 1087 2689 1136 nostra
2736 1080 3059 1144 adveniunt,
3104 1082 3285 1151 ipsum
3327 1080 3429 1135 tibi

182 1174 237 1226 σί
259 1190 341 1226 σοι
372 1173 505 1226 αὐτὸ
529 1173 628 1244 τῆς
661 1173 916 1243 πατρίδος
952 1173 1192 1227 δίκαιον’
1228 1176 1278 1227 εἰ
1317 1175 1411 1227 καὶ
1444 1174 1528 1227 ὃτι
1562 1176 1628 1246 τῇ
1663 1172 1759 1227 τοῦ

1881 1168 2210 1225 :mmuendat
2227 1169 2420 1240 patria:
2442 1169 2534 1239 jus
2563 1186 2577 1222 :
2608 1169 2826 1225 tametsi
2852 1186 3067 1225 morum
3095 1170 3433 1242 benignitate

181 1265 388 1336 τρόπου
430 1263 755 1336 χρηστότητι
804 1264 1009 1329 πάντας
1069 1265 1175 1319 ὑπὸ
1218 1265 1315 1338 τὴν
1365 1265 1557 1320 ἑαυτοῦ
1609 1266 1763 1335 ἄγεις

1881 1270 2089 1316 :unctos
2127 1259 2221 1332 qui
2251 1259 2748 1330 quomodocunque
2801 1269 2897 1317 tuo
2927 1262 3131 1317 auxilio
3161 1261 3434 1332 indigent.“

182 1358 461 1429 πρόνοιαν,
492 1357 617 1421 τοὺς
647 1357 893 1412 ὁπωσοῦν
929 1357 1212 1429 δεομένους
1231 1360 1376 1422 τινὸς
1399 1359 1757 1431 ἀντιλήψεως.

1881 1352 1967 1407 Iub
2002 1362 2152 1406 tuam
2190 1351 2420 1407 adducis
2459 1351 2883 1421 providentiam.
2927 1351 3087 1408 Hunc
3124 1353 3313 1424 itaque
3335 1354 3431 1422 qui

181 1452 297 1504 Kal.
325 1450 415 1504 τὸν
455 1450 826 1521 ἐγχειρίζοντα
872 1450 1050 1504 τοίνυν
1091 1450 1191 1521 τὴν
1228 1450 1517 1522 ἐπιστολὴν
1564 1454 1631 1523 τῇ
1663 1470 1756 1507 κο-

1881 1439 2154 1511 epistolam
2190 1439 2434 1494 comitati
2466 1449 2572 1495 tum
2602 1441 2909 1498 traditurus
2945 1451 3050 1508 est,
3080 1441 3252 1498 [ilium
3285 1442 3434 1498 illius

184 1542 438 1613 σμιότητί
468 1559 582 1606 σου,
605 1541 696 1595 τὸν
722 1542 839 1595 υἱὸν
865 1540 1040 1605 τοῦδε,
1067 1541 1239 1606 δέξαι,
1275 1543 1368 1595 καὶ
1399 1541 1475 1605 ὡς
1515 1542 1758 1614 πατριώ-
1865 1531 2109 1603 suscipe,
2141 1539 2196 1586 et
2228 1539 2487 1601 tauquam
2535 1534 2876 1605 popularem,
2914 1542 2970 1589 et
3007 1545 3269 1606 tanquam
3311 1535 3433 1604 opis

180 1653 307 1706 την,
340 1634 434 1688 καὶ
467 1633 543 1697 ὼς
568 1633 816 1704 δεόμενον
840 1632 1197 1704 ἀντιλήψεως,
1224 1634 1318 1686 καὶ
1345 1633 1418 1697 ὡς
1450 1636 1577 1705 παρ’
1600 1633 1757 1705 ἡμῶν

1884 1623 2132 1695 ndigum,
2167 1623 2405 1694 denique
2432 1632 2691 1696 tanquam
2727 1641 2826 1697 per
2870 1643 2974 1683 nos
3012 1628 3108 1683 tibi
3153 1642 3433 1683 commen-

184 1724 576 1794 συνιστάμενόν
617 1740 732 1776 σοι·
783 1723 877 1776 καὶ
914 1724 980 1776 ὲκ
1026 1722 1243 1777 πάντων
1274 1722 1480 1776 τούτων
1520 1722 1579 1776 ἓν
1616 1721 1765 1794 αὐτῷ

1881 1716 2053 1767 latum
2083 1731 2099 1782 ;
2131 1720 2299 1787 atque
2333 1713 2402 1770 iis
2433 1730 2499 1770 ex
2528 1715 2787 1772 omnibus
2831 1732 3000 1772 unum
3035 1716 3312 1787 quoddam
3353 1716 3433 1771 illi

180 1816 502 1888 ὑπαρξάτω,
543 1818 724 1887 τυχεῖν
759 1815 858 1886 τῆς
887 1814 1242 1886 ἐνδεχομένης
1284 1815 1436 1887 παρά
1484 1814 1578 1869 σοῦ
1630 1815 1752 1886 βοη-

1881 1804 2174 1875 :ontingat,
2206 1815 2267 1859 ut
2296 1805 2506 1861 scilicet
2536 1807 2802 1862 auxilium
2832 1822 2863 1862 a
2903 1816 2959 1864 te
2999 1817 3268 1879 quantum
3319 1806 3433 1863 ﬁeri

183 1908 339 1970 θείας
366 1910 446 1971 είς
475 1905 544 1960 τὰ
567 1906 922 1980 προκείμενα.
953 1906 1122 1975 Δῆλον
1153 1905 1231 1968 δὲ,
1263 1906 1344 1959 ὅτι
1376 1907 1470 1959 ἐπὶ
1489 1909 1601 1970 τοῖς
1624 1906 1763 1975 ἀγα-

1881 1893 2074 1964 puterit
2114 1905 2486 1964 consequatur
2506 1895 2565 1950 in
2592 1896 2825 1968 negotiis
2855 1897 2989 1953 suis.
3017 1896 3216 1968 Liquet
3254 1906 3434 1952 autem

181 1999 303 2063 θοῖς
333 1998 514 2069 ἔργοις
538 1999 596 2052 αἱ
646 1996 1047 2060 ἀνταποδόσεις,
1079 1998 1140 2050 οὐ
1173 1999 1303 2069 παρ’
1348 1997 1503 2068 ἡμῶν
1531 1998 1640 2051 τῶν
1671 2015 1763 2069 μι-

1881 1986 2031 2041 bonis
2088 1986 2350 2056 operibus
2401 1998 2646 2060 paratam
2705 2006 2829 2046 esse
2890 1990 3434 2052 remunerationem,

184 2089 360 2160 κρῶν,
426 2088 561 2144 ἀλλά
614 2089 768 2162 παρά
817 2089 912 2141 τοῦ
977 2088 1207 2156 Κυοίου,
1259 2087 1353 2142 τοῦ
1399 2088 1499 2153 τὰς
1553 2089 1764 2158 ἀγαθάς

181 2180 537 2253 προαιρέσεις
568 2178 954 2251 ἀμειϐομένου.

721 2371 1065 2425 ΕΠΙΣΤΟΛΗ
1089 2367 1232 2422 ΤΙΘ’.

1869 2093 1977 2133 non
2034 2094 2132 2150 per
2185 2094 2286 2133 nos
2331 2079 2554 2151 quidem
2602 2081 2835 2152 pusillus
2878 2080 3150 2145 homines,
3207 2078 3305 2136 sed
3343 2094 3435 2150 per

1870 2167 2183 2234 Dominum,
2226 2170 2323 2240 qui
2373 2171 2654 2242 praeclaris
2706 2171 2976 2228 institutis
3022 2170 3328 2226 mercedem
3361 2184 3429 2223 re

1870 2261 2077 2332 pendit.

2300 2372 2639 2429 EPISTOLA
2681 2372 2933 2429 CCCXIX

981 2489 1288 2541 Commendat
1307 2487 1542 2554 hospitem
1567 2486 1697 2539 omni
1714 2487 1930 2541 subsidio
1953 2490 2006 2543 in
2028 2499 2161 2544 terra
2181 2500 2415 2544 extranea
2432 2500 2662 2557 egentem.

679 2600 904 2669 Ομοίως
925 2597 1076 2667 ὑπὲρ
1100 2598 1302 2664 ξένου.

260 2714 420 2770 Κατά
450 2713 615 2775 ¹ιοόδας
663 2711 762 2782 τῆς
811 2710 1213 2784 ἀναχωρήσεώς
1260 2728 1356 2764 σου
1390 2712 1592 2784 ἐπέστη
1636 2712 1769 2785 ἡμῖν

182 2813 219 2864 ὁ
251 2807 367 2870 υἱὸς
403 2800 557 2870 οὗτος
584 2808 613 2858 ό
646 2806 747 2875 τὴν
777 2803 1063 2875 ἐπιστολήν
1104 2820 1186 2858 σοι
1219 2803 1424 2875 ταύτην
1463 2803 1767 2870 ἀποδιδοὺς,

1867 2804 1992 2869 iste,
2043 2805 2138 2875 qui
2182 2805 2329 2859 hanc
2372 2804 2661 2875 epistolam
2707 2802 2807 2858 tibi
2858 2804 3087 2875 porrigit
3137 2823 3152 2860 :

2327 2600 2590 2656 Similiter
2629 2616 2725 2669 pro
2763 2601 2984 2668 hospite.

1942 2712 1984 2767 E
2039 2716 2267 2787 vestigio
2318 2729 2575 2769 recessus
2627 2714 2707 2768 tui
2759 2716 2994 2770 accessit
3042 2713 3111 2768 ad
3157 2729 3243 2769 me
3293 2712 3438 2770 ﬁlius

3207 2805 3257 2859 is
3288 2805 3442 2861 velut

186 2898 381 2970 χρείαν
417 2896 576 2967 ἔχων,
606 2894 681 2959 ὡς
710 2894 851 2965 ἀνὴρ
899 2895 958 2947 ἐν
1002 2893 1274 2964 ἀλλοδαπῇ
1321 2893 1544 2963 διάγων,
1588 2896 1768 2966 πάσης

1881 2897 2038 2950 homo
2091 2895 2146 2950 in
2195 2903 2341 2951 terra
2387 2904 2647 2951 extranea
2682 2894 2911 2967 degens,
2960 2897 3110 2951 omni
3142 2905 3265 2968 eget
3313 2899 3441 2958 sub-

186 2990 293 3059 τῆς
326 2989 474 3060 παρὰ
503 2987 611 3041 τῶν
655 2986 994 3059 Χριστιανῶν
1037 2985 1391 3057 ὀφειλομένης
1436 2988 1550 3050 τοῖς
1597 2985 1768 3051 ξένοις

1881 2987 2036 3052 εἱιΙίο,
2081 2987 2228 3057 quod
2284 2988 2594 3057 hospitibus
2652 2988 2886 3043 debetur
2934 3002 3034 3059 per
3073 2987 3442 3045 Christianos.

187 3079 570 3152 παραμυθίας.
607 3080 681 3132 Τὸ
732 3078 831 3149 μὲν
876 3072 969 3131 οὖν
1012 3078 1248 3148 πρᾶγμα
1295 3073 1449 3141 οὗτός
1490 3095 1572 3132 σοι
1615 3080 1749 3147 ὲναρ

186 3176 454 3245 γέστερον
476 3173 827 3244 διηγήσεων
870 3170 968 3243 τὴν
998 3170 1055 3224 δὲ
1091 3170 1347 3241 βοήθειαν
1389 3170 1553 3233 αὐτὸς
1622 3187 1738 3240 παρ

184 3267 358 3331 ἐξεις,
379 3266 479 3336 τήν
510 3282 593 3318 σοι
615 3264 756 3318 κατά
783 3262 1141 3334 δύναμιν,καὶ
1163 3262 1467 3331 ἀναγκαίαν
1494 3263 1606 3324 τοῖς
1638 3277 1745 3331 προ

186 3358 486 3430 κειμένοις.
535 3356 661 3411 Ἐὰν
692 3357 791 3427 μὲν
823 3351 917 3410 οὖν
956 3358 1106 3427 παρῇ
1139 3358 1167 3409 ὁ
1200 3352 1446 3425 ἡγεμὼν,
1479 3353 1641 3416 αὐτὸς
1682 3353 1770 3419 ξε-

186 3450 454 3520 ναγήσεις
490 3447 625 3520 πρὸς
654 3447 816 3501 αὐτὸν
847 3445 1109 3517 δηλονότι.
1152 3446 1308 3499 Ἐπεὶ
1348 3444 1436 3498 διὰ
1474 3443 1585 3497 τῶν
1622 3443 1772 3497 πολι-

187 3541 500 3613 τευομένων
539 3539 793 3611 παρέξεις
828 3537 976 3610 αὐτῷ
1002 3539 1071 3593 τὰ
1114 3536 1538 3608 σπουδαζόμενα.
1567 3535 1639 3589 Οὐ
1663 3534 1771 3607 γὰρ

193 3632 411 3704 μικρῶς
463 3650 552 3704 μοι
599 3632 751 3703 μέλει
805 3631 867 3684 τὸ
928 3631 1108 3685 πάντα
1151 3628 1312 3683 αὐτόν
1360 3630 1501 3683 κατά
1549 3626 1774 3698 γνώμην

190 3723 478 3797 πράξαντα
508 3725 841 3778 ἐπανελθεῖν.

721 3880 1066 3933 ΕΠΙΣΤΟΛΗ
1106 3878 1235 3931 ΤΚ¹⁸

1865 3076 1938 3132 Et
1981 3078 2263 3148 negotium
2310 3079 2530 3149 quidem
2581 3080 2701 3150 ipse
2734 3079 2833 3134 tibi
2874 3079 3080 3136 clarius
3111 3081 3392 3135 enarrabit
3428 3101 3441 3135 :

1871 3177 1932 3225 tu
1984 3186 2115 3226 vero
2174 3172 2440 3228 auxilium
2505 3173 2773 3243 praebebis
2831 3188 2931 3244 pro
2989 3173 3225 3239 viribus,
3282 3185 3444 3245 atque

1870 3261 2249 3318 necessarium
2298 3265 2464 3319 rebus
2506 3265 2892 3334 praesentibus.
2932 3263 2992 3320 Si
3047 3267 3232 3336 itaque
3271 3268 3447 3323 aderit

1872 3367 2099 3422 praeses,
2143 3353 2260 3422 ipse
2312 3354 2566 3409 videlicet
2613 3355 2682 3410 ad
2741 3371 2868 3411 eum
2923 3357 3095 3414 duces
3148 3357 3444 3428 hospitem.

1871 3443 2118 3513 Alioqui,
2179 3458 2276 3513 per
2314 3458 2413 3499 eos
2466 3445 2562 3516 qui
2615 3446 3011 3516 rempublicam
3063 3456 3262 3517 gerunt
3313 3463 3449 3502 cou-

1877 3534 2030 3590 ﬁcies
2064 3537 2116 3590 ei
2156 3550 2277 3605 quae
2304 3536 2528 3606 expetit.
2564 3534 2684 3591 Non
2726 3538 2871 3592 enim
2919 3536 3271 3594 mediocriter
3316 3539 3446 3593 mihi

1879 3641 2027 3681 cura:
2056 3633 2141 3682 est
2161 3664 2176 3689 ,
2209 3633 2269 3681 ut
2305 3629 2546 3698 peractis
2573 3643 2640 3681 ex
2673 3627 2840 3682 animi
2884 3632 3158 3684 sententia
3191 3630 3449 3684 omnibus

1881 3725 2212 3773 revertatur.

2332 3868 2668 3927 EPISTOLA
2696 3871 2926 3928 CCCXX
2951 3875 3035 3927 “'.

195 3996 423 4047 Testatur
442 4005 552 4043 eum
568 3990 652 4056 qui
672 3993 738 4041 ad
760 3989 947 4055 negotia
970 3990 1279 4054 procuranda
1298 4004 1476 4041 missus
1507 3990 1682 4101 (iterat,
1698 3989 1865 4102 ergirg
1879 3985 2228 4101 mﬁgglegg,
2249 3998 2345 4036 non
2382 3992 2540 4036 tamen
2581 3982 2795 4051 pigritia:
2823 3989 3166 4040 accusandum.
3191 3990 3332 4044 Scire
3349 4003 3450 4046 avet

1417 4065 1511 4102 auo
1555 4065 1641 4102 oco
1672 4065 1747 4102 sm
2223 4086 2235 4097 .

1417 4065 1511 4110 quo
1537 4065 1641 4102 1000
1672 4065 1766 4102 διιιι
1784 4065 1863 4102 1⁵88
1879 4065 2235 4101 εοειεδιαδιιείε.

492 4165 929 4233 Ἀνεπίγραςεος,
963 4165 1062 4217 ἐπὶ
1097 4166 1488 4233 προσηγορίᾳ.

264 4279 367 4334 Διὰ
407 4276 618 4350 μακροῦ
656 4278 791 4347 ἡμῖν
824 4275 1033 4346 ὑπῆρξε
1077 4277 1395 4345 προσειπεῖν
1442 4272 1541 4343 τὴν
1593 4269 1771 4342 τιμιό⁴

188 4372 337 4444 τητά
366 4387 483 4433 σου,
517 4367 595 4440 τῷ
619 4368 709 4421 τὸν
743 4365 1146 4437 ἀνακομίζοντα
1180 4364 1279 4428 τὰς
1310 4364 1632 4436 ἀποκρίσεις
1668 4379 1771 4415 πο-

188 4463 292 4515 λὺν
340 4459 530 4530 χρόνον
591 4456 924 4527 ἐνδιατρῖψαι
978 4457 1043 4525 τῇ
1095 4452 1359 4525 ἡμετέρᾳ,
1413 4452 1507 4505 καὶ
1548 4452 1772 4523 ἀνδράσι

191 4553 294 4606 καὶ
374 4550 662 4621 πράγμασι
740 4547 1184 4618 δυσχερεστέροις
1269 4544 1345 4614 (5)
1431 4545 1770 4614 περιπεσεῖν.

204 4642 485 4697 Ἐνιαυτδν
538 4640 646 4711 γὰρ
702 4640 822 4694 ὅλον
875 4635 1188 4707 ἁπεξενώθη
1254 4636 1355 4703 τῆς
1422 4633 1772 4703 ἐνεγκούσης.

206 4735 473 4796 Ἀπάταις
494 4731 795 4801 ἀνθρώπων
827 4730 921 4783 καὶ
939 4728 1243 4783 διαλύσεσιν
1277 4726 1562 4797 ὑπαχθεὶς,
1596 4725 1645 4777 εί
1676 4724 1775 4794 τῆς

191 4822 480 4895 παρούσης
514 4819 664 4891 αὐτῷ
694 4818 1030 4890 κακουργίας
1071 4817 1389 4887 κρατήσειε,
1434 4812 1530 4867 τοῦ
1571 4813 1774 4878 παντὸς

191 4914 569 4987 περιέσεσθαι,
603 4913 701 4983 ὀψὲ
735 4910 830 4964 τοῦ
864 4909 1162 4979 κεφαλαίου
1182 4908 1282 4978 τῆς
1305 4906 1507 4979 ζημίας
1538 4904 1775 4977 ὲπῄσθε-

189 5025 276 5068 το,
313 5007 373 5059 ὲν
405 5008 472 5076 τῇ
492 5003 634 5058 κατά
658 5002 850 5075 μικρὸν
876 5002 1060 5074 ἀπάτῃ
1089 5000 1191 5070 τῆς
1218 4999 1524 5069 αἰσθήσεως
1545 4997 1776 5053 κλεπτο-

192 5097 391 5169 μένης.
434 5094 587 5148 Ἐπεὶ
612 5090 705 5146 οὖν
734 5092 1002 5154 ἐπάνεισι,
1025 5088 1133 5142 τῶν
1174 5106 1235 5142 τε
1278 5088 1369 5141 τοῦ
1406 5087 1567 5161 ἀέρος
1608 5086 1773 5159 ὀχλη-

269 5272 349 5343 (2)
392 5270 604 5341 Ἣμῶν.
634 5271 803 5343 C_oisl.
851 5268 1059 5343 primus
1088 5268 1238 5337 ἡμῖν.
1273 5265 1442 5343 ξουιο
1465 5276 1625 5343 _ante_
1642 5268 1772 5343 legit

187 5335 561 5399 Coin'belis'ius
592 5341 727 5413 πρρς
748 5335 927 5413 πᾷσαν
959 5335 1248 5413 πρόφασιν.
1273 5335 1379 5413 Sed
1409 5337 1589 5392 minus
1612 5335 1771 5393 inlél-

188 5416 330 5469 lexit
365 5413 495 5482 illud
519 5407 877 5482 ἁμείδόμεθα,
931 5409 1090 5479 cujus
1119 5407 1234 5461 haec
1258 5407 1472 5482 videtur
1492 5422 1614 5482 esse
1653 5424 1772 5482 sen-

190 5484 367 5538 tentia
405 5498 418 5534 :
452 5476 594 5548 Quot
646 5476 966 5536 occasiones
1002 5476 1332 5543 occurrunt,
1373 5476 1598 5531 totidem
1641 5480 1770 5534 scri-

192 5554 364 5610 bendi
388 5553 537 5607 vices
565 5566 794 5620 usurpo.

267 5625 349 5693 (3)
384 5614 904 5690 Δυσχερεσέέροις.
925 5616 1021 5675 Sic
1049 5624 1278 5687 uterque
1310 5615 1501 5684 Coisi.,
1531 5614 1669 5673 Med.
1713 5625 1769 5673 et

436 5717 709 5776 ernoc.
742 5714 861 5775 Gn.
899 5710 1164 5777 XXXII.

2124 4159 2248 4212 Sine
2275 4156 2637 4227 inscriptione,
2671 4157 2947 4212 salutandi
2978 4163 3179 4229 gratia.

1947 4269 2135 4340 Longo
2168 4268 2458 4325 intervallo
2489 4269 2648 4325 nobis
2681 4271 2913 4343 contigit
2938 4282 3099 4342 tuam
3131 4275 3452 4346 dignitatem

1880 4366 2120 4418 salutare
2154 4379 2170 4427 ;
2207 4375 2275 4416 eo
2317 4360 2463 4430 quod
2508 4361 2604 4431 qui
2631 4376 2897 4433 responsa
2929 4364 3117 4431 refert,
3141 4366 3235 4420 diu
3278 4367 3336 4421 in
3366 4384 3450 4423 no-

1879 4464 1993 4510 stra
2041 4455 2266 4525 regione
2318 4462 2695 4515 commoratus
2748 4455 2841 4519 sit,
2900 4472 2966 4511 ac
3015 4465 3131 4512 tum
3198 4460 3255 4514 in
3305 4462 3454 4517 viros

1880 4546 2313 4611 Inorosissimos,
2347 4554 2464 4602 tum
2489 4547 2547 4601 in
2576 4548 2796 4619 negotia
2831 4548 3147 4604 dillieillima
3180 4551 3454 4609 inciderit.

1880 4636 2015 4692 Nam
2053 4653 2259 4694 annum
2287 4647 2463 4695 totum
2491 4638 2667 4695 abfuit
2691 4641 2888 4711 patria.
2921 4642 2973 4699 Is
3003 4643 3284 4699 hominum
3316 4646 3455 4703 dolis

1880 4739 1935 4786 et
1962 4731 2433 4786 transactionibus
2488 4732 2545 4786 in
2591 4748 2712 4787 eam
2767 4748 2918 4804 spem
2967 4735 3228 4791 inductus
3278 4752 3357 4799 se,
3410 4739 3454 4793 si

1848 4832 2206 4892 praesentem
2248 4825 2551 4895 nequitiam
2608 4835 2918 4897 superaret,
2972 4828 3050 4883 rei
3090 4830 3263 4885 totius
3301 4846 3457 4885 sum-

1880 4930 2025 4969 mam
2074 4916 2452 4981 obtenturum,
2498 4931 2623 4973 sero
2669 4918 2854 4973 damni
2902 4928 3068 4991 caput
3119 4923 3393 4990 persensit
3440 4941 3454 4976 :

1878 5019 2002 5058 cum
2055 5004 2208 5062 fraus
2259 5007 2519 5077 paulatim
2555 5011 2911 5080 progrediens
2961 5027 3183 5068 sensum
3231 5021 3456 5083 praeter-

1879 5094 2132 5167 fugisset.
2170 5098 2308 5151 Cum
2357 5098 2525 5169 igitur
2572 5100 2760 5155 redeat
2791 5108 2846 5157 et
2882 5102 2952 5157 ab
2991 5105 3138 5159 aeris
3187 5105 3454 5162 molestiis

1877 5267 2012 5353 Beg.
2045 5272 2339 5353 secundus.
2389 5271 2535 5353 Editi
2583 5273 3050 5353 δυσχερεστάτοις.
3081 5275 3277 5333 Statim
3322 5280 3453 5336 editi

1876 5341 2112 5418 ἀπάταις
2142 5341 2272 5412 γάρ,
2329 5343 2424 5396 sed
2457 5345 2659 5418 vocula
2686 5341 2853 5402 ’déest
2900 5349 2956 5402 in
3014 5341 3150 5402 Inss.
3198 5359 3450 5418 quatuor.

1875 5407 2069 5488 Plures
2095 5407 2275 5488 aii—tem
2305 5412 2748 5488 non__lIabuimu_s
2778 5418 2843 5488 in_
2867 5407 3347 5488 lianc_epiStolaIIi.

1948 5487 1967 5504 '
2001 5479 2080 5534 Ex
2109 5481 2363 5537 Cotelerii
2400 5480 2633 5548 Monam,
2683 5484 2776 5542 Ec.
2803 5484 2892 5543 Gr.
2927 5497 2969 5544 t.
2995 5479 3150 5559 ll,'p.
3177 5490 3265 5551 94.

1947 5553 1989 5574 “
2020 5549 2176 5609 lbid..
2212 5566 2265 5609 ο.
2300 5553 2368 5609 95
3136 5558 3142 5567 ’
3177 5553 3187 5561 θ

1946 5566 2429 5679 θ’θιὲἰῗιὶὲδὸῖῗίι.

3058 5722 3139 5782 3b
