3852 6224
419 295 448 350 Ι
452 294 555 350 067

1654 291 1710 349 S.
1750 292 1993 348 BASILII
2032 292 2244 347 MAG-Nl

3533 290 3685 346 1068

417 424 473 471 et
528 413 597 466 ab
634 410 912 466 hominum
948 408 1192 479 nequitia
1229 408 1487 466 liberatus
1523 427 1537 464 :
1579 412 1882 467 salutamus
1927 419 1980 466 te

2108 412 2197 465 ›ῶν
2242 411 2336 463 καὶ
2382 410 2482 481 τῆς
2530 409 2637 463 τῶν
2691 409 2900 482 ἀνδρῶν
2948 409 3251 481 μοχθηρίας
3299 407 3682 475 ἀπαλλαγεὶς,

419 522 518 577 per
545 505 718 567 illum,
751 511 1006 573 rogantes
1051 508 1113 555 ut
1160 501 1335 555 nostri
1379 501 1694 556 memineris
1723 504 1777 555 in
1808 502 1983 571 preci-

422 599 524 652 bus
554 595 701 665 (nam
732 606 954 662 precum
992 591 1201 645 auxilio
1249 588 1404 645 valde
1437 590 1795 661 indigemus),
1826 590 1991 645 simul

420 690 586 746 etiam
637 686 929 741 certiorem
969 691 1024 739 te
1073 682 1236 748 facio,
1288 700 1426 754 quos
1475 683 1666 739 beatus
1701 684 1992 754 episcopus

421 780 606 836 debito
664 776 929 834 solvendo
982 775 1253 831 obnoxios
1318 774 1615 844 reliquerat
1678 774 1993 844 (siquidem

422 875 480 930 in
532 888 635 928 suo
670 876 999 926 testamento
1043 877 1098 923 et
1141 867 1311 923 debiti
1356 865 1485 922 fecit
1542 866 1896 931 mentionem,
1939 873 1995 920 et

422 966 568 1021 unde
618 975 672 1019 et
721 977 750 1016 a
804 962 1003 1032 quibus
1054 958 1187 1014 illud
1242 958 1403 1030 447
1475 960 1611 1013 solvi
1656 960 1992 1030 oporteret),

421 1072 518 1113 eos
575 1055 764 1109 amicis
811 1052 1274 1107 admonitionibus
1341 1052 1542 1121 spretis
1607 1053 1994 1107 necessitatem

423 1148 778 1204 tribunalium
827 1152 1165 1215 exspectare.
1220 1143 1403 1209 Quare
1446 1143 1653 1199 sodalis
1696 1155 1885 1200 noster
1936 1159 1996 1199 re

423 1240 627 1296 infecta
679 1239 865 1301 rediit,
918 1244 1083 1307 atque
1127 1237 1242 1290 haec
1283 1236 1403 1306 ipsa
1451 1236 1664 1307 rogavit
1701 1247 1762 1291 ut
1813 1238 1880 1291 de
1929 1251 1996 1291 eo

422 1340 773 1394 testaremur,
822 1344 891 1383 ne
942 1327 1189 1398 segnitiei
1244 1339 1337 1381 aut
1384 1328 1617 1397 pigritia:
1665 1330 1809 1400 apud
1846 1338 1995 1383 tuam

422 1422 742 1490 dignitatem
776 1421 1146 1475 incusaretur.
1184 1419 1261 1474 De
1289 1420 1375 1474 his
1404 1420 1687 1475 hactenus.
1725 1420 1996 1475 Caeterum

422 1531 532 1585 quo
562 1515 618 1568 in
646 1521 794 1569 statu
823 1513 934 1568 sint
966 1528 1053 1567 res
1086 1511 1481 1576 Ecclesiarum,
1514 1520 1696 1567 utrum
1727 1514 1998 1569 conceda-

423 1618 515 1662 tur
544 1615 603 1661 ut
635 1607 690 1661 in
720 1605 908 1661 eodem
934 1613 1077 1661 statu
1107 1612 1486 1675 permaneant,
1519 1621 1586 1660 an
1614 1606 1668 1660 in
1695 1607 1849 1677 pejus
1873 1623 1998 1662 ver-

423 1711 572 1771 gant,
614 1709 707 1754 aut
735 1715 886 1768 spem
925 1699 1165 1768 aliquam
1202 1698 1439 1753 habeant
1484 1697 1682 1753 futurae
1713 1700 1769 1753 in
1800 1699 1995 1755 melius

2093 500 2450 572 ἀσπαζόμεθά
2476 517 2536 554 σε
2561 502 2628 555 δι’
2660 501 2850 565 αὑτοῦ,
2890 499 3335 572 παρακαλοῦντες
3358 497 3682 570 μεμνῆσθαι

2091 592 2250 664 ἡμῶν
2284 593 2378 645 ἐπὶ
2408 592 2515 645 τῶν
2565 591 2882 663 προσευχῶν
2909 590 3134 663 (πολλῆς
3173 591 3282 661 γὰρ
3316 588 3417 658 τῆς
3454 589 3520 641 ἐκ
3565 586 3687 639 τῶν

2093 683 2268 755 εὐχῶν
2308 683 2557 755 βοηθείας
2597 683 2873 754 δεόμεθα),
2906 683 3002 736 καὶ
3032 683 3149 752 ἆμα
3210 680 3569 751 σημαίνομεν,
3594 678 3687 730 ὅτι

2092 776 2141 828 οἱ
2194 774 2485 828 ὑπεύθυνοι
2526 774 2979 844 καταλειφθέντες
3014 774 3151 844 πρὸς
3174 773 3274 843 τὴν
3300 771 3393 824 τοῦ
3427 770 3689 841 ὀφλήμα-

2092 885 2183 931 τος
2230 867 2437 921 ἔκτισιν
2483 867 2635 940 παρὰ
2684 867 2778 920 τοῦ
2835 868 3106 939 μακαρίου
3164 869 3489 923 ἐπισκόπου.
3550 867 3686 917 ἐπι-

2098 957 2426 1029 μνησθέντος
2459 960 2515 1011 ἐν
2544 960 2663 1021 ταῖς
2690 957 2987 1028 διαθήκαις,
3017 955 3183 1011 αὑτοῦ
3230 973 3287 1008 τε
3331 954 3425 1008 τοῦ
3456 954 3685 1025 χρέους,

2095 1049 2189 1101 καὶ
2218 1049 2340 1102 ὅθεν
2374 1048 2650 1121 προσῆκεν
2705 1047 3017 1119 ἐκτισθῆναι
3055 1048 3167 1116 (οὗ),
3214 1046 3308 1100 καὶ
3352 1046 3440 1099 διά
3485 1046 3686 1106 τίνων,

2097 1140 2444 1212 ὑπεριδόντες
2492 1141 2601 1195 τῶν
2642 1140 2870 1211 φιλικῶν
2912 1142 3294 1211 ὑπομνήσεων,
3328 1138 3429 1201 τὰς
3466 1138 3528 1189 ἐκ
3568 1136 3691 1188 τῶν

2094 1232 2460 1305 δικαστηρίων
2536 1234 2782 1302 ἀνάγκας
2853 1231 3187 1302 ἐκδέχονται.
3253 1231 3346 1284 Διὸ
3398 1230 3692 1301 ἄπρακτος

2097 1325 2398 1394 ἐπανῆλθεν
2429 1328 2456 1379 ό
2484 1326 2699 1397 ἑταῖρος
2735 1323 2915 1396 ἡμῶν,
2956 1324 3050 1377 καὶ
3101 1322 3275 1377 ταῦτα
3324 1321 3465 1376 αὐτὰ
3508 1320 3687 1389 ἠξίω-

2100 1431 2190 1467 σεν
2219 1415 2377 1467 αὑτὸν
2410 1415 2484 1483 (5)
2529 1417 2656 1486 παρ’
2689 1413 2849 1485 ἡμῶν
2888 1413 3320 1487 μαρτυρηθῆναι,
3370 1412 3447 1474 ὡς
3482 1410 3557 1481 μὴ
3588 1412 3693 1481 ἀρ-

2098 1506 2222 1575 γίας
2251 1508 2386 1578 μηδέ
2426 1507 2702 1579 ῥᾳθυμίας
2739 1507 2993 1578 ἔγκλημα
3024 1510 3172 1577 σχεῖν
3209 1505 3362 1577 παρὰ
3396 1507 3462 1575 τῇ
3497 1504 3691 1574 τιμιό-

2098 1600 2221 1668 τητί
2245 1616 2360 1655 σου.
2388 1599 2575 1653 Ταῦτα
2611 1601 2707 1670 μέν
2730 1602 2810 1664 είς
2831 1598 3105 1653 τοσοῦτον.
3139 1598 3221 1651 Τά
3241 1597 3300 1650 δὲ
3326 1596 3435 1650 τῶν
3451 1596 3658 1665 Ἐκκλη
3675 1624 3693 1636 -

2102 1690 2233 1744 σιῶν
2254 1692 2402 1754 ὅπως
2434 1691 2568 1761 ἔχει.
2622 1690 2731 1743 εἴτε
2775 1689 3188 1761 συγκεχώρηται
3248 1688 3427 1759 μένειν
3459 1686 3552 1739 ἐπὶ
3581 1686 3691 1755 τῆς

423 1791 764 1856 mutationis,
788 1806 884 1860 per
899 1791 1135 1861 aliquem
1160 1806 1191 1846 e
1217 1791 1399 1847 charis
1426 1790 1689 1847 fratribus
1710 1792 1998 1847 certiorem

2108 1782 2437 1851 ὁμοιότητος,
2478 1779 2588 1833 εἴτε
2623 1780 2719 1833 καὶ
2754 1780 2889 1852 πρὸς
2921 1779 2983 1832 τὸ
3018 1782 3197 1849 χεῖρον
3243 1776 3622 1834 ἐκπέπτωκεν,
3651 1771 3690 1840 ἢ

405 1899 511 1938 -me
543 1884 724 1939 facere
750 1884 1012 1955 digneris.

864 2143 1201 2200 EPISTOLA
1239 2143 1493 2201 CCCXXI
1529 2148 1570 2198 ‘.

427 2260 606 2308 Auctor
626 2256 710 2368 [mli

490 2327 585 2368 σαι.
609 2324 661 2368 ut
695 2334 707 2367 l

488 2327 585 2383 ρων
609 2324 661 2388 .u.‘

487 2383 775 2430 succiderat.

1101 2463 1325 2519 Thecla'.

498 2556 779 2611 Praeterito
808 2571 974 2622 anno,
1007 2565 1114 2612 etc.

2104 1874 2224 1927 τίνα
2253 1871 2325 1943 (6)
2357 1871 2548 1925 ἐλπίδα
2580 1871 2680 1941 τῆς
2710 1872 2801 1924 ἐπὶ
2830 1871 2890 1923 τὸ
2939 1870 3143 1940 βέλτιον
3196 1869 3310 1938 ἔχει
3356 1864 3689 1937 μεταϐολῆς,

2105 1962 2365 2034 γνωρίσαι
2385 1964 2517 2033 ἡμῖν
2546 1960 2634 2015 διὰ
2664 1962 2807 2026 τινὸς
2833 1961 2943 2016 τῶν
2967 1961 3207 2031 γνησίων
3238 1955 3482 2027 ἀδελφῶν
3514 1971 3693 2009 κατα-

2107 2052 2297 2118 ξίωσον

2613 2149 2961 2204 ΕΠΙΣΤΟΛΗ
2986 2149 3162 2204 TKA'.

712 2270 770 2326 iis
787 2253 1018 2326 epistolis,
1033 2269 1191 2326 'quem
1210 2256 1496 2323 Gregorium
1518 2260 1566 2309 Ν
1568 2256 1882 2326 asianzenum
1914 2274 2018 2313 esse
2037 2266 2351 2326 nonobscure
2374 2260 2683 2326 perspicitur,
2717 2276 2810 2326 non
2835 2260 2940 2312 sine
2978 2260 3120 2326 solito
3158 2261 3325 2326 lepore
3351 2259 3582 2326 Theclam
3607 2271 3696 2326 ro-

695 2318 760 2390 iis
772 2318 855 2383 qui
873 2318 1090 2370 ecclesiis
1110 2318 1383 2382 conseptum
1401 2322 1725 2385 exstruebant,
1749 2322 1912 2373 vinum
1945 2322 2232 2388 suppeditet,
2269 2318 2526 2389 propterea
2547 2318 2679 2390 quod
2716 2324 2965 2375 vehemens
2989 2322 3105 2373 anni
3127 2318 3364 2388 prazteriti
3387 2322 3548 2389 frigus
3571 2319 3698 2372 vita

2800 2467 3014 2538 Θέκλῃ.

2186 2557 2259 2609 Τὸ
2282 2557 2673 2628 παριππεῦσαν
2699 2556 2839 2625 ἔτος,
2891 2575 2945 2611 κ.
2973 2575 3026 2610 τ.
3054 2558 3105 2610 λ.

1245 2675 1373 2729 Vide
1396 2677 1534 2731 inter
1560 2676 1619 2732 S.
1657 2677 1895 2748 Gregorii
1926 2675 2261 2729 Nazianzeni
2291 2674 2566 2745 epistolas,
2590 2676 2743 2744 epist.
2788 2674 2875 2728 57.

854 2787 1187 2845 EPISTOLA
1217 2791 1564 2847 CCCXXII“.

2616 2789 2964 2842 ΕΠΙΣΤΟΛΗ
2993 2786 3165 2841 ΤΚΒ⁸.

486 2884 735 2936 Rationem
763 2882 924 2935 reddit
952 2898 1039 2935 cur
1063 2899 1173 2936 sero
1205 2887 1493 2949 respondeat
1527 2903 1545 2939 :
1579 2896 1716 2955 rogat
1736 2894 1788 2938 ut
1822 2895 1928 2954 post
1948 2889 2143 2955 longam
2162 2882 2335 2937 hiemis
2356 2881 2621 2935 absentiam
2641 2881 2815 2935 saltem
2832 2883 2896 2933 ad
2919 2882 3127 2934 Pascha:
3148 2879 3277 2932 diem
3295 2893 3406 2931 cum
3425 2893 3636 2945 conjuge

1079 2963 1090 2977 '
1958 2964 2012 3000 re

495 3121 751 3189 Acceptis
810 3128 916 3174 tua:
973 3120 1261 3191 dignitatis
1316 3123 1535 3187 litteris,
1581 3124 1803 3191 gavisus
1852 3138 1996 3187 sum,

427 3223 487 3267 ut
521 3229 619 3283 par
652 3221 791 3276 erat,
826 3221 879 3269 et
912 3211 1141 3267 Domino
1187 3215 1393 3284 gratias
1424 3216 1532 3285 egi,
1564 3225 1729 3287 atque
1778 3226 2004 3288 paratus

425 3318 579 3357 eram
631 3304 1003 3373 respondere,
1045 3305 1090 3360 si
1131 3304 1256 3375 quis
1313 3315 1618 3376 opportune
1681 3308 1749 3364 de
1802 3311 2006 3365 rescri-

429 3396 605 3451 bendo
683 3396 1113 3451 submonuisset.
1178 3396 1314 3452 Nam
1369 3401 1646 3470 negotium
1711 3402 1887 3468 illud,
1936 3401 2005 3458 de

426 3502 537 3555 quo
575 3486 708 3539 mihi
753 3486 1112 3540 mandaveras
1145 3527 1159 3549 ,
1209 3489 1471 3557 temporis
1516 3505 1809 3559 progressu
1843 3492 2006 3547 abso-

428 3581 599 3631 lutum
622 3584 724 3633 est.
760 3576 879 3632 Non
908 3586 1026 3632 erat
1069 3577 1237 3649 M8
1282 3588 1485 3648 autem,
1544 3591 1835 3653 antequam
1872 3599 2005 3639 con-

426 3672 681 3726 ﬁceretur
705 3709 719 3733 ,
760 3677 938 3724 tutum
990 3670 1291 3740 quidquam
1340 3676 1695 3742 respondere.
1731 3672 1858 3729 Haec
1895 3675 2004 3730 mei

427 3760 628 3815 silentii
691 3759 796 3814 fuit
841 3776 1006 3816 causa
1053 3781 1067 3815 :
1116 3779 1226 3816 non
1279 3763 1427 3817 enim
1470 3765 1771 3835 segnities,
1824 3783 2005 3838 neque

425 3853 586 3907 cilicii
636 3854 926 3923 ignoratio.
976 3853 1202 3911 Etiamsi
1242 3857 1388 3911 enim
1437 3859 1661 3914 omnino
1716 3861 1869 3931 piger
1915 3878 2006 3918 es-

425 3960 562 4010 sem,
595 3951 779 3999 tamen
805 3946 934 4000 vitia
969 3962 1091 4002 mea
1135 3963 1321 4001 coram
1359 3958 1454 4002 tua
1486 3950 1751 4022 dignitate
1818 3954 2007 4009 occul-

424 4044 542 4091 tare
585 4037 735 4090 omni
790 4038 952 4092 modo
985 4038 1341 4095 studuissem.
1375 4039 1535 4096 Nunc
1578 4058 1709 4097 vero
1733 4059 1841 4099 non
1875 4061 2005 4114 pos-

424 4144 546 4182 sum
604 4143 704 4199 ego
760 4130 840 4182 tui
903 4130 1198 4193 oblivisci,
1250 4147 1319 4187 ne
1392 4132 1718 4189 brevissimo
1783 4136 2004 4205 quidem

425 4219 686 4288 temporis
732 4220 946 4288 spatio:
986 4228 1081 4274 aut
1112 4232 1258 4276 certe
1300 4222 1573 4292 quispiam
1629 4238 1688 4279 se
1740 4225 1859 4293 ipse
1909 4240 2006 4295 po-

424 4311 535 4364 tius
590 4309 848 4379 ignoret:
906 4311 1000 4365 sed
1041 4310 1155 4365 sive
1200 4311 1476 4377 scribam,
1512 4312 1625 4368 sive
1676 4329 1829 4378 non,
1883 4314 2006 4368 inii-

2048 2953 2144 2998 eat.

489 3032 613 3086 Sine
644 3032 1000 3099 inscriptione,
1033 3041 1089 3084 ut
1115 3049 1232 3086 cum
1270 3035 1439 3088 antica
1460 3033 1671 3089 Pascha
1697 3035 1935 3091 celebret.
2028 3043 2073 3100 α

2256 3032 2706 3100 Ἀνεπίγραςρος,
2741 3029 2840 3082 ἐπὶ
2888 3030 3044 3098 φίλῳ
3082 3026 3546 3097 συμπασχάσαι.

2177 3124 2480 3195 Δεξάμενος
2552 3122 2622 3176 τὰ
2685 3122 2991 3193 γράμματα
3049 3122 3149 3189 τῆς
3208 3121 3307 3191 σῆς
3372 3119 3698 3191 τιμιότητος

2105 3216 2298 3288 ἥσθην,
2355 3216 2431 3279 ὡς
2460 3214 2628 3279 είκὸς,
2674 3216 2770 3267 καὶ⁵
2821 3213 3190 3284 εὐχαρίστησα
3232 3211 3310 3283 τῷ
3354 3212 3567 3283 Κυρίῳ,
3597 3212 3698 3264 καὶ

2107 3307 2403 3378 προθύμως
2440 3302 2584 3376 εἶχον
2631 3303 3109 3374 ἀντιφθέγξασθαι,
3145 3304 3239 3357 ἐάν
3272 3322 3354 3367 τις
3390 3305 3535 3357 κατὰ
3568 3322 3698 3358 και-

2107 3399 2204 3471 ρὸν
2251 3399 2379 3470 περὶ
2430 3398 2780 3468 ἀντιγράφων
2832 3396 3136 3467 ὑπέμνησε.
3177 3396 3251 3448 Τὸ
3293 3396 3403 3468 γὰρ
3450 3399 3696 3467 πρᾶγμα

2108 3493 2246 3564 ὑπὲρ
2275 3486 2335 3545 οὗ
2369 3493 2446 3561 (7)
2481 3488 2750 3554 ἐπέταξας
2771 3492 2924 3560 ἡμῖν,
2955 3490 3132 3561 χρόνῳ
3156 3488 3431 3559 ἐλάμὸανε
3466 3494 3568 3561 τὴν
3597 3509 3697 3544 κα-

2103 3585 2387 3638 τάστασιν.
2421 3586 2536 3637 Οὐκ
2590 3584 2717 3653 ὲνῆν
2769 3583 2825 3636 δὲ
2866 3582 2972 3653 πρὸ
3000 3582 3095 3635 τοῦ
3155 3582 3392 3653 πέρατος
3446 3582 3696 3651 ἀσφαλὲς

2103 3676 2256 3729 οὐδὲν
2284 3673 2703 3743 ἀποκρίνασθαι.
2732 3671 2879 3743 Αὕτη
2903 3674 2935 3742 ὴ
2959 3672 3109 3725 αἰτία
3131 3673 3231 3742 τῆς
3256 3673 3468 3741 σιωπῆς
3495 3674 3690 3743 ἡμῶν·

2104 3767 2166 3821 οὐ
2196 3767 2305 3836 γὰρ
2350 3764 2416 3836 δὴ
2464 3764 2727 3835 ῥᾳθυμία,
2774 3764 2896 3817 οὐδὲ
2921 3764 3113 3831 ἄγνοια
3154 3764 3249 3816 τοῦ
3296 3765 3692 3836 προσήκοντος.

2104 3859 2170 3912 Εἰ
2212 3856 2321 3928 γὰρ
2371 3855 2466 3909 καὶ
2512 3855 2649 3918 ὅλως
2676 3850 2818 3925 ἦμεν
2866 3853 2941 3924 (8)
2986 3852 3241 3925 ρᾁυμοι,
3275 3853 3696 3923 ἐσπουδάσαμεν

2106 3949 2323 4011 πάντως
2353 3947 2446 4000 ἐπὶ
2471 3946 2573 4016 τῆς
2606 3936 2721 4017 σῆς
2761 3945 3074 4016 τιμιότητος
3108 3947 3399 3999 συσκιάσαι
3432 3944 3590 4016 ἡμῶν
3624 3947 3696 4000 τὰ

2106 4041 2489 4111 ἐλαττώματα.
2551 4037 2667 4090 Νῦν
2700 4036 2757 4089 δὲ
2801 4036 2900 4089 οὐκ
2936 4036 3084 4090 ἐστιν
3132 4036 3290 4106 ἡμῶν
3334 4035 3698 4092 ἐπιλαθέσθαι

2107 4151 2199 4187 σου
2239 4132 2361 4185 οὐδὲ
2403 4131 2465 4183 τὸ
2504 4128 2840 4200 βραχύτατον
2869 4128 2923 4198 (ἢ
2974 4127 3238 4198 πρότερον
3276 4127 3342 4181 ἄν
3384 4144 3470 4190 τις
3497 4129 3697 4180 ἐαυτὸν

2107 4222 2478 4295 ἀγνοήσειεν)’
2523 4221 2659 4275 ἀλλά
2702 4223 2806 4274 κᾶν
2848 4221 3272 4292 ἐπιστέλλωμεν,
3308 4219 3412 4275 κᾶν
3453 4222 3550 4293 μὴ,
3606 4224 3696 4275 ἐν-

2109 4316 2389 4388 ιδρυμένον
2424 4331 2485 4366 σε
2521 4315 2640 4375 ταῖς
2665 4313 2912 4385 καρδίαις
2944 4313 3151 4366 ἑαυτῶν
3180 4314 3572 4384 περιφερόμεν,
3597 4314 3698 4367 καὶ

425 4415 553 4453 xum
589 4408 643 4455 te
683 4415 805 4455 meo
861 4401 1013 4456 cordi
1058 4403 1434 4459 circumfero:
1474 4412 1528 4458 et
1584 4405 1801 4474 longam
1856 4406 2001 4460 illam

2112 4410 2246 4481 πρὸς
2273 4407 2370 4478 τὴν
2398 4403 2613 4476 μακράν
2664 4402 2950 4473 ἀπόλειψιν
2976 4403 3070 4456 τοῦ
3109 4404 3377 4475 χειμῶνος
3403 4405 3546 4458 οὕτω
3565 4406 3697 4458 δυσ-

425 4491 621 4546 hiemis
658 4492 963 4547 absentiam
991 4494 1065 4548 ita
1095 4494 1321 4549 moleste
1369 4496 1486 4550 fero
1519 4536 1534 4561 ,
1578 4503 1636 4549 ut
1687 4512 1898 4566 precer,
1960 4499 2006 4555 si

424 4583 697 4653 integrum
723 4584 823 4637 tibi
857 4584 962 4654 ipsi
991 4600 1103 4639 non
1150 4593 1235 4639 est
1276 4586 1347 4640 ob
1393 4601 1520 4649 eas,
1565 4587 1632 4641 de
1664 4587 1862 4657 quibus
1908 4604 2007 4642 au-

425 4672 557 4739 divi,
598 4675 1021 4745 occupationes,
1052 4677 1294 4732 rusticos
1344 4678 1685 4747 relinquere,
1723 4679 1855 4733 mibi
1910 4695 2004 4734 oc-

425 4763 701 4818 casionem
737 4763 857 4818 dari
910 4764 978 4818 ad
1013 4765 1132 4819 loca
1169 4765 1260 4819 illa
1309 4766 1601 4830 veniendi,
1649 4781 1713 4821 ac
1747 4783 1876 4822 vera
1909 4766 2002 4821 illa

424 4861 646 4908 tuorum
710 4868 927 4907 morum
976 4854 1288 4925 integritate
1353 4871 1417 4911 ac
1477 4858 1818 4913 ornamentis
1890 4859 2000 4914 tuis

425 4943 763 5013 perfruendi.
850 4941 1088 4999 Omnino
1161 4955 1342 5001 autem
1411 4947 1709 5005 salutarem
1778 4948 2000 5004 Pascha:

423 5034 565 5090 diem
628 5035 915 5090 nobiscum
964 5036 1253 5093 conaberis
1320 5037 1654 5109 transigere,
1720 5054 1828 5093 una
1874 5056 2002 5101 cum

495 5197 513 5210 '
544 5191 695 5246 Alias
732 5190 935 5246 CCXII.

495 5263 535 5281 “
567 5260 717 5316 Alias
757 5260 1034 5316 CCXXIII.

494 5330 570 5399 (4)
627 5330 1027 5400 Ἐκτισθῆναι.
1088 5332 1202 5388 Duo
1256 5332 1470 5389 codices
1515 5333 1780 5388 ἐκτίσθαι.
1830 5332 2002 5391 Paulo

426 5401 717 5475 postmale
741 5403 795 5475 in
827 5403 991 5475 editis
1014 5401 1219 5475 ἕτερος.
1251 5402 1393 5475 Mss.
1413 5404 1645 5475 ἑταῖρος.

497 5470 575 5539 (5)
598 5471 813 5524 Αὐτόν.
857 5471 978 5527 Νοη
1010 5470 1150 5528 male
1182 5475 1333 5529 deest
1384 5474 1438 5527 in
1491 5470 1680 5529 codice
1714 5473 1997 5530 Vaticano.

495 5539 569 5607 (6)
612 5542 687 5595 ’Ἠ
709 5544 863 5596 τίνα.
888 5541 1006 5599 Duo
1038 5544 1257 5599 codices
1308 5544 1419 5596 εἴτε
1455 5544 1597 5597 τίνα.
1644 5544 1844 5600 Ibidem
1868 5546 2001 5600 editi

423 5609 733 5678 γνωρίσαις.
764 5611 1010 5676 Quatuor
1036 5630 1170 5670 mss.
1205 5623 1263 5667 ut
1288 5615 1343 5668 in
1374 5621 1547 5668 textu.

493 5677 569 5745 (7)
618 5680 795 5749 ’Υπὲρ
826 5678 919 5739 οὗ.
947 5682 1063 5738 Duo
1086 5700 1246 5751 mss.,
1276 5685 1404 5755 περὶ
1429 5678 1510 5740 οὗ.
1539 5683 1709 5741 Paulo
1731 5692 1856 5757 post
1880 5685 1998 5741 edi-

2112 4500 2284 4562 κόλως
2335 4497 2552 4568 ἔχομεν,
2609 4494 2751 4547 ὥστε
2799 4493 3075 4565 εΰχεσθαι,
3117 4497 3168 4548 εί
3209 4496 3282 4566 μὴ
3314 4494 3463 4565 αὐτῷ
3497 4512 3579 4549 σοι
3610 4495 3694 4565 (9)

2111 4589 2354 4653 δυνατὸν,
2397 4588 2484 4640 διὰ
2524 4585 2621 4648 τάς
2660 4586 2999 4655 ἀκουομένας
3043 4586 3322 4656 ἀσχολίας,
3370 4587 3696 4641 καταλιπεῖν

2110 4682 2236 4743 τοὺς
2262 4679 2577 4751 ἀγροίκους,
2607 4677 2739 4745 ἡμῖν
2762 4676 3081 4743 ἐγγενέσθαι
3102 4678 3377 4749 πρόφασιν
3403 4678 3695 4746 ἐπιστῆναι

2110 4774 2222 4834 τοῖς
2248 4771 2453 4837 τόποις,
2508 4772 2601 4825 καὶ
2653 4776 2752 4843 τῆς
2789 4769 3051 4840 ἀληθινῆς
3090 4769 3408 4833 εὐσταθείας
3441 4769 3549 4821 τῶν
3584 4769 3694 4821 σῶν

2108 4862 2330 4931 τρόπων
2357 4862 2568 4933 καὶτῆς
2612 4863 2971 4933 κοσμιότητος
3016 4859 3339 4914 ἀπολαῦσαι.
3372 4861 3597 4922 Πάντως
3633 4860 3695 4913 δὲ

2104 4951 2207 5020 τὴν
2240 4953 2507 5024 σωτήριον
2536 4953 2747 5025 ἡμέραν
2768 4953 2863 5007 τοῦ
2905 4953 3095 5023 Πάσχα
3134 4952 3252 5023 μεθ’
3284 4952 3440 5022 ἡμῶν
3467 4952 3693 5020 ποιῆσαι

2108 5043 2528 5119 προθυμηθήσῃ,
2581 5047 2721 5118 μετὰ
2763 5050 2863 5120 τῆς
2895 5048 3275 5118 κοσμιωτάτης
3307 5045 3541 5115 συμὸίου
3576 5061 3692 5108 σου,

2115 5197 2191 5250 tio
2218 5195 2420 5263 Paris.,
2452 5199 2552 5253 οὐκ
2594 5200 2713 5270 εἵην
2763 5200 2843 5253 δέ.
2875 5199 3007 5256 Mss.
3051 5200 3190 5270 utin
3221 5208 3396 5255 textu.
3448 5198 3694 5256 Subinde

2109 5270 2630 5343 quat‘ugricodices,
2662 5269 2874 5342 σιωπῆς
2897 5271 3076 5343 ἡμῶν.
3105 5269 3249 5343 Editi
3282 5270 3497 5343 ᾳωπῆς
3533 5271 3688 5343 ἡμῖν,

2181 5338 2257 5407 (8)
2291 5333 2502 5413 τῌμεν.
2533 5338 2692 5413 Deest
2721 5356 2785 5395 ea
2810 5333 2997 5413 voxjn
3028 5342 3168 5395 Med.
3201 5350 3259 5413 et
3289 5333 3688 5413 Coisliﬁpri'mo.

2107 5405 2492 5489 Dulo‘cgi-ices,
2518 5412 2565 5489 εί
2600 5409 2708 5489 γὰρ
2748 5410 3050 5489 καὶκάλλως
3077 5411 3263 5489 ἐσμέν.

2179 5478 2255 5548 (9)
2290 5480 2359 5532 El
2374 5480 2461 5548 μὴ
2484 5478 2645 5546 αὺτῷ
2674 5478 2795 5536 σοι.
2847 5480 3051 5535 Sanum
3086 5478 3263 5535 locum
3324 5481 3685 5538 Combeﬁsius

2105 5551 2430 5623 corrumpit,
2450 5551 2578 5604 dum
2600 5552 2895 5606 emendare
2921 5549 3436 5623 cupit.Legendum
3462 5562 3613 5623 putat
3636 5556 3688 5606 εί

2108 5618 2206 5700 μέν
2227 5618 2379 5689 αὐτῷ
2404 5622 2962 5700 σοιητορυεηιιιιιὶιιυι
2991 5618 3279 5678 codicibus
3302 5639 3440 5680 mss.
3462 5618 3541 5679 'ac
3570 5625 3687 5695 ipsa

2103 5695 2267 5743 etiam
2301 5695 2591 5745 sententia.
