3852 6224
221 297 365 354 1075

1040 304 1528 365 EPISTOLARUM
1567 311 1854 371 CLASSIS
1891 315 1978 372 ΙΙΙ.
2021 317 2242 374 EPIST.
2281 317 2602 376 CCCXXIX.

3350 327 3485 385 1074

220 431 333 469 των
366 415 450 508 (si
461 417 482 487 ι
514 417 790 508 υπόθεσιῆ
819 399 1150 493 τονάδελφὸν
1171 427 1319 479 τόνδε
1346 430 1624 500 γνωρίσας
1651 433 1805 503 ἡμῖν,
1835 493 1840 504 γ

1916 445 2149 490 terarum
2185 437 2532 492 occasionem
2568 457 2580 491 :
2613 438 2707 508 qui
2737 438 2868 492 mihi
2917 438 3062 493 hunc
3112 438 3336 496 fratrem
3387 459 3488 498 no-

219 507 315 560 τδν
346 507 537 578 ἄνδρα,
581 503 625 578 ᾧ
661 510 803 564 κατά
844 512 945 582 τὴν
992 515 1248 569 ἐπάνοδον
1281 519 1380 590 τὴν
1423 521 1560 592 πρὸς
1584 522 1681 592 τὴν
1710 524 1809 596 σὴν

1916 537 2029 583 tum
2061 528 2209 594 fecit,
2244 530 2422 584 virum
2455 503 2652 600 nempe
2698 530 2849 586 illum
2873 570 2890 597 ,
2922 548 3032 604 quo
3065 533 3132 588 ad
3202 541 3353 588 tuam
3399 536 3488 590 di-

218 601 512 670 τιμιότητα
567 602 925 674 ἐχρησάμεθα
973 606 1072 676 τῆς
1104 609 1386 680 ἐγγράφου
1422 610 1558 683 (51⁸)
1605 613 1810 686 ταύτης

219 689 440 760 ὁμιλίας
486 694 518 762 ἡ
529 693 644 764 μῶν
673 693 933 765 διακόνῳ·
975 697 1258 769 εὐχόμενοι
1292 701 1368 772 τῷ
1400 702 1538 774 Θεῷ,
1571 705 1664 759 ἐπὶ
1693 709 1811 773 μεῖ-

220 781 317 847 ζόν
352 787 798 857 σε-περιφανείας
827 788 918 841 καὶ
944 788 1101 859 δόξης
1141 793 1426 862 προϊόντα,
1459 801 1689 866 κοσμεῖν
1715 799 1809 852 καὶ

221 877 372 946 ἡμᾶς
411 878 506 929 καὶ
555 878 656 949 τὴν
704 880 939 952 πατρίδα
993 883 1174 936 πᾶσαν
1216 886 1285 956 τῇ
1351 887 1527 958 οίκείᾳ
1585 889 1807 942 σεαυτοῦ

220 969 392 1040 ἀρετῇ
435 969 570 1041 (52).
625 971 1064 1044 Παρακαλοῦμεν
1113 975 1172 1028 δέ
1216 993 1276 1028 σε
1307 978 1459 1050 παρὰ
1505 979 1688 1034 πάντα
1719 981 1812 1034 τὸν

223 1063 338 1132 βίον
366 1063 675 1135 μεμνῆσθαι
717 1066 814 1120 τοῦ
863 1067 1144 1133 κτίσαντός
1175 1087 1234 1122 σε
1271 1070 1406 1124 Θεοῦ
1435 1073 1529 1125 καὶ
1557 1076 1814 1146 τιμήσαν-

219 1173 353 1220 τοςο
393 1158 479 1211 ἵνα
501 1159 640 1230 πρὸς
684 1163 750 1232 τῇ
800 1161 896 1214 τοῦ
942 1160 1057 1232 βίου
1101 1162 1292 1216 τούτου
1342 1164 1687 1238 λαμπρότητι
1733 1167 1813 1221 ἔτι

221 1249 319 1302 καὶ
375 1249 478 1320 τῆς
504 1251 642 1322 (52')
689 1254 944 1324 οὐρανίου
997 1253 1158 1325 δόξης
1217 1255 1477 1329 άξιωθῇς,
1525 1253 1816 1329 ἦς’ἓνεκεν

212 1341 403 1395 πάντα
429 1343 682 1414 ποιητέον
702 1346 857 1416 ἡμῖν,
882 1347 997 1409 τοῖς
1023 1347 1160 1418 πρὸς
1185 1348 1284 1418 τὴν
1311 1349 1586 1420 μακαρίαν
1614 1350 1805 1405 ἐλπίδα

217 1432 320 1503 τὴν
347 1433 494 1506 ζωὴν
523 1435 683 1506 ἡμῶν
710 1436 1128 1491 άπευθύνουσιν.

723 1592 1075 1647 ΕΠΙΣΤΟΛΗ
1121 1593 1294 1648 ΤΚΖ’.

1912 621 2174 691 gnitatem
2225 631 2528 678 revertente
2578 623 2742 693 hujus
2812 639 2911 696 per
2963 625 3173 681 litteras
3230 627 3489 698 colloquii

1913 707 2164 763 ministro
2217 725 2350 764 usus
2400 725 2570 764 sum:
2615 710 2784 768 Deum
2845 728 3064 785 rogans,
3121 722 3179 769 ut
3216 717 3390 787 magis
3426 732 3492 773 ac

1913 799 2089 870 magis
2127 799 2391 872 dignitate
2418 816 2484 856 ac
2516 801 2689 873 gloria
2730 819 3022 870 crescens,
3061 814 3116 860 et
3151 821 3288 874 nos,
3311 817 3366 862 et
3394 821 3488 878 pa-

1913 891 2073 945 triam
2132 907 2350 948 omnem
2414 895 2634 965 propria
2685 903 2776 949 tua
2825 896 3024 952 virtute
3072 912 3330 954 exornes.
3371 899 3488 952 Ad-

1909 982 2104 1038 hortor
2125 992 2304 1039 autem
2331 993 2404 1049 te,
2447 992 2506 1040 ut
2549 1002 2647 1056 per
2691 993 2861 1041 totam
2908 987 3075 1042 vitam
3137 987 3231 1044 Dei
3298 991 3489 1044 memi-

1911 1076 2082 1139 neris,
2131 1078 2224 1147 qui
2259 1085 2312 1132 te
2340 1078 2605 1143 condidit,
2658 1095 2723 1133 ac
2776 1079 2984 1136 honore
3021 1082 3321 1136 cumulavit
3375 1100 3386 1134 :
3433 1091 3489 1136 ut

1913 1176 2110 1238 praeter
2171 1169 2335 1239 hujus
2387 1171 2512 1225 vita:
2565 1171 2912 1241 splendorem
2959 1172 3140 1228 adhuc
3170 1173 3335 1228 etiam
3366 1174 3482 1244 glo-

1914 1257 2053 1311 riam
2094 1258 2372 1314 cmlestem
2413 1260 2775 1330 consequaris
2813 1275 2828 1312 :
2875 1260 2948 1315 ob
2987 1274 3151 1330 quam
3184 1261 3363 1324 nobis,
3396 1261 3488 1331 qui

1912 1347 1981 1402 ad
2009 1349 2223 1403 beatam
2255 1365 2407 1420 spem
2435 1351 2603 1406 vitam
2633 1361 2879 1406 nostram
2901 1351 3211 1422 dirigimus,
3241 1351 3489 1407 facienda

1913 1450 2041 1496 sunt
2065 1443 2268 1496 omnia.

2336 1597 2672 1654 EPISTOLA
2701 1599 3070 1656 CCCXXVII'.

335 1705 462 1758 Viro
488 1706 772 1772 prapotenti
794 1708 910 1760 bene
933 1715 1183 1772 precatur,
1201 1710 1260 1761 ob
1282 1709 1513 1763 honorem
1529 1709 1624 1763 sibi
1641 1713 1703 1763 ab
1736 1710 1822 1763 illo
1839 1712 2072 1764 habitum.
2098 1716 2338 1766 Hortatur
2361 1723 2413 1766 ut
2435 1715 2500 1764 ad
2525 1715 2754 1769 Ecclesia:
2773 1714 3099 1781 defensionem
3121 1715 3362 1771 incumbat

514 1795 958 1867 ’Arczlwagpoc,
988 1797 1087 1852 ἐπὶ
1120 1799 1527 1868 παρακλήσει.

301 1907 474 1981 ’Υπὲρ
504 1900 581 1965 ὧν
613 1910 887 1982 παρόντας
925 1912 1074 1982 ἡμᾶς
1121 1911 1410 1983 ἐτίμησας,
1436 1913 1529 1966 καὶ
1556 1914 1808 1968 ἀπόντων

218 2000 533 2073 μεμνῆσθαι
586 2001 864 2068 καταξιοῖς
904 2002 1020 2074 (55)
1076 1998 1229 2074 (ἦλθε
1277 2002 1387 2075 γὰρ
1441 2005 1521 2068 εἰς
1559 2005 1709 2075 ἡμᾶς
1771 2007 1804 2078 ή

214 2094 401 2166 ἀκοὴ),
433 2093 588 2168 παρὰ
637 2094 729 2149 τοῦ
780 2093 990 2165 ἀγαθοῦ
1047 2096 1319 2149 Δεσπότου
1357 2095 1570 2164 γένοιτό
1600 2113 1685 2152 σοι
1717 2098 1806 2152 ἀνο

211 2187 418 2251 τίδοσις
439 2203 453 2218 ’
483 2186 577 2240 καί
603 2203 664 2240 σε
700 2187 908 2259 ἴδοιμεν
932 2188 1047 2260 (54)
1081 2189 1138 2242 ἐν
1164 2192 1230 2261 τῇ
1262 2188 1476 2261 μεγάλῃ
1495 2189 1679 2262 ἡμέρᾳ
1705 2189 1806 2259 τῆς

213 2278 617 2351 δικαιοκρισίας
673 2280 767 2334 τοῦ
808 2279 944 2334 Θεοῦ
1000 2280 1155 2353 ἡμῶν
1214 2281 1308 2334 ἐπὶ
1352 2281 1538 2355 ἔργοις
1581 2281 1806 2352 ἀγαθοῖς

213 2369 542 2442 εὐδόκιμον·
601 2372 691 2426 ἴνα
751 2371 943 2445 ὥσπερ
988 2374 1088 2444 τῆς
1147 2372 1380 2428 ἐνταῦθα
1442 2373 1805 2446 περιφανείας

212 2462 471 2530 ἠξίωσαι,
500 2462 643 2518 οὕτω
671 2465 766 2519 καὶ
806 2463 960 2536 παρὰ
984 2464 1064 2536 τῷ
1104 2465 1340 2536 οὐρανίῳ
1371 2465 1580 2536 βασιλεῖ
1608 2465 1804 2536 σεμνό-

212 2573 378 2626 τητος
438 2557 774 2632 ἀπολαύσῃς.
825 2558 1260 2632 Παρακαλοῦμεν
1312 2555 1406 2614 οὖν
1454 2558 1801 2631 προηγουμέ-

213 2667 344 2716 νως,
371 2653 438 2722 τῇ
475 2651 772 2725 Ἐκκλησία
790 2651 884 2705 τοῦ
910 2651 1046 2706 Θεοῦ
1070 2653 1268 2723 διαρκῆ
1298 2653 1682 2724 παρασχέσθαι
1705 2651 1804 2725 τὴν

215 2739 493 2811 σπουδήν·
529 2741 719 2797 ἔπειτα
774 2743 868 2796 καὶ
911 2742 972 2797 τὸ
1019 2745 1099 2806 εἰς
1131 2744 1279 2814 ἡμᾶς
1316 2743 1543 2814 εὐμενὲς
1573 2743 1809 2814 ὲπαυξῆ’

216 2849 332 2895 σαι,
357 2834 576 2906 μνήμης
594 2852 653 2888 τε
679 2835 860 2906 πάσης
876 2835 969 2889 καὶ
999 2834 1332 2906 προστασίας
1349 2837 1495 2906 ἡμᾶς
1527 2833 1803 2901 ἀξιοῦντα,

214 2925 480 2996 σεμνῦναι
531 2928 680 2998 ἡμᾶς
751 2929 846 2982 καὶ
903 2927 1260 3000 γράμμασιν·
1337 2927 1479 2982 ὥστε
1531 2927 1804 2994 ἀπόδειξιν

213 3018 366 3086 ἡμᾶς
419 3017 681 3090 ἔχοντας,
733 3021 814 3075 ὅτι
863 3021 924 3074 οὐ
993 3019 1202 3093 βαρύνῃ
1257 3021 1406 3092 ἡμᾶς
1457 3019 1804 3074 ἐπιστέλλον-

211 3125 313 3172 τας
343 3109 480 3181 (55),
519 3111 904 3184 συνεχέστερόν
931 3129 1024 3166 σου
1053 3115 1118 3185 τῇ
1157 3113 1481 3185 μεγαλονοίᾳ
1521 3111 1801 3182 καταϐαρ-

213 3203 426 3272 ῥησειν.

723 3363 1071 3416 ΕΠΙΣΤΟΛΗ
1104 3363 1285 3418 TKH'.

2235 1804 2363 1861 Sine
2385 1807 2747 1875 inscriptione,
2769 1806 3151 1862 exhortatoria.

1977 1915 2086 1972 Pro
2136 1933 2204 1974 eo
2257 1917 2402 1988 quod
2446 1920 2704 1988 praesenti
2734 1919 2867 1974 mihi
2905 1921 3172 1977 honorem
3203 1923 3486 1988 habuisti,

1906 2015 1962 2063 et
1999 2009 2242 2064 absentis
2282 2008 2599 2064 meminisse
2645 2008 2894 2081 dignaris
2929 2011 3026 2082 (ita
3070 2011 3214 2068 enim
3256 2013 3490 2068 auditio-

1907 2116 1975 2156 ne
2036 2100 2247 2171 accepi)
2277 2140 2292 2164 ,
2347 2102 2845 2156 remunerationem
2904 2105 3263 2176 consequaris
3319 2121 3349 2159 a
3383 2105 3489 2162 Do-

1907 2190 2058 2244 mino
2123 2189 2378 2259 Optimo:
2447 2199 2612 2259 teque
2688 2189 2973 2248 videamus
3035 2191 3092 2247 in
3148 2208 3344 2264 magna
3378 2194 3490 2249 illa

1901 2279 2037 2350 justi
2087 2277 2284 2349 judicii
2336 2277 2430 2332 Dei
2474 2279 2651 2333 nostri
2711 2277 2800 2334 die
2860 2281 2931 2334 ob
2973 2281 3117 2336 bona
3158 2297 3325 2353 opera
3361 2299 3490 2354 pro-

1906 2369 2088 2423 batum
2139 2375 2194 2422 et
2233 2375 2538 2438 spectatum
2589 2386 2603 2422 :
2657 2375 2716 2422 ut
2771 2370 3233 2441 quemadmodum
3285 2375 3337 2429 in
3384 2375 3488 2430 hac

1903 2462 2016 2517 vita
2072 2460 2377 2518 inclaruisti
2407 2503 2422 2526 ,
2487 2463 2560 2516 ita
2602 2467 2769 2518 etiam
2804 2463 3156 2532 splendorem
3182 2465 3328 2534 apud
3367 2481 3483 2521 cu:—

1906 2552 2099 2608 lestem
2145 2568 2324 2624 regem
2394 2553 2746 2624 adipiscaris.
2798 2553 3174 2608 Adhortamur
3224 2555 3390 2626 igitur
3435 2567 3486 2612 le

1907 2651 2036 2700 ante
2090 2646 2312 2713 omnia,
2349 2647 2491 2700 utin
2545 2644 2641 2702 Dei
2689 2645 2991 2702 Ecclesiam
3050 2645 3180 2717 juge
3227 2647 3489 2703 conferas

1906 2738 2202 2793 studium:
2245 2739 2444 2794 deinde
2511 2738 2674 2793 etiam
2712 2779 2728 2804 ,
2801 2746 2862 2792 ut
2946 2739 3380 2794 benevolentiam
3434 2743 3494 2794 in

1906 2847 2008 2886 nos
2064 2831 2338 2902 adaugeas
2367 2872 2383 2894 ,
2436 2846 2633 2900 meque
2683 2831 3063 2886 recordatione
3103 2833 3252 2886 omni
3297 2847 3362 2887 ac
3391 2848 3490 2904 pa-

1905 2926 2142 2980 trocinio
2173 2926 2468 2995 dignatus,
2521 2923 2720 2979 litteris
2775 2923 2940 2978 etiam
2998 2924 3368 2991 cohonestes,
3415 2924 3488 2977 ita

1906 3027 1967 3073 ut
2026 3017 2115 3072 ubi
2167 3025 2510 3089 compertum
2559 3017 2664 3072 erit
2732 3031 2819 3070 me
2858 3016 2956 3070 tibi
3021 3017 3308 3073 molestum
3375 3031 3487 3070 non

1906 3126 2028 3166 esse
2055 3152 2068 3174 ,
2103 3110 2331 3165 audeam
2381 3109 2447 3164 ad
2486 3117 2635 3163 tuam
2684 3107 3188 3180 magnanimitatem
3239 3107 3485 3163 crebrius

1903 3203 2163 3259 Scribere.

2300 3354 2639 3410 EPISTOLA
2667 3354 3013 3410 CCCXXVIII
3033 3358 3096 3409 “.

1073 3477 1264 3528 Salutat
1290 3477 1669 3544 Hyperechium,
1695 3489 1839 3542 seque
1875 3473 1944 3525 ait
1968 3487 2063 3524 non
2085 3470 2259 3523 melius
2282 3471 2422 3522 solito
2443 3471 2624 3522 valere.

835 3577 849 3596 '
861 3580 1176 3649 Υπερεχίῳ.

283 3687 396 3739 Καὶ
446 3687 838 3759 προσαγορεύω
884 3689 985 3761 τὴν
1035 3691 1332 3762 τιμιότητά
1372 3709 1488 3758 σου,
1517 3692 1612 3746 καὶ
1644 3690 1798 3764 εὖχο-

215 3779 314 3848 μαί
343 3795 424 3832 σοι
451 3779 520 3833 τὰ
549 3779 728 3847 ἀγαθά
751 3798 765 3810 ·
821 3782 1058 3853 ἐμαυτὸν
1097 3783 1155 3836 δὲ
1189 3785 1528 3858 καταμηνύω
1562 3785 1798 3857 σπουδὴν

210 3872 390 3943 ἔχοντι
434 3873 650 3936 πάντως
678 3874 876 3927 εἰδέναι
909 3874 980 3928 τὰ
1023 3874 1147 3928 καθ’
1179 3877 1346 3947 ἡμᾶς,
1377 3876 1543 3948 μηδὲν
1575 3876 1799 3948 ἄμεινον

208 3966 313 4036 τῆς
362 3965 652 4037 συνηθείας
729 3968 1040 4037 πράττοντα
1094 3968 1232 4039 (56).
1297 3968 1420 4023 Τῶν
1442 3969 1549 4040 γὰρ
1590 3969 1798 4040 δυσφη-

214 4055 459 4126 μοτέρων
507 4055 779 4127 φείδομαι,
829 4055 905 4120 ὡς
948 4056 1014 4110 ἂν
1049 4057 1124 4130 μὴ
1149 4059 1290 4113 πάνυ
1322 4059 1550 4131 λυποίην
1600 4060 1691 4114 τὸν
1729 4060 1799 4114 τὰ

212 4145 465 4216 βέλτιστα
498 4149 629 4220 ἡμῖν
658 4149 1068 4220 συνευχόμενον.

719 4304 1067 4358 ΕΠΙΣΤΟΛΗ
1099 4302 1270 4358 ΤΚΘ.

2540 3571 2885 3642 llyperechio.

1978 3687 2042 3740 Et
2081 3687 2260 3742 saluto
2327 3693 2476 3740 tuam
2528 3685 2853 3756 dignitatem
2884 3725 2900 3751 ,
2953 3691 3008 3739 et
3051 3684 3149 3738 tibi
3187 3683 3325 3740 bene
3355 3700 3484 3754 pre~

1904 3797 2018 3836 cor.
2087 3778 2234 3834 Meas
2275 3785 2461 3833 autem
2523 3793 2615 3833 res
2667 3777 2809 3832 scire
2873 3776 3037 3832 etiam
3093 3787 3256 3846 atque
3321 3777 3483 3830 etiam

1906 3876 2134 3941 aventi,
2209 3873 2434 3928 declaro
2488 3872 2686 3926 melius
2736 3869 2900 3925 solito
2957 3869 3089 3924 mihi
3162 3885 3271 3923 non
3338 3885 3482 3924 esse.

1905 3967 2083 4022 Nolim
2133 3967 2282 4022 enim
2323 3965 2547 4038 gravius
2593 3963 2892 4034 quidquam
2939 3962 3156 4026 dicere,
3206 3978 3274 4017 ne
3327 3977 3483 4032 pror-

1907 4077 2002 4116 sus
2040 4075 2186 4127 eum,
2229 4057 2322 4130 qui
2364 4058 2498 4112 mihi
2537 4057 2744 4128 optima
2785 4063 3066 4126 precatur,
3109 4054 3337 4110 alliciam
3382 4055 3484 4108 tri-

1906 4153 2077 4210 stitia.

2204 4308 2362 4381 (.51
2406 4307 2741 4363 EPISTOLA
2771 4306 3155 4364 cccxxrx

983 4417 1177 4472 Gratias
1197 4418 1298 4485 agit
1319 4421 1379 4472 ob
1405 4420 1561 4484 pisces
1578 4419 1645 4471 ad
1668 4434 1722 4472 se
1745 4420 1936 4485 missos,
1960 4422 2046 4475 sed
2067 4422 2217 4475 multo
2237 4423 2393 4487 magis
2417 4422 2476 4474 ob
2495 4423 2698 4475 litteras.

854 4534 1141 4600 Φαλερίῳ.

278 4645 429 4700 Πάνυ
449 4643 623 4715 ἡδέως
651 4643 920 4715 ὲτέρφθην
947 4647 1061 4707 τοῖς
1096 4644 1386 4715 ποταμίοις
1429 4645 1627 4716 ἰχθύσι,
1660 4664 1793 4717 μνη-

209 4739 516 4810 σικακήσας
573 4736 688 4808 (57)
739 4736 918 4791 αὐτῶν
961 4736 1061 4809 τὴν
1122 4737 1298 4808 φυγὴν
1333 4738 1400 4809 ἢν
1426 4737 1625 4808 ἔφυγον
1653 4738 1790 4791 ὑπο-

277 4897 392 4964 (51)
416 4894 800 4965 Πρατμάτω.
831 4895 1328 4950 commodissimam
1358 4896 1680 4965 negotiorum
1697 4911 1790 4950 ea:-

203 4964 586 5033 pediendoruin
619 4969 966 5021 occasionem.
1017 4965 1332 5035 Legendum
1371 4974 1526 5035 putat
1553 4964 1787 5022 Combe-

207 5039 385 5100 lisius,
436 5037 805 5108 γραμμάτων.
852 5035 1021 5091 Valde
1065 5037 1271 5108 arridet
1313 5037 1430 5108 hinc
1483 5037 1787 5100 sententia;

204 5108 302 5162 sed
334 5107 680 5178 quia'nullus
724 5107 866 5161 favet
890 5122 994 5162 ms.
1027 5107 1222 5173 codex,
1259 5107 1395 5161 nihil
1443 5109 1563 5161 ausi
1598 5122 1791 5162 sumus

202 5180 262 5233 in
295 5179 416 5245 ipso
443 5185 700 5233 contextu
722 5184 954 5233 mutare.

276 5250 416 5319 (5Ι⁶)
456 5247 804 5319 Ἐτ-γράφου.
830 5247 906 5302 Ita
953 5263 1087 5303 mss.
1144 5263 1356 5303 omnes.
1397 5246 1560 5312 Editi,
1589 5247 1794 5317 ἐγγρά-

204 5339 391 5462 quis?)
419 5388 705 5462 Ῑζᾶσανοοε
736 5388 938 5458 ἀρετῇ-
962 5387 1090 5462 Ilaec
1118 5388 1300 5442 addita
1331 5403 1396 5442 ex
1431 5386 1592 5451 Mcd..
1620 5386 1790 5445 Cois].

203 5459 408 5532 primo,
439 5459 563 5514 Vat.
591 5469 646 5516 et
675 5460 1063 5532 duobusAaliis.

276 5532 417 5599 (52')
449 5532 581 5586 Ἔτι
607 5531 860 5600 καὶτῆς.
896 5529 1135 5584 Primam
1167 5544 1357 5584 vocem
1385 5527 1696 5586 addidimus
1721 5545 1786 5585 ex

201 5603 449 5671 quinque
469 5617 603 5658 mss.

277 5670 392 5742 (55)
434 5671 767 5742 Καταξιοῖς.
820 5671 896 5742 Ita
943 5686 1076 5726 mss.
1124 5670 1564 5742 quatuor_:gcditi
1595 5710 1629 5742 ,ν
1658 5688 1787 5723 κατ-

203 5737 415 5808 ηξίους.
448 5741 615 5798 Paulo
671 5737 790 5798 00st
827 5741 1111 5798 Medicaeus
1142 5737 1336 5797 codex.
1367 5737 1529 5794 θθεν
1577 5741 1684 5794 γὰρ
1712 5741 1786 5794 ὡς

2538 4533 2806 4588 Phalerio.

1975 4643 2230 4702 Suaviter
2301 4646 2529 4701 omnino
2602 4647 2909 4701 delectatus
2978 4659 3100 4700 sum
3172 4643 3485 4700 ﬂuvialibus

1899 4738 2190 4808 piscibus,
2241 4738 2539 4810 fugamque
2613 4739 2762 4794 ultus
2828 4752 2994 4800 sum.
3045 4752 3211 4807 quam
3257 4751 3488 4792 concre-

1897 4892 2084 5027 “(133)
2110 4961 2380 5030 "momen.
2417 4961 2508 5016 Sic
2535 4962 2647 5017 duo
2679 4977 2813 5018 mss.
2852 4960 3032 5028 Editi,
3069 4960 3287 5032 ἴδωμεν.
3317 4960 3484 5017 Paulo

1899 5038 2024 5102 post
2060 5047 2194 5087 mss.
2234 5039 2369 5095 tres,
2413 5032 2664 5102 ἠξίωσεν.

1970 5100 2083 5171 (55)
2116 5100 2637 5170 Ἐπιστέλλοντας.
2661 5102 2802 5157 Editi
2827 5102 3055 5167 addunt,
3087 5120 3188 5168 σοι,
3220 5103 3313 5156 sed
3332 5102 3484 5157 deest

1899 5171 2015 5243 haec
2036 5174 2228 5243 vocula
2260 5174 2316 5228 in
2349 5182 2588 5243 quatuor
2633 5189 2767 5229 mss.
2815 5172 2976 5228 Deest
3025 5175 3188 5228 etiam
3244 5174 3388 5243 ἡμᾶς
3425 5174 3481 5227 iu

1900 5242 2090 5298 codice
2131 5241 2419 5297 Vaticano.

1973 5314 2086 5386 (ὅθ)
2121 5312 2482 5386 Πράττοντᾳ.
2512 5311 2591 5368 Ita
2612 5330 2746 5386 mss.
2776 5313 2941 5373 Editi.
2975 5316 3286 5386 πράττοντι.

1974 5383 2084 5452 (57)
2109 5383 2606 5451 Μνησικακήσας.
2633 5384 2754 5439 lianc
2772 5383 3064 5454 scriptura,
3092 5400 3214 5454 quas
3241 5387 3293 5436 in
3322 5384 3484 5438 editis

1901 5462 1956 5510 et
1988 5455 2266 5509 nonnullis
2314 5465 2490 5509 exstat
2529 5472 2660 5509 mss.
2697 5472 2759 5509 ac
2798 5457 2925 5508 olim
2970 5457 3140 5524 prium
3187 5470 3348 5508 manu
3388 5469 3484 5507 rx-

1902 5525 2043 5581 stitit
2068 5531 2122 5580 in
2153 5524 2461 5590 Harlmano,
2504 5527 2756 5595 displicet
2784 5525 3132 5591 Combclisio,
3166 5525 3482 5595 legendum-

1975 5602 1986 5614 ‘
2017 5597 2168 5651 Alias
2198 5595 2458 5651 CCXXV.

1973 5672 2009 5689 “
2035 5668 2186 5722 Alias
2209 5666 2552 5722 CCCLXV”.

2069 5740 2218 5793 Alias
2240 5737 2588 5793 CCLXXXII.
