3852 6224
195 278 337 337 1077

708 413 1055 467 ΕΠΙΣΤΟΛΗ
1094 415 1261 467 ΤΛΔ’.

1018 278 1507 336 EPISTOLARUM
1547 280 1833 339 CLASSIS
1869 281 1956 338 III.
1997 281 2213 338 EPIST.
2253 280 2602 339 CCCXXXY.

3313 282 3453 336 ΗΞἸὸ

2265 414 2606 472 EPISTOLA
2644 414 2820 472 CCCX
2831 415 2997 472 XXIV
3028 419 3046 441 θ

1310 545 1462 594 Multa
1483 544 1633 595 tradit
1653 550 1895 609 praecepta
1915 550 2041 596 recte
2068 543 2327 596 scribendi.

706 670 1107 739 Κωλιτρὰφφ
1144 669 1256 741 (47)
1267 712 1278 724 .

288 808 455 882 ’ορθά
495 806 695 879 γράφε,
747 807 845 860 κα)⁵
889 805 1005 876 χρῶ
1038 808 1148 870 τοῖς
1185 804 1387 875 στίχοις
1434 803 1642 876 ὀρθῶς·
1692 803 1784 857 καὶ

208 902 349 974 μήτε
403 896 712 969 αἱωρείσθω
757 896 891 968 πρὸς
928 894 1060 964 ὕψος
1090 899 1124 966 ἡ
1174 897 1316 966 χεὶρ,
1352 896 1489 966 μήτε
1538 893 1786 964 φερέσθω

203 990 349 1046 κατά
382 988 664 1061 κρημνῶν.
695 987 849 1057 Μηδὲ
896 986 1084 1057 βιάζου
1116 987 1206 1042 τὸν
1234 986 1481 1056 κάλαμον
1525 984 1656 1050 λοξά
1689 983 1786 1053 βα-

202 1083 397 1145 δίζειν,
461 1079 649 1150 ὥσπερ
709 1078 803 1132 τὸν
856 1080 984 1150 παρ’
1031 1076 1268 1148 Αἰσώπῳ
1318 1077 1610 1147 καρκίνον·
1670 1074 1784 1130 ἀλλ’

204 1175 336 1229 εὐθὺ
384 1171 570 1244 χώρει,
608 1170 798 1240 ῶσπερ
843 1170 937 1223 ἐπὶ
983 1168 1231 1240 στάθμης
1272 1167 1501 1238 βαδίζων
1540 1184 1784 1222 τεκτονι-

207 1265 314 1335 κῆς
353 1261 490 1334 (48),
538 1262 573 1331 ἦ
629 1258 905 1329 πανταχοῦ
954 1259 1210 1328 φυλάττει
1251 1257 1315 1311 τὸ
1360 1259 1494 1323 ἴσον,
1540 1256 1635 1312 καὶ
1678 1259 1787 1311 πᾶν

207 1357 430 1425 ἀναιρεῖ
470 1354 531 1406 τὸ
579 1351 887 1422 ἀνώμαλον.
922 1351 996 1404 Τὸ
1039 1351 1147 1422 γὰρ
1189 1350 1362 1417 λοξὸν,
1398 1350 1677 1422 ἀπρεπές·
1726 1349 1788 1402 τὸ

207 1449 269 1501 δὲ
322 1446 480 1509 εὐθὺ,
528 1444 760 1514 τερπνὸν
809 1446 921 1507 τοῖς
966 1443 1188 1515 ὁρῶσιν,
1226 1443 1327 1497 οὐκ
1370 1442 1476 1497 ἐῶν
1507 1440 1786 1496 ἀνανεύειν

212 1541 306 1595 καὶ
349 1522 690 1599 κατανεύειν,
727 1535 920 1608 ὥσπερ
962 1536 1034 1589 τά
1077 1535 1370 1606 κηλὼνεια,
1417 1536 1544 1599 τοὺς
1584 1535 1786 1604 ὀφθαλ-

212 1635 350 1702 μοὺς
395 1630 505 1684 τῶν
538 1629 1019 1698 ἀναγινωσκόντων
1038 1646 1052 1659 ⁸
1113 1628 1295 1682 ὁποῖόν
1337 1647 1389 1683 τι
1432 1628 1601 1699 κάμοὶ
1647 1645 1786 1700 συμ-

210 1718 417 1789 ϐέϐηκε
472 1720 583 1781 τοῖς
625 1716 949 1788 γράμμασιν
1000 1718 1275 1788 ἐντυχόντι
1319 1720 1432 1782 τοῖς
1480 1720 1615 1782 σοῖς.
1668 1718 1789 1771 Τῶν

209 1809 322 1880 γὰρ
374 1807 568 1878 στίχων
615 1808 886 1879 κειμένων
933 1807 1290 1879 κλιμακηδὸν,
1330 1809 1492 1880 ἡνίκα
1540 1809 1647 1863 ἔδει
1698 1827 1793 1881 με-

210 1900 488 1955 ταϐαίνειν
540 1900 624 1970 ἐφ’
677 1899 863 1970 ἕτερον
920 1899 1011 1968 ἀφῖ
1063 1900 1250 1971 ἑτέρου
1281 1901 1413 1971 (49),
1462 1901 1675 1973 ἀνάγκη
1723 1898 1793 1974 ἦν

213 1992 471 2063 ἐξορθοῦν
504 1993 641 2064 πρὸς
682 1992 743 2044 τὸ
782 1990 934 2052 τέλος
978 1989 1072 2044 τοῦ
1107 1992 1421 2062 προσιόντος
1451 1993 1587 2065 (50).
1634 1995 1722 2049 Ἐν
1748 1988 1793 2062 ᾧ

215 2082 470 2155 μηδαμοῦ
521 2083 852 2156 φαινομένης
905 2084 1006 2155 τῆς
1056 2085 1409 2150 ἀκολουθίας,
1471 2087 1792 2159 ἀνατρέχειν

213 2174 322 2226 ἔδει
374 2173 538 2227 πάλιν
571 2175 665 2226 καὶ
715 2172 813 2245 τὴν
859 2172 1013 2238 τάξιν
1059 2174 1354 2245 ἐπιζητεῖν,
1403 2176 1793 2241 ἀναποδίζοντα

212 2267 310 2320 καὶ
330 2266 712 2336 παρεπόμενον
755 2265 835 2337 τῷ
865 2264 1082 2331 αὔλακι,
1115 2266 1366 2338 καθάπερ
1395 2264 1485 2320 τὸν
1511 2267 1693 2338 Θησέα
1716 2267 1793 2339 τῷ

217 2359 359 2430 μίτῳ
388 2358 484 2429 τῆς
525 2357 808 2429 Ἀριάδνης
842 2360 994 2428 φασί.
1027 2359 1210 2432 Γράφε
1239 2359 1419 2413 τοίνυν
1457 2359 1653 2432 ὀρθῶς,
1699 2361 1794 2415 καὶ⁵

219 2448 295 2518 μὴ
334 2447 512 2501 πλάνα
536 2448 625 2501 τὸν
653 2447 776 2501 νοῦν
803 2446 886 2518 τῷ
915 2447 1128 2519 πλαγίῳ
1152 2449 1248 2502 καὶ
1280 2448 1419 2519 λοξῷ
1446 2448 1567 2503 τῶνι
1588 2466 1795 2520 γραφο-

220 2540 419 2609 μένων.

721 2693 1066 2747 ΕΠΙΣΤΟΛΗ
1104 2694 1270 2747 TAE'.

1807 714 1855 771 A

2523 672 2791 729 Librario.

1955 802 2123 859 Recta
2154 806 2357 871 scribe,
2393 821 2458 861 ac
2505 808 2671 863 rectis
2700 815 2855 862 utere
2876 807 3126 863 versibus
3152 827 3165 863 :
3190 824 3294 864 nec
3324 825 3454 866 eve-

1884 896 2050 950 hatur
2098 897 2155 951 in
2199 898 2371 952 altum
2400 914 2618 963 manus,
2655 915 2758 954 nec
2787 899 2994 954 feratur
3021 900 3079 954 in
3127 901 3450 973 praecipitia.

1885 988 2073 1059 Neque
2143 1005 2310 1060 cogas
2389 993 2663 1048 calamum
2733 992 2956 1063 oblique
3025 994 3202 1050 instar
3269 998 3453 1050 cancri

1887 1078 2133 1150 Αἰδορίοἰ
2185 1081 2483 1150 procedere
2521 1096 2553 1133 :i
2583 1081 2677 1138 sed
2728 1095 2876 1138 recta
2928 1100 3126 1155 perge.
3182 1087 3330 1140 velut
3387 1088 3454 1141 ad

1888 1172 2152 1226 amussim
2187 1173 2548 1241 progrediens
2579 1173 2862 1240 fabrilem,
2894 1192 3016 1245 quae
3044 1177 3246 1247 ubique
3277 1188 3459 1234 servat

1888 1264 2278 1331 aequalitatem,
2310 1271 2365 1319 et
2400 1266 2824 1336 inaequalitatem
2855 1284 3070 1324 omnem
3107 1270 3268 1324 tollit.
3300 1269 3459 1337 Quod

1887 1354 2036 1409 enim
2097 1354 2427 1425 obliquum,
2487 1356 2806 1411 indecorum
2867 1367 2951 1414 est
3000 1377 3014 1413 :
3063 1361 3211 1429 quod
3277 1369 3460 1416 autem

1887 1451 2135 1509 rectum,
2167 1445 2473 1513 jucundum
2523 1447 2956 1517 aSpicieutibus,
2993 1467 3103 1505 non
3154 1452 3341 1507 sinens
3378 1453 3460 1508 le-

1889 1537 2135 1607 gentium
2173 1538 2363 1593 oculos
2410 1554 2631 1594 sursum
2668 1554 2735 1594 ac
2777 1541 3036 1596 deorsum
3084 1543 3262 1598 instar
3307 1544 3463 1599 tolle-

1890 1642 2099 1681 nonum
2148 1642 2506 1685 commeare:
2542 1631 2704 1700 quale
2744 1641 2828 1687 est
2880 1633 3026 1703 quod
3077 1634 3211 1687 mihi
3262 1635 3464 1689 accidit

1892 1720 2098 1786 scripta
2158 1728 2250 1772 tua
2294 1719 2518 1789 legenti.
2569 1721 2705 1776 Cum
2755 1725 2901 1778 enim
2951 1738 3144 1779 versus
3192 1725 3249 1778 in
3302 1727 3466 1781 scalae

1893 1807 2114 1863 modum
2159 1808 2623 1878 disponerentur;
2668 1812 2762 1866 ubi
2794 1814 2863 1868 ab
2908 1814 3078 1868 altero
3120 1815 3188 1869 ad
3232 1804 3465 1871 alterum

1893 1907 2012 1956 erat
2051 1901 2482 1967 transeundum,
2520 1918 2747 1959 necesse
2775 1913 2896 1959 erat
2933 1906 3001 1960 ad
3032 1906 3194 1961 linem
3230 1908 3465 1977 proximi

1895 2007 2231 2063 assurgere:
2273 1993 2328 2047 in
2385 2010 2498 2065 quo
2547 1996 2724 2053 series
2774 2012 2901 2053 cum
2951 2014 3233 2069 nunquam
3291 2014 3464 2070 appa-

1822 2070 1866 2126 B
1891 2090 2071 2146 reret,
2107 2090 2227 2137 erat
2277 2100 2475 2141 rursus
2519 2088 2953 2155 recurrendum,
2995 2090 3239 2161 ordoque
3280 2091 3465 2162 inqui-

1895 2174 2101 2228 rendus
2131 2174 2531 2232 retrocedendo
2549 2218 2565 2243 ,
2595 2180 2924 2250 sulcumque
2951 2182 3252 2251 sequendo,
3277 2198 3469 2252 quem-

1897 2262 2190 2317 admodum
2264 2263 2542 2320 Theseum
2614 2268 2888 2325 Ariadnes
2980 2269 3132 2325 ﬁlum
3214 2278 3467 2326 secutum

1888 2356 2071 2414 «uisse
2099 2356 2301 2412 ierunt.
2328 2356 2518 2414 Scribe
2543 2358 2711 2430 igitur
2739 2370 2914 2427 recta,
2944 2376 3046 2417 nec
3074 2370 3309 2418 mentem
3333 2364 3470 2419 obli-

1900 2448 2109 2518 quitate
2158 2450 2495 2523 scriptorum
2528 2460 2693 2523 atque
2723 2453 3094 2525 inzequalitate
3136 2457 3193 2511 in
3226 2472 3468 2513 errorem

1902 2540 2154 2596 inducas.

2304 2695 2645 2754 EPISTOLA
2681 2698 3012 2756 CCCXXXV
3043 2707 3082 2758 '.

222 2829 473 2897 Signiﬁcat
499 2830 713 2882 Basilius
731 2844 783 2882 se
803 2829 1000 2882 libenter
1020 2842 1183 2881 omnes
1206 2827 2053 2956 οαἬὲίξεῗωιὶῗίαγᾶῗε
2062 2828 2373 2943 οῗὶῗῧᾘέαηᾶιε
2396 2844 2520 2883 nunc
2542 2837 2703 2884 autem
2721 2831 2863 2883 mittit
2881 2833 3088 2886 nobilem
3105 2834 3473 2899 aaolescentem,

693 3018 1009 3084 Βασίλειος
1041 3018 1318 3081 Λιϐανιῳ.

288 3158 628 3230 Αἰσχύνομαι
669 3156 791 3211 καθ’
824 3156 920 3209 ἕνα
955 3172 1036 3208 σοι
1068 3153 1360 3227 προσάγων
1390 3152 1516 3216 τοὺς
1559 3152 1801 3206 Καππα-

2439 3018 2678 3072 Basilius
2706 3018 2950 3074 Libanio.

1973 3151 2148 3208 Pudet
2179 3167 2267 3208 me
2296 3159 2395 3206 tum
2433 3151 2788 3223 Cappadoces
2816 3153 3132 3223 singulatim
3166 3154 3474 3220 adducere,

220 3253 406 3316 δόκας,
437 3250 573 3305 ἀλλά
611 3249 687 3320 μὴ
736 3250 946 3310 πάντας
980 3249 1106 3311 τοὺς
1144 3249 1202 3300 ὲν
1244 3246 1431 3318 ἡλικίᾳ
1459 3244 1683 3311 πείθων,
1717 3244 1804 3299 λό-

1906 3259 1971 3299 ac
2019 3259 2132 3299 non
2180 3242 2440 3299 omnibus
2494 3243 2938 3299 adolescentibus
2993 3244 3359 3313 persuadere,
3415 3256 3475 3299 ut

221 3362 336 3413 των
362 3342 457 3396 καὶ
487 3340 817 3404 παιδεύσεως
844 3339 956 3412 (51)
1000 3337 1413 3401 ἀντιποιεῖσθαι,
1443 3337 1536 3390 καὶ
1582 3338 1666 3390 σοὶ
1711 3353 1804 3391 κε-

1903 3338 2105 3392 Iitteris
2155 3350 2220 3391 ac
2267 3335 2532 3391 doctrinae
2581 3336 2710 3390 dent
2751 3350 3010 3405 operam,
3057 3345 3216 3407 teque
3248 3344 3476 3391 utantur

224 3434 459 3508 χρῆσθαι
514 3436 613 3504 τῆς
683 3433 972 3502 ἀσκήσεως
1022 3429 1345 3498 διδασκάλῳ.
1422 3427 1562 3481 Ἀλλ’
1618 3427 1804 3499 ἐπειδὴ

1906 3429 2320 3485 exercitationis
2371 3429 2655 3499 magistro.
2714 3425 2825 3482 Sed
2882 3428 3011 3497 quia
3066 3443 3256 3484 omnes
3310 3429 3475 3484 simul

222 3529 440 3582 πάντων
489 3523 724 3588 εἰσάπαξ
768 3525 1065 3594 ἐπιτυχεῖν,
1100 3521 1171 3574 τὰ
1225 3522 1569 3592 προσήκοντα
1617 3519 1799 3589 σφίσιν

224 3618 409 3680 αὐτοῖς
441 3614 803 3688 αἱρουμένων,
831 3614 929 3684 οὐχ
961 3607 1070 3667 οἷόν
1109 3630 1167 3666 τε
1187 3630 1201 3643 ’
1235 3615 1362 3676 τοὺς
1393 3613 1649 3666 ἑκάστοτε
1685 3628 1802 3664 πει-

225 3707 487 3780 θομένους
535 3705 976 3778 παραπέμπομέν
1028 3705 1142 3776 (52)
1177 3723 1279 3769 σοι,
1324 3704 1575 3758 τοσοῦτον
1619 3705 1803 3766 αὐτοῖς

223 3803 599 3874 χαριζόμενος,
634 3802 757 3855 ὅσον
801 3801 897 3854 καλ¹
936 3801 986 3853 οἱ
1032 3803 1145 3865 τοῖς
1174 3799 1370 3870 διψῶσι
1402 3798 1801 3869 καθηγούμενοι

226 3894 364 3966 πρὸς
404 3893 504 3956 τὰς
557 3893 739 3964 πηγάς
774 3893 908 3964 (55).
954 3893 1010 3947 '0
1049 3892 1105 3946 δὲ
1150 3891 1247 3945 νῦν
1290 3888 1553 3961 προσιὼν,
1608 3888 1802 3960 μικρὸν

225 3986 454 4057 ὕστερον
480 3985 674 4038 ἑαυτοῦ
702 3985 890 4038 ἕνεκεν
933 3982 1422 4054 σπουδασθήσεται,
1465 3981 1683 4036 ἐπειδάν
1719 3997 1803 4034 σοι

226 4076 574 4146 συγγένηται.
604 4074 718 4129 Νῦν
741 4075 798 4129 δὲ
815 4076 924 4129 ἀπὸ
950 4075 1154 4147 πατρός
1187 4077 1303 4127 ὲστι
1333 4075 1628 4145 γνώριμος,
1657 4072 1802 4144 μέγα

226 4168 323 4219 ἐπὶ
362 4165 611 4236 ὀρθότητι
652 4164 768 4235 βίου
810 4164 905 4217 καὶ
953 4164 1181 4234 δυνάμει
1211 4162 1460 4234 πολιτικῇ
1506 4163 1636 4233 παρ’
1672 4163 1803 4232 ἡμῖν

223 4256 482 4320 λαϐόντος
519 4255 691 4326 ὄνομα
711 4273 725 4287 ο
760 4254 818 4318 ὃς
849 4256 943 4308 καὶ
981 4254 1105 4325 ἐμοὶ
1132 4253 1244 4325 (54)
1271 4255 1352 4317 εἰς
1379 4253 1477 4325 τὴν
1515 4253 1690 4324 ἄκραν
1717 4270 1806 4322 φι-

224 4350 346 4405 λίαν
385 4350 677 4421 ἦρμοσται.
729 4344 839 4412 τΗς
885 4348 1246 4419 ἀμειϐόμενος
1295 4347 1477 4410 αὐτὸν,
1524 4345 1603 4417 τῷ
1653 4345 1805 4398 παιδὶ

224 4443 432 4514 ταύτην
452 4441 550 4513 τὴν
580 4442 739 4513 χάριν
767 4440 978 4510 δίδωμι,
1012 4441 1095 4493 σοὶ
1122 4439 1290 4493 ποιῶν
1314 4440 1475 4493 αὐτὸν
1497 4438 1801 4511 γνώριμονο

227 4536 461 4607 πρᾶγμα
499 4531 760 4603 μεγίστης
805 4532 970 4601 εὐχῆς
1003 4530 1151 4596 ἀξιον
1198 4532 1310 4593 τοῖς
1362 4529 1564 4602 ἀρετὴν
1610 4527 1803 4599 ἀνδρὸς

227 4626 433 4699 κρίνειν
469 4624 870 4695 ἐπισταμένοις.

301 4820 416 4890 (47)
442 4818 853 4890 Καλλιτράφῳ.
872 4818 1037 4872 Addit
1058 4816 1209 4890 Harl.
1231 4816 1519 4890 στρεϐλοὺς
1546 4815 1788 4890 ποιοῦντι

223 4886 355 4973 τοῦς
383 4886 619 4973 στίχους,
642 4886 908 4973 ἰοτίιξιοδοξ
939 4888 1152 4955 facienti
1187 4904 1385 4942 versus.
1412 4886 1662 4953 Quinaue
1703 4888 1797 4942 alii

226 4961 449 5016 codices
472 4959 617 5032 ’πρὸς
644 4959 1029 5031 καλλιγράφον.

302 5030 415 5101 (48)
468 5031 598 5085 Ἐπὶ
626 5029 958 5099 στάθμης...
995 5026 1364 5095 τεκτονικῆς.
1400 5025 1654 5082 Νοωιιιιιι
1698 5041 1795 5081 co-

228 5101 699 5183 ἀίίξεξξςστέθιιηςοο
730 5101 1071 5183 τεκτρνεκῇο,
1247 5168 1285 5183 .,
1657 5165 1698 5183 ..

302 5171 414 5240 (49)
451 5165 573 5240 Ἐφ’
601 5165 813 5237 ἕτερον
843 5170 943 5239 ἀφ’
977 5165 1202 5238 ἐτέρου.
1247 5168 1327 5223 Ita
1368 5181 1465 5222 sex
1497 5183 1629 5224 mss.
1657 5165 1800 5223 Edili

226 5241 324 5312 ἀφ’
355 5242 547 5312 ἐτέρου
577 5242 656 5303 είς
677 5240 882 5312 ἓτερον.

302 5312 417 5383 (50)
451 5306 562 5383 Τολῦ
600 5306 981 5383 προσιόντος.
1019 5307 1236 5383 Itatres
1260 5306 1801 5383 vetust_rssi_m_1_c_odi_-

228 5376 479 5468 cca-eum
505 5376 655 5452 Regi
680 5379 920 5436 secundo
952 5391 1005 5434 et
1031 5378 1202 5434 Coisl.
1239 5378 1500 5434 secundo.
1531 5377 1676 5432 Editi
1702 5376 1798 5431 τοῦ

228 5452 830 5594 πρῗὲΐςτῆῗέιδεύσεως.
861 5518 998 5576 Editi
1016 5518 1224 5575 addunt
1240 5518 1341 5590 τῆς
1359 5517 1478 5589 σῆς,
1501 5534 1621 5591 qua:
1638 5518 1800 5576 verba

1901 3521 2149 3577 nancisci
2179 3536 2288 3575 non
2328 3534 2620 3590 possumus
2665 3518 2740 3572 ita
2773 3518 3018 3580 aﬂ‘ectos,
3053 3528 3113 3573 ut
3146 3520 3476 3574 convenien-

1902 3610 1978 3663 tia
2029 3609 2132 3664 sibi
2163 3608 2299 3679 ipsis
2331 3609 2571 3678 eligant;
2605 3608 2807 3678 quibus
2855 3608 3087 3665 subinde
3129 3610 3434 3679 persuadeo
3458 3652 3472 3672 ,

1902 3714 1999 3755 eos
2029 3698 2097 3752 ad
2128 3708 2181 3753 te
2212 3699 2390 3763 mitto,
2425 3707 2639 3753 tanlum
2687 3699 2744 3753 in
2793 3714 2890 3755 eos
2933 3698 3224 3754 conferens
3271 3700 3476 3755 benefi-

1904 3791 2011 3855 cii,
2060 3797 2324 3861 quantum
2371 3791 2465 3860 qui
2514 3791 2764 3846 sitientes
2817 3789 2885 3844 ad
2947 3789 3127 3847 fontes
3171 3790 3472 3847 deducunt.

1904 3882 2010 3948 Qui
2037 3898 2167 3936 vero
2200 3896 2347 3936 nunc
2377 3890 2431 3937 te
2461 3881 2598 3946 adit,
2635 3882 2799 3951 paqu
2830 3891 2951 3952 post
2982 3897 3079 3936 sua
3112 3882 3287 3953 ipsius
3307 3898 3476 3938 causa

1905 3973 1961 4028 in
2001 3974 2178 4043 pretio
2220 3975 2362 4039 erit,
2413 3979 2706 4043 postquam
2752 3981 2934 4027 tecum
2987 3971 3151 4027 fuerit
3197 3983 3474 4031 versatus.

1901 4063 2060 4119 Nunc
2098 4072 2281 4119 autem
2312 4081 2379 4120 ex
2424 4075 2579 4134 patre
2608 4072 2774 4120 notus
2809 4074 2925 4129 est,
2963 4080 3222 4136 magnum
3250 4067 3478 4138 integri-

1904 4165 2016 4213 tate
2053 4159 2181 4213 vita:
2221 4172 2287 4211 ac
2313 4157 2459 4211 civili
2492 4157 2735 4225 potentia
2777 4158 2919 4227 apud
2969 4174 3070 4214 nos
3112 4158 3346 4214 habente
3379 4175 3478 4215 no-

1905 4262 2051 4313 men,
2103 4247 2344 4316 mihique
2373 4261 2586 4301 summa
2618 4245 2860 4299 amicitia
2908 4245 3182 4301 devincto.
3235 4244 3342 4300 Pro
3370 4261 3477 4316 qua

1904 4348 1966 4395 ut
1995 4341 2146 4395 illum
2180 4354 2523 4403 remunerer,
2556 4339 2661 4393 hoc
2690 4340 2802 4393 lilio
2834 4339 3161 4394 beneﬁcium
3187 4340 3393 4407 tribuo,
3420 4349 3481 4394 ut

1904 4433 2087 4503 ipsum
2127 4432 2227 4487 tibi
2260 4431 2593 4502 discipulum
2640 4430 2879 4497 faciam;
2912 4448 3028 4488 rem
3065 4448 3198 4488 sane
3223 4433 3479 4489 maximis

1902 4526 2045 4580 votis
2078 4524 2300 4594 dignam
2331 4524 2477 4594 apud
2503 4539 2618 4590 eos,
2661 4524 2754 4594 qui
2786 4524 2853 4579 de
2886 4524 2987 4579 viri
3009 4525 3211 4579 virtute
3238 4525 3480 4582 scienter

1898 4617 2169 4688 iudicant.

1905 4813 2079 4935 mtuIto
2104 4813 2300 4868 melius
2321 4813 2521 4869 absunt
2545 4812 2615 4866 ab
2645 4812 2898 4867 omnibus
2930 4809 3135 4867 nostris
3161 4824 3298 4866 mss.
3324 4809 3481 4865 codi-

1905 4897 1952 4935 CI
1995 4899 2078 4935 us.

1902 4897 2078 4937 CIDUS.

1975 4952 2088 5023 (52)
2139 4952 2637 5023 Παραπέμπομεν.
2694 4951 2786 5007 Sic
2828 4965 2964 5008 mss.
3017 4950 3234 5006 codices
3280 4963 3478 5020 magno

1902 5021 2200 5078 consensu.
2225 5023 2376 5094 rEditi
2411 5021 2874 5094 παραπέμπομαι.

1975 5094 2090 5164 (55)
2122 5093 2278 5163 Πρὸς
2306 5092 2414 5159 τὰς
2449 5090 2665 5163 “milia.
2693 5090 3016 5164 Praepositio
3046 5090 3232 5147 addita
3273 5104 3344 5146 ex
3380 5103 3477 5145 co-

1903 5163 2023 5218 dice
2049 5163 2355 5218 Harlaaano.

1975 5233 2089 5305 (54)
2131 5235 2234 5305 Ὃς
2265 5232 2550 5305 καζίέμοί.
2583 5232 2751 5305 ροὶεί.
2781 5237 3015 5305 uterque
3033 5236 3087 5305 et
3111 5229 3244 5301 Reg.
3277 5244 3476 5305 secun-

1903 5301 2010 5359 dus
2041 5301 2099 5368 ὃς
2128 5303 2314 5373 κάμοί.
2354 5303 2553 5357 Ibidem
2584 5302 2896 5364 Medicaeus,
2920 5301 3090 5373 Coisl.
3118 5302 3393 5373 secundus
3419 5307 3474 5357 et

1903 5372 2036 5444 Reg.
2063 5370 2445 5445 secunduse};
2473 5373 2569 5445 τὴν
2592 5372 2765 5445 ἄκραν
2804 5373 2897 5426 καὶ
2932 5371 3175 5443 μεγάλην
3200 5370 3399 5441 φιλίαν.

1978 5441 2168 5498 "Alias
2193 5441 2448 5497 CLXXX.

1988 5517 2027 5536 "
2053 5515 2202 5571 Alias
2239 5512 2442 5569 CXLII.
