3852 6224
417 265 555 321 1079

693 374 856 448 453
898 376 1238 434 EPISTOLA
1276 378 1630 436 CCCXXXVI
1663 386 1693 437 '.

1706 268 1763 323 S.
1806 267 2051 325 BASILII
2092 268 2312 323 MAGNI

3539 269 3561 322 ί
3572 270 3689 323 030

2586 384 2935 441 summa
2976 382 3160 455 TAq'.

412 488 641 565 Desierat
666 491 887 565 Libonius
907 508 958 546 se
988 494 1163 565 Basilii
1186 497 1504 565 adolescentis
1524 497 1750 565 virtutem
1780 496 2076 565 admiratum
2099 513 2224 561 esse,
2250 507 2296 565 et
2326 499 2455 553 Celsi
2476 501 2695 565 fortunas
2713 500 2970 565 laudasse,
2998 498 3127 563 quod
3149 498 3193 551 is
3230 512 3327 565 uno
3351 511 3462 548 cum
3504 494 3697 548 Basilio

473 553 922 634 ﬁtltgtaslp‘eteretj
948 555 1031 607 ubi
1045 565 1222 634 laniem
1241 559 1415 634 didicit
1452 558 1728 634 Basiliam“
1753 574 2002 634 reversum
2036 560 2093 634 in
2134 553 2364 634 patriam,
2404 553 2987 634 priestantissimumgiue
3007 553 3156 634 genus
3173 563 3450 634 amplexum
3472 573 3616 634 esses
3634 565 3696 634 "ei

470 617 692 690 @831"?!
710 617 1018 690 Cappadoces
1039 619 1197 690 beatos
1207 619 1533 690 existimasse.
1559 619 1731 673 Basilii
1752 622 1922 674 laudes
1942 622 2005 673 de
2027 617 2199 674 Finito
2218 617 2487 690 conﬁrmat.
2516 625 2700 684 (iuuerit
2721 623 2837 676 auia
2859 617 3109 675 Firminus
3130 617 3295 676 rerum
3312 628 3426 687 agat
3442 634 3461 672 :
3481 632 3695 685 armaque

788 684 856 741 at,
880 679 1061 743 partim
1082 682 1144 733 de
1162 681 1248 732 illo
1268 682 1505 746 queritur.

936 783 1196 842 Libanius
1230 786 1459 845 Basilio.

487 892 544 950 1.
591 893 931 966 Aliquandiu
971 910 1057 955 est
1086 901 1232 970 quod
1267 901 1335 956 ad
1372 918 1474 959 nos
1502 902 1799 975 Cappadox
1844 904 1995 959 venit

409 985 760 1043 adolescens.
791 988 1035 1045 Primum
1086 992 1192 1047 hoc
1235 994 1449 1049 lucrum
1497 997 1645 1066 quod
1675 996 1992 1067 Cappadox.

411 1075 519 1131 Sed
539 1086 594 1132 et
615 1093 681 1133 ex
707 1080 883 1149 prima
907 1080 1113 1137 familia
1146 1083 1236 1139 ille
1262 1086 1577 1156 Cappadox.
1612 1088 1858 1143 Alterum
1892 1089 1994 1143 hoc

408 1168 625 1223 lucrum
644 1179 748 1225 est.
772 1172 880 1227 Sed
898 1182 953 1228 et
981 1174 1194 1229 litteras
1226 1177 1535 1233 admirandi
1554 1179 1737 1234 Basilii
1757 1181 1992 1237 afferens

408 1259 592 1316 nobis.
641 1261 757 1332 Quo
802 1264 937 1334 quid
989 1268 1170 1337 majus
1211 1271 1339 1341 quis
1380 1270 1619 1325 dixerit?
1665 1270 1776 1342 Ego
1807 1271 1989 1335 enim,

407 1368 571 1420 quem
615 1354 695 1408 tui
732 1356 964 1411 oblitum
1000 1370 1191 1429 putas,
1228 1363 1391 1417 etiam
1422 1363 1551 1418 olim
1587 1363 1990 1418 adolescentem

407 1447 700 1502 reverebar
731 1465 747 1505 :
777 1457 834 1504 et
870 1455 1233 1522 temperantia
1264 1469 1388 1509 cum
1425 1456 1655 1513 senibus
1682 1465 1988 1512 certantem

404 1541 632 1611 videns,
666 1543 835 1614 idque
862 1546 919 1600 in
955 1546 1051 1602 illa
1078 1549 1215 1604 urbe
1240 1564 1363 1619 quae
1392 1550 1770 1620 voluptatibus
1792 1557 1986 1617 scatet,

404 1641 459 1684 ρι
507 1632 933 1704 disciplinarum
986 1637 1100 1707 jam
1146 1648 1357 1709 partem
1405 1655 1657 1710 magnam
1713 1655 1989 1696 consecu-

404 1729 544 1778 tum.
595 1722 701 1779 Sed
744 1726 1005 1797 quoniam
1040 1730 1141 1783 tibi
1183 1730 1443 1787 visendas
1476 1745 1699 1800 quoque
1743 1732 1989 1787 Athenas

403 1818 637 1881 duxisti,
672 1819 837 1891 idque
871 1821 1032 1876 Celso
1060 1825 1421 1892 persuasisti;
1455 1825 1775 1894 gratulabar
1801 1826 1985 1888 Celso,

402 1908 548 1976 quod
579 1909 647 1965 ab
687 1911 873 1967 animo
903 1921 1000 1967 tuo
1035 1913 1316 1984 penderet.
1350 1914 1487 1969 Cum
1518 1925 1699 1971 autem
1730 1932 1986 1973 reversus

399 2016 575 2069 esses,
609 2004 956 2075 patriamque
984 2006 1279 2073 incoleres,
1305 2023 1519 2063 mecum
1541 2008 1660 2079 ipse
1693 2008 1938 2065 dicebam
1967 2026 1982 2064 :

401 2091 545 2159 Quid
578 2110 727 2151 nunc
756 2097 917 2153 nobis
947 2096 1184 2153 Basilius
1211 2099 1373 2171 gerit,
1405 2107 1460 2155 et
1486 2100 1632 2171 quod
1665 2101 1790 2156 vitae
1811 2117 1985 2173 genus

401 2186 690 2256 amplexus
722 2188 846 2244 est?
876 2187 1015 2243 Num
1065 2191 1120 2244 in
1151 2189 1270 2247 foro
1309 2202 1583 2259 versatur,
1615 2203 1828 2250 veteres
1858 2195 1983 2250 illos

401 2277 654 2334 rhetores
700 2280 988 2337 imitatus?
1022 2296 1091 2336 an
1138 2283 1388 2339 rhetores
1432 2284 1839 2340 fortunatorum
1887 2300 1983 2357 pa-

401 2381 550 2427 trum
584 2372 728 2430 ﬁlios
756 2375 961 2430 ellieit?
993 2377 1131 2433 Cum
1160 2385 1342 2434 autem
1388 2381 1641 2435 nonnulli
1674 2383 1980 2448 venissent,

399 2466 492 2534 qui
540 2467 863 2524 nuntiarent
910 2477 963 2524 te
1009 2470 1153 2525 viam
1200 2471 1362 2542 longe
1408 2472 1496 2528 his
1543 2474 1982 2544 praestantiorem

400 2558 710 2627 ingressum
740 2576 893 2626 esse,
934 2561 1148 2633 hocque
1178 2564 1357 2634 magis
1390 2575 1672 2635 spectare,
1705 2570 1983 2638 quomodo

399 2647 513 2705 Deo
557 2651 771 2708 amicus
813 2652 1017 2709 evadas
1038 2695 1054 2720 ,
1099 2669 1265 2723 quam
1299 2656 1573 2726 quomodo
1602 2673 1796 2713 aurum
1829 2661 1983 2715 colli-

398 2758 532 2811 gas;
578 2751 632 2798 et
672 2752 725 2799 te
767 2753 820 2799 et
853 2744 1208 2815 Cappadoces
1258 2748 1448 2804 beatos
1496 2752 1895 2819 praadicabam;
1930 2764 1982 2808 te

396 2834 642 2904 quidem,
675 2837 768 2906 qui
823 2838 984 2893 talem
1018 2846 1072 2895 te
1104 2855 1228 2895 esse
1274 2841 1477 2910 velles;
1514 2842 1639 2900 illos
1675 2860 1834 2910 vero,
1887 2847 1980 2917 qui

397 2929 561 2981 talem
596 2936 823 2997 possent
861 2930 1034 2986 civem
1062 2934 1373 2989 ostendere.

469 3016 524 3071 2.
555 3016 800 3073 Firmum
837 3027 1021 3077 autem
1051 3022 1206 3077 illum
1238 3025 1443 3096 ubique
1472 3039 1818 3087 constantem
1852 3049 1979 3103 per-

398 3107 632 3164 durasse
655 3109 791 3165 satis
813 3111 967 3179 scio;
990 3112 1118 3168 hinc
1135 3115 1281 3170 enim
1305 3118 1356 3172 ei
1376 3119 1702 3189 eloquentia:
1722 3122 1977 3182 facultas.

401 3195 510 3251 Sed
542 3212 672 3252 cum
713 3200 903 3256 laudes
944 3203 1149 3260 multas
1182 3206 1416 3278 adeptus
1447 3210 1538 3278 sit,
1573 3211 1719 3267 haud
1765 3218 1882 3269 scio
1909 3232 1978 3273 an

398 3304 642 3358 unquam
696 3297 917 3357 tantas,
976 3304 1214 3366 quantas
1270 3314 1420 3354 nunc
1485 3317 1552 3357 ex
1615 3304 1728 3358 tuis
1782 3306 1981 3363 litteris

398 3379 660 3434 intellexi.
693 3379 851 3447 Quod
873 3382 1020 3439 enim
1045 3394 1103 3440 tu
1129 3401 1211 3450 es,
1235 3388 1331 3458 qui
1357 3389 1513 3445 dicas
1536 3392 1810 3448 neminem
1832 3396 1981 3452 illius

2019 790 2069 848 A

2558 791 2840 858 Λιϐάνιος
2897 790 3216 854 Βασιλείῳ.

2169 903 2221 957 1.
2260 903 2362 958 Διά
2396 903 2590 976 χρόνου
2614 902 2752 975 πρὸς
2794 904 2941 975 ἡμᾶς
2976 900 3349 970 Καππαδόκης
3377 900 3503 970 ἥκει
3537 899 3687 961 νέος.

2101 994 2197 1047 Ἐν
2224 994 2385 1050 τοῦτο
2428 996 2641 1068 κέρδος,
2669 999 2750 1051 ὅτι
2783 995 3178 1066 Καππαδόκης.
3240 993 3399 1047 Ἀλλά
3442 994 3538 1047 καὶ
3584 991 3686 1045 τοῦ

2094 1086 2309 1159 πρώτου
2333 1087 2525 1158 γένους
2553 1081 2711 1152 οὗτος
2756 1090 2786 1142 ὁ
2827 1086 3202 1156 Καππαδόκης
3233 1085 3371 1155 (55).
3414 1084 3689 1154 Δεύτερον

2092 1179 2253 1234 τοῦτο
2297 1180 2507 1254 κέρδος.
2582 1181 2744 1235 Ἀλλά
2792 1181 2887 1235 καὶ
2932 1180 3171 1253 γράμμα
3214 1177 3310 1232 τοῦ
3357 1175 3686 1247 θαυμαστοῦ

2094 1272 2378 1327 Βασιλείου
2411 1273 2654 1345 κομίξων
2702 1275 2856 1344 ἡμῖν.
2889 1273 3053 1326 Τουτὶ
3105 1271 3225 1344 μὲν,
3256 1271 3381 1325 ὅτου
3422 1270 3508 1333 τίς
3532 1267 3686 1321 εἴποι

2096 1366 2315 1435 μεῖζον;
2375 1364 2519 1435 Ἐγὼ
2545 1365 2654 1437 γὰρ
2694 1365 2752 1418 ὃν
2780 1363 3133 1436 ἐπιλελῆσθαί
3166 1380 3260 1417 σου
3286 1362 3548 1433 νομίζεις,
3584 1360 3688 1413 καὶ

2092 1457 2261 1510 πάλαι
2286 1457 2406 1511 νέον
2443 1457 2574 1511 ὄντα
2606 1456 2849 1529 ᾐδούμην
2868 1472 2882 1487 ·
2933 1454 3256 1527 σωφροσύνῃ
3287 1470 3348 1507 τε
3383 1452 3519 1526 πρὸς
3550 1452 3703 1515 τοὺς

2089 1551 2354 1622 γέροντας
2378 1549 2753 1622 ἁμιλλώμενον
2783 1549 2947 1622 ὁρῶν,
2979 1548 3075 1604 καὶ
3099 1548 3271 1602 ταῦτα
3299 1547 3358 1599 ὲν
3396 1546 3581 1616 ἐκείνη
3606 1547 3680 1615 τῇ

2090 1643 2266 1707 πόλει,
2293 1646 2360 1714 τῇ
2386 1645 2509 1706 ταῖς
2541 1642 2756 1713 ἡδοναῖς
2783 1640 3024 1713 βρυούσῃ
3042 1656 3057 1670 ·
3086 1640 3182 1693 καὶ
3209 1638 3383 1707 λόγων
3422 1635 3522 1707 ἤδη
3560 1637 3683 1706 μοι·

2093 1750 2191 1804 ραν
2240 1733 2578 1803 κεκτημένον
2615 1731 2862 1804 μεγάλην
2888 1774 2902 1787 .
2953 1729 3174 1801 Ἐπειδὴ
3226 1729 3283 1782 δὲ
3332 1727 3517 1800 ᾠήθης
3565 1725 3684 1779 δεῖν

2088 1830 2183 1878 καὶ
2224 1824 2323 1889 τὰς
2385 1824 2617 1897 Ἀθήνας
2670 1825 2819 1890 ίδεῖν,
2872 1824 2967 1878 καὶ
3016 1824 3109 1877 τὸν
3161 1821 3370 1875 Κέλσον
3422 1817 3677 1881 ἕπειθες⁶

2059 1892 2408 1987 ’συνέχαιρον
2439 1892 2515 1987 τῷ
2547 1916 2761 1988 Κέλσῳ,
2807 1916 2908 1987 τῆς
2946 1916 3046 1985 σῆς
3081 1912 3437 1985 ὲξηρτημένῳ
3472 1910 3679 1979 ψυχῆς.

2101 2006 2498 2080 Ἐπανήκοντος
2552 2007 2609 2061 δέ
2669 2025 2766 2062 σου
2799 2008 2896 2061 καὶ
2964 2006 3181 2078 ἔχοντος
3251 2004 3350 2076 τὴν
3414 2002 3680 2073 πατρίδα,

2088 2097 2274 2167 ἔλεγον
2307 2099 2444 2169 πρὸς
2477 2097 2717 2169 ἐμαυτόν
2737 2115 2753 2129 ο
2793 2098 2859 2151 Τί
2892 2094 2988 2150 νῦν
3019 2098 3150 2167 ἡμῖν
3182 2097 3211 2149 ὁ
3239 2093 3516 2156 Βασίλειος
3548 2093 3681 2163 δρᾷ,

2091 2191 2182 2244 καὶ
2208 2191 2349 2263 πρὸς
2377 2190 2502 2245 τίνα
2538 2190 2650 2261 βίον
2688 2190 2950 2262 ὥρμηκεν
2984 2188 3134 2258 (56);
3166 2183 3295 2258 Ἆρ’
3330 2188 3388 2239 ὲν
3412 2186 3682 2254 δικαστη-

2091 2283 2228 2355 ρίοις
2252 2284 2514 2355 τρέπεται
2549 2282 2685 2354 (57),
2720 2284 2850 2345 τοὺς
2897 2281 3163 2342 παλαιοὺς
3194 2282 3428 2352 ῥήτορας
3456 2277 3680 2348 ζηλῶν;

2087 2377 2121 2445 ἢ
2154 2377 2392 2448 ῥήτορας
2430 2375 2767 2447 εὐδαιμόνων
2818 2373 3072 2446 πατέρων
3120 2370 3495 2444 ἀπεργάζεται
3546 2373 3682 2423 παῖ-

2087 2470 2223 2536 δας;
2291 2469 2380 2531 Ὠς
2444 2468 2502 2522 δὲ
2549 2465 2687 2541 ἧκόν
2759 2484 2905 2532 τινες
2964 2465 3401 2536 ἀπαγγέλλοντες
3463 2463 3683 2533 ἀμείνω

2091 2582 2149 2619 σε
2212 2562 2392 2635 πολλῷ
2459 2562 2724 2624 τουτωνὶ,
2791 2559 2901 2613 τῶν
2943 2558 3080 2613 ὁδῶν
3142 2556 3503 2628 πορεύεσθαι,
3582 2555 3681 2608 καὶ

2089 2658 2345 2721 σκοπεῖν,
2409 2656 2558 2718 ὅπως
2606 2654 2674 2709 ἂν
2734 2652 2913 2722 γένοιο
2969 2650 3091 2722 Θεῷ
3139 2650 3338 2722 μᾶλλον
3391 2648 3578 2718 φίλος,
3637 2647 3677 2719 ἢ

2089 2748 2363 2813 συλλέξεις
2391 2748 2634 2819 χρυσίον,
2670 2744 3022 2815 εὐδαιμόνισα
3051 2742 3162 2814 (58)
3196 2742 3257 2795 σέ
3300 2757 3361 2794 τε
3392 2740 3486 2793 καὶ
3514 2740 3685 2793 Καπε-

2087 2841 2330 2906 παδόκας
2350 2857 2364 2871 °
2398 2842 2457 2894 σὲ
2490 2841 2610 2911 μὲν,
2640 2837 2883 2893 τοιοῦτον
2934 2834 3259 2907 βουλόμενον
3304 2829 3478 2886 εἶναι’
3526 2829 3680 2885 ὲκεί-

2086 2952 2211 2999 νους
2234 2933 2312 2998 δὲ,
2353 2932 2593 2987 τοιοῦτον
2619 2930 2953 3001 δυναμένους
2975 2926 3248 2982 δεικνύναι
3280 2924 3528 2997 πολίτην.

2157 3023 2213 3078 2.
2253 3023 2460 3094 Φίρμος
2491 3021 2603 3093 (59)
2631 3021 2689 3075 δὲ
2721 3022 2950 3083 ἐκεῖνος,
2985 3018 3062 3083 ὡς
3095 3015 3373 3088 πανταχοῦ
3403 3015 3676 3069 διετέλεσε

2088 3116 2327 3189 κρατῶν,
2362 3111 2422 3169 εὖ
2456 3109 2604 3169 οἶδα·
2658 3111 2908 3167 ἐντεῦθεν
2935 3110 3045 3183 γὰρ
3078 3109 3228 3182 αὐτῷ
3271 3108 3383 3162 τῶν
3428 3107 3604 3176 λόγων
3640 3109 3678 3179 ή

2086 3211 2339 3281 δύναμις.
2391 3207 2610 3263 Πολλῶν
2653 3207 2710 3261 δὲ
2741 3207 2980 3260 ἐπαίνων
3018 3204 3355 3266 ἀπολαύσας,
3394 3203 3496 3256 οὐκ
3532 3195 3676 3264 οῖδα,

2087 3304 2169 3358 ὅτι
2217 3302 2437 3357 πώποτε
2486 3300 2841 3372 τηλικούτων,
2891 3299 3093 3372 ἡλίκων
3145 3297 3239 3352 νῦν
3286 3297 3344 3351 ὲν
3391 3298 3508 3359 τοῖς
3561 3296 3680 3359 σοῖς

2088 3397 2306 3467 ἀκήκοα
2332 3393 2650 3466 γράμμασι.
2701 3393 2775 3446 Τὸ
2807 3391 2917 3463 γὰρ
2967 3389 3173 3462 μηδένα
3206 3389 3273 3444 ἂν
3311 3387 3413 3460 τὴν
3462 3386 3677 3441 ἐκείνου

397 3474 628 3540 gloriam
657 3491 985 3547 superasse:
1013 3495 1177 3552 quam
1205 3483 1312 3538 hoc
1347 3484 1425 3538 illi
1454 3485 1821 3543 honorificum
1856 3505 1983 3547 cen-

2099 3487 2244 3552 Βόξαν
2275 3484 2685 3557 ὑπερϐαλέσθαι
2713 3484 2771 3537 σὲ
2799 3485 2891 3537 τὸν
2936 3483 3164 3552 λέγοντα
3206 3477 3368 3545 εἶναι,
3409 3480 3576 3534 πόσον
3622 3497 3679 3532 τι

399 3568 506 3621 seri
538 3568 739 3625 debet?
773 3570 913 3628 Puto
941 3583 1124 3630 autem
1159 3576 1259 3633 hos
1291 3592 1321 3631 a
1352 3585 1407 3633 te
1436 3579 1590 3649 prius
1615 3581 1815 3639 missos
1837 3600 1981 3649 esse,

397 3674 563 3728 quam
606 3659 912 3719 Firminum
938 3666 1193 3735 videres;
1228 3685 1408 3739 neque
1432 3674 1578 3727 enim
1613 3674 1682 3729 de
1716 3675 1812 3730 illo
1845 3678 1980 3732 nihil

397 3752 724 3811 habuissent
776 3757 992 3814 litterae.
1028 3754 1092 3814 Et
1124 3778 1273 3817 nunc
1305 3765 1437 3835 quid
1489 3781 1673 3821 rerum
1719 3769 1852 3839 agit,
1888 3778 1984 3824 aut

398 3846 531 3916 quid
601 3849 901 3906 meditatur
964 3851 1296 3911 Firminus?
1352 3859 1727 3917 Distineturne
1802 3862 1984 3918 adhuc

398 3945 715 4014 nuptiarum
739 3946 1070 4019 desideriis?
1096 3965 1164 4005 an
1197 3951 1290 4005 illa
1309 3952 1635 4022 jamdudum
1666 3967 1978 4023 cessarunt,

399 4037 497 4091 sed
527 4045 688 4108 urget
734 4041 890 4094 curia
938 4055 1005 4096 ac
1050 4043 1278 4098 omnino
1311 4060 1539 4101 necesse
1587 4053 1673 4102 est
1722 4051 1985 4106 manere?

400 4143 475 4182 an
502 4136 587 4183 est
623 4145 750 4197 spes
782 4130 968 4202 aliqua
1013 4132 1165 4188 illum
1203 4134 1385 4191 denuo
1430 4138 1739 4194 studiorum
1771 4141 1982 4196 socium

400 4221 558 4275 fore?
602 4219 701 4277 Det
746 4223 911 4278 nobis
955 4224 1176 4295 aliquod
1230 4242 1594 4297 responsum,
1642 4238 1808 4300 atque
1848 4231 1984 4286 illud

399 4315 660 4384 quidem,
690 4324 751 4370 ut
785 4325 947 4387 opto,
981 4318 1357 4373 commodum.
1392 4318 1500 4375 Sed
1532 4321 1577 4376 si
1613 4322 1744 4391 quid
1774 4322 1986 4378 creabit

401 4408 691 4475 molestiae,
723 4409 918 4463 saltem
943 4425 1046 4465 nos
1073 4411 1402 4480 respiciendi
1431 4412 1496 4466 ad
1521 4422 1709 4482 portas
1733 4413 1983 4470 molestia

401 4498 682 4555 liberabit.
722 4497 828 4554 Sed
872 4501 918 4556 si
963 4498 1246 4556 Firminus
1291 4518 1439 4557 nunc
1465 4503 1695 4559 Athenis
1736 4521 1986 4560 versare-

401 4604 514 4657 tur,
550 4592 814 4664 quidnam
853 4592 1099 4652 facerent
1134 4596 1301 4651 vestri
1332 4596 1613 4652 curiales?
1653 4596 1795 4652 Num
1829 4596 1984 4653 Sala-

472 4751 491 4769 ⁶
530 4751 680 4805 Alias
702 4747 931 4805 CXLIII.

473 4819 586 4902 (§5)
607 4821 691 4902 ,Ὃ
713 4820 1137 4902 Καπαςαδόκῃς.
1162 4818 1299 4902 _Ha:c
1320 4820 1676 4902 desuntsatis
1694 4836 1983 4902 _c_on_i_mooe

2099 4848 2187 4901 que
2222 4818 2381 4901 ﬁrma
2410 4832 2664 4884 memoria

2084 3579 2192 3651 χρὴ
2219 3578 2466 3650 νομίζειν
2490 3578 2726 3648 ἐκείνως
2755 3578 2942 3640 Δοκεῖς
2979 3576 3037 3629 δέ
3066 3594 3156 3647 μοι
3188 3575 3284 3629 καὶ
3316 3573 3541 3637 τούτους
3560 3572 3675 3641 (60)

2083 3669 2486 3725 ἀπεσταλκέναι
2530 3668 2660 3740 πρὶν
2688 3666 2837 3738 ἢτὺν
2869 3668 3130 3739 Φιρμῖνον
3167 3667 3323 3720 ἰδεῖν·
3376 3665 3439 3718 ού
3470 3665 3580 3736 γὰρ
3607 3662 3679 3717 ἂν

2083 3761 2245 3817 αὐτὸν
2272 3758 2385 3831 (61)
2413 3761 2514 3813 οὐκ
2540 3754 2655 3828 εἶχε
2700 3757 2766 3812 τὰ
2795 3757 3123 3829 γράμματα.
3161 3755 3273 3809 Καὶ
3297 3755 3392 3809 νῦν
3420 3756 3473 3809 τί
3504 3757 3675 3819 ποιεῖ,

2082 3855 2115 3924 ἧ
2143 3854 2196 3906 τί
2223 3853 2408 3925 μέλλει
2434 3853 2731 3923 Φιρμῖνος;
2767 3850 2883 3903 Ἔτ’
2920 3849 3068 3902 ἔστιν
3096 3850 3155 3902 ἐν
3193 3850 3308 3913 τοῖς
3336 3847 3447 3902 τῶν
3476 3848 3676 3917 γάμων

2083 3945 2271 4008 πόθοις
2292 3944 2477 4015 (62),ἢ
2501 3944 2685 3997 ἐκεῖνα
2710 3943 2810 4012 μὲν
2831 3941 3000 3995 πάλαι
3021 3941 3316 4005 πέπαυται,
3337 3940 3535 4011 βαρεῖα
3559 3940 3675 4011 (65)

2081 4037 2140 4090 δὲ
2184 4040 2217 4107 ἡ
2251 4035 2435 4107 βουλὴ,
2463 4035 2558 4089 καὶ
2590 4037 2742 4089 πᾶσα
2771 4034 2985 4105 ἀνάγκη
3023 4036 3245 4105 μένειν;
3281 4034 3315 4106 ἦ
3344 4034 3494 4097 τίνες
3534 4031 3675 4086 εἰσὶν

2083 4129 2317 4193 ἐλπίδες,
2350 4129 2428 4193 ὼς
2468 4124 2627 4192 αὖθις
2658 4127 2812 4181 ἔσται
2846 4127 3021 4195 λόγων
3067 4127 3359 4193 κοινωνός;
3409 4128 3674 4196 Ἀποκρι-

2084 4220 2266 4275 νὰσθω
2313 4238 2364 4273 τι
2398 4222 2561 4290 ἡμῖν·
2600 4220 2694 4274 καὶ
2735 4219 2823 4290 εἴη
2857 4220 2958 4291 μέν
2997 4237 3051 4272 τι
3082 4217 3339 4290 χρηστόν.
3373 4218 3440 4271 El
3487 4218 3534 4271 δ’
3579 4212 3673 4272 οὖν

2082 4332 2135 4368 τι
2168 4315 2262 4367 καὶ
2288 4314 2545 4385 λυπήσει,
2570 4312 2666 4366 τοῦ
2699 4311 2916 4383 βλέπειν
2938 4329 3002 4381 γε
3026 4312 3173 4383 ἡμᾶς
3208 4310 3347 4382 πρὸς
3371 4310 3473 4374 τὰς
3497 4310 3672 4372 πύλας

2084 4404 2400 4469 ἀπαλλάξει.
2434 4405 2498 4457 El
2540 4402 2599 4456 δὲ
2639 4402 2896 4475 Ἀθήνῃσι
2925 4400 3021 4457 νῦν
3052 4405 3082 4457 ό
3126 4402 3386 4473 Φιρμῖνος
3435 4401 3667 4472 ἐτύγχα-

2084 4514 2174 4550 νεν
2207 4495 2303 4559 ὣν,
2340 4496 2393 4549 τί
2423 4494 2489 4549 ἂν
2539 4493 2708 4566 ἔδρων
2757 4495 2807 4547 οί
2852 4493 3198 4564 βουλεύοντες
3235 4493 3367 4564 παρ’
3393 4493 3565 4561 ύμίν;
3601 4496 3672 4547 Ἢ

2084 4587 2183 4658 τὴν
2226 4585 2561 4656 Σαλαμινίαν
2593 4584 2841 4655 ἔπεμπον
2883 4584 2951 4638 ἂν
2993 4587 3079 4639 ἐπ’
3125 4584 3325 4649 αύτόν;
3368 4583 3557 4655 Ὁρᾷς,
3588 4584 3670 4637 ὅτι

2089 4760 2366 4832 πανταχοῦ
2392 4760 2656 4814 διετέλεσε
2682 4761 2922 4832 κρατῶν,
2951 4760 3117 4832 vertit
3137 4758 3525 4832 Combelisius.
3556 4759 3669 4813 ubi-

2698 4778 2717 4814 ι
2757 4778 2922 4823 ατων,
2951 4778 3117 4815 νοτ-ιιι
3137 4778 3525 4818 υοῐηυεηειυε.
3556 4778 3669 4813 uot-

2698 4778 2881 4899 fzerit,
2922 4831 3000 4884 rel
3027 4832 3322 4899 retinuerit,
3359 4844 3423 4883 ac
3458 4830 3671 4898 vitupe.

403 4891 459 4971 ξπ
489 4890 659 4960 Regio
682 4890 927 4948 secundo
950 4901 1005 4947 et
1027 4891 1199 4948 Coisl.
1230 4894 1493 4948 secundo.
1528 4891 1649 4946 Mox
1689 4891 1981 4951 Mcdicaeus
2016 4890 2055 4902 ”
2090 4890 2175 4954 rat
2205 4890 2577 4971 interpretem,
2618 4890 2710 4969 qui
2744 4903 2824 4956 sic
2847 4890 3201 4956 reddiderat:
3240 4890 3667 4971 Firminnso'ero

403 4978 487 5014 οτι
516 4978 620 5024 τις.

478 5031 592 5103 (56)
624 5033 945 5103 "apponet.
980 5031 1055 5087 Ita
1081 5041 1195 5088 tres
1223 5033 1580 5089 vetustissimi
1604 5032 1822 5089 codices
1855 5050 1979 5091 cum

406 5103 655 5175 poribus
688 5102 832 5175 aliis.
861 5102 1002 5175 Editi
1029 5103 1308 5175 ὥρμησεν,

479 5173 923 5251 (57)-Τρέπεται.
956 5172 1245 5230 Νοιιίιιειιο
1275 5174 1445 5231 Coisl.
1475 5176 1752 5232 secundus
1772 5184 1826 5231 et
1843 5175 1976 5251 Reg.

408 5245 685 5316 secundus
722 5245 1001 5316 τρέφεται.

480 5315 595 5387 (58)
632 5312 1064 5385 assummum
1096 5312 1357 5370 Nonnulli
1401 5315 1621 5372 codices
1652 5318 1987 5375 recentiores

471 5384 791 5440 δαιμόνησα.

408 5383 553 5440 εύδαι
564 5383 695 5440 μόνη
701 5403 791 5440 σα.

483 5403 791 5458 πιμονησα.

483 5457 597 5530 (59)
631 5460 871 5527 Φίρμος.
915 5453 1009 5510 Sic
1061 5470 1197 5530 mss.
1246 5471 1484 5530 novem._
1512 5454 1655 5512 Editi
1703 5460 1979 5530 Φιρμίνος.

413 5523 961 5596 ὃτι-ἰρίιινιίνειέινιιῐιι
989 5526 1238 5581 codicum
1265 5527 1389 5582 hinc
1416 5528 1579 5582 etiam
1605 5523 1979 5595 coniir'n'iatur,

412 5600 559 5670 quod
595 5598 642 5651 is
667 5614 828 5669 quem
862 5606 1145 5670 tantopere
1180 5597 1497 5670 laudaverat
1529 5596 1764 5670 Basilius
1785 5601 1838 5653 in
1866 5602 1982 5670 epi—

415 5668 553 5719 stola
584 5666 703 5728 sua;
740 5670 1053 5722 necessario
1095 5666 1519 5737 distinguendus
1542 5683 1570 5721 a
1612 5669 1871 5735 Firmino,
1900 5666 1981 5726 'tle

416 5750 525 5804 quo
547 5737 681 5791 nihil
708 5737 1008 5793 habuerant
1040 5736 1226 5792 Basilii
1258 5736 1472 5793 litterae.
1505 5736 1646 5793 Illud
1676 5752 1875 5808 autem,
1906 5741 1981 5805 ὡς

2088 4971 2198 5030 ille,
2221 4969 2379 5042 quam
2411 4969 2599 5027 ubique
2626 4970 2719 5025 tibi
2749 4980 3050 5026 constanter
3072 4970 3388 5026 adhcerendo
3410 4970 3668 5038 perdura-

2088 5045 2216 5094 verit
2248 5043 2378 5095 scin.

2160 5112 2273 5182 (60)
2311 5113 2617 5176 Ἐκείγῳ...
2660 5112 2758 5165 καὶ
2795 5113 3066 5177 τούτους.
3116 5110 3207 5164 Sic
3242 5110 3489 5181 plerique
3513 5111 3665 5166 codi-

2093 5197 2187 5239 ces
2218 5198 2349 5237 mss.
2386 5181 2528 5237 Editi
2560 5183 2830 5237 ἐκεῖνον...
2860 5182 3051 5237 ταῦτα.

2165 5253 2376 5324 ((51)οὐ
2414 5254 2524 5324 γὰρ
2556 5251 2633 5306 ἂν
2668 5252 2871 5324 αὐτόν.
2920 5250 3102 5324 Hune
3129 5252 3308 5324 locum
3351 5252 3666 5324 sanavimus

2135 5321 2292 5376 artim
2320 5321 2562 5378 omnium
2596 5322 2870 5385 codicum,
2896 5322 2987 5391 qui
3018 5321 3218 5376 habent
3251 5321 3437 5383 αὐτόν,
3469 5324 3661 5391 partim

2120 5333 2292 5376 tartim
2320 5333 2562 5378 omnium
2596 5333 2870 5385 codicum,
2896 5337 2987 5391 qni
3018 5333 3218 5376 habent.
3251 5333 3437 5383 αὐτον,
3458 5333 3661 5444 rparum

2120 5392 2357 5464 Iarlzeani
2407 5409 2533 5464 ope,
2579 5392 2635 5448 in
2684 5408 2793 5463 quo
2835 5394 3034 5464 tegitur
3079 5393 3139 5445 οὐ
3170 5391 3279 5462 γὰρ
3324 5392 3411 5446 ἀν.
3504 5386 3662 5464 ύίιὶἦ

2090 5464 2209 5535 γὰρ
2230 5463 2297 5535 ᾃν
2324 5463 2505 5528 αὑτός.

2162 5529 2271 5601 (62)
2296 5536 2528 5599 Πόθοις.
2548 5530 2731 5586 Codex
2760 5529 3079 5586 Harlteanus
3104 5531 3306 5595 πότοις,
3340 5530 3661 5600 nuptialibus

2089 5604 2358 5662 conviviis.
2387 5604 2587 5672 sicque
2606 5603 2736 5672 legit
2769 5604 3059 5671 interpres.

2162 5673 2272 5741 (65)
2304 5669 2539 5741 Βαρεῖὰ.
2575 5669 2831 5727 Nonnulli
2865 5669 3082 5726 codices
3118 5669 3298 5742 βαρεῖε
3325 5670 3496 5727 Paulo
3543 5678 3661 5741 post

2089 5744 2219 5800 editi
2257 5743 2425 5809 μένει.
2454 5742 2607 5800 Multi
2638 5742 2859 5799 codices
2898 5758 3029 5798 mss.
3058 5751 3114 5796 ut
3146 5742 3203 5796 in
3238 5749 3414 5797 textu.
