3874 6218
133 291 274 349 1081

957 297 1444 356 EI’ISTOLARUM
1484 301 1768 357 CLASSIS
1804 303 1890 357 lll.
1920 301 2138 357 EPIST.
2163 298 2577 357 CCCXXXVIH.

3279 304 3416 359 1083

134 412 239 462 καὶ
272 408 433 479 μόνον
457 408 565 462 ὐπὸ
594 409 706 463 τῶν
740 410 846 465 σῶν
878 412 1173 485 ὑϐρίζομαι
1207 414 1461 469 πολιτῶν.
1507 418 1584 470 Οὐ
1632 418 1734 488 μὴν

1845 416 2070 471 miniam
2100 416 2169 472 ad
2203 418 2386 487 ipsum
2424 416 2741 471 mitterent?
2779 413 2945 471 Vides
2974 430 3060 470 me
3089 429 3119 469 a
3146 415 3283 470 solis
3310 420 3414 472 tuis

136 501 321 569 ἔγωγε
369 500 464 554 τοῦ
500 501 675 572 φιλεῖν
718 505 814 557 καὶ
844 506 1089 559 ἐπαινεῖν
1124 508 1498 572 Καππαδόκας
1532 508 1734 563 παύσο-

1845 508 2059 563 civibus
2091 509 2291 578 injuria
2322 508 2483 563 allici.
2524 508 2716 578 Neque
2761 514 2944 561 tamen
2992 522 3095 577 ego
3134 517 3416 577 prepterea

141 609 283 665 μαι·
332 593 449 648 ὃλλ’
498 593 730 665 εὔχομαι
781 597 881 667 μὲν
932 598 1131 662 αὐτοὺς
1176 600 1433 670 ἀμείνους
1480 600 1734 669 γενέσθαι

1845 599 2195 670 Cappadoces
2247 615 2433 655 amare
2490 613 2556 653 ac
2615 597 2839 654 laudare
2886 598 3156 654 desinam.
3215 597 3417 654 Verum

138 685 275 758 περὶ
307 686 429 757 ἐμὲ,
464 686 726 758 μένοντας
758 688 816 741 δὲ
850 690 945 742 ἐπὶ
981 690 1090 743 τῶν
1119 691 1302 745 αὐτῶν
1335 693 1489 746 οἴσω.
1534 693 1733 764 Φιρμῖ-

138 795 232 842 νος
253 778 312 832 δὲ
344 778 521 850 μῆνας
557 781 691 852 ἡμῖν
724 781 1042 850 συνεγένετο
1079 783 1380 856 τέτταρας·
1414 785 1626 857 ἡμέραν
1673 786 1731 840 δὲ

139 869 387 940 ἦργησεν
417 869 693 941 οὐδεμίαν.
741 871 814 925 Τὸ
845 871 903 926 δὲ
935 873 1348 946 συνειλεγμένον
1392 876 1515 930 ὅσον
1561 877 1728 942 ἐστὶν,

139 972 308 1025 αυτος
339 960 484 1035 εἴσῃ,
531 963 627 1016 καὶ
673 962 804 1028 ἴσως
845 963 907 1016 οὐ
945 964 1157 1038 μέμψῃ.
1188 966 1333 1037 Πρὸς
1360 966 1418 1019 δὲ
1461 966 1523 1020 τὺ
1571 967 1731 1022 πάλιν

135 1052 308 1106 αὐτὸν
335 1053 495 1124 δεῦρο
536 1054 832 1127 δυνηθῆναι
871 1056 1065 1119 ἐλθεῖν,
1104 1058 1229 1112 τίνα
1269 1058 1373 1129 χρὴ
1405 1075 1730 1131 προσπαρα-

139 1143 330 1197 καλεῖν
369 1145 689 1217 σύμμαχον;
732 1146 906 1218 Εἴπερ
952 1146 1062 1220 γάρ
1092 1145 1151 1201 εὖ
1192 1146 1481 1219 φρονοῦσιν
1520 1150 1570 1202 οἱ
1600 1150 1727 1221 βου-

135 1234 388 1300 λεύοντες
420 1237 529 1307 (64)
563 1237 787 1308 (πρέποι
817 1238 862 1292 δ’
900 1238 967 1292 ἂν
1010 1238 1319 1310 ἀνθρώποις
1361 1240 1725 1312 πεπαιδευμέ-

136 1324 297 1393 νοις),
347 1328 640 1399 τιμήσουσι
687 1328 801 1400 (65)
846 1331 959 1392 τοῖς
1006 1328 1315 1400 δευτέροις,
1369 1329 1559 1402 ἐπειδὴ
1612 1332 1724 1395 τοῖς

136 1417 382 1489 πρώτοις
415 1419 717 1492 ἐλύπησαν.

658 1595 1003 1649 ΕΠΙΣΤΟΛΗ
1042 1596 1207 1651 ΤΛΖ’.

1840 690 2079 759 optarim
2105 691 2329 761 quidem
2365 690 2489 746 illos
2534 690 2590 744 in
2635 704 2724 745 me
2763 688 2929 761 454
2957 689 3073 745 fleri
3102 689 3370 760 aequiores
3399 707 3414 744 :

1839 781 1934 835 sed
1960 781 2008 835 si
2036 781 2202 836 iidem
2230 782 2656 852 permanserint,
2678 781 2872 838 feram.
2898 780 3176 838 Firminus
3201 796 3418 837 menses

1837 881 2079 942 quatuor
2122 872 2267 943 apud
2313 888 2415 929 nos
2463 880 2840 930 commoratus
2878 884 2961 931 est
2998 892 3014 931 :
3049 874 3193 930 diem
3236 886 3417 929 autem

1838 963 2046 1018 nullam
2077 966 2292 1021 otiosus
2317 966 2613 1037 transegit.
2637 965 2914 1033 Quantum
2943 974 3125 1022 autem
3147 965 3249 1022 sibi
3272 980 3419 1020 com-

1838 1056 2140 1123 paraverit,
2174 1056 2296 1128 ipse
2325 1071 2651 1129 cognosces,
2682 1065 2738 1112 et
2775 1056 3012 1112 fortasse
3040 1071 3150 1111 non
3180 1070 3420 1127 conque-

1839 1144 2003 1199 reris.
2060 1144 2178 1201 Huc
2236 1155 2419 1202 autem
2469 1156 2530 1201 ut
2575 1147 2693 1217 ipse
2747 1148 2945 1202 iterum
2989 1148 3177 1202 venire
3222 1146 3417 1216 possit,

1838 1236 2063 1306 quinam
2104 1238 2327 1308 adjutor
2380 1238 2783 1295 advocandus?
2826 1238 3117 1294 Enimvero
3172 1238 3219 1293 si
3272 1248 3420 1292 recte

1831 1329 1999 1384 sentit
2038 1331 2193 1385 curia
2228 1332 2371 1402 (hoc
2422 1342 2606 1387 autem
2655 1332 2903 1387 decuerit
2946 1332 3193 1387 homines
3232 1332 3420 1387 erudi-

1831 1419 1964 1490 tos),
2000 1420 2296 1477 honorabit
2345 1439 2430 1478 me
2488 1423 2933 1494 posterioribus:
2975 1424 3415 1495 quandoquidem

1827 1512 2104 1582 prioribus
2129 1514 2353 1569 tristitia
2389 1514 2585 1569 alfecit.

2205 1608 2545 1665 EPISTULA
2585 1608 2966 1666 CCCXXXVH
2995 1612 3035 1665 '.

134 1703 665 1792 λιίκιῐξέῖςιρειξείέῑεξπξ
675 1704 1056 1792 mittil-"3911.119
1079 1704 1818 1792 Keiliagazwaﬁlaawum
1836 1718 2068 1792 αρρςιςςιεν
2091 1727 2254 1792 ωηοιε
2276 1721 2326 1773 in
2348 1736 2405 1792 ea
2424 1722 2659 1792 αιςφιαιε
2683 1720 2987 1792 causam.
3003 1734 3114 1788 qua
3136 1720 3294 1792 ξρεωη
3315 1737 3421 1775 om-

278 1768 414 1818 nium
430 1768 620 1832 patrem
638 1768 889 1834 eﬂiciebat.
914 1772 1056 1820 Hunc
1073 1768 1390 1824 comitabatur
1412 1768 1541 1826 alias
1563 1768 2068 1842 αιιυιεεεειιείῆόόίίίέ
2086 1768 2259 1849 etin
2278 1768 2987 1847 a'c'adsi’iii'hEes‘s'Jr'iJéﬁéa
3006 1768 3106 1835 ἶιῦἦ
3120 1768 3255 1836 dides

610 1880 933 1947 Βασίλειος
976 1881 1253 1948 Λιϐανίῳ.

226 1989 362 2043 ’Ῑδού
400 2006 482 2043 σοι
526 1994 620 2043 καὶ
653 1990 841 2063 ἕτερος
874 1993 999 2063 ἦκει
1033 1995 1429 2066 Καππαδόκης,
1455 1997 1568 2062 υἱὸς
1602 1999 1735 2070 ἐμὸς

136 2082 242 2135 καὶ
268 2080 432 2146 αὐτός
458 2097 473 2113 ο
507 2082 717 2147 πάντας
753 2082 863 2154 γὰρ
890 2087 1023 2155 ἡμῖν
1054 2086 1289 2140 εἰσποιεῖ
1320 2087 1431 2159 (66)
1459 2088 1521 2143 τὸ
1549 2094 1735 2162 σχῆμα

136 2171 323 2238 τοῦτο,
348 2174 406 2225 ὲν
429 2165 473 2241 ᾧ
505 2172 601 2228 νῦν
625 2176 816 2245 ὲσμεν.
846 2175 1012 2230 Ὥστε
1038 2178 1182 2232 κατά
1213 2195 1278 2248 γε
1313 2179 1473 2234 τοῦτο
1506 2182 1734 2251 ἀδελφὸς

138 2264 211 2317 ἂν
261 2263 348 2335 εἴη
401 2264 495 2317 τοῦ
550 2264 949 2336 προλαϐόντος,
986 2270 1079 2321 καὶ
1124 2269 1226 2339 τῆς
1271 2270 1444 2342 αὐτῆς
1491 2275 1733 2345 σπουδῆς

138 2356 318 2422 ἄξιος,
346 2356 470 2428 ὲμοι
491 2373 551 2409 τε
576 2356 656 2427 τῷ
687 2358 855 2428 πατρὶ
882 2360 978 2412 καὶ⁸
1008 2359 1090 2412 σοὶ
1113 2359 1188 2431 τῷ
1207 2361 1513 2434 διδασκάλῳ
1534 2381 1547 2396 ·
1570 2363 1732 2437 εἰπερ

138 2465 196 2501 τι
229 2446 369 2510 ὅλως
415 2447 579 2500 πλέον
628 2446 855 2501 δυνατὸν
894 2447 1037 2519 ἔχειν
1071 2449 1182 2522 (67)
1226 2454 1353 2517 τοὺς
1402 2455 1531 2525 παρ’
1577 2456 1734 2525 ἡμῶν

140 2538 495 2610 ἐρχομένους.
533 2538 707 2593 Τοῦτο
747 2539 804 2593 δὲ
841 2538 1009 2609 λέγω,
1033 2541 1133 2612 οὐχ
1166 2541 1242 2607 ὡς
1279 2544 1380 2597 οὐκ
1411 2543 1477 2597 ἂν
1504 2545 1604 2616 τῆς
1635 2546 1735 2616 σῆς

139 2630 457 2703 λογιότητος
518 2630 701 2686 πλεῖόν
757 2650 812 2685 τι
833 2641 841 2648 ’
865 2636 979 2697 τοῖς
1044 2634 1296 2700 παλαιοῖς
1346 2637 1453 2690 τῶν
1504 2638 1736 2708 ἑταίρων

139 2722 548 2795 χαριζομένης,
601 2724 718 2778 ἀλλ’
750 2724 828 2788 ὡς
867 2725 1099 2795 ἀφθόνου
1152 2730 1289 2781 πᾶσι
1332 2728 1432 2799 τῆς
1469 2728 1735 2799 ὡφελείας

142 2833 241 2870 σου
278 2818 670 2889 προκειμένης.
717 2817 948 2891 Ἀρκοῦν
978 2818 1022 2872 δ’
1074 2818 1141 2873 ἂν
1178 2820 1263 2893 εἴη
1315 2820 1395 2892 τῷ
1442 2822 1732 2893 νεανίσκῳ,

140 2908 254 2981 πρὸ
285 2908 383 2980 τῆς
412 2911 478 2963 ὲκ
510 2907 604 2963 τοῦ
654 2910 850 2982 χρόνου
886 2912 1080 2983 πείρας
1105 2952 1120 2977 ,
1154 2914 1213 2966 ὲν
1240 2915 1354 2978 τοῖς
1381 2915 1603 2979 οἰκείοις
1643 2932 1735 2968 τε-

138 3000 341 3072 τάχθαι
360 3018 374 3032 ⁸
402 3001 463 3056 ὃν
491 3003 850 3075 άποπέμψαιο
878 3006 1032 3076 ἡμῖν,
1057 3005 1206 3070 ἄξιον
1234 3005 1342 3060 τῶν
1366 3024 1426 3060 τε
1451 3007 1736 3079 ἡμετέρων

140 3089 321 3165 εὐχῶν
348 3090 446 3146 καὶ
475 3091 579 3164 τῆς
611 3093 809 3148 σαυτοῦ
837 3094 1015 3166 δόξης,
1042 3097 1109 3169 ἡν
1132 3096 1276 3168 ἔχεις
1305 3099 1362 3151 ὲν
1388 3101 1501 3163 τοῖς
1534 3098 1733 3168 λόγοις.

154 3181 456 3250 Ἐπάγεται
486 3182 545 3236 δὲ
585 3183 679 3237 καὶ
728 3184 1025 3256 ἡλικιώτην
1072 3187 1173 3256 τὴν
1211 3187 1331 3259 ῐσην
1375 3186 1570 3259 ἔχοντα
1607 3188 1737 3259 περὶ

140 3275 273 3337 τοὺς
312 3274 508 3343 λόγους
557 3275 827 3348 σπουδὴν,
878 3277 1211 3351 εὐπατρίδην
1264 3278 1359 3331 καὶ
1422 3277 1585 3331 αὐτὸν
1641 3279 1736 3333 καὶ

140 3366 281 3437 ἡμῖν
311 3367 545 3420 οἰκεῖον·
595 3365 654 3420 δν
703 3367 854 3420 οὐδὲν
903 3368 1123 3422 ἔλαττον
1163 3368 1306 3435 ἕξειν
1365 3367 1730 3438 πιστεύομεν,

141 3458 252 3511 κᾶν
309 3457 562 3513 πλεῖστον
624 3458 733 3513 τῶν
789 3458 966 3514 ἄλλων
1022 3462 1136 3524 τοῖς
1184 3462 1461 3531 χρήμασιν
1512 3457 1730 3512 ἀπολεί-

144 3565 321 3603 ποιτο.

656 3726 1010 3780 ΕΠΙΣΤΟΛΗ
1046 3726 1226 3781 ΤΛΗ’.

2367 1893 2608 1948 Basilius
2652 1892 2897 1947 Libanio.

1906 1984 2049 2042 Ecce
2084 1984 2181 2039 tibi
2218 1991 2273 2040 et
2309 1986 2456 2040 alius
2483 1986 2633 2039 venit
2664 1982 2983 2054 Cappadox,
3015 2000 3172 2040 meus
3205 1992 3260 2039 et
3302 1986 3421 2056 ipse

1837 2077 2016 2145 ﬁlius;
2049 2093 2243 2133 omnes
2290 2077 2437 2133 enim
2485 2077 2645 2132 nobis
2675 2078 2900 2146 adoptat
2947 2076 3188 2147 dignitas
3234 2077 3326 2131 illa
3362 2078 3417 2131 in

1837 2185 1946 2239 qua
1980 2184 2127 2224 nunc
2164 2185 2384 2225 sumus.
2430 2168 2801 2236 Quamobrem
2834 2168 2940 2223 hoc
2993 2169 3218 2224 nomine
3253 2168 3420 2225 frater

1837 2259 1911 2314 sit
1968 2260 2118 2314 illius
2150 2259 2245 2329 qui
2283 2259 2438 2329 prius
2487 2258 2555 2312 ad
2606 2265 2659 2313 te
2704 2257 2889 2321 venit,
2942 2266 2998 2311 et
3047 2272 3180 2310 cura
3227 2258 3420 2314 eadem

1836 2350 2059 2420 dignus,
2100 2358 2211 2404 tam
2262 2349 2396 2404 mihi
2446 2350 2611 2421 patri,
2640 2364 2803 2419 quam
2839 2348 2937 2402 tibi
2972 2349 3331 2419 praeceptori;
3371 2351 3420 2404 si

1837 2440 1955 2492 ﬁeri
2002 2439 2228 2494 omnino
2269 2447 2484 2508 potest,
2538 2448 2597 2492 ut
2633 2438 2840 2508 aliquid
2884 2438 3121 2508 amplius
3154 2438 3419 2504 habeant,

1834 2530 1995 2599 quia
2044 2530 2206 2585 nobis
2251 2529 2502 2584 veniunt.
2538 2528 2650 2583 lloc
2699 2539 2879 2584 autem
2912 2530 3071 2596 dico,
3119 2544 3228 2583 non
3276 2527 3424 2599 quod

1837 2620 2093 2675 facundia
2145 2628 2238 2675 tua
2295 2637 2407 2675 non
2464 2622 2588 2691 plus
2642 2621 2848 2691 aliquid
2900 2620 3094 2676 amicis
3143 2621 3423 2676 veteribus

1836 2713 2076 2780 tribuat;
2121 2714 2218 2768 sed
2269 2714 2415 2784 quod
2461 2714 2736 2768 uberrima
2782 2712 2994 2767 utilitas
3035 2722 3125 2767 tua
3167 2712 3425 2766 omnibus

1837 2806 2119 2874 proposita
2165 2806 2258 2860 sit.
2309 2805 2457 2861 Satis
2505 2814 2689 2859 autem
2745 2804 2911 2859 fuerit
2957 2804 3324 2871 adolescenti,
3376 2803 3423 2859 si

1840 2907 1967 2950 ante
2011 2898 2277 2967 temporis
2305 2897 2740 2968 experimentum
2784 2897 2930 2951 inter
2964 2896 3266 2951 familiares
3305 2897 3423 2952 col-

1840 2987 2057 3043 locetur
2091 3007 2105 3044 :
2145 3005 2307 3060 quem
2344 2991 2412 3044 ad
2448 3005 2550 3045 nos
2603 2989 2854 3045 remittas
2885 2989 3078 3054 velim,
3111 2988 3336 3061 dignum
3371 2999 3423 3044 et

1839 3079 2047 3134 nostris
2097 3082 2283 3146 votis,
2323 3090 2377 3137 et
2432 3082 2604 3152 gloria
2664 3082 2768 3138 ista
2808 3090 2939 3149 tua,
2980 3098 3144 3154 quam
3197 3098 3257 3137 es
3308 3083 3425 3136 elo-

1839 3172 2061 3240 quentia
2109 3180 2468 3229 consecutus.
2520 3173 2682 3229 Ducit
2735 3186 2914 3230 autem
2963 3191 3151 3231 secum
3191 3182 3246 3229 et
3284 3190 3427 3229 coae-

1841 3269 2087 3327 taneum,
2137 3265 2258 3332 pari
2308 3264 2616 3319 litterarum
2668 3265 2852 3321 studio
2883 3268 3211 3337 praeditum,
3260 3272 3315 3320 et
3344 3264 3427 3336 ip—

1841 3371 1963 3409 sum
1997 3371 2217 3427 quoque
2250 3373 2317 3413 ex
2358 3358 2529 3414 nobili
2576 3359 2781 3414 familia
2830 3367 3194 3432 prognatum,
3236 3359 3424 3412 nobis-

1839 3463 1948 3517 que
1994 3451 2370 3505 necessarium
2406 3470 2419 3505 :
2458 3468 2618 3522 quem
2656 3454 2804 3506 nulla
2857 3468 2916 3507 re
2967 3450 3277 3507 inferiorem
3311 3450 3428 3506 fore

1839 3542 2215 3610 conﬁdimus;
2266 3545 2482 3601 etiamsi
2542 3547 2838 3616 plurimum
2892 3547 2963 3602 ab
3012 3547 3136 3602 aliis
3190 3547 3442 3617 pecunia

1840 3643 2150 3704 superetur.

2220 3727 2559 3785 EPISTOL-A
2594 3729 2994 3786 ClJCXXXVlll

144 3838 341 3910 Gratias
361 3840 464 3907 agit
492 3838 717 3910 Libanius
738 3839 867 3905 quod
889 3841 1280 3910 Cappadocesad
1299 3841 1527 3910 seminat
1548 3840 1781 3910 Basilius.
1811 3842 1999 3910 Narrat
2018 3856 2069 3910 se
2090 3843 2212 3910 lecta
2232 3844 2460 3910 privatim
2485 3844 2621 3896 illius
2643 3843 2850 3910 epistola,
2863 3843 3055 3910 eictam
3082 3858 3134 3897 se
3160 3846 3221 3910 ab
3238 3859 3295 3897 eo
3310 3859 3428 3910 eoa-

206 3903 531 3973 [ςεεᾳηιέωε.
557 3909 734 3953 etcum
750 3903 916 3969 postea
936 3903 1157 3973 canalem
1178 3903 1384 3973 Alypius
1407 3918 1574 3973 rerum
1591 3903 1811 3973 pluribus
1833 3903 2087 3973 honoratis
2113 3903 2471 3973 viris'__leg_issel,
2512 3903 2680 3973 apriles
2716 3906 2902 3957 Basilio
2923 3907 3136 3971 palmam
3178 3904 3425 3960 detulisse.

214 3964 438 4017 θεοῖσι-ιιι
457 3978 510 4018 se
527 3978 623 4016 non
642 3964 820 4015 curare
840 3976 988 4027 quam
1005 3964 1179 4015 divites
1202 3964 1297 4017 sint
1318 3964 1571 4032 discipuli,
1592 3964 1681 4017 sed
1700 3972 1745 4016 et
1765 3978 1958 4029 egenos,
1974 3969 2121 4018 modo
2137 3964 2347 4019 studios'i
2366 3964 2480 4029 sint,
2499 3966 2731 4019 divitibus
2745 3964 3051 4033 anteponere.

620 4071 899 4140 Λιόἁνιος
935 4075 1250 4142 Βασιλείῳ.

217 4186 370 4255 Οἶδα,
419 4191 501 4244 ὅτι
544 4188 804 4254 πολλάκις
851 4188 1011 4242 τοῦτο
1042 4190 1295 4263 γράψεις,
1343 4192 1423 4255 τὸ,
1468 4189 1600 4245 Ἰδού
1650 4206 1734 4244 σοι

147 4285 245 4338 καὶ
269 4283 455 4355 ἕτερος
500 4283 629 4353 ἥκει
677 4281 1073 4353 Καππαδόκης.
1104 4284 1341 4349 Πολλοὺς
1375 4286 1506 4356 γὰρ,
1557 4279 1732 4352 οἶμαι,

148 4375 392 4446 πέμψεις
413 4391 427 4407 ·
455 4375 543 4429 ἀεὶ
570 4376 670 4447 μὲν
714 4377 810 4431 καὶ
843 4377 1117 4447 πανταχοῦ
1151 4378 1263 4439 τοῖς
1300 4376 1596 4447 ἐγκωμίοις
1623 4377 1736 4437 τοῖς

148 4468 272 4522 κατ’
312 4466 450 4538 ἐμοῦ
494 4467 777 4540 χρώμενος
804 4509 818 4534 ,
870 4467 1048 4541 τούτῳ
1089 4469 1146 4522 δὲ
1178 4468 1327 4540 αὐτῷ
1353 4469 1447 4523 καὶ
1489 4467 1736 4540 πατέρας

2378 4072 2635 4129 Libanias
2668 4073 2893 4129 Basilio.

1910 4180 2039 4238 Scio
2064 4193 2118 4239 te
2150 4183 2257 4241 hoc
2288 4185 2485 4241 crebro
2506 4186 2841 4256 scripturum
2871 4205 2884 4240 :
2913 4184 3049 4241 Ecce
3085 4186 3184 4241 tibi
3211 4194 3265 4241 et
3284 4187 3427 4244 alius

1836 4275 1987 4330 venit
2034 4274 2359 4348 Cappadox.
2419 4277 2623 4333 Multos
2658 4292 2916 4347 namque,
2952 4285 3120 4348 puto,
3155 4279 3430 4334 missurus

1840 4382 1935 4433 es;
1972 4382 2188 4439 semper
2223 4376 2279 4425 et
2306 4370 2511 4440 ubique
2544 4385 2632 4425 me
2658 4369 2916 4425 laudibus
2948 4368 3181 4426 ellerens
3202 4409 3218 4435 ,
3263 4378 3430 4441 atque

1844 4457 1951 4513 hoc
1974 4459 2096 4530 ipso
2114 4469 2170 4514 et
2196 4471 2381 4532 patres
2398 4470 2452 4517 et
2474 4478 2674 4533 pueros
2699 4476 3027 4533 provocans.
3054 4462 3125 4516 At
3143 4462 3273 4534 quid
3302 4478 3429 4519 eve-

151 4558 319 4613 κινῶν
351 4558 446 4612 καὶ
472 4559 685 4625 παῖδας.
724 4561 863 4614 Ἀλλ’
901 4561 930 4615 ὅ
956 4578 1020 4631 γε
1068 4561 1286 4630 ἐγένετο
1317 4562 1447 4633 περὶ
1472 4559 1570 4632 τὴν
1612 4562 1734 4614 ἐπι-

1846 4551 1928 4605 nit
1976 4551 2033 4606 in
2076 4553 2367 4622 epistolam
2413 4563 2561 4608 tuam
2612 4554 2936 4625 pulchram,
2978 4570 3090 4609 non
3137 4553 3426 4625 pulchrum

151 4649 352 4721 στολήν
394 4666 488 4703 σου
540 4649 640 4723 τὴν
671 4653 864 4723 καλὴν,
915 4654 975 4705 οὐ
1036 4652 1201 4708 καλὸν
1240 4653 1540 4724 σιωπῆσαι.
1588 4654 1740 4723 Παρ-

150 4740 421 4812 εκάθηντό
454 4758 548 4813 μοι
569 4742 679 4796 τῶν
702 4744 760 4797 ὲν
785 4746 927 4815 ἀρχῇ
964 4745 1348 4816 γεγενημένων
1370 4743 1522 4799 ἄλλοι
1554 4761 1614 4798 τε
1637 4746 1739 4799 οὐκ

151 4831 346 4902 ὀλίγοι,
392 4834 489 4887 καὶ
536 4835 565 4887 ὁ
608 4835 790 4889 πάντα
837 4835 1059 4906 ἄριστος
1095 4835 1349 4900 Ἀλόπιος
1411 4835 1743 4906 Ἱεροκλέους

152 4924 379 4994 ἀνεψιὸς
422 4925 654 4979 ἐκείνου.
706 4926 795 4989 Ὠς
843 4923 937 4980 οὖν
980 4927 1169 4982 ἔδοσαν
1224 4930 1273 4981 οἱ
1326 4928 1585 5000 φέροντες
1640 4927 1742 5000 τὴν

153 5015 469 5088 ἐπιστολὴν,
494 5018 619 5088 σιγῇ
642 5016 731 5071 διὰ
752 5018 934 5089 πάσης
958 5018 1150 5084 ἐλθὼν,
1176 5019 1551 5090 Νενικήμεθα,
1580 5018 1739 5091 ἔφην,

155 5104 381 5177 μειδιῶν
412 5124 472 5161 τε
501 5107 619 5178 ἅμα
649 5108 747 5161 καὶ
788 5110 1014 5181 χαίρων.
1058 5111 1167 5164 Καὶ
1202 5109 1325 5165 τίνα
1359 5112 1425 5165 σὺ
1460 5109 1740 5180 νενίκησαι

153 5196 353 5269 νίκην;
402 5198 628 5269 ἡροντοο
676 5199 776 5253 καὶ
805 5200 923 5262 πῶς
968 5202 1070 5254 οὐκ
1107 5200 1297 5270 ἀλγεῖς
1340 5201 1739 5271 νενικημένοςς

229 5374 346 5499 ςσξι)
374 5377 803 5458 Βρυλεύοντες.
831 5376 986 5433 Harl.
1030 5376 1330 5448 βουλευταί.
1361 5376 1566 5433 lbidem
1602 5391 1740 5431 non-

229 5449 291 5499 ill
319 5447 559 5499 codices.
592 5447 814 5499 πρέπει.

156 5447 559 5519 nullidcodices,
592 5447 814 5519 πρέπει.

230 5517 343 5587 (65)
380 5515 897 5589 Τιμήσουσι.ίιῖεε.
946 5518 1222 5573 secundus
1253 5525 1307 5572 et
1338 5516 1505 5589 Coisl.
1547 5530 1746 5571 secun-

158 5586 579 5658 dusirtpﬁsoocl
608 5604 695 5658 με.
723 5588 835 5658 Alli
850 5586 1104 5643 nonnulli
1130 5587 1421 5658 τιμήσουσι
1447 5604 1528 5658 σε.

159 5655 367 5784 milii»);
393 5655 559 5741 'Iyu‘r
590 5655 860 5714 έίσποιεῖ.
897 5659 1065 5716 Coisl.
1106 5655 1316 5730 primus
1359 5666 1415 5715 et
1453 5655 1589 5712 Med.
1638 5658 1739 5712 ba~

230 5744 264 5781 ιι
294 5767 309 5784 .
343 5744 509 5784 nunc.

230 5735 309 5792 nt,
343 5729 509 5798 ἡμᾶς.

1844 4642 2011 4699 fuerit
2031 4645 2254 4701 silentio
2283 4646 2586 4717 praeterire.
2624 4645 2961 4702 Assidebant
2990 4645 3124 4700 mihi
3149 4662 3216 4700 ex
3250 4645 3429 4701 honoo

1842 4737 2003 4799 ratis,
2029 4752 2157 4791 cum
2194 4739 2285 4792 alii
2315 4753 2426 4793 non
2454 4739 2650 4809 pauci,
2678 4747 2795 4793 tum
2829 4739 2988 4809 longe
3018 4738 3260 4810 optimus
3296 4739 3426 4809 Aly-

1844 4829 1971 4899 pius
2017 4828 2288 4888 Hieroclis
2339 4831 2488 4887 illius
2534 4831 2928 4887 consobrinus.
2964 4829 3034 4885 Ut
3062 4845 3193 4900 ergo
3225 4830 3437 4901 episto-

1846 4920 1951 4974 lam
1981 4921 2361 4987 reddiderunt,
2387 4923 2483 4992 qui
2515 4923 2814 4977 attulerant
2839 4938 2854 4989 ;
2903 4920 3120 4976 silentio
3144 4927 3257 4973 tota
3301 4934 3428 4990 per-

1847 5010 2013 5076 lecta,
2045 5014 2231 5069 ridens
2270 5014 2434 5070 simul
2466 5022 2519 5069 et
2561 5013 2808 5084 gaudens
2833 5012 2945 5067 dixi
2976 5031 2991 5067 :
3022 5010 3165 5067 Victi
3212 5026 3424 5066 sumus.

1848 5105 2272 5177 interrogabant
2313 5114 2494 5162 autem
2529 5107 2606 5160 illi
2637 5124 2652 5160 :
2682 5104 2801 5171 Qua
2838 5105 3018 5160 victus
3062 5118 3123 5159 es
3160 5102 3433 5158 victoria?

1848 5206 1904 5254 et
1934 5199 2210 5269 quomodo
2240 5200 2419 5255 victus
2444 5214 2554 5254 non
2581 5198 2776 5254 doles?
2801 5195 2989 5252 Victus
3014 5210 3157 5261 sum,
3192 5194 3429 5259 aiebam,

1923 5375 2033 5446 {67)
2068 5376 2266 5441 ’Ὄλως
2289 5374 2478 5446 πλέον
2504 5372 2767 5446 avi-ater
2797 5334 2980 5446 έχεᾶρ.
3008 5369 3118 5446 _Sic_
3137 5379 3247 5425 tres
3273 5375 3429 5446 Qui;

1851 5437 2078 5502 stissiini
2099 5437 2335 5501 codices.
2361 5444 2497 5499 Tres
2534 5445 2624 5497 alii
2656 5444 2816 5496 πλέον
2833 5437 3065 5496 δυνατὸν
3094 5439 3256 5511 ἔχειν.
3285 5437 3437 5493 Editl

1849 5517 2011 5588 εἰπερ
2048 5534 2101 5570 τι
2146 5515 2307 5588 πλέον
2338 5514 2770 5588 ἔχειν-δυνατόν.
2804 5513 2927 5567 Mox
2970 5509 3311 5570 εάἱιὶπλέον
3352 5524 3437 5565 τι.

1848 5587 1892 5642 Τ
1899 5584 1990 5642 res
2016 5584 2378 5641 vetustissimi
2409 5585 2628 5642 codices
2663 5593 2723 5639 ut
2751 5584 2805 5639 in
2834 5590 3005 5639 textu.

1923 5661 1936 5676 '
1968 5656 2119 5710 Alias
2145 5653 2375 5709 CXLIV.

1919 5726 2110 5783 "Alias
2131 5723 2335 5781 CXLV.
