3852 6224
477 259 615 317 1083

1830 272 1886 326 s.
1930 271 2173 327 essu."
2210 247 2436 331 MAGNI'

3594 288 3743 338 1084

477 378 884 449 pulchritudine
905 381 1265 451 epistolarum
1293 405 1305 439 :
1333 388 1463 444 vicit
1492 405 1623 445 vero
1646 390 1904 450 Basilius.
1960 394 2045 449 Vir

2168 398 2255 451 Ἐν
2307 398 2495 453 κάλλει
2544 400 2677 471 μὲν,
2734 398 2908 473 ἔφην,
2956 400 3254 456 ἐπιστολῶν
3299 401 3543 473 ῆττημαι
3585 402 3741 472 (θεν

478 476 661 524 autem
708 470 801 526 ille
836 473 1049 530 amicus
1093 486 1206 543 est,
1250 486 1306 533 et
1345 495 1464 534 eam
1508 482 1580 538 ob
1627 499 1848 542 causam
1885 489 2053 543 laetor.

478 557 605 615 llaec
635 575 736 630 ego
770 577 895 616 cum
927 563 1190 621 dixissem
1212 607 1227 628 ,
1261 583 1327 624 ex
1376 571 1515 640 ipsis
1564 574 1765 632 litteris
1811 580 2059 648 judicare

480 651 771 706 voluerunt
803 653 872 709 de
908 656 1160 712 victoria.
1197 660 1274 714 Ac
1309 660 1522 732 legebat
1554 667 1776 735 quidem
1799 670 2058 741 ~Alypius,

480 740 777 796 audiebant
807 742 970 815 455
1006 762 1135 801 vero
1161 750 1255 818 qui
1286 751 1534 810 aderant.
1566 753 1701 811 Lata
1729 740 1909 815 autem
1934 777 2059 816 sen-

479 835 651 887 tentia
681 842 800 904 est,
836 852 921 891 me
948 839 1084 892 nihil
1132 856 1257 897 esse
1304 847 1616 904 mentitum.
1660 849 1729 904 Et
1774 853 2058 923 epistolam

481 925 692 982 habens
740 927 789 983 is
842 931 938 999 qui
974 931 1217 1002 legerat,
1247 937 1413 1002 exiit,
1444 940 1569 996 aliis
1598 942 1797 1008 etiam,
1842 947 2056 1014 opinor,

480 1024 833 1083 ostensurus,
866 1020 1065 1090 vixque
1095 1025 1356 1081 reddidit.
1392 1026 1585 1085 Scribe
1620 1033 1804 1102 itaque
1832 1036 2054 1102 similia,

481 1115 536 1158 et
580 1107 769 1174 vince;
805 1110 886 1165 sic
931 1113 1076 1167 enim
1108 1115 1226 1185 ipse
1257 1119 1495 1176 vincam.
1529 1121 1798 1179 Caeterum
1829 1138 1883 1181 et
1922 1128 2055 1184 illud

481 1207 635 1254 recte
662 1202 913 1270 conjicis,
951 1220 1060 1258 non
1092 1209 1344 1273 pecuniis
1374 1226 1463 1265 res
1494 1222 1714 1270 nostras
1744 1218 2007 1272 aestimari
2037 1238 2051 1274 :

481 1289 577 1343 sed
635 1290 773 1345 satis
825 1307 949 1347 esse
983 1296 1034 1348 ei
1076 1296 1170 1365 qui
1223 1297 1356 1354 dare
1402 1316 1510 1355 non
1557 1313 1771 1373 potest,
1819 1316 1877 1360 ut
1925 1310 2054 1364 velit

479 1382 749 1451 accipere.
788 1382 844 1437 Si
878 1402 1038 1455 quem
1073 1390 1216 1443 enim
1264 1393 1542 1449 rescivero
1569 1410 1820 1465 egenum,
1847 1401 1942 1455 sed
1973 1409 2055 1455 ta-

480 1485 608 1525 men
642 1473 945 1530 litterarum
975 1480 1323 1548 studiosum;
1375 1484 1422 1539 is
1464 1485 1728 1543 divitibus
1767 1493 2065 1561 anteponi-‘

476 1571 586 1614 tur.
636 1563 960 1636 Quanquam
1013 1586 1115 1625 nos
1160 1574 1297 1627 tales
1349 1577 1644 1646 magistros
1688 1583 1897 1650 experti
1940 1600 2049 1639 non

478 1667 705 1719 sumus;
750 1666 806 1710 at
857 1660 993 1714 nihil
1047 1665 1358 1734 prohibebit
1416 1684 1516 1724 nos
1570 1669 1683 1741 hac,
1721 1684 1875 1743 parte
1929 1692 2052 1735 esse

2158 488 2437 554 Βασίλειος
2467 491 2525 544 δὲ
2579 493 2910 564 κεκράτηκε.
2946 494 3106 557 Φίλος
3141 493 3198 546 δὲ
3247 495 3278 546 ὁ
3311 493 3473 564 ἀνὴρ,
3519 495 3620 547 καὶ
3651 495 3743 547 διὰ

2156 580 2314 634 τοῦτο
2335 581 2718 654 εὑφραίνομαι.
2739 583 2924 640 Ταῦτα
2951 587 3195 649 εἰπόντος
3221 585 3378 657 ὲμοῦ,
3398 587 3529 657 παρ’
3555 588 3743 641 αὐτῶν

2162 671 2352 741 μαθεῖν
2380 673 2760 747 ἠϐουλήθησαν
2791 677 2900 730 τῶν
2929 678 3272 749 γραμμάτων
3297 677 3395 749 τὴν
3418 678 3599 750 νίκην.
3628 680 3744 732 Καὶ

2158 766 2492 834 ἀνεγίνωσκε
2529 769 2629 838 μὲν
2667 771 2696 822 ὁ
2731 769 3004 833 Ἀλύπιος,
3033 771 3228 840 ἤκουον
3263 769 3321 822 δὲ
3356 772 3406 822 oi
3440 770 3741 841 παρόντες.

2172 856 2235 908 Ἡ
2269 856 2447 927 ψῆφος
2478 858 2536 911 δὲ
2581 860 2784 930 ἠνέχθη
2807 900 2821 924 ,
2873 859 3040 932 μηδέν
3092 878 3159 931 με
3194 859 3473 929 ἐψεῦσθαι.
3530 862 3645 914 Καὶ
3672 861 3743 913 τὰ

2157 947 2459 1016 γράμματα
2483 947 2622 1018 ἔχων
2648 951 2677 1002 ὁ
2704 950 2971 1017 ἀναγνοὺς
3015 948 3182 1020 ἐξῄει,
3214 949 3403 1016 δείξων
3449 946 3607 1020 οἶμαι
3643 952 3744 1004 καὶ

2157 1036 2356 1104 ἄλλοις,
2392 1041 2485 1093 καὶ
2526 1041 2679 1111 μόλις
2707 1042 2977 1096 ἀπέδωκε.
3017 1042 3202 1113 Γράφε
3234 1042 3411 1095 τοίνυν
3444 1043 3743 1114 παραπλη-

2158 1147 2269 1194 σια,
2301 1132 2396 1184 καὶ
2428 1132 2586 1186 νίκα⁹
2617 1136 2766 1187 τουτὶ⁸
2802 1133 2911 1206 γάρ
2958 1136 3105 1188 ἐστιν
3154 1134 3253 1205 ἐμὲ
3306 1136 3483 1206 νικᾷν.
3536 1136 3743 1198 Καλῶς

2155 1219 2213 1272 δὲ
2238 1221 2462 1273 κάκεῖνο
2494 1222 2764 1287 εἰκάζεις,
2791 1223 2869 1285 ὡς
2904 1223 2966 1276 οὑ
3017 1224 3262 1293 χρήμασι
3306 1227 3585 1294 μετρεῖται
3619 1222 3740 1292 (69)

2154 1311 2223 1364 τὰ
2256 1314 2385 1383 παρ’
2416 1312 2571 1383 ἡμῶν
2594 1331 2608 1345 ο
2646 1313 2759 1366 ἀλλ’
2795 1316 2957 1385 ἀρκεῖ
2985 1313 3065 1384 τῷ
3100 1314 3175 1383 μὴ
3211 1313 3490 1384 δυναμένῳ
3521 1312 3739 1377 δοῦναι,

2154 1403 2215 1456 τὸ
2262 1403 2591 1474 βουληθῆναι
2638 1404 2841 1459 λαόεῖν.
2888 1404 3006 1460 Κᾶν
3049 1405 3158 1477 γὰρ
3200 1405 3475 1475 αῖσθωμαί
3506 1423 3634 1458 τινα
3682 1408 3743 1459 ἐν

2156 1496 2340 1566 πενίᾳ,
2380 1495 2554 1564 λόγων
2590 1498 2820 1569 ἐρῶντα,
2854 1498 2959 1569 πρὸ
2990 1495 3098 1550 τῶν
3142 1497 3517 1550 πλουτούντων
3554 1494 3737 1562 οὗτος.

2154 1586 2348 1639 Καίτοι
2380 1587 2439 1639 οὑ
2490 1587 2743 1640 τοιούτων
2793 1586 3175 1658 πεπιράμεθα
3219 1586 3586 1640 διδασκάλων·
3620 1587 3740 1640 ἀλλ’

2154 1678 2305 1730 οὑδὲν
2334 1677 2568 1731 κωλύσει
2594 1677 2705 1748 (70)
2738 1676 2910 1750 ταύτῃ
2940 1694 3004 1746 γε
3036 1674 3178 1731 εἶναι
3204 1677 3497 1748 βελτίονας.
3527 1678 3741 1747 Μηδεὶς

476 1744 757 1801 meliores.
792 1747 980 1821 Itaque
1015 1755 1196 1811 nullus
1232 1773 1435 1829 pauper
1468 1760 1574 1815 huc
1615 1766 1859 1834 pigretur
1892 1783 2045 1825 acce-

2154 1767 2247 1824 οὖν
2310 1771 2481 1841 πένης
2534 1742 2763 1823 ὀκνείτω
2814 1742 2973 1840 δεὸρὸ
3030 1742 3302 1841 βαδίζειν,
3364 1773 3413 1823 εί
3457 1770 3515 1823 ἓν
3558 1771 3741 1823 ἐκεῖνο

474 1832 634 1897 dere,
682 1838 727 1890 si
767 1839 869 1894 hoc
895 1859 1062 1897 unum
1113 1847 1381 1903 duntaxat
1424 1832 1760 1921 possederit,
1809 1865 1867 1911 ut
1913 1861 2050 1915 sciat

474 1923 770 1982 elaborare.

859 2044 1200 2104 EPISTOLA
1239 2051 1588 2110 CCCXXXIX
1617 2063 1655 2113 '.

2153 1863 2414 1935 κέκτηται
2446 1862 2629 1933 μόνον,
2658 1862 2719 1915 τὸ
2751 1862 3075 1917 ἐπίστασθαι
3110 1864 3310 1917 πονεῖν.

2663 2060 3010 2114 ΕΠΙΣΤΟΛΗ
3050 2060 3220 2113 ΤΛΘν.

474 2180 689 2236 Basilius
710 2184 904 2238 Libanio
923 2187 1164 2255 signiﬁcat
1182 2206 1233 2244 se
1253 2192 1450 2247 laudem
1471 2197 1757 2270 eloquentiae
1782 2200 1867 2270 illi
1877 2203 2162 2270 concedere,
2180 2217 2238 2253 ac
2252 2199 2548 2270 jamdn'dum
2571 2197 2800 2270 oblivioni
2826 2196 3038 2260 traditis,
3059 2209 3171 2263 qua
3187 2195 3321 2261 apud
3336 2195 3577 2261 sophistas
3596 2194 3743 2248 didi-

1538 2269 1687 2323 cerat,
1708 2277 1818 2314 cum
1842 2266 1976 2317 Mosa
2002 2274 2049 2318 et
2069 2265 2182 2317 aliis
2200 2264 2448 2331 prophetis
2469 2264 2672 2314 versari.

989 2381 1227 2437 Basilius
1266 2384 1512 2444 Libanio.

539 2484 680 2552 Quid
712 2505 820 2544 non
849 2491 1047 2548 dixerit
1068 2499 1338 2568 sophista,
1371 2509 1426 2556 et
1448 2504 1571 2559 talis
1595 2507 1864 2576 50phista,
1888 2512 2047 2580 cujus

471 2576 606 2629 artis
639 2583 920 2649 proprium
972 2599 1094 2641 esse
1150 2598 1399 2659 constat,
1443 2603 1496 2648 et
1527 2610 1593 2649 ex
1640 2600 1853 2666 magnis
1883 2616 2048 2670 parva

472 2664 656 2723 facere
705 2685 830 2725 cum
861 2675 1118 2741 voluerit,
1168 2688 1223 2735 et
1263 2697 1427 2751 parva
1468 2664 1838 2755 ampliﬁcare?
1875 2664 2046 2756 Quale

468 2764 554 2812 est
586 2760 732 2828 quod
762 2770 817 2818 et
856 2765 910 2818 in
942 2782 1043 2823 nos
1070 2769 1381 2827 declarasti.
1411 2773 1546 2828 Nam
1572 2778 1860 2846 epistolam
1897 2780 2043 2835 illam

470 2849 787 2919 sordidam,
843 2865 901 2908 ut
942 2873 1041 2913 vos
1075 2859 1327 2918 dixeritis
1360 2865 1452 2933 qui
1501 2867 1770 2923 orationis
1820 2867 2044 2925 delicias

469 2938 706 3007 habetis,
738 2945 911 3001 nihilo
942 2964 1031 3011 ea,
1061 2965 1221 3020 quam
1254 2953 1308 3007 in
1343 2956 1597 3012 manibus
1630 2958 1822 3026 habes,
1850 2962 2047 3017 tolera-

469 3028 745 3096 biliorem,
782 3037 967 3093 verbis
999 3040 1074 3092 ita
1121 3045 1391 3108 extulisti,
1425 3053 1485 3100 ut
1516 3048 1585 3102 ab
1611 3049 1702 3102 illa
1733 3021 2044 3121 superatus,
2074 3021 2116 3079 θ’

468 3120 631 3178 nobis
693 3127 900 3193 primas
958 3130 1012 3183 in
1077 3134 1372 3189 scribendo
1423 3138 1757 3195 concederes
1871 3143 2049 3199 simile

468 3214 729 3282 quiddam
767 3216 975 3276 faciens
1016 3224 1229 3279 lusibus
1258 3234 1499 3296 patrum,
1526 3244 1650 3283 eum
1684 3231 1751 3285 de
1777 3233 2044 3299 victoriis,

467 3316 607 3370 quas
649 3304 749 3373 ipsi
782 3318 978 3376 Sponte
1007 3324 1318 3378 cesserunt,
1351 3317 1552 3373 liberos
1583 3318 1771 3374 sinunt
1800 3323 2044 3392 gloriari,

469 3408 571 3448 nec
604 3394 787 3452 damni
819 3401 1116 3473 quidquam
1150 3407 1393 3477 sibiipsis
1420 3410 1738 3475 inferentes,
1761 3424 1816 3468 et
1848 3416 2042 3471 libero-

467 3498 588 3538 rum
644 3491 953 3547 nutrientes
995 3497 1420 3555 aemulationem.
1474 3500 1587 3555 Dici
1642 3504 1890 3573 profecto
1937 3523 2044 3559 non

466 3581 676 3645 potest,
717 3590 982 3649 quantum
1034 3587 1329 3657 voluptatis
1373 3590 1628 3648 habuerit
1672 3596 1880 3661 oratio,
1915 3597 2044 3651 dum

467 3682 679 3722 mecum
715 3670 1029 3739 jocareris:
1071 3679 1222 3733 velut
1265 3682 1310 3735 si
1358 3684 1484 3752 quis
1532 3683 1898 3757 Polydamas,
1950 3700 2045 3743 aut

465 3760 616 3826 Milo,
645 3769 913 3834 pancratii
941 3772 1025 3825 vel
1059 3773 1217 3829 luela:
1242 3787 1519 3833 certamen
1551 3796 1764 3835 mecum
1800 3785 1919 3854 ipso
1949 3785 2044 3840 de-

465 3861 699 3921 trectet;
754 3875 879 3913 nam
927 3865 1096 3918 multa
1144 3868 1541 3935 considerans,
1597 3874 1813 3927 nullum
1863 3877 2041 3945 reperi

466 3945 802 4004 inﬁrmitatis
826 3955 1161 4024 exemplum.
1196 3959 1383 4029 Itaque
1410 3964 1502 4031 qui
1533 3967 1826 4020 verborum
1853 3967 2045 4038 hyper-

465 4037 619 4092 bolas
669 4050 1083 4110 consectantur,
1134 4055 1284 4102 tuam
1336 4051 1425 4106 hic
1479 4056 1653 4124 magis
1705 4037 2043 4111 admirantur

465 4132 785 4196 potentiam,
824 4137 916 4204 qui
969 4137 1043 4191 ita
1090 4145 1143 4193 te
1192 4141 1310 4211 ipse
1342 4143 1411 4198 ad
1446 4160 1548 4200 nos
1577 4147 1816 4216 jocando
1847 4147 2042 4203 demit-

464 4224 579 4271 tcre
612 4222 875 4289 potueris,
908 4240 1072 4293 quam
1103 4228 1150 4282 si
1190 4229 1484 4286 barbarum
1515 4250 1683 4305 super
1708 4237 1852 4292 Atho
1886 4239 2042 4291 navi-

464 4306 681 4377 gantem
706 4313 981 4371 duxisses.
1018 4317 1129 4376 Nos
1161 4323 1400 4392 quidem,
1431 4340 1464 4379 ο
1495 4328 1752 4395 praeclare
1781 4329 1884 4395 vir,
1916 4346 2038 4384 cum

465 4399 617 4456 Mose
654 4414 708 4457 et
739 4403 876 4469 Elia,
922 4407 1309 4485 similibusque
1354 4406 1529 4468 bﬁitis
1565 4416 1699 4470 viris
1729 4432 2032 4483 versamur,

463 4494 556 4562 qui
592 4510 691 4549 sua
722 4498 880 4553 nobis
906 4515 1040 4555 voce
1064 4502 1294 4557 barbara
1320 4505 1565 4570 tradunt,
1593 4523 1806 4578 nosque
1827 4510 1895 4564 ab
1928 4510 2036 4567 illis

464 4587 661 4641 tradita
698 4589 994 4658 loquimur,
1033 4608 1199 4649 sensu
1240 4597 1459 4666 quidem
1503 4614 1664 4663 vera,
1715 4600 1811 4655 sed
1856 4603 2037 4658 verbis

463 4676 656 4736 rudia,
689 4681 1147 4748 quemadmodum
1199 4686 1314 4741 haec
1347 4688 1463 4758 ipsa
1515 4689 1779 4744 indicant.
1812 4689 1947 4746 Nam
1989 4694 2036 4748 si

463 4769 713 4823 nonnihil
740 4785 769 4824 a
810 4773 966 4828 vobis
1010 4773 1411 4844 didiceramus,
1458 4779 1511 4833 id
1550 4781 1637 4836 die
1665 4782 2037 4838 oblitteratum

463 4868 567 4913 est.
617 4858 699 4913 Tu
744 4876 873 4916 vero
910 4864 1068 4919 nobis
1102 4867 1314 4935 scribe,
1345 4869 1449 4922 alia
1479 4873 1836 4941 epistolarum
1879 4872 2037 4928 adhi-

535 5019 556 5040 "
580 5018 731 5074 Alias
758 5020 986 5076 CXLVI.

482 5090 487 5095 ’
535 5087 647 5210 (ῗὸ)
669 5090 970 5161 Ἦττημαι.
998 5092 1089 5149 Sic
1119 5104 1230 5152 tres
1251 5099 1609 5153 vetustissimi
1627 5086 1864 5158 codices.
1890 5102 2037 5160 Editi

482 5176 552 5210 μεν
578 5177 644 5210 κη
656 5179 770 5210 ιιαι.

462 5176 646 5230 νενικη
655 5179 770 5230 μαι.

682 5232 1291 5312 ρζεζρεῖταιλΝοηηυιιί
1327 5239 1542 5312 codices
1576 5240 1893 5312 πράττεται.

558 5232 648 5293 69)
683 5232 1005 5300 Μετρεᾶαι.
1036 5234 1291 5290 Nonnulli
1327 5239 1542 5294 codices
1576 5240 1893 5312 πράττεται.

536 5232 651 5419 ζ’ἵθ)
674 5305 967 5358 Κωλύσεσο
997 5305 1087 5360 Sic
1114 5316 1226 5362 tres
1257 5310 1609 5365 vetustissimi
1633 5314 1870 5369 codices.
1894 5315 2035 5371 Editi

536 5388 546 5419 ›
582 5387 682 5419 υει.
1458 5394 1461 5397 ‘

465 5383 682 5423 κωλύει.
1458 5394 1461 5397 ’

541 5439 651 5510 (71)
689 5441 825 5495 Ὅτε
848 5444 1155 5523 βούλεται.
1183 5446 1273 5523 Sic
1299 5448 1683 5523 ΔΗιιιίιηηῦοἰει.
1714 5460 1947 5523 uterque
1983 5468 2038 5511 et

468 5505 603 5594 ξτες.
631 5505 950 5594 'sectl'ndus:
998 5516 1160 5594 Editi,
1189 5519 1369 5594 ,ὁπᾴτε
1407 5505 1670 5594 posits-cat.
1713 5505 2038 5594 Paiilopost

470 5576 795 5661 iidfﬂ‘edi-ti
825 5583 1006 5661 ὁποῖον
1042 5586 1106 5661 δὴ
1141 5576 1227 5641 σύ.
1258 5576 1660 5661 Mss.:quinque
1694 5601 1753 5646 ut
1782 5576 2034 5650 integri;

541 5645 655 5714 (7'2)
692 5652 755 5702 Ol
793 5653 924 5719 περὶ
966 5645 1106 5723 τρὺξ
1132 5661 1372 5727 λόγους.
1402 5645 1547 5738 ΤΤιλε,
1569 5645 1699 5719 mss.
1730 5645 1836 5719 non

2612 2393 2934 2457 Βασίλειος
2990 2388 3265 2453 Λιϐανίῳ.

2218 2509 2283 2562 Τί
2330 2511 2433 2564 οὑκ
2486 2508 2554 2562 ἂν
2608 2505 2754 2559 εἴποι
2796 2502 3064 2575 σοφιστὴς
3102 2502 3282 2574 ἀνὴρ,
3330 2502 3426 2555 καὶ
3472 2502 3742 2574 σοφιστὴς

2148 2600 2411 2665 τοιοῦτος,
2455 2594 2500 2669 ᾧ
2542 2615 2607 2667 γε
2638 2597 2770 2651 ῐδιον
2800 2591 2941 2650 εἷναι
2978 2595 3079 2665 τῆς
3123 2594 3318 2665 τέχνης
3358 2594 3737 2667 ὡμολόγηται.

2151 2693 2245 2746 καὶ
2271 2692 2341 2746 τὰ
2375 2690 2587 2764 μεγάλα
2627 2689 2799 2760 μικρὰ
2840 2690 3016 2741 ποιεῖν
3067 2687 3155 2739 ὅτε
3201 2684 3445 2756 βούλεται
3471 2685 3606 2757 (71),
3639 2693 3739 2742 καὶ

2148 2786 2262 2847 τοῖς
2294 2786 2514 2854 μικροῖς
2545 2780 2885 2853 περιτιθέναι
2934 2779 3201 2849 μέγεθος;
3241 2779 3425 2833 ὁποῖον
3456 2778 3520 2850 δή
3551 2796 3605 2833 τι
3638 2783 3739 2835 καὶ

2150 2876 2280 2945 περὶ
2324 2876 2474 2946 ἡμᾶς
2520 2873 2802 2938 ἐπεδείξω.
2854 2873 2967 2943 Τὴν
3016 2871 3127 2944 γὰρ
3179 2872 3466 2944 ἐπιστολὴν
3514 2871 3735 2942 εκείνην

2149 2968 2249 3038 τὴν
2290 2965 2569 3038 ρυπῶσαν,
2596 2964 2673 3029 ὼς
2706 2964 2773 3017 ἂν
2802 2963 2962 3034 ὑμεῖς
2989 2965 3039 3015 oi
3078 2964 3209 3036 περὶ
3234 2964 3360 3027 τοὺς
3393 2963 3587 3032 λόγους
3616 2963 3732 3033 (72)

2148 3057 2463 3131 τρυφῶντες
2509 3058 2716 3110 εἴποιτε
2739 3097 2753 3121 ,
2787 3054 2940 3108 οὐδὲν
2990 3051 3157 3108 οὖσαν
3204 3056 3304 3126 τῆς
3353 3058 3412 3109 ἐν
3447 3056 3604 3126 χερσί
3635 3071 3730 3109 σου

2147 3149 2355 3220 ταύτης
2398 3145 2798 3219 ἁνεκτοτέραν,
2852 3146 3107 3200 τοσοῦτον
3138 3141 3279 3218 ἦρας
3330 3146 3407 3216 τῷ
3448 3145 3616 3216 λόγῳ,
3655 3147 3733 3210 ὡς

2147 3240 2449 3313 ἡττηθῆναι
2486 3239 2647 3310 δῆθεν
2677 3240 2870 3309 αὐτῆς,
2898 3238 2992 3293 καὶ
3020 3240 3153 3309 ἡμῖν
3179 3237 3288 3292 τῶν
3323 3239 3610 3309 πρωτείων
3633 3240 3730 3293 τοῦ

2147 3334 2380 3404 γράφειν
2415 3334 2765 3403 παραχωρεῖν
2784 3349 2797 3361 ·
2829 3331 3015 3401 ὅμοιον
3058 3330 3227 3384 ποιῶν
3258 3333 3381 3394 ταῖς
3408 3330 3519 3384 τῶν
3552 3332 3726 3385 πατέ-

2152 3441 2261 3496 ρων
2304 3424 2565 3487 παιδιαῖς,
2598 3423 2725 3475 ὅταν
2758 3423 2881 3486 ταῖς
2914 3423 3044 3493 παρ’
3091 3421 3301 3474 ἑαυτῶν
3330 3422 3512 3485 νίκαις
3550 3440 3732 3495 παρα-

2145 3517 2367 3589 χωρῶσι
2392 3517 2503 3588 (75)
2535 3520 2650 3580 τοῖς
2684 3516 2874 3570 παισὶν
2908 3515 3320 3587 ἐναϐρύνεσθαι,
3351 3515 3473 3569 οὔτε
3500 3517 3730 3581 ἑαυτούς

2144 3626 2197 3662 τι
2231 3607 2578 3680 ζημιοῦντες,
2621 3610 2713 3662 καὶ
2739 3608 2848 3661 τῶν
2880 3609 3086 3662 παίδων
3114 3608 3408 3679 τρέφοντες
3435 3608 3497 3661 τὺ
3526 3608 3732 3676 φιλότι-

2149 3719 2269 3773 μον.
2310 3700 2402 3772 Τῷ
2444 3701 2557 3755 ὄντι
2585 3700 2642 3753 δὲ
2676 3700 2770 3754 καὶ
2812 3699 3091 3770 ἀμύθητον
3117 3699 3250 3769 ὅσην
3289 3697 3481 3769 ἡδονὴν
3520 3695 3669 3769 εἶχεν
3699 3703 3732 3752 ὁ

2144 3792 2299 3861 λόγος
2324 3793 2383 3845 ὲν
2425 3794 2492 3863 τῇ
2543 3791 2682 3862 πρὸς
2723 3792 2872 3862 ἡμᾶς
2917 3790 3135 3860 παιδιᾷ·
3166 3786 3275 3843 οἷον
3310 3787 3730 3859 Πολυδάμαντος

2143 3898 2288 3944 τινος
2340 3882 2373 3952 ἢ
2426 3881 2674 3945 Μίλωνος
2697 3923 2711 3948 ,
2766 3882 3110 3953 παγκρατίου
3165 3881 3197 3950 ἢ
3253 3880 3433 3952 πάλης
3483 3881 3729 3949 ἀγωνίαν

2144 3974 2583 4044 παραιτουμένου
2616 3974 2717 4045 τὴν
2750 3975 2887 4045 πρὸς
2918 3974 3018 4043 ἐμὲ
3049 3973 3214 4027 αὑτόν
3237 3973 3346 4043 (74)
3367 3989 3379 4002 ο
3412 3971 3587 4025 πολλὰ
3619 3975 3732 4047 γὰρ

2144 4064 2640 4135 περισκεψάμενος,
2681 4065 2833 4118 οὐδὲν
2875 4059 3034 4136 εὗρον
3062 4064 3350 4127 ἀσθενείας
3377 4064 3691 4137 ὑπόδειγμα
3710 4083 3727 4097 ·

2143 4155 2282 4209 ὥστε
2330 4158 2457 4221 τοὺς
2490 4157 2591 4220 τὰς
2629 4157 2936 4230 ὑπερϐολὰς
2966 4157 3073 4210 τῶν
3107 4156 3283 4226 λόγων
3328 4156 3735 4227 ἐπιζητοῦντας

2143 4248 2375 4303 ἐνταῦθά
2422 4266 2483 4302 σε
2536 4248 2736 4320 μᾶλλον
2784 4249 3012 4320 ἄγανται
3064 4249 3161 4316 τῆς
3211 4249 3533 4319 δυνάμεως,
3581 4250 3735 4304 οὑτω

2142 4340 2435 4411 δυνηθέντα
2467 4345 2587 4407 ταῖς
2621 4342 2867 4406 παιδιαῖς
2920 4341 3059 4413 πρὸς
3110 4343 3258 4412 ἡμᾶς
3305 4341 3650 4411 καταϐῆναι,
3692 4342 3728 4412 ἢ

2139 4434 2188 4484 εί
2214 4432 2304 4484 τὸν
2336 4432 2611 4504 βάρϐαρον
2652 4427 2789 4502 ἦγες
2821 4432 2933 4502 (75)
2978 4433 3118 4501 ὑπὲρ
3149 4432 3241 4486 τὸν
3277 4431 3430 4485 "ae...
3469 4432 3725 4486 πλέοντα.

2151 4522 2290 4575 Ἀλλ’
2318 4525 2482 4594 ἡμεῖς
2515 4524 2634 4594 μὲν,
2676 4518 2722 4577 ὦ
2756 4522 3051 4594 θαυμάσιε,
3082 4524 3275 4578 Μωσεῖ
3307 4523 3401 4576 καὶ
3435 4522 3596 4593 Ἠλίᾳ.
3635 4525 3730 4578 καὶ

2136 4617 2250 4679 τοῖς
2286 4613 2429 4669 οὑτω
2465 4614 2759 4686 μακαρίοις
2789 4615 3016 4688 ἀνδράσι
3051 4614 3339 4685 σύνεσμεν,
3368 4615 3435 4667 ὲκ
3463 4615 3562 4685 τῆς
3595 4614 3732 4686 βαρ-

2139 4704 2309 4779 ϐάρου
2336 4706 2522 4777 φωνῆς
2564 4701 2972 4778 διαλεγομένοις
3001 4708 3135 4777 ἡμῖν
3168 4706 3237 4759 τά
3273 4704 3507 4771 ἑαυτῶν,
3538 4707 3633 4771 καξι
3657 4707 3729 4761 τὰ

2139 4800 2270 4870 παρ’
2324 4798 2549 4851 ἐκείνων
2600 4797 2974 4869 φθεγγόμεθα,
3008 4799 3134 4852 νοῦν
3183 4797 3284 4869 μὲν
3322 4797 3536 4868 ἀληθῆ,
3577 4797 3727 4864 λέξιν

2137 4889 2194 4943 δὲ
2230 4889 2440 4961 ἀμαθῆ,
2468 4890 2545 4953 ὼς
2568 4889 2710 4943 αὑτὰ
2740 4890 2916 4944 ταῦτα
2953 4889 3123 4960 δηλοῖ.
3147 4890 3211 4943 Εἰ
3236 4890 3346 4960 γάρ
3381 4906 3436 4942 τι
3464 4889 3561 4943 καὶ
3582 4884 3728 4961 ἦμεν

2138 5039 2363 5114 stissimi
2381 5041 2446 5114 οἱ
2473 5040 2543 5095 τὰ
2570 5043 2698 5114 περὶ
2726 5043 2853 5106 τοὺς
2876 5043 3086 5114 λόγους.
3119 5044 3323 5099 Ibidem
3349 5042 3523 5098 editio
3544 5043 3722 5102 Paris.

2138 5111 2350 5183 εἴπητε.
2380 5110 2718 5183 Mss.omnes
2747 5114 3000 5183 etrietlitio
3023 5113 3188 5168 Basil.
3224 5124 3455 5183 utraque
3490 5115 3720 5170 εἴποιτε.

2209 5180 2775 5254 (75)-Πιιραχωρῶσι.
2799 5182 2935 5238 Tres
2967 5199 3124 5244 mss,
3158 5180 3544 5254 nempeiVat"
3586 5183 3721 5254 Reg.

2139 5250 2415 5325 secundus
2444 5260 2498 5325 et
2527 5254 2696 5325 Qoisl.
2725 5255 3001 5325 secundus
3041 5250 3343 5325 παρέχωσι.
3379 5253 3553 5308 Paulo
3597 5250 3722 5322 post

2138 5319 2246 5395 duo
2282 5322 2649 5392 antiquissimi
2671 5323 2891 5379 codices
2918 5323 3086 5378 Coisl.
3119 5319 3339 5378 et'lllcd.
3370 5326 3483 5377 τῶν
3512 5319 3722 5395 νηπίων

2136 5390 2443 5444 τρέφοντεέ.

2538 5460 2642 5546 ἐμὲ
2666 5461 2870 5546 αὐτόν.
2895 5460 3062 5546 pnis].
3096 5464 3303 5546 primus
3335 5465 3475 5546 πρδς
3506 5463 3712 5546 ὲευῖόν.

2137 5527 2260 5583 Μοξι
2297 5527 2426 5585 editi
2453 5527 2780 5594 εὑσθενείας,
2826 5531 3052 5586 roboris.
3097 5527 3300 5587 Melius
3332 5527 3509 5588 multo
3544 5533 3713 5593 Coisl.

2139 5601 2415 5673 secundus
2443 5610 2498 5656 et
2529 5600 2663 5673 Reg.
2696 5602 2993 5673 secundus,
3026 5618 3165 5673 quos
3196 5604 3370 5659 secuti
3415 5619 3628 5661 sumus.

2211 5670 2321 5741 (75)
2356 5668 2553 5739 'Hrsc.
2587 5668 2873 5730 Medicaeus
2898 5668 3064 5729 codei
3093 5671 3257 5736 τίνες.
