3874 6218
140 282 289 352 ιἰεδ

1019 260 1512 354 Eplsroumuu
1551 297 1840 356 CLASSIS
1876 298 1961 356 Ill.
2001 299 2225 357 EPIST.
2265 299 2535 357 cccxu.

3277 291 3376 349 100

142 422 281 494 παρ’
322 419 475 492 ὑμῶν
525 402 900 492 διδαχθέντες,
938 421 1044 476 ὑπὸ
1083 422 1179 475 τοῦ
1222 422 1415 496 χρόνου
1464 422 1729 476 ἐπελαθό-

1844 425 1971 480 bens
2006 433 2352 495 argumenta,
2394 437 2516 493 quae
2543 430 2600 475 et
2633 428 2685 477 te
2720 419 3034 483 ostendant,
3065 434 3166 474 nec
3197 432 3298 472 nos
3327 432 3416 469 ar-

147 513 313 586 μεθα.
329 514 502 577 Αὐτὸς
526 512 583 567 δὲ
609 514 891 568 ἐπίστελλε
912 517 1067 586 ἡμῖν,
1096 514 1263 579 ἄλλας
1285 515 1577 578 ὑποθέσεις
1605 516 1729 567 ἐπι-

144 603 353 658 στολῶν
398 602 751 675 ποιούμενοςο
806 605 864 659 αἳ
910 607 1004 659 καὶ
1043 606 1104 659 σὲ
1134 605 1401 672 δείξουσι,
1455 607 1552 660 καὶ
1582 605 1731 676 ἡμᾶς

141 697 250 749 οὐκ
271 694 568 765 ἐλέγξουσι.
602 697 706 750 Τὸν
726 698 840 751 υἱὸν
878 698 1127 752 Ἀνυσίου
1159 698 1272 770 (76)
1296 699 1399 770 ἤδη
1436 715 1517 751 σοι
1556 712 1729 767 προσ-

143 788 379 858 ήγαγον,
410 788 486 851 ὡς
525 789 763 859 ἐμαυτοῦ
796 789 929 844 υἱόν.
967 791 1031 843 El
1063 790 1121 843 δὲ
1153 790 1285 861 ἐμός
1312 792 1426 843 ἐστι
1455 791 1606 853 παῖς,
1633 786 1726 840 τοῦ

142 878 357 949 πατρός
388 881 505 933 ἐστι
528 880 589 933 τὸ
622 882 854 943 παιδίον,
879 882 1050 954 πένης
1079 885 1142 935 ἐκ
1172 884 1423 954 πένητος.
1449 880 1729 952 Γνώριμον

143 968 207 1023 δὲ
244 970 309 1024 τὸ
345 971 636 1043 λεγόμενον
667 976 823 1048 ἀνδρὶ
852 976 1000 1046 σοφῷ
1032 994 1091 1029 τε
1118 977 1211 1030 καὶ
1247 977 1494 1047 σοφιστῇ.

676 1116 1023 1171 ΕΠΙΣΤΟΛΗ
1062 1116 1195 1171 ΤΜ’.

1832 525 2020 588 guant.
2072 515 2269 570 Filium
2318 515 2511 588 Anysii
2557 514 2670 584 jam
2702 513 2803 568 tibi
2848 512 3082 577 adduxi,
3125 518 3184 565 ut
3229 523 3412 563 meum

1834 609 2009 678 ipsius
2044 608 2234 662 ﬁlium.
2266 606 2422 673 Quod
2461 605 2509 660 si
2534 620 2692 659 meus
2717 611 2800 660 est
2826 604 2915 658 hic
2952 618 3108 674 puer,
3139 601 3314 672 patris
3329 609 3417 655 est

1835 702 2015 761 ﬁlius,
2060 715 2268 770 panper
2292 714 2360 753 ex
2388 712 2650 768 paupere.
2681 695 2823 762 Quid
2852 704 3032 751 autem
3055 695 3233 749 dicam
3251 731 3266 758 ,
3295 691 3416 746 viro

1834 794 2069 864 sapienti
2098 803 2153 848 et
2182 791 2443 862 sophistae
2468 796 2657 844 notum
2692 798 2798 844 est.

2192 1097 2357 1171 [1.56
2393 1091 2735 1149 EPISTULA
2771 1087 2998 1144 CCCXL
3032 1090 3070 1142 '.

955 1232 1140 1282 Rursus
1160 1244 1224 1282 ex
1242 1231 1534 1283 nrwcedentt
1552 1226 1755 1281 eoistota
1774 1232 1942 1272 ansam
1964 1213 2207 1269 scribendi
2228 1211 2357 1278 rapit
2380 1209 2620 1262 Libanius.

622 1362 905 1429 Λιϐάνιος
941 1365 1259 1428 Βασιλείῳ.

218 1474 283 1527 Et
327 1473 470 1528 πάνυ
510 1473 679 1529 πολὺν
708 1475 901 1548 χρόνον
948 1476 1223 1540 ἐσκόπεις,
1260 1476 1379 1539 πῶς
1425 1473 1492 1529 ἂν
1534 1474 1733 1544 ἄριστα

143 1563 426 1628 συνείποις
462 1567 573 1629 τοῖς
608 1568 737 1637 περὶ
774 1566 881 1620 τῶν
917 1565 1024 1620 σῶν
1051 1567 1401 1638 γραμμάτων
1443 1565 1734 1636 ἡμετέροις

141 1657 495 1729 γράμμασιν,
539 1657 640 1710 οὐκ
675 1657 741 1711 ἂν
780 1658 1006 1729 ἄμεινον
1038 1658 1198 1711 τοῦτό
1239 1675 1329 1729 μοι
1357 1656 1583 1725 ποιῆσαι
1619 1654 1729 1724 (77)

141 1748 390 1815 ἐδόκεις,
430 1748 464 1820 ἢ
510 1748 737 1803 τοιαῦτα
790 1749 1055 1821 γράφων,
1104 1752 1265 1804 ὁποῖα
1316 1748 1412 1802 νῦν
1463 1747 1729 1819 ἔγραψας.

2364 1344 2622 1399 Libanfus
2662 1341 2890 1396 Basilio.

1909 1467 1966 1522 Si
1999 1466 2092 1521 diu
2138 1461 2433 1518 meditatus
2479 1474 2665 1522 esses,
2717 1453 2995 1527 quomodo
3026 1452 3147 1515 his,
3179 1463 3300 1520 qua:
3349 1454 3419 1503 de

1834 1560 1946 1617 tuis
1980 1558 2178 1613 litteris
2204 1554 2561 1624 scripseram,
2593 1547 3006 1619 elegantissime
3035 1540 3418 1606 assentireris;

1834 1668 1946 1707 non
1985 1648 2254 1707 videreris
2294 1644 2430 1699 mihi
2468 1644 2573 1698 hoc
2620 1641 2816 1697 melius
2863 1637 3213 1710 praestitisse,
3253 1648 3418 1704 quam

1834 1745 1962 1799 talia
1987 1737 2502 1808 scribendo,qualia
2527 1735 2676 1789 nunc
2710 1730 3002 1802 scripsisti.
3024 1728 3316 1782 Enimvero
3333 1739 3421 1778 me

142 1840 353 1904 Καλεῖς
386 1817 495 1912 γάρ
528 1857 594 1912 με
642 1817 940 1912 σοφιστήν·
970 1840 1066 1894 τοῦ
1097 1841 1340 1895 τοιούτου
1364 1840 1423 1894 δὲ
1454 1817 1593 1894 εἶναι
1624 1838 1728 1909 φῄς

1844 1850 1995 1891 vocas
2010 1832 2311 1903 sophistam
2329 1847 2342 1883 :
2361 1828 2622 1900 sOphistae
2633 1834 2814 1881 autem
2833 1838 2956 1879 esse
2974 1822 3132 1885 dicis,
3149 1836 3216 1876 ex
3234 1817 3418 1890 parvis

139 1932 207 1985 τὸ
267 1931 532 1986 δύνασθαι
570 1933 666 1995 ,τὰ
724 1932 899 2005 μικρὰ
970 1933 1069 2004 μὲν
1129 1932 1350 2009 μεγάλα,
1393 1934 1600 1998 ποιεῖν,
1660 1929 1732 1983 τὰ

139 2024 191 2078 δ’
224 2020 293 2077 αὖ
327 2024 442 2095 (78)
470 2025 684 2095 μεγάλα
715 2027 910 2098 μικρά.
939 2027 1046 2079 Καὶ
1067 2025 1133 2098 δὴ
1157 2025 1255 2098 τὴν
1278 2024 1416 2097 ἐμὴν
1442 2023 1730 2094 ἐπιστολὴν

144 2114 509 2185 βεϐουλῆσθαι
552 2117 659 2187 φῂς
688 2116 861 2181 δεῖξαι
897 2117 998 2189 τὴν
1038 2117 1138 2188 σὴν
1180 2115 1386 2187 καλὴν,
1429 2116 1529 2169 οὐκ
1567 2110 1732 2168 οὖσαν

142 2208 320 2280 καλήν
344 2225 357 2238 ·
395 2205 535 2264 εἶναί
567 2227 628 2262 τε
660 2210 814 2263 οὐδὲν
837 2204 905 2282 ἧς
935 2209 1030 2263 νῦν
1061 2207 1313 2280 ἔπεμψας
1342 2207 1566 2279 βελτίω·
1596 2207 1732 2270 ὅλως

139 2318 205 2353 τε
238 2300 496 2371 οὐδεμίαν
526 2297 664 2354 εἶναι
695 2304 847 2373 παρὰ
881 2303 964 2356 σοὶ
990 2301 1167 2370 λόγων
1194 2301 1425 2371 δύναμιν
1445 2317 1457 2331 ·
1489 2298 1597 2352 τῶν
1632 2298 1732 2369 μὲν

140 2392 242 2446 νῦν
268 2393 439 2448 ὄντων
470 2396 529 2447 ἐν
560 2395 720 2466 χερσὶ
756 2394 977 2465 βιϐλίων
1013 2394 1172 2449 τοῦτο
1198 2395 1260 2448 οὐ
1293 2393 1619 2448 ποιούντων·
1655 2387 1731 2445 ὧν

139 2485 202 2538 δὲ
236 2482 384 2556 εἶχες
417 2487 680 2558 πρότερον
712 2487 888 2556 λόγων
927 2487 1360 2559 ἐξερρυηκότων.
1410 2487 1522 2540 Καὶ
1560 2484 1732 2538 ταῦτα

142 2579 362 2633 πείθειν
388 2580 703 2652 ἐπιχειρῶν,
735 2578 878 2633 οὕτω
904 2580 1077 2651 καλὴν
1099 2580 1193 2632 καὶ
1219 2578 1443 2649 ταύτην,
1466 2579 1532 2650 ἦν
1554 2577 1734 2647 λέγεις

140 2673 333 2738 κακῶς
363 2674 499 2744 (79),
534 2674 777 2746 εἰργάσω
820 2674 920 2745 τὴν
969 2671 1263 2745 ἐπιστολὴν
1292 2713 1306 2737 ,
1335 2672 1465 2726 ὥσθ’
1504 2675 1553 2726 oi
1588 2689 1728 2744 nap-

139 2767 302 2831 ὄντες
333 2768 468 2837 ἡμῖν
515 2767 617 2819 οὐκ
654 2762 800 2835 εἶχον
851 2765 926 2837 μὴ
973 2765 1151 2835 πηδᾷν
1191 2763 1728 2833 ἁναγινωσκομένης.

155 2858 481 2930 Ἐθαύμασα
530 2854 645 2925 οὖν,
691 2859 774 2911 ὅτι
822 2859 998 2931 ταύτῃ
1041 2858 1141 2928 τὴν
1174 2857 1446 2929 προτέραν
1486 2855 1733 2913 καθελεῖν

141 2953 528 3023 ἐπιχειρήσας,
552 2950 632 3022 τῷ
657 2951 825 3021 φάναι
851 2949 1027 3023 ταύτῃ
1055 2950 1151 3022 τὴν
1179 2950 1450 3022 προτέραν
1475 2950 1731 3012 ἐοικέναι,

138 3042 318 3114 ταύτῃ
345 3042 443 3113 τὴν
482 3041 756 3112 προτέραν
794 3040 1132 3111 ἐκόσμησας.
1172 3041 1370 3111 Ἐχρῆν
1420 3040 1478 3094 δὲ
1507 3041 1617 3112 ἄρα
1644 3040 1734 3093 τὸν

138 3135 306 3189 τοῦτο
334 3134 680 3205 βουλόμενον,
723 3132 947 3203 χείρονα
982 3132 1212 3203 ποιῆσαι
1249 3132 1451 3204 ταύτην
1494 3132 1586 3185 ἐπὶ
1623 3131 1735 3185 δια-

141 3228 278 3298 ϐολῇ
304 3226 404 3296 τῆς
424 3226 683 3299 πρόσθεν.
723 3225 860 3278 Ἀλλ’
895 3227 997 3279 οὐκ
1023 3221 1113 3296 ἦν,
1144 3220 1318 3296 οἶμαι,
1343 3224 1456 3291 σὺν,
1480 3223 1734 3293 ἀδικῆσαι

139 3320 245 3391 τὴν
289 3318 571 3389 ἀλήθειαν.
617 3317 872 3389 Ἢδίκητο
909 3318 1018 3388 (80)
1078 3317 1122 3370 δ’
1157 3316 1258 3380 ἂν,
1302 3316 1606 3387 γράφοντος
1649 3313 1738 3378 ἐξ-

141 3413 403 3482 επίτηδες
450 3411 795 3484 φαυλότερα,
844 3412 938 3464 καὶ
976 3412 1036 3464 οὐ
1084 3410 1372 3481 χρωμένου
1430 3412 1544 3472 τοῖς
1596 3404 1735 3461 οὖσι.

142 3505 257 3559 Τοῦ
296 3504 465 3559 αὑτοῦ
515 3505 698 3558 τοίνυν
737 3503 803 3558 ἂν
830 3505 916 3573 εἴη
953 3502 1017 3556 τὸ
1054 3505 1193 3574 μήτε
1244 3501 1433 3573 ψέγειν
1461 3499 1498 3554 ἃ
1530 3500 1738 3553 δίκαιον

142 3600 414 3661 ἐπαινεῖν,
439 3597 527 3651 ἵνα
563 3597 637 3668 μή
671 3613 731 3649 σε
773 3595 836 3648 τὸ
874 3595 1110 3667 πρᾶγμα
1148 3594 1314 3666 φέρον
1357 3595 1437 3655 εἰς
1476 3590 1737 3660 σοφιστὰς

142 3690 400 3762 ἐμϐάλῃ,
458 3688 800 3761 πειρώμενον
856 3685 1092 3741 ταπεινὰ
1139 3684 1210 3739 τὰ
1269 3684 1481 3756 μεγάλα
1535 3687 1732 3737 ποιεῖν.

144 3782 383 3855 Βιϐλίων
424 3781 523 3852 μὲν
548 3776 662 3842 οὖν,
697 3772 773 3832 ὧν
808 3779 916 3851 φῂς
950 3774 1090 3833 εἶναι
1119 3776 1288 3846 χείρω
1319 3776 1418 3845 μὲν
1440 3773 1540 3844 τὴν
1568 3773 1734 3840 λέξιν,

142 3874 359 3946 ἀμείνω
386 3873 442 3926 δὲ
470 3873 568 3944 τὴν
598 3871 858 3935 διάνοιαν,
885 3869 1032 3941 ἔχου,
1063 3869 1157 3923 καὶ
1179 3868 1357 3931 οὐδεὶς
1377 3866 1575 3920 κωλύει
1602 3865 1735 3935 (8|).

144 3968 271 4021 Τῶν
299 3967 356 4021 δὲ
381 3967 669 4038 ἡμετέρων
703 3965 802 4036 μὲν
832 3964 942 4027 ἀεὶ,
972 3963 1082 4016 σῶν
1108 3962 1166 4016 δὲ
1189 3961 1474 4033 πρότερον,
1507 3961 1562 4013 αἱ
1587 3959 1734 4031 ῥίζαι

147 4055 372 4129 μένουσί
417 4073 479 4109 τε
534 4056 630 4109 καὶ
681 4053 937 4124 μενοῦσιν
989 4053 1094 4116 ἕως
1153 4050 1219 4104 ἂν
1268 4047 1365 4123 ᾖς’
1416 4051 1511 4103 καὶ
1558 4048 1735 4112 οὐδεὶς

148 4151 366 4222 μήποτε
402 4148 571 4211 αὐτὰς
600 4147 824 4218 ἐκτέμοι
855 4144 970 4218 (8Q)
1005 4144 1219 4217 χρόνος,
1263 4143 1373 4196 οὐδ’
1421 4140 1487 4196 ἂν
1531 4142 1736 4213 ἥκιστα

144 4240 353 4311 ἄρδοις.

656 4518 1008 4573 ΕΠΙΣΤΟΛΗ
1043 4518 1225 4572 ΤΜΑ’.

1833 1941 2031 1999 magna
2076 1925 2258 1979 facere
2302 1937 2499 1992 posse,
2530 1935 2595 1975 ac
2624 1934 2820 1974 rursus
2865 1930 3037 1988 parva
3066 1929 3135 1969 ex
3181 1909 3418 1982 magnis.

1831 2020 1911 2075 Ac
1953 2033 2090 2073 mea:
2132 2016 2356 2088 quidem
2388 2013 2637 2083 epistola:
2669 2009 3018 2082 propositum
3058 2004 3230 2060 fuisse
3258 2000 3420 2063 dicis,

1833 2121 1892 2165 ut
1940 2122 2089 2165 tuam
2151 2107 2441 2179 pulchram
2496 2120 2619 2160 esse
2678 2102 3114 2165 demonstraret,
3173 2093 3423 2167 quamvis

1832 2201 2062 2272 pulchra
2111 2214 2223 2253 non
2250 2197 2357 2262 sit;
2420 2209 2601 2264 neque
2656 2192 2804 2248 enim
2861 2190 3142 2245 meliorem
3193 2198 3424 2256 prorsus

1831 2305 1951 2344 esse
1973 2328 1988 2351 ,
2041 2302 2206 2358 quam
2250 2301 2372 2356 qua:
2414 2298 2565 2338 nunc
2599 2297 2630 2336 a
2657 2290 2710 2337 te
2759 2282 2924 2336 missa
2955 2287 3072 2345 est;
3108 2292 3171 2331 ac
3198 2275 3425 2331 omnino

1832 2383 2043 2436 nullam
2077 2379 2179 2433 tibi
2210 2394 2334 2433 esse
2376 2376 2594 2432 dicendi
2629 2375 2982 2435 facultatem;
3015 2385 3140 2425 cum
3172 2368 3295 2422 libri
3330 2365 3426 2437 qui

1834 2491 1983 2531 nunc
2010 2476 2067 2529 in
2095 2476 2354 2529 manibus
2389 2480 2541 2535 sunt,
2572 2472 2677 2525 hoc
2720 2469 2945 2523 minime
2973 2471 3271 2537 praestent;
3308 2460 3425 2516 elo-

1833 2567 2057 2638 quentia
2081 2581 2235 2629 vero,
2263 2580 2373 2636 qua
2402 2564 2558 2635 prius
2588 2560 2855 2633 pollebas,
2883 2556 3172 2613 emuxerit.
3200 2553 3266 2607 Et
3288 2555 3418 2608 dum

1834 2663 1952 2718 hac
1984 2658 2322 2732 persuadere
2352 2658 2595 2721 conaris,
2627 2657 2701 2710 ita
2746 2652 3032 2724 pulchram
3065 2658 3119 2705 et
3152 2648 3319 2712 illam,
3355 2645 3424 2699 de

1832 2771 1942 2827 qua
1971 2753 2243 2818 detrahis,
2279 2751 2569 2823 epistolam
2612 2748 2818 2813 fecisti,
2850 2754 2909 2801 ut
2931 2745 3025 2815 qui
3056 2742 3283 2797 aderant
3312 2754 3425 2793 non

1832 2847 2111 2919 potuerint
2158 2860 2270 2900 non
2307 2844 2510 2899 saltare
2552 2856 2677 2896 cum
2720 2842 3017 2909 legeretur.
3051 2834 3182 2889 Sum
3238 2833 3420 2902 itaque

1834 2940 2100 3000 miratus,
2135 2935 2284 3007 quod
2328 2935 2435 2989 ista
2466 2931 2705 3003 priorem
2739 2930 3057 2985 subvertere
3098 2938 3423 2996 aggressus,

1834 3032 1962 3087 dum
2006 3038 2190 3084 tamen
2228 3027 2321 3083 isti
2352 3026 2591 3097 priorem
2619 3023 2853 3080 similem
2899 3036 3020 3076 esse
3047 3017 3208 3082 dicis,
3242 3022 3429 3086 poste-

1838 3125 1983 3178 riore
2047 3121 2290 3191 priorem
2351 3117 2733 3172 exornaveris.
2806 3112 3179 3170 Conveniebat
3239 3114 3423 3162 autem

1838 3217 1942 3271 hnc
1975 3217 2031 3269 in
2071 3216 2256 3269 animo
2288 3214 2508 3269 habenti
2544 3212 2910 3283 posteriorem
2942 3208 3233 3279 epistolam
3268 3204 3423 3275 pejo-

1835 3323 1953 3363 rem
1994 3307 2200 3372 facere,
2256 3314 2317 3361 ut
2369 3306 2450 3362 sic
2504 3305 2886 3361 detraheretur
2943 3301 3012 3357 de
3061 3301 3253 3370 priori.
3316 3294 3427 3350 Sed

1837 3408 2029 3465 tuum,
2071 3401 2299 3469 opinor,
2336 3414 2443 3452 non
2483 3405 2602 3454 erat
2656 3395 2941 3451 veritatem
2999 3391 3217 3447 laedere.
3274 3387 3432 3443 Laesa

1836 3501 2019 3547 autem
2058 3491 2276 3555 fuisset,
2315 3490 2362 3545 si
2391 3489 2651 3544 consulto
2681 3486 3005 3556 scripsisses
3032 3482 3341 3544 deteriora,
3376 3488 3431 3533 et

1836 3585 1905 3640 iis
1929 3584 2132 3653 quibus
2165 3583 2340 3653 polles
2383 3597 2518 3637 usus
2541 3597 2652 3635 non
2683 3579 2911 3634 fuisses.
2954 3575 3143 3646 Itaque
3176 3573 3429 3642 ejusdem

1838 3673 2025 3737 fuerit,
2052 3688 2151 3727 nec
2174 3687 2237 3727 ea
2263 3674 2578 3741 vituperare
2603 3686 2725 3740 quae
2756 3669 2972 3724 laudem
3004 3674 3319 3729 merentur;
3361 3677 3431 3716 ne

1838 3774 1891 3818 te
1921 3779 2010 3818 res
2058 3760 2333 3831 ejusmodi
2381 3763 2525 3817 inter
2569 3762 2847 3831 sophistas
2877 3758 3125 3828 rejiciat,
3152 3755 3315 3811 exilia
3362 3768 3431 3808 ex

1839 3856 2054 3926 magnis
2079 3854 2261 3909 facere
2287 3863 2602 3909 conantem.
2644 3852 2825 3907 Libris
2861 3851 3046 3921 igitur,
3082 3861 3314 3918 quorum
3344 3844 3431 3899 di-

1838 3951 2077 4005 ctionem
2111 3949 2249 4004 dicis
2295 3946 2538 4018 peiorem
2571 3938 2729 4010 esse,
2764 3941 3094 4008 sententiam
3127 3954 3257 3993 vero
3286 3951 3429 4007 prae-

1843 4042 2187 4104 stantiorem,
2251 4040 2492 4105 adhaere,
2545 4052 2647 4092 nec
2706 4036 3003 4107 quisquam
3062 4028 3427 4100 prohibuerit.

1840 4134 2043 4188 Eorum
2085 4142 2288 4194 autem,
2323 4145 2443 4201 quae
2493 4136 2686 4184 nostra
2736 4141 2953 4197 semper
2998 4132 3172 4186 sunt,
3231 4127 3287 4175 et
3333 4127 3429 4175 tua

1839 4226 2118 4297 quondam
2152 4231 2331 4287 erant,
2361 4222 2577 4277 radices
2605 4228 2659 4276 et
2690 4226 2915 4273 manent
2947 4216 3003 4270 in
3037 4225 3110 4280 te,
3153 4221 3208 4269 et
3239 4210 3429 4266 mane—

1841 4317 1998 4378 bunt,
2026 4315 2268 4387 quandiu
2304 4314 2507 4379 fueris,
2554 4327 2654 4369 nec
2700 4312 2873 4366 ullum
2902 4324 2997 4366 eas
3034 4315 3251 4377 tempus
3279 4304 3429 4360 exci-

1842 4408 2006 4474 derit,
2039 4409 2257 4465 etiamsi
2293 4408 2520 4463 minime
2545 4406 2833 4477 rigaveris.

2287 4522 2627 4579 EPISTOLA
2665 4518 2982 4578 CCCXLI“.

520 4635 761 4688 Basiliam
783 4634 1007 4687 Libanius
1038 4634 1288 4687 existimat
1310 4632 1497 4688 idcirco
1518 4652 1612 4689 non
1633 4639 1862 4702 scribere,
1883 4641 2012 4707 quod
2034 4641 2160 4693 iram
2190 4655 2284 4693 non
2309 4639 2602 4705 deposuerit,
2625 4642 2699 4691 vel
2722 4635 2897 4703 punire
2916 4635 3049 4688 velit.

626 4742 901 4808 Λιϐάνιος
944 4743 1260 4808 Βασιλείῳ.

219 4838 392 4896 Οὔπω
420 4855 511 4909 μοι
539 4837 637 4908 τῆς
666 4835 842 4906 λύπης
870 4837 1108 4906 ὑφῆκας,
1134 4836 1274 4889 ὥστε
1306 4854 1372 4908 με
1396 4838 1504 4910 (85)
1532 4839 1737 4910 μεταξὺ

223 4981 337 5052 (76)
388 4978 694 5052 ’Arvo'lov.
756 4976 1017 5052 Quamvis
1075 4990 1171 5052 se;
1227 4975 1445 5031 codices
1503 4974 1741 5052 habeant

158 5045 429 5106 Ἀνύσιον.
473 5050 601 5118 quia
653 5059 830 5101 tamen
882 5048 996 5101 haec
1049 5049 1320 5118 scriptura
1372 5062 1481 5100 non
1528 5045 1742 5100 videtur

148 5116 680 5203 sensui'quadrare,
719 5127 926 5173 textum
964 5116 1286 5171 mutandum
1316 5131 1440 5172 esse
1489 5132 1596 5170 non
1622 5118 1740 5171 cxi-

145 5202 550 5331 sulitllgri'oiitd
571 5276 669 5331 μοι
697 5257 967 5331 ποιῆσαι.
990 5255 1165 5314 Ilarl..
1188 5255 1327 5310 Med.
1352 5264 1405 5310 et
1433 5256 1595 5310 Coisl.
1623 5256 1738 5324 pri-

146 5329 277 5386 mus
308 5332 498 5385 τούτου
528 5329 769 5398 ποιῆσαι,
802 5330 895 5383 sed
926 5344 1090 5398 sensu
1124 5343 1351 5398 prorsus
1375 5338 1732 5398 repugnante.

225 5402 339 5470 (78)
372 5404 445 5456 Τὰ
477 5401 528 5455 δ’
559 5396 657 5470 αὖ.
696 5401 787 5454 Sic
818 5397 1128 5470 mss._Editi
1160 5397 1367 5470 καὶτὰ.
1405 5397 1574 5470 13:1qu
1612 5405 1734 5470 post

148 5466 321 5551 editio
348 5471 519 5526 Paris.
556 5467 695 5523 εἷναί
717 5487 776 5522 τε
803 5470 931 5540 γάρ.
965 5468 1095 5522 Mss.
1126 5477 1180 5521 et
1213 5468 1380 5521 editio
1408 5466 1733 5523 Basilecnsis

190 5550 212 5595 ι
253 5550 306 5593 in
348 5552 514 5596 textu.

253 5560 264 5591 1
420 5558 431 5567 .

228 5554 733 5684 (ἑὼῖάῗιῶςηξίο
760 5609 1088 5684 Basileensis
1110 5608 1278 5684 editio
1299 5607 1615 5684 etquinque
1639 5624 1733 5661 (το-

149 5678 494 5740 ἀίιδεειηεε..
532 5682 731 5738 auibus
754 5681 917 5737 etiam
943 5680 1082 5735 alius
1118 5678 1280 5745 favet,
1312 5679 1404 5747 qui
1441 5680 1599 5734 habet
1630 5696 1730 5731 κα-

2370 4747 2623 4802 Libanius
2663 4746 2891 4801 Basilio.

1910 4841 2165 4897 Nondum
2206 4840 2342 4895 mihi
2374 4841 2639 4895 offensam
2686 4836 2977 4899 remisisti,
3009 4834 3254 4904 adeoque
3284 4832 3431 4888 inter

1842 4976 1971 5041 λῶς.
2004 4977 2180 5032 Paris.
2213 4978 2381 5031 editio
2415 4977 2614 5043 κακήν.

1915 5047 2028 5117 (80)
2078 5048 2371 5116 Ἢὸίῠιητο.
2412 5048 2580 5101 Coisl.
2613 5047 2823 5116 primus
2845 5053 2896 5100 et
2933 5044 3069 5099 Med.
3103 5044 3393 5117 ῂδικοῖτο.,

1843 5188 1866 5240 )
1891 5114 2029 5202 ⁹(81)
2058 5114 2305 5173 Κωλύει.
2343 5118 2590 5184 Quatuor
2613 5114 2747 5172 inss.
2786 5132 2894 5171 non
2922 5114 3291 5185 antiquissimi
3318 5131 3427 5167 κω-

1864 5207 1980 5242 .υοι.

1864 5228 2029 5323 82)
2060 5260 2337 5328 Ἐκτέμοι.
2355 5256 2644 5312 Medicaatis
2657 5265 2710 5311 et
2726 5256 2889 5312 Coisl.
2908 5254 3317 5312 secunduséxvé
3327 5272 3422 5325 μῃ.

1917 5330 2027 5400 (85)
2057 5330 2239 5383 ’Ὥστε
2283 5346 2379 5397 με·-
2434 5328 2742 5382 Pronomen
2792 5329 3033 5400 additum
3074 5342 3141 5380 ex
3191 5334 3429 5400 quatuor
3516 5357 3521 5363 -

1843 5394 1976 5455 mss.
2012 5394 2212 5455 Ibidem
2260 5394 2372 5455 tres
2404 5400 2623 5455 codices
2665 5398 3024 5457 vetustissimi
3062 5395 3265 5470 μεταξὺ
3298 5394 3430 5468 τρέ-

1845 5488 2013 5542 μοντα
2047 5471 2296 5542 redsse:

1912 5545 1929 5562 “
1960 5538 2110 5595 Alias
2143 5538 2396 5594 CXLVII.

1916 5615 1956 5635 ”
1991 5612 2139 5667 Alias
2164 5609 2438 5665 CXLVIII.
