3874 6218
448 66 471 167 ί

441 187 487 238 ll
1725 190 1781 245 S.
1803 189 2046 245 BASILII
2081 188 2294 245 MAGNI

3476 183 3626 241 1088

433 303 699 359 'ibenoum
738 312 935 359 tremo.
975 306 1131 372 Quod
1172 306 1219 362 si
1249 309 1536 375 remisisti,
1566 310 1916 379 quamobrem

2033 309 2309 381 γράφοντα
2345 306 2593 378 τρέμειν.
2628 303 2768 363 Ἀλλ’
2797 304 2846 357 εί
2877 302 2976 375 μὲν
2999 299 3240 372 ἀφῆκας,
3278 299 3333 352 τί
3363 299 3463 352 οὐκ
3490 300 3622 353 sm-

427 412 456 449 n
507 395 740 460 scribis,
792 397 1039 468 optime?
1084 399 1171 455 sin
1223 408 1408 458 autem
1465 403 1645 458 adhuc
1691 402 1930 467 retines,

432 487 580 557 quod
609 503 736 543 cum
785 488 858 545 ab
901 491 1052 545 omni
1099 492 1316 548 erudita
1368 494 1582 557 anima,
1625 505 1740 549 tum
1769 509 1799 548 a
1835 502 1930 549 tua

418 594 580 635 enum
634 587 758 647 est;
797 582 1074 653 quomodo
1126 600 1253 640 cum
1305 586 1430 643 aliis
1482 586 1746 656 przedices
1792 587 1928 641 iram

407 672 577 728 [solis
611 689 789 744 usque
816 690 1076 731 occasum
1108 679 1319 734 servari
1367 695 1478 735 non
1518 692 1809 750 oportere,
1871 689 1928 734 tu

408 778 495 818 am
524 779 621 834 per
650 766 851 823 multos
875 768 1018 823 soles
1043 770 1319 826 servasti?
1341 768 1481 825 Num
1504 768 1648 826 forte
1668 770 1930 826 damnum

393 854 478 909 ibi
540 856 745 914 inferre
792 860 1050 927 voluisti,
1112 863 1319 918 mellita
1376 871 1472 918 tua
1523 879 1660 920 voce
1711 863 1935 919 delrau-

387 948 523 1004 ans?
557 951 741 1013 Absit,
769 966 804 1006 ο
832 968 1099 1024 generose
1125 973 1138 1009 :
1167 953 1264 1010 sed
1292 954 1478 1010 animo
1512 956 1593 1012 sis
1623 955 1838 1026 placido
1866 968 1932 1008 ac

386 1039 464 1094 liti
490 1057 505 1105 ;
541 1049 597 1095 et
629 1042 885 1113 largiare,
910 1053 971 1100 ut
1001 1046 1186 1118 lingua
1213 1056 1330 1113 tua,
1354 1063 1477 1118 quae
1497 1056 1609 1103 tota
1629 1062 1796 1103 aurea
1818 1054 1923 1111 est,

378 1129 619 1189 erfruar.

673 1248 835 1322 457
863 1249 1199 1306 EPISTOLA
1242 1250 1515 1306 CCCXL"
1541 1255 1581 1305 ‘.

2040 399 2314 463 στέλλεις,
2363 397 2408 452 ὦ
2455 398 2679 471 aptate;
2711 397 2760 450 εί
2810 395 2869 450 δὲ
2916 394 2996 448 ἐτι
3029 393 3310 464 κατέχεις.
3356 391 3387 444 ὃ
3433 392 3623 460 πάσης

2037 493 2223 561 λογίας
2269 491 2446 563 ψυχῆς
2490 490 2587 544 καὶ
2632 490 2732 561 τῆς
2789 488 2890 558 σῆς
2938 488 3085 540 ἐστιν
3135 484 3443 556 ἀλλότριον,
3494 482 3623 547 πῶς

2035 584 2215 648 ἄλλοις
2266 583 2555 656 κηρύττων
2581 623 2597 649 ,
2636 585 2713 653 μὴ
2752 581 2949 652 χρῆναι
2985 577 3149 649 μέχρι
3191 574 3411 647 δυσμῶν
3459 574 3621 646 ἡλίου

2033 675 2214 746 λύπην
2242 674 2553 745 φυλάττειν,
2583 672 2746 736 αὐτὸς
2774 673 2836 725 ὲν
2870 668 3086 733 πολλοῖς
3109 667 3282 740 ήλίοις
3311 665 3623 739 ὲφύλαξαςς

2038 768 2111 821 Ἢ
2144 768 2287 839 τάχα
2325 765 2600 839 ζημιῶσαί
2644 782 2711 838 με
2758 763 3010 837 προείλου
3047 761 3183 833 (84),
3212 760 3312 832 τῆς
3353 759 3625 831 μελιχρὴ

2036 875 2131 912 σου
2172 858 2360 928 φωνῆς
2390 853 2744 927 ἀποστερῶν;
2774 854 2867 925 Μὴ
2899 851 2963 906 σύ
2990 868 3075 922 γε,
3109 844 3157 905 ὦ
3202 852 3435 920 γενναῖε,
3475 847 3628 902 ἀλλά

2035 951 2194 1020 γενοῦ
2221 952 2417 1022 πρᾶος,
2450 948 2545 1002 καὶ
2581 946 2671 1011 δὸς
2697 944 3004 1000 ἀπολαῦσαι
3034 943 3144 1015 (85)
3167 943 3266 1015 τῆς
3293 938 3623 1013 παγχρύσου

2035 1060 2131 1096 σου
2157 1040 2427 1113 γλώττης.

2543 1243 2891 1299 ΕΠΙΣΤΟΛΗ
2924 1246 3106 1302 TMB'.

1021 1365 1281 1427 Comparat
1306 1361 1520 1415 Basilius
1540 1370 1891 1428 praeacutam
1919 1358 2102 1412 Libanii
2120 1356 2377 1425 epistolam
2397 1370 2509 1408 cum
2530 1370 2644 1409 rosa
2661 1363 2707 1410 et
2732 1356 2905 1423 spinis.

873 1463 1112 1521 Basilius
1148 1465 1391 1522 Libanio.

413 1573 517 1642 Qui
552 1589 680 1630 rosa
711 1575 1089 1651 delectantur,
1116 1587 1179 1632 ut
1229 1593 1331 1648 par
1365 1588 1451 1634 est
1489 1579 1775 1649 elegantiae
1804 1585 1925 1635 stu-

339 1666 532 1722 diosos
583 1666 868 1733 delectari,
911 1684 981 1725 ne
1008 1669 1159 1739 ipsas
1186 1669 1410 1739 quidem
1453 1670 1665 1741 spinas,
1702 1684 1770 1725 ex
1809 1669 1927 1740 qui-

338 1756 442 1813 bus
474 1755 577 1812 llos
603 1757 908 1824 enascitur,
949 1759 1207 1814 oderunt.
1240 1759 1441 1815 Audivi
1483 1769 1664 1814 autem
1690 1773 1758 1814 ex
1785 1773 1924 1829 quo-

336 1849 484 1915 dam,
532 1865 658 1905 cum
709 1850 757 1906 is
805 1852 1264 1920 l‘ortassejocans
1298 1851 1381 1906 vel
1421 1852 1588 1905 etiam
1636 1851 1783 1905 serio
1814 1851 1922 1905 tale

336 1943 544 2013 aliquid
578 1944 647 1999 de
677 1945 822 2001 rosis
853 1945 1086 2008 diceret,
1111 1947 1280 2002 veluti
1323 1947 1624 2003 amatorios
1648 1946 1918 2017 quosdam

336 2036 591 2092 stimulos
635 2039 1000 2107 amatoribus,
1049 2041 1124 2093 ita
1157 2047 1352 2095 tenues
1388 2040 1511 2096 illas
1538 2040 1727 2111 spinas
1759 2047 1923 2094 natu-

333 2143 452 2183 ram
496 2128 616 2184 llori
659 2130 1002 2200 adjunxisse,
1038 2141 1096 2185 ut
1137 2132 1205 2187 ad
1249 2132 1429 2202 majus
1458 2132 1794 2189 desiderium
1834 2132 1922 2187 in-

335 2220 495 2276 nexis
532 2230 659 2292 apte
687 2224 896 2279 aculeis
926 2226 1171 2294 legentes
1202 2225 1608 2281 exstimularet.
1649 2225 1756 2280 Sed
1785 2225 1920 2295 quid

334 2312 441 2367 sibi
469 2314 586 2368 vult
626 2330 755 2371 rosa
788 2316 845 2371 in
877 2317 1091 2372 litteras
1126 2316 1650 2373 introducta‘lNibil
1692 2332 1921 2388 prorsus

334 2420 565 2463 necesse
591 2415 679 2462 est
707 2416 761 2463 te
786 2408 1033 2472 edoceri,
1065 2426 1190 2465 cum
1223 2410 1474 2479 epistola:
1503 2418 1612 2465 tuae
1653 2408 1922 2465 memine-

333 2498 412 2553 ris
444 2515 457 2552 :
488 2513 611 2569 quas
633 2499 821 2555 ﬂorem
864 2502 1086 2571 quidem
1133 2503 1369 2559 habebat
1403 2519 1567 2566 rosas,
1610 2511 1787 2558 totum
1819 2516 1920 2556 no-

333 2588 421 2642 bis
446 2587 815 2645 disertissima
848 2591 1036 2663 lingua
1066 2608 1161 2648 ver
1190 2593 1512 2665 expandens
1547 2614 1560 2650 :
1592 2594 1688 2650 sed
1719 2607 1919 2664 quere-

333 2680 404 2736 lis
426 2681 760 2751 quibusdam
796 2692 850 2739 et
880 2687 1425 2755 eapostulationibus
1468 2686 1761 2742 adversum
1790 2700 1916 2748 nos,

332 2772 560 2841 spinosa
592 2785 735 2830 erat.
768 2774 876 2831 Sed
904 2777 1039 2832 mihi
1071 2780 1342 2835 orationis
1371 2788 1477 2834 tuae
1511 2778 1595 2833 vel
1630 2778 1788 2847 spina
1821 2790 1919 2830 vo-

332 2861 528 2933 luptati
575 2873 700 2930 est,
768 2867 839 2921 ad
896 2868 1077 2939 majus
1118 2869 1377 2926 amicitia:
1432 2869 1771 2926 desiderium
1827 2867 1917 2922 in-

329 2952 642 3012 ﬂammans.

762 3072 1099 3131 EPISTOLA
1139 3073 1437 3131 CCCXL!"

2518 1462 2834 1529 Βασίλειος
2865 1464 3139 1530 Λιϐανίφ.

2101 1574 2164 1627 Οἱ
2212 1572 2352 1645 πρὸς
2398 1572 2461 1627 τὺ
2510 1573 2664 1644 ῥόδον
2714 1572 2931 1645 ἔχοντες
2953 1613 2968 1637 ,
3001 1574 3079 1639 ὡς
3113 1575 3243 1641 τοὺς
3290 1578 3628 1647 φιλοκάλους

2030 1665 2178 1730 εἰκὸς
2197 1706 2213 1732 ,
2244 1666 2364 1720 οὐδὲ
2392 1665 2532 1741 πρὸς
2583 1665 2754 1729 αὐτάς
2785 1665 2886 1730 τὰς
2923 1665 3166 1732 ἀκάνθας
3189 1709 3204 1734 ,
3235 1661 3311 1723 ὧν
3348 1670 3409 1724 τὸ
3453 1671 3628 1738 ἄνθος

2028 1758 2314 1829 ὲκφύεται,
2343 1757 2777 1830 δυσχεραίνουσι.
2812 1759 2925 1813 Καί
2950 1777 3099 1825 τινος
3132 1761 3343 1832 ηκουσα
3371 1762 3627 1820 τοιοῦτόν

2025 1865 2079 1901 τι
2112 1848 2243 1920 περὶ
2271 1847 2452 1902 αὐτῶν
2486 1847 2778 1912 παίζοντος
2803 1848 2946 1920 τάχα
2968 1889 2983 1908 ,
3010 1849 3044 1920 ἢ
3078 1851 3172 1903 καὶ⁹
3197 1851 3623 1919 σπουδάζοντος

2025 1942 2106 1995 ὅτι
2128 1981 2145 2006 ,
2176 1940 2432 2010 καθάπερ
2472 1941 2716 2011 ἐρωτικά
2738 1957 2860 1994 τινα
2887 1940 3165 2012 κνίσματα
3188 1946 3303 2007 τοῖς
3329 1945 3628 2014 ἐρασταῖς,

2022 2032 2123 2097 τάς
2153 2032 2356 2096 λεπτὰς
2386 2033 2602 2097 ὲκείνας
2635 2031 2928 2105 ἀκάνθαςὴ
2962 2032 3129 2103 φύσις
3163 2034 3241 2105 τῷ
3267 2034 3415 2089 ἄνθει
3449 2053 3631 2107 προσ-

2024 2125 2227 2196 έφυσε,
2284 2126 2423 2199 πρὸς
2476 2125 2701 2197 μείζονα
2762 2124 2931 2179 πόθον
2977 2129 3093 2190 τοῖς
3133 2125 3464 2198 εὐπλήκτοις
3500 2127 3631 2199 (86)

2023 2219 2275 2289 κέντροις
2324 2219 2453 2283 τοὺς
2499 2217 2869 2290 δρεπομένους
2924 2217 3343 2289 ὑπερεθίζουσα.
3386 2218 3454 2271 Τί
3491 2219 3633 2291 βού-

2020 2312 2171 2366 λεταί
2212 2329 2302 2382 μοι
2343 2310 2453 2381 (87)
2487 2311 2550 2364 τὸ
2596 2310 2748 2382 ῥόδον
2774 2353 2790 2379 ,
2821 2312 2935 2374 τοῖς
2961 2311 3287 2383 γράμμασιν
3316 2314 3629 2383 ἐπεισαγό-

2025 2420 2183 2474 μενον
2209 2420 2224 2469 ;
2256 2403 2484 2466 Πάντως
2511 2402 2665 2457 οὐδὲν
2689 2402 2771 2456 δεῖ
2795 2420 2856 2457 σε
2892 2403 3238 2476 διδαχθῆναι,
3274 2405 3374 2476 τῆς
3399 2407 3633 2461 ἐπιστο-

2019 2495 2120 2566 λῆς
2151 2494 2503 2566 μεμνημένον
2534 2495 2636 2564 τῆς
2665 2495 2801 2565 σῆς,
2843 2495 2879 2567 ἢ
2919 2496 2981 2549 τὸ
3017 2496 3118 2567 μὲν
3160 2495 3321 2561 ἄνθος
3368 2492 3485 2569 εἶχε
3514 2499 3631 2554 τοῦ

2023 2589 2179 2659 ῥόδου
2200 2629 2215 2652 ,
2247 2589 2368 2643 ὅλον
2409 2590 2543 2659 ἡμῖν
2579 2587 2641 2641 τὸ
2673 2586 2774 2660 ἔαρ
2817 2590 2884 2660 τῇ
2914 2588 3219 2660 εὐγλωττία
3252 2588 3364 2661 (88)
3414 2589 3627 2645 διαπε-

2018 2682 2236 2736 τάσασα
2260 2722 2275 2747 ,
2311 2680 2555 2753 μέμψεσι
2585 2680 2645 2735 δέ
2667 2697 2775 2733 τισι
2815 2681 2911 2735 καὶ
2935 2680 3247 2752 ἐγκλήμασι
3292 2679 3417 2734 καθ’
3449 2680 3630 2752 ήμῶν

2019 2772 2390 2844 ὲξηκάνθωτο.
2433 2773 2574 2827 Ἀλλ’
2606 2774 2731 2845 ἐμοὶ
2764 2773 2874 2828 τῶν
2910 2773 3020 2828 σῶν
3049 2774 3230 2843 λόγων
3267 2774 3391 2828 καθ’
3414 2774 3628 2846 ἡδονήν

2018 2866 2136 2919 ἐστι
2161 2865 2258 2918 καὶ⁸
2292 2866 2326 2937 ἠ
2353 2864 2605 2931 ἄκανθα,
2652 2864 2791 2938 πρὸς
2830 2864 3053 2937 μείζονα
3080 2864 3246 2920 πόθον
3288 2866 3390 2937 τῆς
3427 2865 3629 2937 φιλίας

2020 2954 2341 3013 ἐκκαίουσα.

2534 3072 2883 3127 ΕΠΙΣΤΟΛΗ
2916 3073 3094 3129 ΤΜΡ.

1471 3196 1653 3243 Laudat
1672 3191 1898 3242 Libanius
1928 3188 2105 3242 Basilii
2127 3189 2466 3254 eloquentiam.

865 3293 1122 3352 Libanius
1153 3296 1381 3352 Basilio.

402 3400 463 3458 Si
492 3403 596 3458 ista
633 3414 763 3461 sunt
808 3408 1010 3479 linguae
1040 3410 1285 3477 inculta,
1327 3409 1510 3479 qualis
1539 3425 1713 3474 esses,
1762 3408 1912 3463 illam

330 3492 376 3545 si
421 3497 684 3553 acueres?
713 3497 831 3553 Tuo
866 3501 1012 3555 enim
1063 3501 1119 3555 in
1169 3517 1266 3557 ore
1310 3503 1642 3572 eloquentia:
1672 3502 1916 3558 resident

331 3584 516 3643 fontes
551 3590 861 3646 rivulorum
895 3592 1121 3650 ﬂuentis
1162 3595 1580 3665 praestantiores
1608 3613 1621 3649 :
1651 3610 1754 3650 nos
1781 3610 1913 3650 vero

329 3677 436 3734 nisi
468 3680 715 3750 quotidie
743 3683 1061 3754 irrigemur,
1093 3695 1348 3755 superest
1371 3686 1680 3741 silentium.

748 3881 1087 3941 EPISTOI.A
1107 3885 1403 3943 CCCXLIV
1432 3892 1518 3943 “°.

2498 3296 2778 3363 Λιὸἁνιος
2821 3296 3138 3363 Βασιλείᾳ).

2090 3408 2154 3462 El
2186 3406 2359 3461 ταῦτα
2385 3406 2633 3478 γλώττης
2667 3408 3004 3481 ἀργοτέρας,
3051 3408 3136 3473 τίς
3177 3409 3245 3464 ἂν
3289 3408 3408 3481 εῐης
3439 3409 3627 3483 αὐτὴν

2019 3500 2230 3554 ἀκονῶν
2262 3516 2277 3565 ;
2318 3498 2422 3553 Σοῦ
2474 3500 2574 3572 μὲν
2619 3500 2731 3573 γὰρ
2778 3501 2889 3572 (89)
2936 3503 2996 3557 ὲν
3037 3503 3116 3575 τῷ
3167 3503 3398 3574 στόματι
3434 3504 3625 3573 λόγων

2019 3590 2229 3650 οἰκοῦσι
2299 3592 2517 3663 πηγαὶ,
2596 3591 2889 3664 κρείσσους
2957 3594 3218 3665 ναμάτων
3294 3596 3618 3667 ἐπιρροῆς·

2020 3685 2183 3754 ἡμεῖς
2212 3682 2269 3735 δὲ
2302 3684 2352 3735 εί
2408 3683 2483 3754 μὴ
2536 3682 2661 3736 καθ’
2706 3685 2921 3757 ἡμέραν
2972 3685 3309 3758 ἀρδοίμεθα,
3358 3686 3623 3742 λείπεται

2021 3776 2082 3829 τὸ
2114 3776 2294 3846 σιγᾷν.

2537 3891 2886 3945 ΕΠΙΣΤΟΛΗ
2924 3890 3099 3946 TMA'.

1036 4001 1251 4055 Basilius
1273 4003 1651 4058 inexcusabilem
1670 4020 1775 4060 esse
1797 4006 2046 4060 Libanium
2070 4005 2332 4071 contendit,
2350 4006 2394 4058 si
2412 4007 2478 4057 ad
2496 4021 2549 4058 se
2570 4021 2665 4058 non
2697 4006 2895 4059 scribat.

854 4089 1098 4146 Basilius
1129 4090 1366 4149 Libanio.

398 4174 478 4230 Ad
516 4174 885 4233 eruditionem
929 4187 1078 4233 tuam
1126 4190 1186 4234 ut
1234 4196 1345 4236 non
1397 4182 1599 4238 crebro
1643 4184 1907 4251 scribam,

327 4266 563 4323 suadent
602 4277 659 4324 et
686 4269 855 4325 timor
880 4279 935 4327 et
970 4271 1286 4344 imperitia:
1313 4274 1462 4345 quod
1500 4292 1633 4333 vero
1684 4289 1741 4332 tu
1776 4293 1911 4332 con-

326 4359 666 4416 stantissime
698 4360 853 4428 siles,
902 4364 1185 4434 quomodo
1230 4368 1719 4436 reprehensionem
1769 4369 1908 4425 eﬂ‘u-

324 4452 441 4522 gies
462 4452 487 4506 ‘l
507 4450 670 4519 Quod
702 4454 749 4509 si
784 4455 911 4525 quis
941 4466 1015 4519 te,
1041 4457 1096 4511 in
1125 4457 1325 4513 litteris
1354 4460 1653 4525 viventem,
1687 4461 1754 4516 ad
1776 4464 1907 4518 scri-

323 4541 563 4600 bendum
616 4545 834 4602 tardum
883 4563 1009 4603 esse
1063 4563 1129 4602 ac
1172 4549 1388 4620 pigrum
1432 4551 1901 4622 consideraverit;

323 4636 421 4690 tibi
448 4637 781 4695 oblivionem
821 4640 1000 4695 nostri
1037 4641 1301 4698 ascribet.
1326 4641 1460 4697 Nam
1496 4645 1585 4700 cui
1617 4645 1803 4701 dicere
1849 4647 1905 4702 in

321 4737 577 4801 promptu
610 4737 718 4797 est,
741 4732 790 4788 is
814 4747 917 4789 nec
938 4731 1007 4787 ad
1039 4733 1395 4790 scribendum
1421 4737 1745 4809 imparatus.
1778 4738 1908 4796 Haec

393 4951 572 5008 ‘Alias
605 4951 838 5010 CXLIX.

390 5025 430 5046 "
465 5024 616 5078 Alias
644 5024 752 5078 CL.

392 5095 455 5115 “'
486 5096 638 5149 Alias
667 5095 793 5152 CLI.

387 5162 502 5233 (84)
533 5167 848 5238 ῌροείλου.
879 5166 1023 5223 Editi
1054 5177 1179 5238 post
1209 5169 1351 5223 hanc
1375 5186 1562 5226 vocem
1594 5173 1801 5228 addunt
1821 5192 1902 5228 τι-

321 5235 619 5312 μῳρεῖσθαί
650 5254 716 5312 με
748 5237 967 5312 βρύλειλ
993 5235 1117 5309 quae
1150 5240 1348 5295 desunt
1380 5242 1432 5295 in
1478 5244 1734 5299 omnibus
1763 5261 1896 5300 mss.
1928 5296 1939 5312 ,

318 5375 350 5426 λ
391 5304 500 5390 (85)
544 5304 927 5366 Ἀπολαῦσαι.
953 5304 1029 5362 Ita
1056 5324 1149 5365 sex
1183 5328 1312 5366 mss.
1339 5312 1577 5368 codices.
1609 5315 1746 5368 liditi
1769 5317 1902 5369 ἁπο-

352 5392 524 5426 αυειν.

352 5392 930 5520 Ὗὲθΐεύπλήκτοις.
964 5448 1274 5520 Legendum
1307 5453 1522 5508 videtur
1560 5454 1896 5520 εὐπλέκτοις.

320 5510 926 5594 lies.-'primus_'babet
959 5510 1276 5594 ἀπλήκτοις.
1330 5522 1461 5594 Reg.
1514 5510 1815 5581 secundus,
1847 5510 1901 5579 Et

321 5584 802 5645 L‘oisLsecundus
854 5584 1177 5660 ἀπράκτοις,
1212 5610 1333 5662 qua:
1383 5584 1655 5666 scriptura
1696 5597 1900 5652 arridet

2494 4095 2815 4161 Βασίλειος
2848 4095 3123 4162 Λιϐανίῳ.

2089 4187 2163 4242 Τὸ
2215 4187 2290 4260 μὴ
2343 4185 2585 4258 συνεχῶς
2632 4203 2700 4257 με
2737 4186 2974 4258 γράφειν
3012 4187 3149 4258 πρὸς
3192 4187 3293 4257 τὴν
3337 4187 3440 4259 σὴν
3475 4191 3620 4244 παί-

2014 4281 2194 4335 δευσιν
2213 4320 2227 4346 ,
2260 4279 2506 4334 πείθουσι
2536 4280 2597 4332 τό
2637 4295 2699 4332 τε
2726 4278 2848 4343 δέος
2877 4278 2975 4332 καὶ
3010 4280 3043 4350 ή
3072 4278 3282 4349 ἀμαθία
3306 4295 3322 4308 ·
3359 4280 3425 4333 τὸ
3458 4281 3520 4334 δέ
3550 4299 3619 4337 σι

2013 4373 2467 4447 καρτερικώτατα
2524 4373 2775 4444 σιωπᾷν,
2830 4370 2882 4425 τί
2929 4372 3031 4443 τῆς
3076 4371 3341 4443 μέμψεως
3377 4370 3621 4447 ἐξαιρή-

2014 4480 2208 4529 σεται;
2260 4464 2325 4518 Εἰ
2379 4463 2438 4517 δέ
2488 4479 2574 4526 τις
2626 4461 2907 4532 λογίσαιτο
2953 4463 3015 4516 τὸ
3064 4463 3159 4516 καὶ
3213 4465 3271 4517 ἐν
3312 4462 3498 4532 λόγοις
3549 4482 3618 4519 σε

2014 4554 2235 4627 βιοῦντα
2308 4555 2486 4609 ὀκνεῖν
2559 4554 2942 4617 ἐπιστέλλειν.
3011 4553 3443 4625 καταψηφιεῖται
3507 4574 3617 4610 σου

2013 4648 2182 4721 λήθην
2213 4648 2313 4720 τὴν
2344 4647 2484 4720 πρὸς
2529 4649 2700 4720 ἡμᾶς.
2734 4641 2805 4719 τῼ
2844 4648 2954 4718 γὰρ
2981 4648 3043 4700 τὸ
3070 4647 3251 4716 λέγειν
3283 4648 3614 4721 πρόχειρον,

2014 4742 2111 4796 καὶ
2159 4742 2221 4796 τὸ
2279 4740 2619 4796 ἐπιστέλλειν
2664 4741 2769 4795 οὐκ
2820 4741 3128 4812 ἀνέτοιμον.
3197 4741 3255 4795 '0
3311 4741 3372 4795 δὲ
3427 4740 3615 4797 ταῦτα

2011 4963 2364 5027 Combeﬁsio,
2397 4979 2462 5017 ac
2486 4962 2825 5019 reddendum
2850 4970 3027 5034 putat,
3054 4963 3267 5034 Aculeis
3290 4980 3448 5019 casso
3481 4966 3611 5020 vul—

2012 5051 2132 5088 nere
2155 5034 2555 5089 deterrentibus.
2590 5035 2759 5090 Coisl.
2787 5033 2997 5105 primus
3029 5033 3347 5105 ἀπλήστοις.

2085 5106 2197 5175 (87)
2234 5106 2293 5159 'I‘l
2307 5106 2602 5170 βούλεταί
2617 5122 2742 5173 μοι,
2766 5102 2881 5175 etc.
2923 5102 3064 5156 Editi
3091 5104 3144 5156 τί
3164 5102 3274 5174 ’μοι
3313 5103 3377 5174 δὴ
3409 5103 3610 5174 βούλε-

2011 5192 2100 5247 ται
2120 5174 2245 5247 τοῖς
2277 5176 2568 5247 γράμμασι
2599 5175 2661 5228 τὸ
2696 5174 2845 5246 ῥόδον
2878 5174 3334 5247 ὲπεῃισαγόμενονς
3370 5175 3610 5242 Πάνθεια,-

2009 5244 2408 5326 οὺδένησε-χρήξ
2436 5244 2851 5326 Q‘uatuor‘mss.
2879 5253 2940 5298 ut
2971 5244 3023 5297 in
3061 5253 3234 5326 textu;

2082 5316 2205 5437 (88)ί
2227 5313 2327 5383 Τῆ
2349 5313 2697 5386 ἐὺγλωττίᾳ.
2734 5314 2825 5371 Sic
2864 5331 2999 5370 mss.
3036 5330 3152 5370 sex.
3209 5313 3349 5369 Editi
3377 5319 3483 5388 τῆς
3512 5319 3610 5371 εὐ-

2082 5404 2185 5437 ωττ
2209 5404 2293 5437 ας.

2045 5387 2293 5440 λωττίας.

2008 5404 2345 5526 γΛῖἓῧιέξοῦ
2378 5457 2497 5526 μὲν
2531 5458 2661 5526 γάρ.
2699 5453 3017 5511 Harlzcauus
3046 5463 3100 5526 et
3144 5454 3486 5524 Anglicanus
3519 5459 3604 5512 σοὶ

2013 5523 2110 5598 μὲν
2137 5523 2267 5597 γάρ.
2305 5523 2450 5598 infra
2482 5523 2932 5598 όόεέινὲπιρῤοῆς
2957 5527 3012 5598 i_n
3047 5523 3308 5581 Medicum
3340 5536 3400 5582 et
3425 5529 3599 5584 Coisl.

2009 5595 2272 5653 Secundo.
2306 5596 2509 5654 Ibidem
2531 5597 2664 5654 editi
2689 5595 2821 5668 ἡμῖν
2841 5595 2916 5649 δέ.
2951 5595 3054 5651 Sex
3088 5612 3221 5652 mss.
3252 5604 3314 5651 ut
3343 5599 3401 5653 in
3424 5607 3598 5655 textu.
