3874 6218
97 327 248 382 1089
991 314 1476 373 ΕιιιδτυιΑιιυιι
1509 310 1898 370 CLASSISIII.
1933 307 2148 362 EPIST.
2182 303 2478 362 CCCXLV.
3234 291 3374 351 1090

97 443 477 516 κεκτημένος,
531 438 652 495 εἶτα
704 440 904 509 σιγῶν,
955 437 1177 510 εὔδηλον
1210 437 1286 500 ὡς
1334 433 1608 506 ὑπεροψίᾳ
1651 431 1722 502 ἢ,

1830 437 1977 484 utem
2008 428 2102 498 qui
2127 426 2393 497 possidet,
2432 434 2487 478 et
2507 429 2690 476 tamen
2721 420 2870 479 silet.
2899 415 3256 488 perspicumn
3289 423 3376 469 est

99 504 472 609 lﬁﬂn'aoﬁto
504 537 671 589 ποιεῖ.
719 504 860 602 Ἐγὼ
893 531 950 584 δέ
1008 504 1104 583 σου
1150 528 1251 600 τὴν
1289 504 1502 597 σιωπήν
1533 523 1692 594 ἀμεί-

1832 537 1923 575 um
1966 527 2062 575 aut
2100 535 2167 574 ex
2216 524 2540 586 contemptu
2583 521 2680 568 aut
2717 528 2785 568 ex
2834 510 3115 566 oblivione
3161 507 3268 561 hoc
3297 504 3382 559 fa-

99 602 284 697 ψομάι
316 629 639 697 προσρήσει.
699 625 873 696 Χαῖρε
922 621 1104 675 τοίνυν
1136 660 1151 682 ,
1214 617 1553 689 τιμιώτατε,
1601 613 1695 667 καὶ⁹

1832 629 1944 671 ere.
1975 611 2088 682 Ego
2137 618 2320 665 autem
2353 608 2576 664 silentio
2620 613 2718 660 tuo
2751 602 3138 660 salutationem
3191 611 3382 668 repen-

103 688 294 790 γρᾶφε
343 688 392 770 έῖ
448 688 656 787 ῥοδλοιο
687 731 700 746 ⁸
752 688 849 770 καί).
900 714 975 786 μὴ
1026 712 1248 783 γράφε,
1279 688 1352 763 ἀεί
1406 706 1564 762 τοῦτό
1611 722 1694 758 σοι

1830 708 1947 758 iam.
1984 703 2148 757 Salve
2183 701 2389 771 itaque,
2419 700 2506 755 vir
2533 697 2789 768 inprimis
2826 693 3079 758 colendo,
3110 697 3164 746 et
3195 688 3380 745 scribe

107 785 458 883 «magna.
964 785 971 786 ί
1801 797 1849 852 si
1874 795 2115 851 volueris
2148 811 2162 848 :
2193 802 2250 848 et
2280 808 2348 846 ne
2389 791 2628 854 scribas,
2661 789 2714 844 id
2753 789 2800 844 si
2839 787 2938 842 tibi
2972 786 3049 840 ita
3084 785 3374 855 placuerit.

2233 951 2571 1008 EPISTOLA
2611 949 2789 1011 CCCX
2798 948 2882 1002 LV
2909 953 2948 1004 ‘.

108 1107 160 1156 N
171 1116 262 1154 unc
277 1098 489 1166 primum
517 1097 737 1151 Libanius
761 1096 924 1166 scribit
951 1096 1148 1166 Basilio.
1175 1093 1394 1166 lifeminit
1411 1107 1462 1144 se
1482 1089 1756 1166 olimjllius
1781 1089 1971 1166 eloquio
1995 1088 2136 1166 valde
2153 1081 3033 1166 delectfitlttntksed-tamenfliguanda
3054 1079 3289 1146 injuriam
3319 1078 3384 1131 ab

622 1145 975 1225 aigilepes;
985 1145 1120 1223 q'itbd‘
1139 1145 1190 1210 se
1215 1145 1264 1207 in
1286 1157 1583 1222 profundum
1600 1153 1852 1205 Homericr
1870 1145 2058 1216 furoris
2083 1157 2280 1216 rogatus
2300 1148 2606 1199 introducere
2627 1145 2870 1195 noluisset.

619 967 966 1022 ΕΠΙΣΤΟΛΗ
1009 964 1192 1021 ΤΜΕ’.

599 1294 874 1361 Λιϐάνιος
906 1292 1223 1358 Βασιλείῳ.

2332 1277 2590 1332 Libanius
2621 1273 2850 1328 Basilio.

193 1434 413 1492 Μᾶλλον
468 1433 550 1487 ὅτι
615 1430 692 1502 μὴ
741 1430 911 1484 πάλαι
966 1445 1049 1482 σοι
1108 1426 1345 1498 γράφειν
1403 1423 1698 1497 ἠρξάμην,

1879 1417 2052 1488 Magis
2084 1414 2324 1469 arbitror
2357 1412 2489 1466 mihi
2515 1427 2654 1482 opus
2685 1426 2808 1466 esse
2837 1410 3215 1473 excusatione,
3237 1408 3389 1480 quod

108 1524 273 1598 οἶμαί
315 1543 406 1597 μοι
439 1525 549 1579 δεῖν
587 1521 886 1590 ἀπολογίας
906 1561 922 1584 ,
951 1519 984 1591 ἢ
1024 1519 1122 1572 νῦν
1164 1517 1550 1588 παραιτήσεως
1570 1553 1585 1579 ,
1617 1515 1700 1567 ὅτι

1830 1525 1915 1564 Ion
1961 1508 2092 1563 olim
2137 1505 2206 1560 ad
2253 1513 2305 1559 te
2351 1505 2596 1559 scribere
2651 1503 2997 1572 incmperim,
3031 1517 3197 1572 quam
3243 1517 3391 1557 nunc

109 1592 279 1674 τοῦτο
315 1592 425 1689 (90)
466 1618 638 1670 ποιεῖν
689 1613 964 1685 ἠρξάμην.
1028 1609 1169 1680 Ἐγὼ
1228 1610 1336 1680 γὰρ
1385 1609 1592 1668 ἐκεῖνος
1620 1648 1634 1670 ,
1672 1606 1701 1657 ό

1830 1600 2176 1660 'ecusationc,
2208 1596 2355 1666 quod
2383 1595 2630 1650 scribere
2666 1594 2946 1663 incipiam.
2976 1592 3089 1663 Ego
3119 1593 3265 1648 enim
3300 1594 3393 1648 ille

112 1712 439 1786 προσθέων,
475 1709 637 1764 ὁπότε
685 1707 946 1777 φανείης,
991 1705 1086 1759 κα)⁵
1119 1704 1194 1766 ὡς
1245 1702 1436 1772 ἥδιστα
1484 1698 1700 1768 ὑπέχων

1830 1709 1952 1755 .mn,
1979 1691 2072 1762 qui
2103 1689 2483 1754 accurrebam,
2509 1686 2677 1759 458
2697 1686 2915 1756 quoties
2940 1686 2997 1739 in
3031 1693 3391 1755 conspectum

111 1778 189 1862 τά
221 1799 338 1859 ὦτα
367 1803 446 1875 τῷ
477 1801 710 1876 ῥεύματι
760 1800 858 1870 τῆς
891 1795 1138 1866 γλώττης
1157 1834 1172 1858 ,
1208 1795 1302 1848 καὶ
1333 1791 1584 1860 λέγοντος
1620 1789 1708 1841 εύ-

1830 1784 2084 1847 irodires,
2107 1793 2162 1837 et
2189 1797 2350 1852 quam
2392 1780 2723 1836 suavissime
2747 1793 2910 1833 aures
2948 1778 3256 1848 prmbebam
3283 1779 3392 1833 lino

115 1870 519 1971 φραινάμεχὲοέ,
562 1870 658 1946 καὶ
697 1890 850 1962 μόλις
890 1885 1398 1956 ἀπαλλαττόμενος,
1443 1881 1540 1936 καὶ
1570 1879 1706 1952 πρὸς

1830 1892 1928 1948 ςιιεε
1969 1875 2214 1939 ﬂuentis,
2244 1882 2406 1944 teque
2433 1874 2652 1928 dicente
2685 1870 3022 1936 delectabar,
3065 1871 3266 1941 vixque
3300 1887 3395 1927 se-

113 1991 252 2053 τοὺς
294 1987 542 2058 ἑταίρους
572 1983 750 2051 λέγων
770 2022 785 2046 ,
819 1979 894 2044 ὡς
933 1973 1102 2040 Οὗτος
1130 1977 1269 2050 ἀνὴρ
1305 1975 1546 2044 τοσούτῳ
1578 1973 1711 2027 καλ-

117 2081 256 2134 λίων
311 2078 421 2133 τῶν
483 2074 750 2147 Ἀχελῴου
804 2070 1121 2142 θυγατέρων
1146 2109 1161 2133 ,
1219 2070 1329 2138 ὅσῳ
1377 2067 1556 2136 θέλγει
1611 2065 1710 2136 μὲν

118 2167 272 2245 ᾗπερ
302 2167 410 2238 (91)
447 2167 653 2220 ἐκεῖναι
680 2203 694 2228 ,
739 2162 967 2234 βλάπτει
997 2161 1055 2214 δὲ
1105 2161 1203 2230 οὐχ
1255 2159 1443 2230 ὤσπερ
1479 2159 1708 2212 ἐκεῖναι.

117 2263 238 2316 Καὶ
272 2261 466 2333 μικοόν
495 2276 559 2329 γε
590 2258 651 2311 τὸ
709 2256 784 2328 μὴ
819 2256 1112 2327 βλάπτεινο
1154 2252 1270 2306 ἀλλ’
1305 2253 1388 2305 ὅτι
1440 2251 1508 2305 τὰ
1555 2250 1712 2304 τοῦδε

125 2356 271 2428 μέλη
313 2351 505 2425 κέρδόξ
541 2350 620 2423 τῷ
667 2349 970 2420 δεξαμένῳ.
1014 2347 1120 2400 Τὸν
1162 2341 1255 2399 οῦν
1306 2343 1478 2407 οὕτως
1521 2340 1716 2413 ἔχοντά

127 2465 200 2519 με
230 2445 457 2516 γνώμης
483 2482 498 2507 ,
530 2441 820 2513 νομίζοντα
852 2439 909 2492 δὲ
948 2440 1044 2492 καὶ
1091 2435 1362 2507 φιλεῖσθαι
1382 2477 1398 2502 ,
1437 2435 1616 2504 λέγειν
1657 2435 1716 2488 δὲ

123 2537 392 2593 δοκοῦντα
434 2535 509 2608 μὴ
557 2533 764 2604 τολμᾷν
806 2529 1177 2595 ἐπιστέλλειν,
1225 2528 1459 2598 ἐσχάτης
1493 2525 1713 2599 ἀργίας,

123 2631 226 2685 καὶ
253 2629 398 2683 τοῦτ’
433 2627 500 2682 ἂν
533 2626 618 2698 εἴη
653 2625 771 2696 ἅμα
819 2622 1146 2695 ζημιοῦντος
1186 2621 1350 2675 αὐτόν
1379 2619 1513 2690 (92).
1546 2618 1716 2690 Δῆλον

125 2723 274 2794 γὰρ,
309 2722 386 2785 ὡς
419 2719 624 2791 ἀμείψῃ
659 2735 758 2790 μου
784 2718 884 2788 τὴν
918 2714 1207 2786 ἐπιστολὴν
1235 2713 1333 2784 τὴν
1384 2710 1590 2782 μικράν
1621 2711 1718 2764 καὶ⁵

127 2815 346 2886 φαύλην
379 2813 520 2884 καλῇ
558 2829 618 2865 τε
648 2813 744 2865 καὶ
777 2809 986 2882 μεγάλῃ
1009 2847 1024 2868 ,
1053 2808 1149 2861 καὶ
1175 2803 1388 2876 φυλάξῃ
1416 2803 1609 2874 δήπου,
1641 2803 1715 2874 μή

131 2924 204 2978 με
262 2907 356 2960 καὶ
410 2905 666 2975 δεύτερον
699 2902 912 2972 άδικῇς.
957 2896 1124 2969 Οἶμαι
1174 2896 1282 2966 γάρ
1318 2894 1432 2966 (95)
1486 2893 1719 2956 πολλοὺς

128 2997 428 3070 βοήσεσθαι
479 2995 616 3067 πρὸς
649 2994 712 3047 τὸ
765 2993 917 3064 ῥῆμα
965 2991 1058 3044 καὶ
1102 2985 1531 3059 περιστήσεσθαι
1580 2984 1720 3056 πρὸς

127 3090 204 3144 τὰ
230 3089 534 3160 πράγματα
565 3084 936 3156 κεκραγόταςο
967 3079 1248 3143 Βασίλειος
1272 3076 1500 3150 ἠδίκηκέ
1528 3094 1581 3129 τι
1611 3075 1718 3129 κᾶν

133 3180 410 3252 σμικρόν;
461 3176 657 3231 οὐκοῦν
711 3177 808 3230 καὶ
854 3173 1090 3238 Αἰακὸς,
1144 3172 1240 3226 καὶ
1285 3169 1508 3234 Μίνως,
1554 3168 1649 3222 καὶ
1690 3168 1719 3220 ὁ

130 3270 331 3325 τούτου
362 3269 419 3322 δέ
450 3268 694 3338 ἀδελφός.
734 3265 875 3335 Ἐγὼ
910 3266 967 3319 δέ
1008 3282 1066 3317 σε
1108 3266 1174 3334 τῇ
1214 3263 1311 3334 μὲν
1343 3259 1478 3332 ἄλλῃ
1510 3275 1720 3329 νενικη-

133 3363 294 3415 κέναι
322 3359 590 3432 συγχωρῶ
610 3377 624 3390 ’
655 3359 740 3422 τίς
768 3359 824 3411 δὲ
861 3356 984 3411 ἰδών
1022 3355 1080 3409 τέ
1109 3371 1168 3407 σε
1190 3394 1204 3418 ,
1239 3353 1332 3407 καὶ
1374 3353 1434 3405 οὐ
1465 3349 1674 3421 φθονῶν
1702 3365 1717 3414 ;

141 3454 242 3506 Ἐν
271 3452 329 3505 δέ
354 3451 406 3506 τί
444 3469 526 3504 σοι
559 3448 912 3522 ἡμαρτῆσθαι
951 3447 1088 3518 πρὸς
1122 3445 1268 3516 ἡμᾶς
1289 3484 1302 3508 ,
1340 3442 1442 3496 κάν
1476 3459 1535 3494 σε
1575 3439 1718 3492 τοῦτ’

135 3545 478 3615 ἀναμνήσω,
540 3540 694 3594 πεῖθε
745 3540 870 3602 τοὺς
928 3535 1371 3606 ἀγανακτοῦντας
1431 3535 1505 3605 μὴ
1570 3533 1720 3604 βοᾷν.

137 3633 333 3696 Οὐδείς
368 3649 448 3685 σοι
495 3629 812 3702 προσελθὼν
867 3629 964 3682 καὶ
1008 3626 1170 3698 χάριν
1205 3624 1536 3695 ἐπαγγείλας
1576 3623 1720 3693 (94),

138 3727 208 3799 ἢν
233 3725 417 3779 δοῦναι
452 3726 648 3796 ῥᾷστον
669 3762 683 3787 ,
710 3723 915 3794 ἀτυχὴς
944 3719 1208 3791 ἀπῆλθεν.
1244 3720 1374 3790 Εἰμὶ
1406 3718 1584 3771 τοίνυν
1611 3717 1720 3788 (95)

140 3817 251 3871 τῶν
288 3815 448 3888 χάριν
478 3814 820 3885 αἰτησάντων
851 3813 979 3884 μὲν,
1006 3813 1066 3865 ού
1101 3811 1376 3865 λαϐόντων
1414 3809 1490 3864 δέ.
1529 3809 1594 3862 Τί
1630 3803 1723 3861 οῦν

139 3912 347 3981 ᾖτουνς
381 3906 648 3969 Πολλάκις
675 3906 732 3959 ἐν
781 3905 1094 3976 στρατηγίῳ
1130 3903 1242 3975 (96)
1275 3920 1357 3956 σοι
1388 3900 1724 3970 συγγενόμε-

140 4017 268 4065 νος,
298 3997 607 4071 ἠϐουλήθην
638 3997 749 4069 (97)
785 3996 874 4051 διὰ
913 3997 1014 4066 τῆς
1052 3996 1154 4065 σῆς
1188 3995 1382 4065 σοφίας
1413 3996 1491 4057 είς
1521 3993 1582 4046 τὸ
1627 3992 1725 4063 βάο

142 4089 238 4152 θος
265 4088 368 4158 τῆς
408 4088 648 4160 Ὀμήρου
695 4085 892 4156 μανίας
937 4085 1218 4139 εἰσελθεῖν.
1253 4086 1316 4137 Εἰ
1344 4084 1401 4137 δὲ
1439 4083 1501 4136 τὺ
1531 4084 1636 4136 πᾶν
1664 4082 1724 4135 οὐ

141 4179 400 4243 δυνατὸν,
432 4177 497 4231 σὺ
549 4177 606 4230 δὲ
637 4176 754 4231 ἀλλ’
793 4177 874 4239 εἰς
922 4175 1086 4247 μέρος
1141 4176 1287 4246 ἡμᾶς
1322 4172 1584 4242 εἰσάγαγε
1630 4171 1724 4225 τοῦ

144 4272 376 4342 κλήρου.
410 4269 626 4339 Μέρους
653 4269 711 4321 δὲ
747 4267 1093 4340 ἐπεθύμουν,
1126 4267 1184 4320 ἐν
1221 4258 1266 4334 ᾧ
1307 4265 1414 4319 τῶν
1457 4265 1727 4335 Ἐλλήνων

144 4361 338 4424 κακῶς
386 4361 744 4433 πεπραχότων
793 4361 939 4431 (98),
990 4361 1048 4415 ὃν
1101 4359 1322 4432 ὕϐρισεν
1367 4359 1728 4432 Ἀγαμέμνων

1810 1971 2095 2032 cedebam,
2132 1977 2300 2038 atque
2325 1967 2393 2021 ad
2426 1965 2646 2021 sodales
2674 1963 2922 2019 dicebam
2955 1981 2967 2017 :
3002 1962 3104 2017 llic
3137 1963 3219 2018 vir
3241 1969 3396 2017 tanto

1811 2061 2164 2130 praestantior
2205 2058 2429 2113 Acheloi
2481 2057 2720 2118 ﬁliabus,
2759 2063 2968 2126 quanto
3018 2056 3223 2111 mulcet
3267 2055 3397 2126 qui-

1811 2153 1935 2208 dem
1969 2163 2028 2207 ut
2059 2152 2180 2214 illa,
2238 2166 2341 2205 nec
2376 2157 2559 2204 tamen
2594 2156 2656 2202 ut
2688 2149 2796 2203 illae
2829 2149 2998 2202 lazdit.
3033 2147 3100 2201 Et
3127 2163 3263 2204 sane
3296 2162 3397 2218 pa-

1813 2260 1938 2298 rum
1991 2252 2076 2298 est
2115 2259 2224 2297 non
2277 2242 2495 2306 laedere,
2551 2241 2662 2294 imo
2709 2240 2860 2296 illius
2907 2241 3200 2296 cantilenae
3239 2241 3397 2295 lucro

1815 2343 1946 2392 sunt
1987 2333 2251 2390 audienti.
2285 2333 2423 2388 Cum
2469 2331 2636 2403 igitur
2663 2332 2738 2386 ita
2783 2332 2888 2385 sim
2921 2333 3110 2387 animo
3139 2331 3393 2397 affectus,

1815 2442 2011 2498 meque
2040 2426 2194 2496 diligi
2225 2425 2540 2480 existimem
2571 2433 2626 2480 et
2655 2424 2876 2478 dicendi
2907 2423 3170 2480 facultate
3194 2427 3397 2496 praadi-

1817 2527 1908 2574 tus
1953 2519 2167 2582 videar,
2198 2517 2444 2573 scribere
2476 2533 2584 2572 non
2632 2517 2834 2572 audere
2878 2525 3142 2573 extremae
3184 2518 3402 2574 inertiae

1818 2609 2006 2674 fuerit,
2034 2609 2310 2678 simulque
2335 2607 2578 2662 hominis
2613 2607 2829 2677 sibiipsi
2855 2606 3118 2662 damnum
3154 2607 3402 2665 inferen—

1818 2702 1910 2755 tis.
1948 2699 2144 2771 Liquet
2174 2701 2319 2754 enim
2355 2697 2493 2764 fore,
2542 2709 2602 2752 ut
2636 2714 2814 2754 meam
2840 2700 3131 2769 epistolam
3172 2715 3401 2770 parvam

1819 2799 1873 2847 et
1905 2792 2067 2846 vilem
2094 2791 2321 2860 pulchra
2343 2798 2399 2845 et
2422 2789 2617 2861 grandi
2646 2791 3042 2854 remunereris,
3074 2805 3400 2860 caveasque,

1821 2900 1891 2940 ne
1921 2885 2056 2938 mihi
2087 2885 2288 2939 iterum
2319 2883 2580 2953 injuriam
2620 2881 2814 2937 facias.
2861 2881 3126 2952 Equidem
3165 2882 3405 2938 arbitror

1823 2977 2026 3034 multos
2054 2976 2467 3031 exclamaturos
2496 2989 2622 3029 esse
2646 2973 2713 3028 ad
2741 2973 2846 3028 hoc
2868 2974 3116 3038 verbum,
3145 2983 3199 3030 et
3227 2975 3295 3030 ad
3317 2990 3405 3031 res

1823 3070 1973 3139 ipsas
2017 3083 2412 3132 concursuros,
2448 3066 2856 3122 vociferantes:
2895 3067 3208 3125 Basiliusne
3260 3069 3406 3140 inju-

1820 3163 1959 3216 riam
1999 3162 2084 3216 vel
2113 3162 2286 3217 levem
2327 3161 2552 3216 intulit?
2584 3160 2727 3232 Ergo
2753 3169 2808 3216 et.
2848 3160 3077 3228 Eacus,
3107 3170 3163 3218 et
3201 3160 3406 3227 Minos,

1820 3265 1876 3311 et
1908 3256 2069 3326 hujus
2113 3255 2302 3310 frater.
2333 3255 2449 3326 Ego
2492 3263 2674 3310 autem
2708 3263 2761 3309 te
2808 3255 2864 3309 in
2912 3256 3140 3325 reliquis
3185 3255 3408 3326 quidem

1821 3349 2086 3402 victorem
2119 3347 2294 3402 fuisse
2345 3347 2630 3412 concedo;
2687 3347 2812 3417 quis
2855 3347 3001 3402 enim
3055 3355 3108 3402 te
3155 3348 3311 3413 vidit,
3353 3354 3408 3404 et

1821 3451 1933 3492 non
1963 3436 2205 3491 invidit?
2236 3435 2342 3491 Sed
2375 3444 2558 3490 tamen
2605 3452 2775 3490 unum
2807 3435 2860 3488 in
2892 3450 2995 3489 nos
3035 3437 3300 3505 peccasti.
3333 3435 3409 3493 De

1823 3543 1934 3598 quo
1965 3527 2187 3597 quidem
2227 3528 2272 3581 si
2303 3535 2355 3580 te
2385 3525 2736 3590 admoneam,
2769 3526 3042 3595 persuade
3073 3527 3409 3598 indignanti-

1824 3620 1928 3675 bus
1970 3626 2030 3672 ut
2077 3634 2147 3673 ne
2181 3619 2580 3673 vociferentur.
2635 3616 2807 3672 Nemo
2855 3626 2940 3673 est
2981 3619 3074 3687 qui
3115 3626 3167 3672 te
3208 3633 3410 3674 conve-

1825 3712 1987 3767 niens
2012 3725 2077 3766 ac
2118 3709 2450 3766 beneﬁcium
2490 3718 2707 3780 petens,
2753 3713 2900 3781 quod
2935 3711 3054 3765 dari
3087 3711 3251 3767 facile
3275 3728 3410 3784 pos-

1826 3806 1920 3869 sit,
1963 3804 2077 3858 voti
2103 3819 2332 3874 compos
2372 3819 2482 3858 non
2515 3803 2731 3858 abierit.
2766 3803 2933 3874 Atqui
2973 3819 3077 3873 ego
3109 3820 3177 3859 ex
3212 3820 3409 3861 eorum

1826 3911 2062 3954 numero
2109 3911 2257 3961 sum,
2307 3897 2402 3967 qui
2453 3896 2779 3952 beneficium
2826 3896 3106 3966 petierunt
3167 3899 3409 3968 quidem,

1827 3991 1925 4048 sed
1954 4006 2065 4045 non
2097 3998 2455 4060 acceperunt.
2488 3989 2635 4056 Quid
2669 3989 2837 4060 igitur
2867 3991 3180 4060 postulavi?
3206 3992 3412 4047 Tecum

1828 4085 1881 4140 in
1919 4084 2177 4155 praetorio
2227 4098 2353 4138 cum
2389 4098 2534 4152 sazpe
2562 4099 2834 4147 versarer,
2880 4085 3067 4154 optavi
3093 4094 3152 4139 ut
3201 4085 3414 4156 sapien-

1830 4179 1918 4232 tiae
1949 4185 2055 4232 tuae
2073 4191 2177 4247 ope
2202 4176 2257 4230 in
2296 4174 2632 4246 profundum
2669 4173 2947 4231 Homerici
2982 4174 3190 4232 furoris
3235 4176 3413 4232 intro-

1831 4269 1987 4324 irem.
2013 4267 2166 4334 Quod
2197 4267 2266 4331 si,
2291 4267 2530 4332 aiebam,
2559 4273 2735 4320 totum
2767 4266 2822 4321 id
2841 4265 3032 4336 perﬁci
3064 4281 3173 4321 non
3202 4275 3409 4338 potest,

1831 4368 1887 4414 at
1913 4367 1971 4414 tu
1996 4367 2180 4414 tamen
2209 4359 2264 4412 in
2299 4367 2510 4430 partem
2552 4360 2723 4415 sortis
2752 4374 2856 4414 nos
2887 4359 3237 4417 introducas.
3275 4359 3414 4415 Con-

145 4453 449 4524 ἐθεράπευε
486 4451 700 4525 δώροις.
753 4450 919 4505 Ταῦτ’
969 4453 1104 4522 ἐμοῦ
1155 4449 1440 4519 λέγοντος,
1497 4448 1722 4518 ἐγέλας,

1832 4452 2182 4519 cupiscebam
2244 4455 2424 4506 autem
2479 4459 2690 4522 partem
2745 4451 2938 4517 illam,
2996 4453 3055 4506 in
3117 4468 3225 4523 qua
3287 4469 3414 4508 cum

146 4544 434 4616 ἀρνεῖσθαι
469 4543 568 4614 μὲν
612 4545 713 4598 οὐκ
754 4542 893 4615 ἔχων
917 4583 932 4607 ,
967 4541 1042 4606 ὡς
1078 4543 1177 4595 οὐκ
1211 4541 1278 4596 ἂν
1319 4539 1504 4594 δύναιο
1537 4540 1728 4610 βουλη-

147 4637 296 4699 θεὶς,
323 4634 671 4706 δωρήσασθαι
697 4634 754 4688 δὲ
775 4636 877 4688 οὐκ
912 4633 1134 4688 ἐθέλων.
1176 4627 1326 4704 τΑρά
1357 4649 1440 4685 σοι
1487 4633 1582 4686 καὶ
1616 4634 1730 4696 τοῖς

222 4831 336 4901 (90)
367 4832 500 4901 ῘΟτι
525 4834 721 4888 τοῦτο.
758 4830 850 4886 Sic
879 4847 1009 4886 mss.
1046 4846 1162 4886 sex.
1197 4829 1336 4885 Editi
1366 4830 1455 4882 ὅτε
1487 4827 1664 4901 τοῦτο,

224 4895 338 4975 ἱθί)
365 4897 1166 4975 τῌπερ,ῼοᾴἰλοεεᾲιτεεμήπερ,
1200 4901 1370 4970 magis
1403 4916 1563 4975 quom
1597 4900 1727 4953 illm.

149 4972 323 5027 Paulo
354 4970 478 5042 post
504 4970 635 5028 editi
663 4971 778 5026 ἀλλ’
807 4971 906 5042 ἠδη
930 4970 1033 5025 τά(
1052 4970 1182 5026 MSs.
1220 4980 1343 5042 octo
1358 4980 1439 5042 _ut
1471 4971 1529 5042 in
1555 4977 1727 5042 testu.

223 5039 681 5123 t9i)~—‘Eo'xdmc
725 5039 958 5164 ἀΙργίάς,
1005 5043 1103 5096 καὶ
1145 5041 1302 5094 τοῦτ’
1350 5040 1426 5092 ἂν
1472 5039 1564 5106 εἴη
1611 5039 1733 5124 ἅμα

223 5129 500 5164 ιιιουντοο
519 5115 743 5164 actm
789 5121 908 5164 orte
932 5111 1238 5164 legendum.
1257 5111 1490 5164 ἐσγάτης
1504 5111 1732 5164 ἀργειας

148 5109 500 5180 ζημιοῦντος
516 5109 724 5167 αὐτόν.
736 5109 908 5177 jForte
932 5111 1238 5180 legendum,
1257 5111 1490 5181 ἐσχάτης
1504 5109 1732 5181 ἀργείας

148 5179 398 5253 1061’__&v
415 5183 534 5253 εἴη,
562 5182 657 5253 κα).
683 5183 797 5253 ἅμα
829 5181 1151 5252 ζημιοῦντος
1177 5179 1360 5235 αὑτόνζ
1396 5179 1552 5234 Εωτς

181 5245 538 5374 τ(91⁷))δὲὶῖμὰι
574 5245 851 5322 γάρβιιει
877 5245 1094 5308 codices
1138 5267 1273 5306 mss.
1323 5259 1547 5320 septem.
1586 5249 1732 5306 Editi

181 5340 308 5374 ‘LML
396 5361 410 5374 ο

149 5339 308 5375 οιιωιι
332 5339 410 5374 οε.

209 5340 555 5464 Ἧὶῖἓάριν
586 5392 967 5464 ἐπαγγείλας.
1010 5389 1144 5464 R_eg.
1173 5390 1446 5447 secundus
1475 5398 1528 5446 et
1560 5389 1729 5448 Coisl.

152 5460 433 5516 secundus
464 5460 811 5532 dmyyelldg
826 5460 1088 5532 [u‘lelius].

225 5531 342 5603 (95)
372 5533 506 5603 Ely)
534 5534 762 5586 τοίνυν.
799 5531 940 5586 Editi
971 5534 1177 5587 addunt
1203 5531 1335 5601 ἐγώ,
1365 5546 1459 5587 seu
1483 5544 1592 5603 hoc
1609 5547 1735 5602 pro-

151 5599 354 5656 nomen
404 5599 558 5657 deest
598 5604 655 5656 in
706 5613 914 5672 septem
961 5604 1166 5659 nostris
1211 5599 1512 5658 cedicibus.
1564 5599 1734 5656 Paulo

152 5680 285 5743 post
308 5685 408 5741 pro
440 5672 655 5742 μανίας,
681 5671 967 5743 legendum
1002 5673 1276 5743 μαντείας,
1299 5673 1348 5727 id
1380 5681 1485 5736 est,
1525 5671 1724 5725 divina-

152 5742 338 5807 tionis,
372 5743 648 5800 existimat
681 5742 1059 5807 Combelisiu’s,
1097 5744 1192 5799 sed
1236 5751 1538 5814 repugnant
1576 5745 1731 5798 codi-

1830 4543 2007 4599 Graeci
2037 4544 2256 4599 fortuna
2281 4543 2516 4599 adversa
2539 4553 2847 4611 uterentur,
2869 4544 3247 4616 Agamemnon
3266 4545 3416 4601 hunc

1831 4636 2034 4708 ipsum,
2069 4652 2234 4707 quem
2265 4637 2604 4692 contumelia
2628 4636 2919 4704 affecerat,
2946 4638 3272 4695 muneribus
3297 4643 3416 4711 pla-

1832 4847 1924 4887 ces
1949 4845 2161 4895 omnes,
2194 4846 2295 4886 nec
2322 4831 2464 4887 favet
2493 4831 2599 4885 ulla
2628 4831 2785 4885 ratio.

1905 4901 2017 4967 (96)
2063 4901 2158 4955 Ἐν
2186 4903 2540 4970 στρατηγίῳ.
2582 4901 2672 4954 Sic
2707 4916 2842 4955 mss.
2886 4899 3016 4956 duo.
3051 4899 3231 4954 Editio
3265 4899 3416 4953 Basi-

1833 4973 2035 5026 leensis
2061 4980 2114 5026 et
2157 4971 2324 5026 Coisl.
2363 4975 2592 5041 primus,
2632 4971 2806 5041 Harl.,
2841 4971 2981 5026 Med.
3035 4981 3090 5025 et
3124 4974 3257 5041 Reg.
3304 4973 3417 5041 pri-

1833 5057 1957 5113 mus
1994 5040 2432 5113 évprparqyldu.
2467 5041 2647 5113 Editio
2670 5040 2848 5113 Paris.
2875 5043 2932 5093 ἐν
2954 5040 3315 5113 στρατηγείῳ.

1906 5112 2018 5185 (9])
2056 5110 2564 5185 Hé'ovgliionr._lta_
2582 5112 2813 5185 codices
2833 5127 2964 5185 mss.
2991 5110 3194 5185 septem
3214 5110 3281 5185 et
3301 5110 3385 5164 edi
3399 5142 3417 5153 -

1833 5181 1913 5253 tio
1947 5180 2294 5253 Basileensis.
2335 5183 2405 5253 At
2443 5180 2770 5253 Parisiensis
2801 5180 3068 5253 ὲδεήθηνξ
3095 5182 3265 5236 Paulo
3286 5189 3419 5253 post

1833 5252 2000 5307 editio
2025 5253 2213 5307 eadem
2239 5252 2300 5304 οὐ
2331 5251 2575 5316 δυνατὸν,
2609 5251 2766 5323 ἔφην,
2797 5253 2889 5307 sed
2912 5251 3259 5322 pestremum
3282 5251 3417 5306 illud

1833 5324 2059 5392 verbum
2096 5323 2248 5376 deest
2275 5323 2328 5376 in
2364 5331 2572 5392 septem
2613 5339 2744 5377 mss.
2784 5331 2839 5378 et
2867 5325 2998 5377 edit.
3033 5323 3198 5378 Basil.

1906 5391 2017 5463 (98)
2052 5391 2475 5464 Heapazdwx.
2520 5392 2609 5464 Ita,
2639 5408 3000 5464 omnesmss.
3032 5392 3174 5448 Editi
3203 5409 3419 5464 πεπρα-

1834 5463 2026 5529 γότων.
2063 5464 2262 5533 Ibidem
2291 5463 2422 5518 editi
2455 5463 2514 5517 ὃν
2547 5463 2789 5533 ὕϐρισεν,
2822 5463 2974 5520 deest
3006 5465 3198 5519 vocula
3230 5465 3288 5518 in
3318 5463 3420 5516 no-

1836 5549 1955 5587 vem
1985 5549 2143 5597 mss.,
2171 5532 2267 5588 sed
2302 5542 2483 5588 tamen
2508 5532 2723 5588 videtur
2754 5534 2819 5588 ad
2851 5537 3177 5590 sententiam
3224 5549 3419 5588 neces-

1835 5603 2234 5686 sariazllabent
2263 5620 2356 5660 sex
2392 5605 2610 5661 codices
2651 5605 2990 5675 θεραπεύων,
3020 5605 3307 5662 Μεά-ίοδιυε
3333 5602 3420 5660 0e-

1837 5691 2064 5745 ραπευει

1911 5747 1926 5764 ⁸
1956 5745 2106 5799 Alias
2131 5743 2287 5799 CLII.
