3852 6224
481 271 613 327 1091

1820 267 1877 322 S.
1920 266 2167 322 BASILII
2200 264 2414 322 MAGNI

3643 262 3784 316 109'!

478 389 646 444 cavit.
696 386 822 443 Haec
862 386 1083 443 dicente
1138 403 1246 446 me.
1291 387 1539 454 ridebas,
1587 401 1789 457 negare
1828 386 2053 457 quidem

2206 385 2559 455 γανακτοῦσιν
2584 425 2599 452 ,
2645 384 2726 436 ὅτι
2767 399 2826 435 σε
2857 380 2995 451 ἔφην
3020 381 3228 435 ἀδικεῖν
3249 420 3264 445 ,
3297 374 3639 432 ἀδικεῖσθαι
3672 375 3779 444 (99}

481 479 626 535 haud
666 481 858 535 valens
887 495 1052 550 posse
1091 489 1143 535 te
1187 480 1234 534 si
1265 480 1457 543 velles,
1496 477 1593 534 sed
1621 487 1803 532 tamen
1844 478 2060 549 gratiﬁ-

2168 476 2312 530 δοκῶ
2325 507 2341 530 ο

479 575 593 628 cari
620 577 836 632 nolens.
866 575 1007 630 Num
1033 575 1203 646 igitur
1235 576 1333 629 tibi
1367 582 1429 629 et
1459 575 1552 637 iis,
1614 574 1709 644 qui
1765 574 2130 645 indignantur
2166 571 2316 643 quod
2354 570 2562 626 inferre
2618 576 2672 623 te
2719 567 2980 636 iniuriam
3037 564 3293 627 dixerim,
3355 560 3584 630 injuria
3643 556 3779 612 afﬁci

480 669 669 725 videor
688 671 712 724 2

906 781 1242 840 EPISTOLA
1276 783 1573 839 CCCXLVI
1599 791 1633 838 '.

2667 771 3011 824 ΕΠΙΣΤΟΛΗ
3055 770 3250 837 ΤΜΞΓ.

1224 897 1450 950 Libanius
1474 904 1675 950 testatur
1698 897 1760 947 de
1786 892 1921 947 bonis
1941 893 2157 946 moribus
2180 886 2556 945 adolescentium
2578 900 2698 952 quos
2723 883 2938 936 Basilius
2964 884 3179 935 miserat.

1012 1022 1271 1076 Libanius
1302 1022 1529 1077 Basilio.

550 1133 635 1187 An
663 1133 731 1187 iis
754 1148 896 1202 quos
928 1133 1133 1186 misisti
1163 1132 1610 1187 adolescentibus
1642 1131 1849 1201 aliquid
1877 1131 1945 1185 ad
1976 1131 2063 1185 di-

480 1225 643 1282 cendi
681 1224 997 1278 facultatem
1044 1223 1370 1286 addiderim,
1401 1223 1518 1293 ipse
1541 1222 1843 1292 judicabis.
1889 1222 2063 1292 Spero

480 1325 664 1371 autem
707 1316 834 1379 hoc,
883 1316 1100 1370 etiamsi
1152 1330 1380 1385 parvum
1430 1316 1524 1380 sit,
1576 1329 1835 1384 magnum
1883 1315 2060 1368 visum

482 1410 547 1464 iri
582 1410 654 1463 ob
692 1417 846 1463 tuum
888 1409 943 1462 in
983 1423 1085 1463 nos
1138 1423 1401 1462 amorem.
1440 1406 1597 1473 Quod
1644 1416 1824 1461 autem
1858 1416 2065 1477 tempe-

483 1504 716 1556 rantiam
764 1511 819 1558 et
865 1503 1110 1556 animum
1164 1501 1347 1571 pravis
1398 1498 1774 1568 voluptatibus
1829 1498 2063 1552 liberum

482 1594 675 1650 laudas
718 1594 919 1663 magis,
955 1609 1121 1664 quam
1163 1591 1500 1653 facundiam,
1534 1591 1589 1644 id
1634 1592 1863 1644 omnino
1902 1605 2065 1644 cura-

2636 1011 2914 1077 Λιϐἀνιος
2946 1013 3263 1079 Buculeio).

2234 1134 2298 1187 Εἰ
2341 1132 2440 1202 μέν
2484 1148 2538 1183 τι
2590 1128 2718 1200 περὶ
2746 1127 2873 1190 τοὺς
2919 1126 3113 1196 λόγους
3135 1129 3249 1190 τοῖς
3281 1127 3425 1190 νέοις
3455 1145 3540 1192 ο.ς
3588 1128 3784 1200 ἔπεμ-

2161 1225 2269 1295 ψας
2302 1221 2756 1295 προσεθήκαμεν,
2815 1219 2978 1282 αὐτὸς
3018 1221 3245 1288 κρινεῖς.
3290 1218 3531 1283 Ἐλπίζω
3571 1221 3644 1274 δὲ
3679 1223 3784 1274 αὑ-

2162 1318 2225 1370 τὸ
2250 1356 2264 1380 ,
2314 1316 2419 1369 κᾶν
2456 1313 2651 1384 μικρὸν
2690 1308 2763 1385 ᾖ,
2827 1310 3064 1382 μεγάλου
3103 1310 3371 1380 λήψεσθαι
3416 1310 3593 1378 δόξαν
3619 1352 3639 1378 ,
3691 1313 3783 1367 διὰ

2161 1409 2261 1479 τὴν
2292 1410 2429 1482 πρὸς
2453 1412 2602 1481 ἡμᾶς
2629 1409 2831 1478 φιλίαν.
2872 1409 2937 1461 Ὃ
2978 1408 3036 1461 δὲ
3062 1408 3168 1479 πρὸ
3218 1408 3327 1461 τῶν
3367 1408 3546 1477 λόγων
3611 1412 3785 1464 ἐπαι-

2161 1503 2270 1564 νεῖς
2298 1541 2313 1564 ,
2351 1502 2452 1572 τὴν
2485 1500 2872 1571 σωφροσύνην,
2904 1498 2998 1552 καὶ
3040 1498 3100 1551 τὸ
3151 1499 3225 1569 μὴ
3267 1498 3625 1571 παραδοῦναι
3678 1501 3782 1565 τὰς

2160 1589 2339 1660 ψυχὰς
2391 1593 2511 1653 ταῖς
2568 1591 2629 1643 οὐ
2674 1590 2865 1653 καλαῖς
2909 1590 3125 1660 ἡδοναῖς
3148 1630 3164 1654 ,
3216 1591 3356 1644 πάνυ
3409 1592 3621 1646 τούτου
3680 1612 3786 1647 πε-

483 1696 644 1751 runt,
677 1695 843 1756 atque
888 1687 1056 1740 vitam
1099 1693 1354 1755 egerunt,
1389 1692 1446 1737 ut
1487 1683 1657 1748 illius,
1698 1700 1727 1737 a
1764 1700 1875 1753 quo
1906 1684 2059 1738 missi

2207 1683 2418 1753 οίηνται
2465 1683 2725 1755 πρόνοιαν
2769 1683 2845 1753 (Ι)
2878 1723 2893 1747 ,
2958 1684 3052 1736 καὶ
3109 1684 3409 1755 διήγαγον,
3463 1687 3542 1749 ὡς
3622 1686 3779 1750 εἰκὸς

483 1787 665 1842 erant,
713 1780 826 1832 nan
878 1777 1232 1832 immemores
1279 1791 1440 1845 agere
1486 1791 1584 1845 par
1633 1785 1772 1830 erat.
1808 1775 2062 1845 Comple—

482 1868 759 1938 cterejam
815 1876 911 1921 tua
944 1868 1194 1937 pignora,
1230 1875 1284 1921 et
1313 1866 1473 1919 lauda
1518 1882 1614 1921 eos
1645 1866 1741 1936 qui
1797 1876 1852 1921 et
1884 1882 1972 1920 me
2009 1874 2064 1920 et

483 1970 535 2013 te
560 1961 810 2014 moribus
842 1961 960 2014 suis
991 1968 1358 2013 exornarunt.
1383 1958 1677 2011 Adliortari
1712 1966 1893 2014 autem
1923 1970 1974 2013 te
1997 1958 2064 2012 ad

484 2065 641 2121 opem
686 2053 794 2108 illis
822 2051 1128 2116 ferendam,
1163 2052 1308 2106 idem
1365 2058 1535 2117 esset,
1585 2065 1650 2105 ac
1679 2061 1894 2122 patrem
1931 2052 2065 2106 lior—

485 2143 587 2198 tari
615 2151 674 2198 ut
707 2145 899 2200 liberis
923 2144 1239 2200 subveniat.

779 2299 946 2373 459
986 2297 1327 2356 EPISTOLA
1362 2298 1687 2356 CCCXLVII

2161 1770 2229 1845 ἦν
2260 1815 2274 1838 ,
2332 1774 2425 1828 τοῦ
2483 1776 2798 1845 πέμψαντος
2843 1774 2917 1846 (2)
2994 1777 3383 1848 μεμνημένους
3424 1777 3527 1848 (5).
3593 1779 3777 1849 Δέχου

2162 1865 2227 1937 δὴ
2280 1866 2349 1919 τὰ
2396 1866 2622 1920 σεαυτοῦ
2647 1909 2661 1932 ,
2702 1867 2797 1919 καὶ
2843 1866 3057 1919 ἐπαίνει
3106 1868 3234 1930 τοὺς
3280 1868 3340 1920 σέ
3374 1885 3434 1920 τε
3484 1870 3649 1940 κάμὲ
3697 1869 3780 1939 τῷ

2163 1957 2350 2029 τρόπῳ
2406 1959 2844 2029 κεκοσμηκότας.
2898 1959 3247 2029 Παρακαλεῖν
3291 1959 3351 2013 δέ
3407 1977 3471 2013 σε
3516 1961 3678 2033 πρὸς
3718 1962 3782 2013 τὸ

2166 2048 2381 2119 βοηθεῖν
2408 2089 2424 2114 ,
2463 2052 2648 2121 ὅμοιον
2698 2047 2766 2117 ἦν
2819 2049 2901 2121 τῷ
2948 2051 3164 2123 πατέρα
3212 2053 3369 2107 παισὶ
3412 2055 3780 2127 παρακαλεῖν

2168 2143 2407 2214 βοηθεῖν.

2677 2306 3027 2361 ΕΠΙΣΤΟΛΗ
3060 2307 3235 2361 TMZ'.

912 2435 1139 2488 Libanius
1164 2435 1413 2502 episcopos
1433 2435 1656 2489 avaritiae
1676 2444 1890 2498 accusat,
1914 2443 1958 2488 et
1985 2434 2095 2489 ideo
2119 2435 2286 2490 timide
2316 2438 2485 2505 petita
2508 2440 2714 2503 Basilio,
2742 2448 2794 2493 ut
2813 2440 2945 2507 tigna
2961 2443 3027 2492 ad
3054 2456 3107 2494 se
3126 2439 3296 2493 miunt.

1007 2541 1263 2597 Libanius
1302 2541 1530 2597 Basilio.

551 2660 748 2721 Omnis
779 2658 1003 2729 quidem
1050 2657 1350 2728 episcopus
1384 2673 1476 2714 res
1506 2664 1616 2723 est,
1666 2657 1813 2711 unde
1856 2656 2070 2712 emolu-

487 2757 655 2815 menti
707 2754 917 2825 aliquid
968 2753 1058 2807 vix
1118 2753 1555 2823 exspectandum
1611 2752 1684 2808 sit
1732 2760 1840 2807 :tu
1899 2767 2066 2817 vero,

487 2859 693 2924 quanto
734 2848 981 2916 reliquos
1028 2846 1346 2901 eruditione
1388 2861 1655 2916 superas,
1705 2853 1859 2902 tanto
1902 2847 2067 2901 etiam

492 2943 760 3012 majorem
793 2939 929 2993 mihi
958 2939 1213 2993 timorem
1246 2939 1472 3003 inculis,
1504 2955 1575 2995 ne
1600 2940 1769 3008 petita
1801 2940 1933 2992 mihi
1970 2939 2068 2994 de-

2642 2546 2919 2614 Διϐάνιος
2955 2549 3272 2611 Βασιλείῳ.

2240 2658 2357 2722 Πᾶς
2387 2658 2485 2728 μὲν
2522 2659 2823 2724 ἐπίσκοπος
2849 2662 3081 2732 πρᾶγμα
3110 2661 3501 2734 δυσγρίπιστον
3542 2664 3636 2736 (4)
3664 2682 3682 2696 °
3711 2667 3775 2720 σὺ

2167 2755 2224 2809 δὲ
2248 2755 2358 2825 ὅσῳ
2389 2757 2515 2820 τοὺς
2544 2756 2737 2820 ἄλλους
2765 2756 3147 2829 παρελήλυθας
3173 2756 3445 2830 λογιότητι
3466 2799 3482 2822 ,
3511 2759 3775 2831 τοσούτῳ

2175 2848 2271 2902 καὶ
2293 2847 2457 2917 φόϐον
2487 2865 2575 2919 μοι
2614 2849 2904 2920 παρέχεις,
2931 2849 3007 2920 μή
3040 2865 3157 2911 πως
3194 2848 3418 2919 ἔξαρνος
3453 2852 3601 2921 στῇς

2172 2942 2276 3013 τὴν
2321 2943 2555 3013 αἴτησιν.
2586 2940 2834 3012 Κάπειδὴ
2867 2942 3196 3012 στρωτήρων
3234 2941 3425 3012 δέομαι
3449 2981 3465 3003 ,
3494 2943 3773 3012 κάμακας

489 3050 682 3106 neges.
730 3030 867 3086 Nam
902 3031 1071 3102 tignis
1116 3031 1251 3084 mihi
1282 3046 1420 3101 opus
1455 3038 1578 3087 est:
1611 3032 1851 3101 perticas
1885 3039 2068 3085 autem

2206 3036 2219 3057 ’
2259 3034 2387 3107 ἂνῆ
2428 3035 2680 3108 χάρακας
2722 3034 2882 3097 ἄλλος
2922 3031 3041 3086 εἷπε
3085 3032 3344 3103 σοφιστὴς
3368 3072 3383 3097 ,
3409 3033 3473 3086 οὒ
3508 3034 3764 3107 χρῄζων,

489 3135 584 3191 aut
625 3126 782 3196 palos
825 3124 1029 3193 aliquis
1065 3123 1207 3176 alius
1254 3123 1502 3193 sophista
1537 3123 1789 3189 dixisset,
1831 3138 1942 3176 non
1980 3122 2069 3177 bis

2206 3127 2312 3181 ,λλὰ
2364 3131 2477 3191 τοῖς
2539 3126 2827 3200 ῥηματίοις
2890 3122 3433 3196 ὲγκαλλωπιζόμενος
3468 3163 3486 3190 ,
3556 3126 3598 3197 ἢ
3672 3124 3768 3193 τῆς

489 3234 630 3290 opus
651 3220 884 3281 habens,
935 3217 1029 3271 sed
1077 3215 1306 3270 voculas
1356 3215 1534 3286 magis
1562 3222 1869 3278 ostentans,
1903 3229 2068 3284 quam

490 3306 809 3363 necessitati
842 3306 1173 3361 inserviens.
1214 3303 1329 3375 Ego
1368 3319 1523 3371 vero,
1573 3305 1681 3361 nisi
1718 3313 1777 3359 tu
1813 3306 2067 3378 largiare,

490 3400 594 3456 sub
617 3400 709 3457 dio
736 3399 1012 3469 hiemabo.

842 3511 1182 3569 EPISTOLA
1218 3512 1566 3570 CCCXLVIII
1594 3517 1680 3570 “‘.

2175 3219 2363 3292 χρείας
2376 3219 2453 3291 (5)
2473 3220 2778 3290 γινόμενος.
2813 3215 2955 3286 Ἐγὼ
2976 3216 3054 3281 δὲ,
3077 3216 3124 3269 εἰ
3149 3218 3224 3288 μὴ
3248 3218 3312 3272 σὺ
3336 3217 3657 3290 παράσχοις
3671 3216 3766 3288 (6),

2177 3310 2441 3383 ὕπαιθρος
2476 3311 2650 3383 διαχει
2657 3313 2836 3383 μάσω.

2673 3515 3021 3569 ΕΠΙΣΤΟΔΗ
3075 3515 3261 3570 TMH’.

864 3631 1168 3682 Demonstrat
1191 3629 1405 3681 Basilius
1423 3644 1517 3682 non
1538 3631 1788 3696 episcopos
1809 3632 1896 3685 sed
1912 3632 2151 3699 sophistas
2173 3646 2346 3685 avaros
2365 3646 2469 3684 esse
2497 3638 2543 3683 et
2561 3638 2764 3683 tenaces.
2803 3628 2962 3695 Tigna
2985 3626 3129 3679 mittit
3149 3636 3378 3681 trecenta.

1017 3737 1260 3792 Basilius
1290 3736 1538 3795 Libanio.

566 3871 625 3927 Si
659 3871 863 3926 lucrari
897 3870 1042 3925 idem
1090 3872 1237 3926 valet
1279 3886 1345 3924 ac
1368 3871 1663 3943 γριπιζειν,
1689 3879 1744 3927 et
1774 3872 1916 3928 hanc
1957 3888 2080 3929 sen-

495 3964 724 4019 tentiam
765 3963 929 4016 liabet
952 3977 1059 4016 vox
1108 3963 1222 4027 illa,
1261 3978 1427 4032 quam
1475 3979 1542 4018 ex
1580 3963 1827 4021 Platonis
1874 3964 2077 4037 adytis,

497 4056 798 4125 sophistica
828 4064 922 4109 tua
957 4056 1119 4110 nobis
1150 4070 1243 4110 ars
1272 4057 1650 4126 deprompsit;
1687 4058 2002 4122 considera,
2044 4073 2078 4112 ο

494 4145 839 4207 admirande,
891 4146 1002 4199 utri
1038 4146 1151 4201 sint
1181 4145 1528 4214 tenaciores;
1572 4162 1676 4202 nos
1721 4149 1812 4217 qui
1856 4147 1938 4202 sic
1981 4163 2080 4217 per

495 4237 744 4307 epistola:
772 4246 883 4292 tua:
921 4237 1201 4292 licentiam
1231 4237 1545 4309 defigimur,
1580 4254 1652 4293 an
1695 4239 2075 4309 sophistarum

499 4345 694 4399 genus,
731 4344 971 4398 quorum
1020 4345 1113 4385 ars
1156 4337 1243 4385 est
1290 4345 1359 4384 ex
1411 4332 1761 4386 sermonibus
1805 4342 2074 4401 quaestum

499 4420 701 4475 facere.
747 4420 882 4486 Quis
929 4437 997 4475 ex.
1043 4420 1318 4490 episcopis
1357 4421 1625 4476 tributum
1691 4422 1953 4493 imposuit
2010 4424 2082 4478 ob

499 4512 821 4567 sermones?
873 4511 998 4581 quis
1046 4511 1354 4581 discipulos
1406 4511 1538 4566 fecit
1587 4513 1926 4583 vectigales?
1974 4514 2085 4569 Vos

500 4604 662 4666 estis,
708 4604 802 4673 qui
842 4603 1215 4673 eloquentiam
1258 4603 1502 4658 venalem
1550 4606 1882 4674 praponitis,
1936 4607 2087 4660 velut

507 4695 682 4750 mellis
719 4701 972 4750 coctores
1006 4694 1245 4749 mellitas
1280 4694 1583 4763 placentas.
1630 4692 1791 4749 Vides
1819 4694 2088 4764 quemad-

508 4786 725 4841 modum
755 4801 943 4842 senem
979 4786 1145 4841 etiam
1182 4784 1251 4839 ad
1296 4785 1765 4841 recalcitrandum
1814 4801 2088 4857 provoca-

577 4967 596 4984 '
633 4963 780 5018 Alias
817 4961 1000 5018 CLlll.

576 5034 780 5087 "Alias
809 5031 990 5087 CLIV.

581 5103 648 5127 "'
678 5104 829 5157 Alias
853 5100 1010 5170 CLV.

580 5172 693 5244 (99}
717 5172 1094 5244 ’Adtxeiooat.
1124 5175 1204 5229 lta
1221 5172 1397 5238 Harl.,
1421 5172 1561 5230 Med.
1586 5181 1641 5229 et
1661 5173 1827 5229 Coisl.
1855 5177 2084 5244 primus.

484 5306 491 5309 Α
513 5242 654 5297 Editi
686 5243 993 5314 ἠδικῆσθαι.

583 5316 659 5397 ς)
673 5313 1033 5397 liceatur-tat
1044 5316 1362 5397 πρόνοιαν..
1376 5313 1513 5397 Med.
1533 5315 1825 5397 πεποίηται
1840 5313 2082 5397 πρόνοια.

515 5452 553 5515 ᾧ
582 5382 660 5453 (9)
696 5383 807 5437 Τοῦ
835 5382 1206 5453 πέμψαντος.
1251 5384 1387 5440 Cod.
1437 5386 1646 5455 Anglic.
1673 5382 1781 5438 τῶν
1812 5382 1907 5437 τοῦ
1948 5385 2087 5456 πέμ-

554 5469 729 5515 αντος.

554 5469 729 5517 αντος.

585 5523 660 5592 (5)
685 5522 1129 5595 Μεμνημένους.
1160 5526 1252 5580 Sic
1279 5527 1389 5582 duo
1421 5525 1636 5581 codices
1667 5523 1835 5580 Coisl.
1866 5531 1920 5581 et
1951 5525 2084 5595 Reg.

516 5592 809 5670 secundus,
848 5592 1061 5670 quibus
1103 5595 1246 5654 favet
1298 5596 1606 5670 Medicaeus.
1648 5596 1703 5652 in
1755 5610 1864 5668 quo
1893 5592 2088 5670 legitur

519 5661 885 5733 μεμνημένουζ
924 5663 1064 5720 Editi
1099 5666 1453 5740 μεμνημένοι.

2652 3740 2969 3805 Βασίλειος
3007 3739 3282 3804 Λιϐανίῳ.

2244 3883 2307 3935 Εἰ
2349 3881 2411 3932 τὸ
2440 3878 2745 3950 κερδαίνειν
2779 3875 2936 3929 τοῦτο
2972 3874 3249 3946 γριπίζειν
3281 3873 3358 3945 (7)
3393 3873 3621 3943 λέγεται
3642 3916 3657 3938 ,
3682 3873 3765 3929 καὶ

2173 3972 2376 4041 ταύτην
2403 3949 2517 4040 ἔχει
2549 3949 2656 4039 τὴν.
2678 3967 2958 4038 σημασίαν
3002 3968 3035 4037 ή
3063 3965 3210 4030 λέξις
3232 4006 3245 4029 ,
3281 3966 3348 4036 ἣν
3382 3968 3447 4018 ὲκ
3484 3966 3598 4020 τῶν
3628 3967 3744 4020 Illi

2174 4080 2342 4125 τωνος
2373 4060 2585 4114 ἀδύτων
2616 4060 2649 4130 ἡ
2698 4058 2985 4129 σοφιστική
3035 4073 3129 4109 σου
3154 4058 3285 4127 ἡμῖν
3320 4058 3765 4129 προεχειρίσατο,

2184 4154 2494 4225 σκόπησον,
2530 4145 2576 4204 ὧ
2627 4150 2933 4221 θαυμάσιε,
2987 4148 3072 4212 τίς
3125 4148 3325 4219 μᾶλλόν
3376 4151 3496 4202 ἐστι
3541 4149 3758 4219 δυσγρί-

2183 4264 2402 4311 πιστοςο
2430 4249 2620 4318 ἡμεῖς,
2658 4247 2706 4299 οἱ
2746 4245 2888 4299 οὕτω
2924 4245 2991 4297 δι’
3025 4242 3439 4311 επιστολιμαίας
3482 4242 3766 4313 δυνάμεως

2183 4338 2726 4412 ἀποχαρακούμενοιο
2776 4337 2811 4408 ἢ
2857 4337 2918 4390 τὸ
2970 4335 3079 4390 τῶν
3131 4334 3399 4404 σοφιστῶν
3445 4335 3613 4403 γένος
3637 4378 3654 4399 ,
3692 4330 3765 4396 οἷς

2183 4432 2344 4501 τέχνη
2388 4431 2450 4484 τὸ
2500 4430 2751 4484 τελωνεῖν
2784 4430 2909 4492 τοὺς
2945 4429 3137 4497 λόγους
3196 4427 3332 4480 ἐστί.
3368 4427 3468 4489 Τίς
3505 4426 3623 4480 τῶν
3656 4428 3763 4479 ἑπι-

2187 4523 2402 4575 σκόπων
2457 4522 2583 4584 τοὺς
2630 4519 2821 4589 λόγους
2854 4518 3243 4591 ὲφοροθέτησε;
3278 4517 3361 4582 τίς
3411 4519 3542 4582 τοὺς
3605 4518 3748 4589 μαθη

2184 4614 2503 4683 τευομένους
2551 4612 2913 4684 μισθοφόρους
2956 4612 3325 4682 κατέστησεν;
3379 4611 3579 4675 Ὑμεῖς
3617 4611 3693 4681 (8)
3722 4610 3762 4662 ο⁸

2187 4706 2531 4777 προτιθέντες
2561 4707 2689 4768 τοὺς
2735 4705 2926 4772 λόγους
2961 4701 3132 4766 ὥνια,
3164 4702 3355 4773 ὥσπερ
3403 4705 3450 4756 οἱ
3494 4704 3593 4756 τοῦ
3632 4701 3757 4773 μέλι

2185 4814 2276 4861 τος
2318 4796 2515 4867 ἑψηταὶ
2541 4795 2610 4849 τὰ
2658 4795 2987 4868 μελίπηκτα.
3035 4794 3234 4866 Ὁρᾷς,
3281 4795 3359 4858 ὡς
3391 4797 3488 4849 καὶ
3536 4797 3634 4851 τὸν
3680 4797 3753 4865 γέ.

2260 4972 2334 5043 (4)
2364 4973 2826 5047 Marp/maror.
2861 4972 3027 5047 Cois].
3058 4975 3291 5047 primus
3340 4973 3743 5047 δυστρήπιστον

2190 5040 2281 5096 Sic
2305 5040 2472 5112 etiam
2500 5040 2736 5112 utraque
2771 5040 3099 5100 Basilcensis
3126 5044 3313 5100 editio.

2258 5111 2334 5183 (5)
2370 5114 2445 5167 Ἦ
2471 5111 2583 5180 τῆς
2629 5111 2854 5182 χρείας.
2901 5112 3043 5170 Ante
3081 5114 3181 5169 bas
3214 5129 3378 5171 voces
3437 5115 3594 5171 addit
3637 5116 3741 5169 Har

2188 5182 2393 5237 laeaiius
2423 5183 2594 5252 codex
2632 5184 2849 5252 μᾶλλον.

2261 5253 2336 5320 (tit
2365 5250 2729 5327 Ιζιζρᾴσχοις.
2762 5253 2835 5306 lta
2866 5268 2959 5327 sex
2989 5254 3208 5327 codices
3246 5271 3382 5312 mss.
3418 5254 3565 5327 Editi
3596 5255 3747 5327 παρὰ

2191 5339 2343 5445 σχῃθς.
2381 5321 2558 5377 Editio
2589 5323 2913 5380 Basileensis
2951 5325 3270 5397 παράσχοιο.

2196 5403 2204 5410 '
2262 5396 2277 5445 ί
2321 5394 2337 5445 l
2361 5390 2679 5445 Γοιπίζειν.
2700 5391 2872 5445 Coisl.
2901 5394 3132 5445 Drimus.
3156 5405 3214 5445 nt
3244 5413 3270 5445 a

2262 5390 2337 5482 (1⁷)
2349 5390 3214 5482 {efficit_‘§9‘.S.':R"‘"‘"ali“
3244 5396 3753 5482 εξειιεενχρηῑιπανε

2188 5465 2438 5589 ibim)qu
2480 5469 2603 5532 post
2638 5463 3057 5534 δυσγρήπιστος.
3102 5466 3193 5524 Sic
3222 5468 3390 5525 etiam
3415 5463 3752 5526 'Basilcensis

2262 5604 2337 5674 (8)
2382 5603 2597 5674 ’Υμεῖς.
2632 5602 2783 5661 Harl.
2813 5603 2889 5671 ὡς
2923 5607 3080 5694 ὑμεῖς
