  <div class='ocr_page' id='page_1' title='image "/cluster/home/n/w/nwhite01/storage/ocr_20150623/32/nnc1.0046978879/634.png"; bbox 0 0 3874 6218; ppageno 0'>
   <div class='ocr_carea' id='block_1_1' title="bbox 142 252 292 310">
    <p class='ocr_par' dir='ltr' id='par_1_1' title="bbox 142 252 292 310">
     <span class='ocr_line' id='line_1_1' title="bbox 142 252 292 310; baseline 0.027 -4"><span class='ocrx_word' id='word_1_1' title='bbox 142 252 169 306; x_wconf 74' lang='grc'><strong>1</strong></span> <span class='ocrx_word' id='word_1_2' title='bbox 181 253 292 310; x_wconf 77' lang='lat'><strong>095</strong></span> 
     </span>
    </p>
   </div>
   <div class='ocr_carea' id='block_1_2' title="bbox 1100 257 2562 316">
    <p class='ocr_par' dir='ltr' id='par_1_2' title="bbox 1100 257 2562 316">
     <span class='ocr_line' id='line_1_2' title="bbox 1100 257 2562 316; baseline 0.003 -5"><span class='ocrx_word' id='word_1_3' title='bbox 1100 257 1594 314; x_wconf 75' lang='lat' dir='ltr'><strong>EPISTOLARUM</strong></span> <span class='ocrx_word' id='word_1_4' title='bbox 1633 258 1922 315; x_wconf 69' lang='lat' dir='ltr'><strong>CLASSIS</strong></span> <span class='ocrx_word' id='word_1_5' title='bbox 1956 259 2044 315; x_wconf 93' lang='lat' dir='ltr'><strong>III.</strong></span> <span class='ocrx_word' id='word_1_6' title='bbox 2087 258 2307 316; x_wconf 87' lang='lat' dir='ltr'><strong>EPIST.</strong></span> <span class='ocrx_word' id='word_1_7' title='bbox 2347 258 2562 315; x_wconf 84' lang='lat' dir='ltr'><strong>CCCLI.</strong></span> 
     </span>
    </p>
   </div>
   <div class='ocr_carea' id='block_1_3' title="bbox 3286 265 3427 319">
    <p class='ocr_par' dir='ltr' id='par_1_3' title="bbox 3286 265 3427 319">
     <span class='ocr_line' id='line_1_3' title="bbox 3286 265 3427 319; baseline 0.014 -2"><span class='ocrx_word' id='word_1_8' title='bbox 3286 265 3427 319; x_wconf 64' lang='lat'><strong>5094</strong></span> 
     </span>
    </p>
   </div>
   <div class='ocr_carea' id='block_1_4' title="bbox 139 365 1745 447">
    <p class='ocr_par' dir='ltr' id='par_1_4' title="bbox 139 365 1745 443">
     <span class='ocr_line' id='line_1_4' title="bbox 139 365 1745 443; baseline 0.004 -24"><span class='ocrx_word' id='word_1_9' title='bbox 139 383 314 438; x_wconf 84' lang='grc' dir='ltr'>ροντα</span> <span class='ocrx_word' id='word_1_10' title='bbox 339 365 677 439; x_wconf 79' lang='grc' dir='ltr'>ὑποσκιρτᾷν</span> <span class='ocrx_word' id='word_1_11' title='bbox 708 370 1120 441; x_wconf 78' lang='grc' dir='ltr'>παρεκίνησας;</span> <span class='ocrx_word' id='word_1_12' title='bbox 1160 371 1305 441; x_wconf 83' lang='grc' dir='ltr'><strong>Ἐγὼ</strong></span> <span class='ocrx_word' id='word_1_13' title='bbox 1326 371 1385 425; x_wconf 76' lang='grc' dir='ltr'><strong>δέ</strong></span> <span class='ocrx_word' id='word_1_14' title='bbox 1409 388 1491 425; x_wconf 92' lang='grc' dir='ltr'><strong>σοι</strong></span> <span class='ocrx_word' id='word_1_15' title='bbox 1519 371 1598 443; x_wconf 81' lang='grc' dir='ltr'>τῷ</span> <span class='ocrx_word' id='word_1_16' title='bbox 1622 374 1745 436; x_wconf 84' lang='grc' dir='ltr'>ταῖς</span> 
     </span>
    </p>
   </div>
   <div class='ocr_carea' id='block_1_5' title="bbox 1851 365 3425 447">
    <p class='ocr_par' dir='ltr' id='par_1_5' title="bbox 1851 371 3425 447">
     <span class='ocr_line' id='line_1_5' title="bbox 1851 371 3425 447; baseline 0.005 -22"><span class='ocrx_word' id='word_1_17' title='bbox 1851 372 1974 428; x_wconf 87' lang='lat' dir='ltr'><strong>ris?</strong></span> <span class='ocrx_word' id='word_1_18' title='bbox 2018 371 2133 444; x_wconf 81' lang='lat' dir='ltr'><strong>Ego</strong></span> <span class='ocrx_word' id='word_1_19' title='bbox 2181 387 2315 427; x_wconf 90' lang='lat' dir='ltr'><strong>vero</strong></span> <span class='ocrx_word' id='word_1_20' title='bbox 2364 372 2463 427; x_wconf 91' lang='lat' dir='ltr'><strong>tibi</strong></span> <span class='ocrx_word' id='word_1_21' title='bbox 2518 372 2576 427; x_wconf 91' lang='lat' dir='ltr'><strong>in</strong></span> <span class='ocrx_word' id='word_1_22' title='bbox 2626 372 3124 430; x_wconf 76' lang='lat' dir='ltr'><strong>declamationibus</strong></span> <span class='ocrx_word' id='word_1_23' title='bbox 3167 389 3425 447; x_wconf 86' lang='lat' dir='ltr'><strong>pompam</strong></span> 
     </span>
    </p>
   </div>
   <div class='ocr_carea' id='block_1_6' title="bbox 143 457 1783 536">
    <p class='ocr_par' dir='ltr' id='par_1_6' title="bbox 143 457 1783 536">
     <span class='ocr_line' id='line_1_6' title="bbox 143 457 1783 536; baseline 0.004 -26"><span class='ocrx_word' id='word_1_24' title='bbox 143 457 406 528; x_wconf 84' lang='grc' dir='ltr'><strong>μελέταις</strong></span> <span class='ocrx_word' id='word_1_25' title='bbox 444 458 859 529; x_wconf 84' lang='grc' dir='ltr'>ὲμπομπεύοντι</span> <span class='ocrx_word' id='word_1_26' title='bbox 909 460 1236 532; x_wconf 78' lang='grc' dir='ltr'>ἰσαρίθμους</span> <span class='ocrx_word' id='word_1_27' title='bbox 1272 465 1382 528; x_wconf 87' lang='grc' dir='ltr'>τοῖς</span> <span class='ocrx_word' id='word_1_28' title='bbox 1424 465 1481 516; x_wconf 85' lang='grc' dir='ltr'><strong>ὲν</strong></span> <span class='ocrx_word' id='word_1_29' title='bbox 1525 463 1741 536; x_wconf 85' lang='grc' dir='ltr'>Θερμο-</span> <span class='ocrx_word' id='word_1_30' title='bbox 1776 502 1783 509; x_wconf 62' lang='grc' dir='ltr'>ι</span> 
     </span>
    </p>
   </div>
   <div class='ocr_carea' id='block_1_7' title="bbox 139 549 1740 626">
    <p class='ocr_par' dir='ltr' id='par_1_7' title="bbox 139 549 1740 626">
     <span class='ocr_line' id='line_1_7' title="bbox 139 549 1740 626; baseline 0.011 -25"><span class='ocrx_word' id='word_1_31' title='bbox 139 549 348 613; x_wconf 79' lang='grc' dir='ltr'><strong>πύλαις</strong></span> <span class='ocrx_word' id='word_1_32' title='bbox 380 550 807 622; x_wconf 77' lang='grc' dir='ltr'><strong>ἀγωνιζομένοις</strong></span> <span class='ocrx_word' id='word_1_33' title='bbox 846 553 1210 624; x_wconf 73' lang='grc' dir='ltr'><strong>στρατιώταις</strong></span> <span class='ocrx_word' id='word_1_34' title='bbox 1245 554 1567 626; x_wconf 80' lang='grc' dir='ltr'><strong>στρωτῆρας</strong></span> <span class='ocrx_word' id='word_1_35' title='bbox 1600 571 1740 626; x_wconf 84' lang='grc' dir='ltr'>χρη-</span> 
     </span>
    </p>
   </div>
   <div class='ocr_carea' id='block_1_8' title="bbox 140 641 1742 719">
    <p class='ocr_par' dir='ltr' id='par_1_8' title="bbox 140 641 1742 719">
     <span class='ocr_line' id='line_1_8' title="bbox 140 641 1742 719; baseline 0.005 -26"><span class='ocrx_word' id='word_1_36' title='bbox 140 641 346 710; x_wconf 77' lang='grc' dir='ltr'>σθῆναι</span> <span class='ocrx_word' id='word_1_37' title='bbox 403 643 749 713; x_wconf 79' lang='grc' dir='ltr'><strong>προσέταξα,</strong></span> <span class='ocrx_word' id='word_1_38' title='bbox 806 645 1052 710; x_wconf 78' lang='grc' dir='ltr'>ἆπαντας</span> <span class='ocrx_word' id='word_1_39' title='bbox 1105 648 1406 719; x_wconf 82' lang='grc' dir='ltr'>εὐμήκεις,</span> <span class='ocrx_word' id='word_1_40' title='bbox 1448 649 1544 702; x_wconf 69' lang='grc' dir='ltr'><strong>καὶ</strong></span> <span class='ocrx_word' id='word_1_41' title='bbox 1600 647 1742 701; x_wconf 79' lang='grc' dir='ltr'>κατὰ</span> 
     </span>
    </p>
   </div>
   <div class='ocr_carea' id='block_1_9' title="bbox 137 734 1743 812">
    <p class='ocr_par' dir='ltr' id='par_1_9' title="bbox 137 734 1743 812">
     <span class='ocr_line' id='line_1_9' title="bbox 137 734 1743 812; baseline 0.005 -27"><span class='ocrx_word' id='word_1_42' title='bbox 137 734 236 786; x_wconf 86' lang='grc' dir='ltr'><strong>τὸν</strong></span> <span class='ocrx_word' id='word_1_43' title='bbox 288 735 379 787; x_wconf 82' lang='grc' dir='ltr'><strong>σὺν</strong></span> <span class='ocrx_word' id='word_1_44' title='bbox 427 735 716 807; x_wconf 83' lang='grc' dir='ltr'>Ὅμηρον,</span> <span class='ocrx_word' id='word_1_45' title='bbox 767 736 1133 808; x_wconf 82' lang='grc' dir='ltr'>δολιχοσκίους</span> <span class='ocrx_word' id='word_1_46' title='bbox 1183 739 1259 810; x_wconf 89' lang='grc'><strong>(9)</strong></span> <span class='ocrx_word' id='word_1_47' title='bbox 1295 781 1310 804; x_wconf 92' lang='grc'><strong>,</strong></span> <span class='ocrx_word' id='word_1_48' title='bbox 1364 738 1460 802; x_wconf 75' lang='grc' dir='ltr'><strong>οὓς</strong></span> <span class='ocrx_word' id='word_1_49' title='bbox 1509 741 1539 793; x_wconf 87' lang='grc' dir='ltr'>ὁ</span> <span class='ocrx_word' id='word_1_50' title='bbox 1597 740 1743 812; x_wconf 83' lang='grc' dir='ltr'>ἱερὸς</span> 
     </span>
    </p>
   </div>
   <div class='ocr_carea' id='block_1_10' title="bbox 156 824 1610 904">
    <p class='ocr_par' dir='ltr' id='par_1_10' title="bbox 156 824 1610 904">
     <span class='ocr_line' id='line_1_10' title="bbox 156 824 1610 904; baseline 0.006 -28"><span class='ocrx_word' id='word_1_51' title='bbox 156 824 414 894; x_wconf 78' lang='grc' dir='ltr'>Ἀλφαίος</span> <span class='ocrx_word' id='word_1_52' title='bbox 448 826 560 899; x_wconf 76' lang='grc'>(10)</span> <span class='ocrx_word' id='word_1_53' title='bbox 594 829 1072 901; x_wconf 81' lang='grc' dir='ltr'><strong>ἀποκαταστήσειν</strong></span> <span class='ocrx_word' id='word_1_54' title='bbox 1116 831 1610 904; x_wconf 81' lang='grc' dir='ltr'>κατεπηγγείλατο.</span> 
     </span>
    </p>
   </div>
   <div class='ocr_carea' id='block_1_11' title="bbox 660 966 1231 1021">
    <p class='ocr_par' dir='ltr' id='par_1_11' title="bbox 660 966 1231 1021">
     <span class='ocr_line' id='line_1_11' title="bbox 660 966 1231 1021; baseline 0.004 -2"><span class='ocrx_word' id='word_1_55' title='bbox 660 966 1010 1020; x_wconf 83' lang='grc' dir='ltr'><strong>ΕΠΙΣΤΟΛΗ</strong></span> <span class='ocrx_word' id='word_1_56' title='bbox 1049 966 1231 1021; x_wconf 81' lang='grc' dir='ltr'><strong>ΤΜΘ’.</strong></span> 
     </span>
    </p>
   </div>
   <div class='ocr_carea' id='block_1_12' title="bbox 1839 461 3426 534">
    <p class='ocr_par' dir='ltr' id='par_1_12' title="bbox 1839 461 3426 534">
     <span class='ocr_line' id='line_1_12' title="bbox 1839 461 3426 534; baseline 0.006 -20"><span class='ocrx_word' id='word_1_57' title='bbox 1839 461 2062 518; x_wconf 83' lang='lat' dir='ltr'><strong>ducenti</strong></span> <span class='ocrx_word' id='word_1_58' title='bbox 2098 470 2179 517; x_wconf 90' lang='lat' dir='ltr'><strong>tot</strong></span> <span class='ocrx_word' id='word_1_59' title='bbox 2203 464 2351 532; x_wconf 82' lang='lat' dir='ltr'><strong>tigna</strong></span> <span class='ocrx_word' id='word_1_60' title='bbox 2392 463 2921 532; x_wconf 78' lang='lat' dir='ltr'><strong>commodarijussi,</strong></span> <span class='ocrx_word' id='word_1_61' title='bbox 2952 473 3088 534; x_wconf 86' lang='lat' dir='ltr'><strong>quot</strong></span> <span class='ocrx_word' id='word_1_62' title='bbox 3132 467 3337 522; x_wconf 75' lang='lat' dir='ltr'><strong>milites</strong></span> <span class='ocrx_word' id='word_1_63' title='bbox 3368 469 3426 523; x_wconf 89' lang='lat' dir='ltr'><strong>in</strong></span> 
     </span>
    </p>
   </div>
   <div class='ocr_carea' id='block_1_13' title="bbox 1840 552 3428 625">
    <p class='ocr_par' dir='ltr' id='par_1_13' title="bbox 1840 552 3428 625">
     <span class='ocr_line' id='line_1_13' title="bbox 1840 552 3428 625; baseline 0.003 -19"><span class='ocrx_word' id='word_1_64' title='bbox 1840 552 2227 624; x_wconf 83' lang='lat' dir='ltr'><strong>Thermopylis</strong></span> <span class='ocrx_word' id='word_1_65' title='bbox 2258 568 2591 624; x_wconf 79' lang='lat' dir='ltr'><strong>pugnavere,</strong></span> <span class='ocrx_word' id='word_1_66' title='bbox 2632 555 2845 625; x_wconf 82' lang='lat' dir='ltr'><strong>singula</strong></span> <span class='ocrx_word' id='word_1_67' title='bbox 2872 556 3108 624; x_wconf 78' lang='lat' dir='ltr'><strong>prolixa.</strong></span> <span class='ocrx_word' id='word_1_68' title='bbox 3142 566 3195 610; x_wconf 89' lang='lat' dir='ltr'><strong>et</strong></span> <span class='ocrx_word' id='word_1_69' title='bbox 3224 572 3428 611; x_wconf 87' lang='lat' dir='ltr'><strong>secun-</strong></span> 
     </span>
    </p>
   </div>
   <div class='ocr_carea' id='block_1_14' title="bbox 1839 643 3424 718">
    <p class='ocr_par' dir='ltr' id='par_1_14' title="bbox 1839 643 3424 718">
     <span class='ocr_line' id='line_1_14' title="bbox 1839 643 3424 718; baseline 0.004 -21"><span class='ocrx_word' id='word_1_70' title='bbox 1839 643 1969 697; x_wconf 90' lang='lat' dir='ltr'><strong>dum</strong></span> <span class='ocrx_word' id='word_1_71' title='bbox 2008 653 2162 698; x_wconf 89' lang='lat' dir='ltr'><strong>tuum</strong></span> <span class='ocrx_word' id='word_1_72' title='bbox 2194 643 2512 708; x_wconf 80' lang='lat' dir='ltr'><strong>llonierum,</strong></span> <span class='ocrx_word' id='word_1_73' title='bbox 2550 646 2801 700; x_wconf 78' lang='lat' dir='ltr'><strong>umbram</strong></span> <span class='ocrx_word' id='word_1_74' title='bbox 2837 647 3056 718; x_wconf 91' lang='lat' dir='ltr'><strong>longam</strong></span> <span class='ocrx_word' id='word_1_75' title='bbox 3088 647 3424 713; x_wconf 61' lang='lat' dir='ltr'><strong>ellicientia;</strong></span> 
     </span>
    </p>
   </div>
   <div class='ocr_carea' id='block_1_15' title="bbox 1839 736 3424 812">
    <p class='ocr_par' dir='ltr' id='par_1_15' title="bbox 1839 736 3424 812">
     <span class='ocr_line' id='line_1_15' title="bbox 1839 736 3424 812; baseline 0.003 -22"><span class='ocrx_word' id='word_1_76' title='bbox 1839 751 1962 807; x_wconf 69' lang='lat' dir='ltr'><strong>quae</strong></span> <span class='ocrx_word' id='word_1_77' title='bbox 2003 737 2267 807; x_wconf 60' lang='lat' dir='ltr'><strong>Alpheus</strong></span> <span class='ocrx_word' id='word_1_78' title='bbox 2303 753 2461 793; x_wconf 85' lang='lat' dir='ltr'><strong>sacer</strong></span> <span class='ocrx_word' id='word_1_79' title='bbox 2506 753 2565 793; x_wconf 91' lang='lat' dir='ltr'><strong>se</strong></span> <span class='ocrx_word' id='word_1_80' title='bbox 2616 736 2963 793; x_wconf 88' lang='lat' dir='ltr'><strong>redditurum</strong></span> <span class='ocrx_word' id='word_1_81' title='bbox 2997 755 3120 796; x_wconf 90' lang='lat' dir='ltr'><strong>esse</strong></span> <span class='ocrx_word' id='word_1_82' title='bbox 3153 740 3424 812; x_wconf 70' lang='lat' dir='ltr'><strong>promisit.</strong></span> 
     </span>
    </p>
   </div>
   <div class='ocr_carea' id='block_1_16' title="bbox 2258 958 3009 1017">
    <p class='ocr_par' dir='ltr' id='par_1_16' title="bbox 2258 958 3009 1017">
     <span class='ocr_line' id='line_1_16' title="bbox 2258 958 3009 1017; baseline 0.004 -3"><span class='ocrx_word' id='word_1_83' title='bbox 2258 958 2595 1015; x_wconf 73' lang='lat' dir='ltr'><strong>EPISTOLA</strong></span> <span class='ocrx_word' id='word_1_84' title='bbox 2634 959 2941 1016; x_wconf 79' lang='lat' dir='ltr'><strong>CCCXLIX</strong></span> <span class='ocrx_word' id='word_1_85' title='bbox 2968 965 3009 1017; x_wconf 72' lang='lat'><strong>‘.</strong></span> 
     </span>
    </p>
   </div>
   <div class='ocr_carea' id='block_1_17' title="bbox 549 1075 3025 1145">
    <p class='ocr_par' dir='ltr' id='par_1_17' title="bbox 549 1075 3025 1145">
     <span class='ocr_line' id='line_1_17' title="bbox 549 1075 3025 1145; baseline -0.002 -16"><span class='ocrx_word' id='word_1_86' title='bbox 549 1081 754 1131; x_wconf 84' lang='lat' dir='ltr'><strong>Jocatur</strong></span> <span class='ocrx_word' id='word_1_87' title='bbox 781 1079 1006 1132; x_wconf 83' lang='lat' dir='ltr'><strong>Libanius</strong></span> <span class='ocrx_word' id='word_1_88' title='bbox 1029 1079 1081 1133; x_wconf 87' lang='lat' dir='ltr'><strong>in</strong></span> <span class='ocrx_word' id='word_1_89' title='bbox 1106 1080 1489 1145; x_wconf 82' lang='lat' dir='ltr'><strong>Cappadociam,</strong></span> <span class='ocrx_word' id='word_1_90' title='bbox 1522 1091 1666 1145; x_wconf 86' lang='lat' dir='ltr'><strong>seque</strong></span> <span class='ocrx_word' id='word_1_91' title='bbox 1688 1076 1955 1142; x_wconf 78' lang='lat' dir='ltr'><strong>discipulos</strong></span> <span class='ocrx_word' id='word_1_92' title='bbox 1980 1075 2290 1144; x_wconf 84' lang='lat' dir='ltr'><strong>Cappadoces</strong></span> <span class='ocrx_word' id='word_1_93' title='bbox 2313 1081 2744 1126; x_wconf 86' lang='lat' dir='ltr'><strong>transmutaturum</strong></span> <span class='ocrx_word' id='word_1_94' title='bbox 2772 1077 3025 1141; x_wconf 78' lang='lat' dir='ltr'><strong>promittit.</strong></span> 
     </span>
    </p>
   </div>
   <div class='ocr_carea' id='block_1_18' title="bbox 627 1193 1250 1262">
    <p class='ocr_par' dir='ltr' id='par_1_18' title="bbox 627 1193 1250 1262">
     <span class='ocr_line' id='line_1_18' title="bbox 627 1193 1250 1262; baseline 0 -14"><span class='ocrx_word' id='word_1_95' title='bbox 627 1193 907 1262; x_wconf 80' lang='grc' dir='ltr'><strong>Λιϐάνιος</strong></span> <span class='ocrx_word' id='word_1_96' title='bbox 933 1194 1250 1262; x_wconf 57' lang='lat' dir='ltr'><strong>Buculeio).</strong></span> 
     </span>
    </p>
   </div>
   <div class='ocr_carea' id='block_1_19' title="bbox 215 1305 1736 1380">
    <p class='ocr_par' dir='ltr' id='par_1_19' title="bbox 215 1305 1736 1380">
     <span class='ocr_line' id='line_1_19' title="bbox 215 1305 1736 1380; baseline -0.001 -19"><span class='ocrx_word' id='word_1_97' title='bbox 215 1308 294 1362; x_wconf 82' lang='grc' dir='ltr'><strong>Οὐ</strong></span> <span class='ocrx_word' id='word_1_98' title='bbox 338 1307 558 1380; x_wconf 81' lang='grc' dir='ltr'>παύσῃ,</span> <span class='ocrx_word' id='word_1_99' title='bbox 597 1308 849 1362; x_wconf 84' lang='grc' dir='ltr'>Βασίλειε</span> <span class='ocrx_word' id='word_1_100' title='bbox 873 1350 889 1375; x_wconf 89' lang='grc'><strong>,</strong></span> <span class='ocrx_word' id='word_1_101' title='bbox 923 1309 1017 1362; x_wconf 87' lang='grc' dir='ltr'><strong>τὸν</strong></span> <span class='ocrx_word' id='word_1_102' title='bbox 1055 1308 1202 1379; x_wconf 82' lang='grc' dir='ltr'>ἱερὸν</span> <span class='ocrx_word' id='word_1_103' title='bbox 1239 1305 1429 1361; x_wconf 80' lang='grc' dir='ltr'>τοῦτον</span> <span class='ocrx_word' id='word_1_104' title='bbox 1459 1323 1569 1360; x_wconf 89' lang='grc' dir='ltr'><strong>των</strong></span> <span class='ocrx_word' id='word_1_105' title='bbox 1607 1322 1736 1377; x_wconf 83' lang='grc' dir='ltr'>μου·</span> 
     </span>
    </p>
   </div>
   <div class='ocr_carea' id='block_1_20' title="bbox 142 1397 1736 1473">
    <p class='ocr_par' dir='ltr' id='par_1_20' title="bbox 142 1397 1736 1473">
     <span class='ocr_line' id='line_1_20' title="bbox 142 1397 1736 1473; baseline -0.003 -18"><span class='ocrx_word' id='word_1_106' title='bbox 142 1401 259 1455; x_wconf 83' lang='grc' dir='ltr'><strong>σῶν</strong></span> <span class='ocrx_word' id='word_1_107' title='bbox 291 1401 458 1472; x_wconf 89' lang='grc' dir='ltr'>σηκὸν</span> <span class='ocrx_word' id='word_1_108' title='bbox 500 1400 698 1473; x_wconf 85' lang='grc' dir='ltr'>μεστὸν</span> <span class='ocrx_word' id='word_1_109' title='bbox 747 1400 918 1455; x_wconf 85' lang='grc' dir='ltr'>ποιῶν</span> <span class='ocrx_word' id='word_1_110' title='bbox 972 1400 1392 1465; x_wconf 85' lang='grc' dir='ltr'>Καππαδοκῶν,</span> <span class='ocrx_word' id='word_1_111' title='bbox 1439 1397 1736 1453; x_wconf 74' lang='grc' dir='ltr'>καὶταῦτα</span> 
     </span>
    </p>
   </div>
   <div class='ocr_carea' id='block_1_21' title="bbox 140 1489 1736 1565">
    <p class='ocr_par' dir='ltr' id='par_1_21' title="bbox 140 1489 1736 1565">
     <span class='ocr_line' id='line_1_21' title="bbox 140 1489 1736 1565; baseline -0.002 -17"><span class='ocrx_word' id='word_1_112' title='bbox 140 1492 464 1557; x_wconf 84' lang='grc' dir='ltr'>ἀποζόντων</span> <span class='ocrx_word' id='word_1_113' title='bbox 511 1493 710 1565; x_wconf 82' lang='grc' dir='ltr'>γριτῆς</span> <span class='ocrx_word' id='word_1_114' title='bbox 742 1494 840 1548; x_wconf 71' lang='grc' dir='ltr'>καὶ</span> <span class='ocrx_word' id='word_1_115' title='bbox 876 1493 1054 1565; x_wconf 80' lang='grc' dir='ltr'>χιόνος</span> <span class='ocrx_word' id='word_1_116' title='bbox 1086 1493 1200 1564; x_wconf 81' lang='grc' dir='ltr'>(Μ)</span> <span class='ocrx_word' id='word_1_117' title='bbox 1241 1492 1336 1546; x_wconf 76' lang='grc' dir='ltr'>καὶ</span> <span class='ocrx_word' id='word_1_118' title='bbox 1378 1491 1488 1544; x_wconf 83' lang='grc' dir='ltr'><strong>τῶν</strong></span> <span class='ocrx_word' id='word_1_119' title='bbox 1527 1489 1736 1545; x_wconf 76' lang='grc' dir='ltr'>ἐκεῖθεν</span> 
     </span>
    </p>
   </div>
   <div class='ocr_carea' id='block_1_22' title="bbox 141 1580 1736 1655">
    <p class='ocr_par' dir='ltr' id='par_1_22' title="bbox 141 1580 1736 1655">
     <span class='ocr_line' id='line_1_22' title="bbox 141 1580 1736 1655; baseline -0.003 -18"><span class='ocrx_word' id='word_1_120' title='bbox 141 1583 370 1650; x_wconf 84' lang='grc' dir='ltr'>καλῶν;</span> <span class='ocrx_word' id='word_1_121' title='bbox 402 1582 618 1654; x_wconf 82' lang='grc' dir='ltr'>Μικροῦ</span> <span class='ocrx_word' id='word_1_122' title='bbox 645 1583 702 1636; x_wconf 80' lang='grc' dir='ltr'><strong>δέ</strong></span> <span class='ocrx_word' id='word_1_123' title='bbox 744 1600 813 1654; x_wconf 75' lang='grc' dir='ltr'><strong>με</strong></span> <span class='ocrx_word' id='word_1_124' title='bbox 845 1585 940 1638; x_wconf 81' lang='grc' dir='ltr'><strong>καὶ</strong></span> <span class='ocrx_word' id='word_1_125' title='bbox 968 1584 1346 1655; x_wconf 83' lang='grc' dir='ltr'>Καππαδόκην</span> <span class='ocrx_word' id='word_1_126' title='bbox 1376 1582 1581 1653; x_wconf 73' lang='grc' dir='ltr'>ἔθηκαν</span> <span class='ocrx_word' id='word_1_127' title='bbox 1602 1622 1616 1646; x_wconf 92' lang='grc'><strong>,</strong></span> <span class='ocrx_word' id='word_1_128' title='bbox 1649 1580 1736 1634; x_wconf 83' lang='grc' dir='ltr'>ἀεί</span> 
     </span>
    </p>
   </div>
   <div class='ocr_carea' id='block_1_23' title="bbox 2372 1186 2891 1252">
    <p class='ocr_par' dir='ltr' id='par_1_23' title="bbox 2372 1186 2891 1252">
     <span class='ocr_line' id='line_1_23' title="bbox 2372 1186 2891 1252; baseline 0 -11"><span class='ocrx_word' id='word_1_129' title='bbox 2372 1186 2632 1241; x_wconf 83' lang='lat' dir='ltr'><strong>Libanius</strong></span> <span class='ocrx_word' id='word_1_130' title='bbox 2662 1186 2891 1252; x_wconf 84' lang='lat' dir='ltr'><strong>Basilio.</strong></span> 
     </span>
    </p>
   </div>
   <div class='ocr_carea' id='block_1_24' title="bbox 1908 1300 3429 1368">
    <p class='ocr_par' dir='ltr' id='par_1_24' title="bbox 1908 1300 3429 1368">
     <span class='ocr_line' id='line_1_24' title="bbox 1908 1300 3429 1368; baseline 0.001 -10"><span class='ocrx_word' id='word_1_131' title='bbox 1908 1302 2028 1359; x_wconf 92' lang='lat' dir='ltr'><strong>Non</strong></span> <span class='ocrx_word' id='word_1_132' title='bbox 2071 1302 2314 1368; x_wconf 85' lang='lat' dir='ltr'><strong>desines,</strong></span> <span class='ocrx_word' id='word_1_133' title='bbox 2366 1300 2557 1368; x_wconf 83' lang='lat' dir='ltr'><strong>Basili,</strong></span> <span class='ocrx_word' id='word_1_134' title='bbox 2598 1316 2819 1358; x_wconf 89' lang='lat' dir='ltr'><strong>sacrum</strong></span> <span class='ocrx_word' id='word_1_135' title='bbox 2869 1301 2975 1357; x_wconf 89' lang='lat' dir='ltr'><strong>hoc</strong></span> <span class='ocrx_word' id='word_1_136' title='bbox 3017 1317 3298 1358; x_wconf 83' lang='lat' dir='ltr'><strong>musarum</strong></span> <span class='ocrx_word' id='word_1_137' title='bbox 3328 1304 3429 1359; x_wconf 89' lang='lat' dir='ltr'><strong>do-</strong></span> 
     </span>
    </p>
   </div>
   <div class='ocr_carea' id='block_1_25' title="bbox 1839 1394 3429 1466">
    <p class='ocr_par' dir='ltr' id='par_1_25' title="bbox 1839 1394 3429 1466">
     <span class='ocr_line' id='line_1_25' title="bbox 1839 1394 3429 1466; baseline -0.001 -14"><span class='ocrx_word' id='word_1_138' title='bbox 1839 1398 2107 1453; x_wconf 87' lang='lat' dir='ltr'><strong>micilium</strong></span> <span class='ocrx_word' id='word_1_139' title='bbox 2152 1396 2368 1466; x_wconf 88' lang='lat' dir='ltr'><strong>replere</strong></span> <span class='ocrx_word' id='word_1_140' title='bbox 2410 1394 2856 1465; x_wconf 85' lang='lat' dir='ltr'><strong>Cappadocibus,</strong></span> <span class='ocrx_word' id='word_1_141' title='bbox 2903 1395 3085 1466; x_wconf 81' lang='lat' dir='ltr'><strong>iisque</strong></span> <span class='ocrx_word' id='word_1_142' title='bbox 3120 1398 3301 1466; x_wconf 90' lang='lat' dir='ltr'><strong>griten</strong></span> <span class='ocrx_word' id='word_1_143' title='bbox 3347 1397 3429 1451; x_wconf 91' lang='lat' dir='ltr'><strong>ni-</strong></span> 
     </span>
    </p>
   </div>
   <div class='ocr_carea' id='block_1_26' title="bbox 1838 1488 3428 1560">
    <p class='ocr_par' dir='ltr' id='par_1_26' title="bbox 1838 1488 3428 1560">
     <span class='ocr_line' id='line_1_26' title="bbox 1838 1488 3428 1560; baseline -0.002 -14"><span class='ocrx_word' id='word_1_144' title='bbox 1838 1504 2071 1560; x_wconf 87' lang='lat' dir='ltr'><strong>vemque</strong></span> <span class='ocrx_word' id='word_1_145' title='bbox 2095 1496 2151 1544; x_wconf 87' lang='lat' dir='ltr'><strong>et</strong></span> <span class='ocrx_word' id='word_1_146' title='bbox 2179 1497 2377 1543; x_wconf 61' lang='lat' dir='ltr'><strong>caetera</strong></span> <span class='ocrx_word' id='word_1_147' title='bbox 2404 1488 2552 1542; x_wconf 91' lang='lat' dir='ltr'><strong>illius</strong></span> <span class='ocrx_word' id='word_1_148' title='bbox 2575 1489 2820 1558; x_wconf 80' lang='lat' dir='ltr'><strong>regionis</strong></span> <span class='ocrx_word' id='word_1_149' title='bbox 2848 1488 2990 1543; x_wconf 84' lang='lat' dir='ltr'><strong>bona</strong></span> <span class='ocrx_word' id='word_1_150' title='bbox 3018 1490 3428 1544; x_wconf 85' lang='lat' dir='ltr'><strong>redolentibus?</strong></span> 
     </span>
    </p>
   </div>
   <div class='ocr_carea' id='block_1_27' title="bbox 1839 1580 3426 1653">
    <p class='ocr_par' dir='ltr' id='par_1_27' title="bbox 1839 1580 3426 1653">
     <span class='ocr_line' id='line_1_27' title="bbox 1839 1580 3426 1653; baseline 0 -16"><span class='ocrx_word' id='word_1_151' title='bbox 1839 1582 2016 1653; x_wconf 86' lang='lat' dir='ltr'><strong>Prope</strong></span> <span class='ocrx_word' id='word_1_152' title='bbox 2040 1590 2226 1637; x_wconf 91' lang='lat' dir='ltr'><strong>antem</strong></span> <span class='ocrx_word' id='word_1_153' title='bbox 2256 1580 2459 1635; x_wconf 76' lang='lat' dir='ltr'><strong>factum</strong></span> <span class='ocrx_word' id='word_1_154' title='bbox 2487 1587 2592 1646; x_wconf 91' lang='lat' dir='ltr'><strong>est,</strong></span> <span class='ocrx_word' id='word_1_155' title='bbox 2636 1588 2695 1634; x_wconf 88' lang='lat' dir='ltr'><strong>ut</strong></span> <span class='ocrx_word' id='word_1_156' title='bbox 2726 1596 2813 1636; x_wconf 92' lang='lat' dir='ltr'><strong>me</strong></span> <span class='ocrx_word' id='word_1_157' title='bbox 2838 1582 3000 1635; x_wconf 88' lang='lat' dir='ltr'><strong>etiam</strong></span> <span class='ocrx_word' id='word_1_158' title='bbox 3039 1582 3426 1652; x_wconf 78' lang='lat' dir='ltr'><strong>Cappadocem</strong></span> 
     </span>
    </p>
   </div>
   <div class='ocr_carea' id='block_1_28' title="bbox 143 1647 1745 1749">
    <p class='ocr_par' dir='ltr' id='par_1_28' title="bbox 143 1647 1731 1749">
     <span class='ocr_line' id='line_1_28' title="bbox 143 1647 1731 1749; baseline -0.003 -19"><span class='ocrx_word' id='word_1_159' title='bbox 143 1695 240 1748; x_wconf 85' lang='grc' dir='ltr'><strong>μοι</strong></span> <span class='ocrx_word' id='word_1_160' title='bbox 287 1647 384 1738; x_wconf 71' lang='grc' dir='ltr'><strong>τὸ,</strong></span> <span class='ocrx_word' id='word_1_161' title='bbox 433 1647 839 1747; x_wconf 45' lang='grc' dir='ltr'>προσκυνῶ-σε</span> <span class='ocrx_word' id='word_1_162' title='bbox 891 1676 1006 1749; x_wconf 68' lang='grc'>(12)</span> <span class='ocrx_word' id='word_1_163' title='bbox 1039 1716 1054 1742; x_wconf 96' lang='grc'><strong>,</strong></span> <span class='ocrx_word' id='word_1_164' title='bbox 1114 1647 1494 1749; x_wconf 65' lang='grc' dir='ltr'>προσᾲθοντες.</span> <span class='ocrx_word' id='word_1_165' title='bbox 1534 1677 1625 1727; x_wconf 83' lang='grc' dir='ltr'>Δεῖ</span> <span class='ocrx_word' id='word_1_166' title='bbox 1674 1673 1731 1727; x_wconf 82' lang='grc' dir='ltr'><strong>δὲ</strong></span> 
     </span>
    </p>
   </div>
   <div class='ocr_carea' id='block_1_29' title="bbox 1851 1647 3427 1749">
    <p class='ocr_par' dir='ltr' id='par_1_29' title="bbox 1851 1672 3427 1745">
     <span class='ocr_line' id='line_1_29' title="bbox 1851 1672 3427 1745; baseline -0.001 -15"><span class='ocrx_word' id='word_1_167' title='bbox 1851 1675 2141 1740; x_wconf 67' lang='grc' dir='ltr'><strong>είΐθοθνίιιι,</strong></span> <span class='ocrx_word' id='word_1_168' title='bbox 2186 1687 2405 1742; x_wconf 88' lang='lat' dir='ltr'><strong>semper</strong></span> <span class='ocrx_word' id='word_1_169' title='bbox 2451 1673 2585 1727; x_wconf 85' lang='lat' dir='ltr'><strong>mihi</strong></span> <span class='ocrx_word' id='word_1_170' title='bbox 2621 1672 2777 1738; x_wconf 91' lang='lat' dir='ltr'><strong>illud,</strong></span> <span class='ocrx_word' id='word_1_171' title='bbox 2820 1674 3111 1745; x_wconf 82' lang='grc' dir='ltr'>προσκυνῶ</span> <span class='ocrx_word' id='word_1_172' title='bbox 3152 1692 3234 1739; x_wconf 86' lang='grc' dir='ltr'><strong>σε,</strong></span> <span class='ocrx_word' id='word_1_173' title='bbox 3279 1675 3427 1729; x_wconf 88' lang='lat' dir='ltr'><strong>occi-</strong></span> 
     </span>
    </p>
   </div>
   <div class='ocr_carea' id='block_1_30' title="bbox 139 1765 1728 1838">
    <p class='ocr_par' dir='ltr' id='par_1_30' title="bbox 139 1765 1728 1838">
     <span class='ocr_line' id='line_1_30' title="bbox 139 1765 1728 1838; baseline 0.001 -20"><span class='ocrx_word' id='word_1_174' title='bbox 139 1767 297 1835; x_wconf 82' lang='grc' dir='ltr'>ὃμως</span> <span class='ocrx_word' id='word_1_175' title='bbox 329 1765 651 1838; x_wconf 82' lang='grc' dir='ltr'>ἀνέχεσθαι,</span> <span class='ocrx_word' id='word_1_176' title='bbox 684 1766 966 1821; x_wconf 83' lang='grc' dir='ltr'>Βασιλείου</span> <span class='ocrx_word' id='word_1_177' title='bbox 995 1768 1329 1832; x_wconf 81' lang='grc' dir='ltr'>κελεύοντος.</span> <span class='ocrx_word' id='word_1_178' title='bbox 1367 1766 1506 1821; x_wconf 87' lang='grc' dir='ltr'>Ἵσθι</span> <span class='ocrx_word' id='word_1_179' title='bbox 1529 1766 1728 1830; x_wconf 82' lang='grc' dir='ltr'>τοίνυν,</span> 
     </span>
    </p>
   </div>
   <div class='ocr_carea' id='block_1_31' title="bbox 139 1858 1730 1932">
    <p class='ocr_par' dir='ltr' id='par_1_31' title="bbox 139 1858 1730 1932">
     <span class='ocr_line' id='line_1_31' title="bbox 139 1858 1730 1932; baseline 0.002 -21"><span class='ocrx_word' id='word_1_180' title='bbox 139 1859 220 1922; x_wconf 82' lang='grc' dir='ltr'><strong>ὡς</strong></span> <span class='ocrx_word' id='word_1_181' title='bbox 253 1858 355 1929; x_wconf 83' lang='grc' dir='ltr'>τῆς</span> <span class='ocrx_word' id='word_1_182' title='bbox 394 1860 493 1931; x_wconf 86' lang='grc' dir='ltr'><strong>μὲν</strong></span> <span class='ocrx_word' id='word_1_183' title='bbox 539 1858 724 1931; x_wconf 85' lang='grc' dir='ltr'>χώρας</span> <span class='ocrx_word' id='word_1_184' title='bbox 757 1861 883 1924; x_wconf 83' lang='grc' dir='ltr'>τοὺς</span> <span class='ocrx_word' id='word_1_185' title='bbox 917 1860 1156 1932; x_wconf 84' lang='grc' dir='ltr'>τρόπους</span> <span class='ocrx_word' id='word_1_186' title='bbox 1205 1859 1555 1932; x_wconf 78' lang='grc' dir='ltr'><strong>ἐξακριϐάζω</strong></span> <span class='ocrx_word' id='word_1_187' title='bbox 1598 1859 1730 1929; x_wconf 81' lang='lat' dir='ltr'><strong>(I5),</strong></span> 
     </span>
    </p>
   </div>
   <div class='ocr_carea' id='block_1_32' title="bbox 138 1948 1729 2023">
    <p class='ocr_par' dir='ltr' id='par_1_32' title="bbox 138 1948 1729 2023">
     <span class='ocr_line' id='line_1_32' title="bbox 138 1948 1729 2023; baseline 0.002 -23"><span class='ocrx_word' id='word_1_188' title='bbox 138 1948 244 2019; x_wconf 83' lang='grc' dir='ltr'>τὴν</span> <span class='ocrx_word' id='word_1_189' title='bbox 273 1949 331 2003; x_wconf 84' lang='grc' dir='ltr'><strong>δὲ</strong></span> <span class='ocrx_word' id='word_1_190' title='bbox 363 1950 645 2019; x_wconf 80' lang='grc' dir='ltr'>εὐγένειαν</span> <span class='ocrx_word' id='word_1_191' title='bbox 679 1952 775 2004; x_wconf 80' lang='grc' dir='ltr'><strong>καὶ</strong></span> <span class='ocrx_word' id='word_1_192' title='bbox 804 1951 866 2004; x_wconf 87' lang='grc' dir='ltr'><strong>τὸ</strong></span> <span class='ocrx_word' id='word_1_193' title='bbox 891 1951 1130 2023; x_wconf 80' lang='grc' dir='ltr'>ἐμμελὲς</span> <span class='ocrx_word' id='word_1_194' title='bbox 1167 1953 1266 2023; x_wconf 83' lang='grc' dir='ltr'><strong>τῆς</strong></span> <span class='ocrx_word' id='word_1_195' title='bbox 1308 1952 1448 2023; x_wconf 82' lang='grc' dir='ltr'>ἐμῆς</span> <span class='ocrx_word' id='word_1_196' title='bbox 1492 1950 1729 2005; x_wconf 85' lang='grc' dir='ltr'>Καλλιό-</span> 
     </span>
    </p>
   </div>
   <div class='ocr_carea' id='block_1_33' title="bbox 141 2042 1729 2115">
    <p class='ocr_par' dir='ltr' id='par_1_33' title="bbox 141 2042 1729 2115">
     <span class='ocr_line' id='line_1_33' title="bbox 141 2042 1729 2115; baseline 0.001 -21"><span class='ocrx_word' id='word_1_197' title='bbox 141 2056 257 2110; x_wconf 79' lang='grc' dir='ltr'><strong>πης</strong></span> <span class='ocrx_word' id='word_1_198' title='bbox 296 2043 659 2113; x_wconf 83' lang='grc' dir='ltr'>μεταμφιάσω</span> <span class='ocrx_word' id='word_1_199' title='bbox 686 2044 814 2107; x_wconf 84' lang='grc' dir='ltr'>τοὺς</span> <span class='ocrx_word' id='word_1_200' title='bbox 843 2042 1073 2115; x_wconf 82' lang='grc' dir='ltr'>ἄνδρας,</span> <span class='ocrx_word' id='word_1_201' title='bbox 1102 2044 1168 2097; x_wconf 82' lang='grc' dir='ltr'>ἵν’</span> <span class='ocrx_word' id='word_1_202' title='bbox 1195 2044 1411 2115; x_wconf 81' lang='grc' dir='ltr'>ὀφθεῖεν</span> <span class='ocrx_word' id='word_1_203' title='bbox 1450 2044 1579 2115; x_wconf 84' lang='grc' dir='ltr'>ὑμῖν</span> <span class='ocrx_word' id='word_1_204' title='bbox 1605 2042 1729 2096; x_wconf 60' lang='grc' dir='ltr'><strong>ἀντὶ⁵</strong></span> 
     </span>
    </p>
   </div>
   <div class='ocr_carea' id='block_1_34' title="bbox 140 2132 1350 2199">
    <p class='ocr_par' dir='ltr' id='par_1_34' title="bbox 140 2132 1350 2199">
     <span class='ocr_line' id='line_1_34' title="bbox 140 2132 1350 2199; baseline 0.002 -14"><span class='ocrx_word' id='word_1_205' title='bbox 140 2132 371 2199; x_wconf 77' lang='grc' dir='ltr'>φασσῶν</span> <span class='ocrx_word' id='word_1_206' title='bbox 411 2151 478 2187; x_wconf 89' lang='grc' dir='ltr'><strong>πε</strong></span> <span class='ocrx_word' id='word_1_207' title='bbox 487 2151 637 2187; x_wconf 88' lang='grc' dir='ltr'>οιστε</span> <span class='ocrx_word' id='word_1_208' title='bbox 646 2133 736 2189; x_wconf 82' lang='lat' dir='ltr'><strong>acti</strong></span> <span class='ocrx_word' id='word_1_209' title='bbox 1340 2143 1350 2151; x_wconf 89' lang='grc'><em>’</em></span> 
     </span>
    </p>
   </div>
   <div class='ocr_carea' id='block_1_35' title="bbox 673 2272 1196 2327">
    <p class='ocr_par' dir='ltr' id='par_1_35' title="bbox 673 2272 1196 2327">
     <span class='ocr_line' id='line_1_35' title="bbox 673 2272 1196 2327; baseline 0.006 -3"><span class='ocrx_word' id='word_1_210' title='bbox 673 2272 1022 2327; x_wconf 85' lang='grc' dir='ltr'><strong>ΕΠΙΣΤΟΛΗ</strong></span> <span class='ocrx_word' id='word_1_211' title='bbox 1064 2273 1196 2327; x_wconf 87' lang='grc' dir='ltr'><strong>ΤΝ¹.</strong></span> 
     </span>
    </p>
   </div>
   <div class='ocr_carea' id='block_1_36' title="bbox 1839 1764 3422 1837">
    <p class='ocr_par' dir='ltr' id='par_1_36' title="bbox 1839 1764 3422 1837">
     <span class='ocr_line' id='line_1_36' title="bbox 1839 1764 3422 1837; baseline 0 -15"><span class='ocrx_word' id='word_1_212' title='bbox 1839 1774 2055 1822; x_wconf 84' lang='lat' dir='ltr'><strong>nentes.</strong></span> <span class='ocrx_word' id='word_1_213' title='bbox 2085 1766 2342 1822; x_wconf 83' lang='lat' dir='ltr'><strong>Attamen</strong></span> <span class='ocrx_word' id='word_1_214' title='bbox 2371 1764 2661 1821; x_wconf 80' lang='lat' dir='ltr'><strong>ferendum</strong></span> <span class='ocrx_word' id='word_1_215' title='bbox 2695 1774 2800 1831; x_wconf 88' lang='lat' dir='ltr'><strong>est,</strong></span> <span class='ocrx_word' id='word_1_216' title='bbox 2826 1765 3031 1822; x_wconf 78' lang='lat' dir='ltr'><strong>Basilio</strong></span> <span class='ocrx_word' id='word_1_217' title='bbox 3072 1767 3144 1821; x_wconf 89' lang='lat' dir='ltr'><strong>ita</strong></span> <span class='ocrx_word' id='word_1_218' title='bbox 3173 1767 3422 1837; x_wconf 81' lang='lat' dir='ltr'><strong>jubente.</strong></span> 
     </span>
    </p>
   </div>
   <div class='ocr_carea' id='block_1_37' title="bbox 1841 1859 3426 1930">
    <p class='ocr_par' dir='ltr' id='par_1_37' title="bbox 1841 1859 3426 1930">
     <span class='ocr_line' id='line_1_37' title="bbox 1841 1859 3426 1930; baseline -0.001 -15"><span class='ocrx_word' id='word_1_219' title='bbox 1841 1859 1995 1915; x_wconf 90' lang='lat' dir='ltr'><strong>Scito</strong></span> <span class='ocrx_word' id='word_1_220' title='bbox 2026 1860 2214 1929; x_wconf 84' lang='lat' dir='ltr'><strong>igitur,</strong></span> <span class='ocrx_word' id='word_1_221' title='bbox 2262 1873 2350 1913; x_wconf 90' lang='lat' dir='ltr'><strong>me</strong></span> <span class='ocrx_word' id='word_1_222' title='bbox 2379 1859 2622 1928; x_wconf 88' lang='lat' dir='ltr'><strong>regionis</strong></span> <span class='ocrx_word' id='word_1_223' title='bbox 2652 1859 2877 1928; x_wconf 86' lang='lat' dir='ltr'><strong>quidem</strong></span> <span class='ocrx_word' id='word_1_224' title='bbox 2908 1874 3094 1914; x_wconf 89' lang='lat' dir='ltr'><strong>morcs</strong></span> <span class='ocrx_word' id='word_1_225' title='bbox 3133 1860 3426 1930; x_wconf 81' lang='lat' dir='ltr'><strong>diligenter</strong></span> 
     </span>
    </p>
   </div>
   <div class='ocr_carea' id='block_1_38' title="bbox 1838 1949 3427 2021">
    <p class='ocr_par' dir='ltr' id='par_1_38' title="bbox 1838 1949 3427 2021">
     <span class='ocr_line' id='line_1_38' title="bbox 1838 1949 3427 2021; baseline -0.001 -14"><span class='ocrx_word' id='word_1_226' title='bbox 1838 1952 2195 2021; x_wconf 86' lang='lat' dir='ltr'><strong>investigare,</strong></span> <span class='ocrx_word' id='word_1_227' title='bbox 2240 1949 2389 2005; x_wconf 90' lang='lat' dir='ltr'><strong>viros</strong></span> <span class='ocrx_word' id='word_1_228' title='bbox 2420 1964 2551 2004; x_wconf 91' lang='lat' dir='ltr'><strong>vero</strong></span> <span class='ocrx_word' id='word_1_229' title='bbox 2593 1950 2663 2005; x_wconf 87' lang='lat' dir='ltr'><strong>ad</strong></span> <span class='ocrx_word' id='word_1_230' title='bbox 2708 1966 2842 2005; x_wconf 82' lang='lat' dir='ltr'><strong>meae</strong></span> <span class='ocrx_word' id='word_1_231' title='bbox 2866 1949 3139 2021; x_wconf 87' lang='lat' dir='ltr'><strong>Calliopes</strong></span> <span class='ocrx_word' id='word_1_232' title='bbox 3176 1952 3427 2006; x_wconf 85' lang='lat' dir='ltr'><strong>nobilita-</strong></span> 
     </span>
    </p>
   </div>
   <div class='ocr_carea' id='block_1_39' title="bbox 1841 2032 3425 2112">
    <p class='ocr_par' dir='ltr' id='par_1_39' title="bbox 1841 2032 3425 2112">
     <span class='ocr_line' id='line_1_39' title="bbox 1841 2032 3425 2112; baseline 0 -13"><span class='ocrx_word' id='word_1_233' title='bbox 1841 2054 1947 2099; x_wconf 89' lang='lat' dir='ltr'><strong>tem</strong></span> <span class='ocrx_word' id='word_1_234' title='bbox 1979 2051 2145 2112; x_wconf 88' lang='lat' dir='ltr'><strong>atque</strong></span> <span class='ocrx_word' id='word_1_235' title='bbox 2174 2041 2609 2097; x_wconf 88' lang='lat' dir='ltr'><strong>concinnitatem</strong></span> <span class='ocrx_word' id='word_1_236' title='bbox 2633 2032 3154 2107; x_wconf 86' lang='lat' dir='ltr'><strong>transmutaturum,</strong></span> <span class='ocrx_word' id='word_1_237' title='bbox 3188 2055 3247 2099; x_wconf 92' lang='lat' dir='ltr'><strong>ut</strong></span> <span class='ocrx_word' id='word_1_238' title='bbox 3266 2043 3425 2100; x_wconf 83' lang='lat' dir='ltr'><strong>vobis</strong></span> 
     </span>
    </p>
   </div>
   <div class='ocr_carea' id='block_1_40' title="bbox 1836 2133 3209 2207">
    <p class='ocr_par' dir='ltr' id='par_1_40' title="bbox 1836 2133 3209 2207">
     <span class='ocr_line' id='line_1_40' title="bbox 1836 2133 3209 2207; baseline 0 -17"><span class='ocrx_word' id='word_1_239' title='bbox 1836 2151 1939 2207; x_wconf 89' lang='lat' dir='ltr'><strong>pro</strong></span> <span class='ocrx_word' id='word_1_240' title='bbox 1975 2135 2249 2205; x_wconf 88' lang='lat' dir='ltr'><strong>palumbis</strong></span> <span class='ocrx_word' id='word_1_241' title='bbox 2282 2134 2551 2189; x_wconf 77' lang='lat' dir='ltr'><strong>columba:</strong></span> <span class='ocrx_word' id='word_1_242' title='bbox 2582 2133 2713 2189; x_wconf 83' lang='lat' dir='ltr'><strong>facti</strong></span> <span class='ocrx_word' id='word_1_243' title='bbox 2743 2151 2867 2191; x_wconf 79' lang='lat' dir='ltr'><strong>eSse</strong></span> <span class='ocrx_word' id='word_1_244' title='bbox 2895 2136 3209 2191; x_wconf 87' lang='lat' dir='ltr'><strong>videantur.</strong></span> 
     </span>
    </p>
   </div>
   <div class='ocr_carea' id='block_1_41' title="bbox 2221 2265 3036 2341">
    <p class='ocr_par' dir='ltr' id='par_1_41' title="bbox 2221 2265 3036 2341">
     <span class='ocr_line' id='line_1_41' title="bbox 2221 2265 3036 2341; baseline -0.004 -19"><span class='ocrx_word' id='word_1_245' title='bbox 2221 2267 2386 2341; x_wconf 65' lang='grc'><strong>460</strong></span> <span class='ocrx_word' id='word_1_246' title='bbox 2421 2266 2764 2322; x_wconf 74' lang='lat' dir='ltr'><strong>EPISTULA</strong></span> <span class='ocrx_word' id='word_1_247' title='bbox 2799 2265 3036 2333; x_wconf 63' lang='lat' dir='ltr'><strong>CCCL‘f.</strong></span> 
     </span>
    </p>
   </div>
   <div class='ocr_carea' id='block_1_42' title="bbox 1240 2379 2316 2451">
    <p class='ocr_par' dir='ltr' id='par_1_42' title="bbox 1240 2379 2316 2451">
     <span class='ocr_line' id='line_1_42' title="bbox 1240 2379 2316 2451; baseline -0.006 -13"><span class='ocrx_word' id='word_1_248' title='bbox 1240 2385 1510 2451; x_wconf 75' lang='lat' dir='ltr'><strong>Respondet</strong></span> <span class='ocrx_word' id='word_1_249' title='bbox 1527 2384 1744 2438; x_wconf 79' lang='lat' dir='ltr'><strong>Basilius</strong></span> <span class='ocrx_word' id='word_1_250' title='bbox 1761 2382 1981 2447; x_wconf 72' lang='lat' dir='ltr'><strong>epistola:</strong></span> <span class='ocrx_word' id='word_1_251' title='bbox 2001 2379 2298 2447; x_wconf 64' lang='lat' dir='ltr'><strong>praecedenti</strong></span> <span class='ocrx_word' id='word_1_252' title='bbox 2302 2418 2316 2432; x_wconf 93' lang='lat'><strong>.</strong></span> 
     </span>
    </p>
   </div>
   <div class='ocr_carea' id='block_1_43' title="bbox 557 2493 1309 2566">
    <p class='ocr_par' dir='ltr' id='par_1_43' title="bbox 557 2493 1309 2566">
     <span class='ocr_line' id='line_1_43' title="bbox 557 2493 1309 2566; baseline 0.007 -20"><span class='ocrx_word' id='word_1_253' title='bbox 557 2493 874 2560; x_wconf 73' lang='grc' dir='ltr'>Βασίλειος</span> <span class='ocrx_word' id='word_1_254' title='bbox 901 2495 1160 2562; x_wconf 81' lang='grc' dir='ltr'><strong>Λιϐανίῳ</strong></span> <span class='ocrx_word' id='word_1_255' title='bbox 1178 2496 1309 2566; x_wconf 75' lang='grc'>(14).</span> 
     </span>
    </p>
   </div>
   <div class='ocr_carea' id='block_1_44' title="bbox 212 2603 1733 2677">
    <p class='ocr_par' dir='ltr' id='par_1_44' title="bbox 212 2603 1733 2677">
     <span class='ocr_line' id='line_1_44' title="bbox 212 2603 1733 2677; baseline 0.002 -21"><span class='ocrx_word' id='word_1_256' title='bbox 212 2603 444 2657; x_wconf 80' lang='grc' dir='ltr'>Λὲλυταί</span> <span class='ocrx_word' id='word_1_257' title='bbox 498 2620 581 2657; x_wconf 89' lang='grc' dir='ltr'><strong>σοι</strong></span> <span class='ocrx_word' id='word_1_258' title='bbox 623 2604 685 2658; x_wconf 83' lang='grc' dir='ltr'><strong>τὸ</strong></span> <span class='ocrx_word' id='word_1_259' title='bbox 734 2604 1025 2676; x_wconf 84' lang='grc' dir='ltr'>δύσθυμον.</span> <span class='ocrx_word' id='word_1_260' title='bbox 1072 2606 1242 2659; x_wconf 79' lang='grc' dir='ltr'>Τοῦτο</span> <span class='ocrx_word' id='word_1_261' title='bbox 1280 2605 1390 2677; x_wconf 86' lang='grc' dir='ltr'>γὰρ</span> <span class='ocrx_word' id='word_1_262' title='bbox 1444 2604 1584 2659; x_wconf 75' lang='grc' dir='ltr'>ἔστω</span> <span class='ocrx_word' id='word_1_263' title='bbox 1628 2603 1733 2676; x_wconf 81' lang='grc' dir='ltr'>τῆς</span> 
     </span>
    </p>
   </div>
   <div class='ocr_carea' id='block_1_45' title="bbox 143 2693 1733 2767">
    <p class='ocr_par' dir='ltr' id='par_1_45' title="bbox 143 2693 1733 2767">
     <span class='ocr_line' id='line_1_45' title="bbox 143 2693 1733 2767; baseline 0.001 -20"><span class='ocrx_word' id='word_1_264' title='bbox 143 2693 436 2764; x_wconf 77' lang='grc' dir='ltr'>ἐπιστολῆς</span> <span class='ocrx_word' id='word_1_265' title='bbox 469 2694 530 2747; x_wconf 86' lang='grc' dir='ltr'><strong>τὸ</strong></span> <span class='ocrx_word' id='word_1_266' title='bbox 583 2696 889 2767; x_wconf 86' lang='grc' dir='ltr'>προοίμιον.</span> <span class='ocrx_word' id='word_1_267' title='bbox 936 2697 1009 2750; x_wconf 82' lang='grc' dir='ltr'>Σὺ</span> <span class='ocrx_word' id='word_1_268' title='bbox 1049 2695 1106 2748; x_wconf 83' lang='grc' dir='ltr'><strong>δὲ</strong></span> <span class='ocrx_word' id='word_1_269' title='bbox 1141 2695 1365 2750; x_wconf 84' lang='grc' dir='ltr'>σκῶπτε</span> <span class='ocrx_word' id='word_1_270' title='bbox 1392 2696 1487 2749; x_wconf 72' lang='grc' dir='ltr'><strong>καὶ</strong></span> <span class='ocrx_word' id='word_1_271' title='bbox 1511 2696 1733 2767; x_wconf 82' lang='grc' dir='ltr'>διὰσυρε</span> 
     </span>
    </p>
   </div>
   <div class='ocr_carea' id='block_1_46' title="bbox 138 2787 1733 2861">
    <p class='ocr_par' dir='ltr' id='par_1_46' title="bbox 138 2787 1733 2861">
     <span class='ocr_line' id='line_1_46' title="bbox 138 2787 1733 2861; baseline 0.001 -21"><span class='ocrx_word' id='word_1_272' title='bbox 138 2787 213 2840; x_wconf 85' lang='grc' dir='ltr'>τὰ</span> <span class='ocrx_word' id='word_1_273' title='bbox 274 2787 558 2859; x_wconf 79' lang='grc' dir='ltr'>ἡμέτερα,</span> <span class='ocrx_word' id='word_1_274' title='bbox 598 2789 708 2841; x_wconf 80' lang='grc' dir='ltr'>εἴτε</span> <span class='ocrx_word' id='word_1_275' title='bbox 750 2787 954 2858; x_wconf 83' lang='grc' dir='ltr'>γελῶν,</span> <span class='ocrx_word' id='word_1_276' title='bbox 1007 2787 1121 2842; x_wconf 75' lang='grc' dir='ltr'>εἴτε</span> <span class='ocrx_word' id='word_1_277' title='bbox 1171 2788 1504 2861; x_wconf 77' lang='grc' dir='ltr'>σπουδάζων.</span> <span class='ocrx_word' id='word_1_278' title='bbox 1558 2789 1623 2843; x_wconf 87' lang='grc' dir='ltr'><strong>Τί</strong></span> <span class='ocrx_word' id='word_1_279' title='bbox 1675 2788 1733 2842; x_wconf 83' lang='grc' dir='ltr'><strong>δὲ</strong></span> 
     </span>
    </p>
   </div>
   <div class='ocr_carea' id='block_1_47' title="bbox 142 2879 1732 2954">
    <p class='ocr_par' dir='ltr' id='par_1_47' title="bbox 142 2879 1732 2954">
     <span class='ocr_line' id='line_1_47' title="bbox 142 2879 1732 2954; baseline 0.003 -23"><span class='ocrx_word' id='word_1_280' title='bbox 142 2879 323 2951; x_wconf 85' lang='grc' dir='ltr'>χιόνος</span> <span class='ocrx_word' id='word_1_281' title='bbox 378 2879 412 2949; x_wconf 84' lang='grc' dir='ltr'>ἦ</span> <span class='ocrx_word' id='word_1_282' title='bbox 460 2880 655 2950; x_wconf 78' lang='grc' dir='ltr'>γριτῆς</span> <span class='ocrx_word' id='word_1_283' title='bbox 720 2880 1136 2951; x_wconf 82' lang='grc' dir='ltr'>ὲμνημόνευσας</span> <span class='ocrx_word' id='word_1_284' title='bbox 1161 2923 1175 2947; x_wconf 91' lang='grc'><strong>,</strong></span> <span class='ocrx_word' id='word_1_285' title='bbox 1237 2883 1411 2954; x_wconf 86' lang='grc' dir='ltr'>παρὸν</span> <span class='ocrx_word' id='word_1_286' title='bbox 1462 2883 1732 2954; x_wconf 75' lang='grc' dir='ltr'>ἐντρυφᾷν</span> 
     </span>
    </p>
   </div>
   <div class='ocr_carea' id='block_1_48' title="bbox 144 2970 1729 3046">
    <p class='ocr_par' dir='ltr' id='par_1_48' title="bbox 144 2970 1729 3046">
     <span class='ocr_line' id='line_1_48' title="bbox 144 2970 1729 3046; baseline 0.003 -22"><span class='ocrx_word' id='word_1_287' title='bbox 144 2970 306 3043; x_wconf 74' lang='grc' dir='ltr'>ἡμῶν</span> <span class='ocrx_word' id='word_1_288' title='bbox 345 2974 458 3035; x_wconf 88' lang='grc' dir='ltr'>τοῖς</span> <span class='ocrx_word' id='word_1_289' title='bbox 504 2971 837 3044; x_wconf 85' lang='grc' dir='ltr'>σκώμμασιν</span> <span class='ocrx_word' id='word_1_290' title='bbox 888 2972 1042 3046; x_wconf 83' lang='lat' dir='ltr'><strong>(I5);</strong></span> <span class='ocrx_word' id='word_1_291' title='bbox 1094 2975 1238 3044; x_wconf 86' lang='grc' dir='ltr'><strong>Ἐγὼ</strong></span> <span class='ocrx_word' id='word_1_292' title='bbox 1269 2974 1325 3028; x_wconf 85' lang='grc' dir='ltr'><strong>δὲ</strong></span> <span class='ocrx_word' id='word_1_293' title='bbox 1348 3016 1363 3039; x_wconf 87' lang='grc'><strong>,</strong></span> <span class='ocrx_word' id='word_1_294' title='bbox 1399 2970 1444 3028; x_wconf 81' lang='grc' dir='ltr'><strong>ὦ</strong></span> <span class='ocrx_word' id='word_1_295' title='bbox 1488 2975 1729 3042; x_wconf 78' lang='grc' dir='ltr'>Λιϐάνιε,</span> 
     </span>
    </p>
   </div>
   <div class='ocr_carea' id='block_1_49' title="bbox 145 3044 1806 3140">
    <p class='ocr_par' dir='ltr' id='par_1_49' title="bbox 145 3044 1806 3140">
     <span class='ocr_line' id='line_1_49' title="bbox 145 3044 1806 3140; baseline 0.003 -24"><span class='ocrx_word' id='word_1_296' title='bbox 145 3063 236 3116; x_wconf 85' lang='grc' dir='ltr'>ἵνα</span> <span class='ocrx_word' id='word_1_297' title='bbox 271 3079 352 3116; x_wconf 94' lang='grc' dir='ltr'><strong>σοι</strong></span> <span class='ocrx_word' id='word_1_298' title='bbox 382 3063 474 3118; x_wconf 81' lang='grc' dir='ltr'><strong>καὶ</strong></span> <span class='ocrx_word' id='word_1_299' title='bbox 510 3064 717 3119; x_wconf 79' lang='grc' dir='ltr'>πλατὺν</span> <span class='ocrx_word' id='word_1_300' title='bbox 740 3067 948 3137; x_wconf 80' lang='grc' dir='ltr'>κινήσω</span> <span class='ocrx_word' id='word_1_301' title='bbox 972 3067 1063 3120; x_wconf 85' lang='grc' dir='ltr'><strong>τὸν</strong></span> <span class='ocrx_word' id='word_1_302' title='bbox 1088 3067 1323 3136; x_wconf 83' lang='grc' dir='ltr'>γέλωτα,</span> <span class='ocrx_word' id='word_1_303' title='bbox 1352 3068 1458 3121; x_wconf 76' lang='grc' dir='ltr'><strong>ὑπὸ</strong></span> <span class='ocrx_word' id='word_1_304' title='bbox 1484 3085 1737 3140; x_wconf 87' lang='grc' dir='ltr'>παραπε-</span> <span class='ocrx_word' id='word_1_305' title='bbox 1763 3044 1806 3103; x_wconf 77' lang='lat' dir='ltr'><strong>C</strong></span> 
     </span>
    </p>
   </div>
   <div class='ocr_carea' id='block_1_50' title="bbox 142 3156 1731 3233">
    <p class='ocr_par' dir='ltr' id='par_1_50' title="bbox 142 3156 1731 3233">
     <span class='ocr_line' id='line_1_50' title="bbox 142 3156 1731 3233; baseline 0.003 -26"><span class='ocrx_word' id='word_1_306' title='bbox 142 3156 385 3227; x_wconf 87' lang='grc' dir='ltr'>τάσματι</span> <span class='ocrx_word' id='word_1_307' title='bbox 402 3156 811 3228; x_wconf 85' lang='grc' dir='ltr'>καλυπτόμενος</span> <span class='ocrx_word' id='word_1_308' title='bbox 832 3158 1029 3229; x_wconf 88' lang='grc' dir='ltr'>χιόνος,</span> <span class='ocrx_word' id='word_1_309' title='bbox 1051 3159 1148 3230; x_wconf 84' lang='grc' dir='ltr'>τὴν</span> <span class='ocrx_word' id='word_1_310' title='bbox 1179 3159 1468 3231; x_wconf 78' lang='grc' dir='ltr'>ἐπιστολὴν</span> <span class='ocrx_word' id='word_1_311' title='bbox 1494 3160 1731 3233; x_wconf 71' lang='grc' dir='ltr'>ἔγραψα,</span> 
     </span>
    </p>
   </div>
   <div class='ocr_carea' id='block_1_51' title="bbox 144 3245 1734 3325">
    <p class='ocr_par' dir='ltr' id='par_1_51' title="bbox 144 3245 1734 3325">
     <span class='ocr_line' id='line_1_51' title="bbox 144 3245 1734 3325; baseline 0.004 -27"><span class='ocrx_word' id='word_1_312' title='bbox 144 3247 214 3317; x_wconf 80' lang='grc' dir='ltr'>ἢν</span> <span class='ocrx_word' id='word_1_313' title='bbox 264 3245 556 3318; x_wconf 79' lang='grc' dir='ltr'>δεξάμενος</span> <span class='ocrx_word' id='word_1_314' title='bbox 592 3247 781 3319; x_wconf 77' lang='grc' dir='ltr'>ψαύων</span> <span class='ocrx_word' id='word_1_315' title='bbox 812 3249 924 3320; x_wconf 88' lang='grc'>(16)</span> <span class='ocrx_word' id='word_1_316' title='bbox 964 3251 1161 3321; x_wconf 78' lang='grc' dir='ltr'>χερσὶ,</span> <span class='ocrx_word' id='word_1_317' title='bbox 1195 3249 1380 3325; x_wconf 80' lang='grc' dir='ltr'>γνώσῃ</span> <span class='ocrx_word' id='word_1_318' title='bbox 1419 3250 1495 3314; x_wconf 84' lang='grc' dir='ltr'>ὡς</span> <span class='ocrx_word' id='word_1_319' title='bbox 1526 3250 1734 3323; x_wconf 84' lang='grc' dir='ltr'>κρυερά</span> 
     </span>
    </p>
   </div>
   <div class='ocr_carea' id='block_1_52' title="bbox 142 3337 1734 3414">
    <p class='ocr_par' dir='ltr' id='par_1_52' title="bbox 142 3337 1734 3414">
     <span class='ocr_line' id='line_1_52' title="bbox 142 3337 1734 3414; baseline 0.004 -24"><span class='ocrx_word' id='word_1_320' title='bbox 142 3354 228 3402; x_wconf 89' lang='grc' dir='ltr'><strong>τις</strong></span> <span class='ocrx_word' id='word_1_321' title='bbox 282 3337 420 3409; x_wconf 82' lang='grc' dir='ltr'>αὐτὴ</span> <span class='ocrx_word' id='word_1_322' title='bbox 475 3339 570 3392; x_wconf 80' lang='grc' dir='ltr'><strong>καὶ</strong></span> <span class='ocrx_word' id='word_1_323' title='bbox 617 3340 708 3393; x_wconf 87' lang='grc' dir='ltr'><strong>τὸν</strong></span> <span class='ocrx_word' id='word_1_324' title='bbox 755 3341 1052 3413; x_wconf 74' lang='grc' dir='ltr'>πέμψαντα</span> <span class='ocrx_word' id='word_1_325' title='bbox 1101 3341 1497 3414; x_wconf 78' lang='grc' dir='ltr'>χαρακτηρίζει</span> <span class='ocrx_word' id='word_1_326' title='bbox 1548 3345 1734 3413; x_wconf 78' lang='grc' dir='ltr'>ἐμφω-</span> 
     </span>
    </p>
   </div>
   <div class='ocr_carea' id='block_1_53' title="bbox 140 3428 1731 3508">
    <p class='ocr_par' dir='ltr' id='par_1_53' title="bbox 140 3428 1731 3508">
     <span class='ocr_line' id='line_1_53' title="bbox 140 3428 1731 3508; baseline 0.006 -28"><span class='ocrx_word' id='word_1_327' title='bbox 140 3428 368 3483; x_wconf 77' lang='grc' dir='ltr'>λεύοντα</span> <span class='ocrx_word' id='word_1_328' title='bbox 388 3469 404 3495; x_wconf 95' lang='grc'><strong>,</strong></span> <span class='ocrx_word' id='word_1_329' title='bbox 443 3433 539 3484; x_wconf 79' lang='grc' dir='ltr'><strong>καὶ</strong></span> <span class='ocrx_word' id='word_1_330' title='bbox 580 3431 654 3504; x_wconf 85' lang='grc' dir='ltr'>μὴ</span> <span class='ocrx_word' id='word_1_331' title='bbox 686 3432 983 3504; x_wconf 84' lang='grc' dir='ltr'>δυνάμενον</span> <span class='ocrx_word' id='word_1_332' title='bbox 1012 3433 1116 3498; x_wconf 78' lang='grc' dir='ltr'><strong>ἔξω</strong></span> <span class='ocrx_word' id='word_1_333' title='bbox 1164 3434 1273 3487; x_wconf 84' lang='grc' dir='ltr'><strong>τῶν</strong></span> <span class='ocrx_word' id='word_1_334' title='bbox 1305 3436 1592 3507; x_wconf 85' lang='grc' dir='ltr'>δωματίων</span> <span class='ocrx_word' id='word_1_335' title='bbox 1621 3437 1731 3508; x_wconf 82' lang='grc'>(17)</span> 
     </span>
    </p>
   </div>
   <div class='ocr_carea' id='block_1_54' title="bbox 144 3520 1727 3600">
    <p class='ocr_par' dir='ltr' id='par_1_54' title="bbox 144 3520 1727 3600">
     <span class='ocr_line' id='line_1_54' title="bbox 144 3520 1727 3600; baseline 0.007 -28"><span class='ocrx_word' id='word_1_336' title='bbox 144 3520 503 3592; x_wconf 82' lang='grc' dir='ltr'>προκύπτειν.</span> <span class='ocrx_word' id='word_1_337' title='bbox 552 3523 768 3593; x_wconf 76' lang='grc' dir='ltr'>Τάφους</span> <span class='ocrx_word' id='word_1_338' title='bbox 825 3525 935 3598; x_wconf 84' lang='grc' dir='ltr'>γὰρ</span> <span class='ocrx_word' id='word_1_339' title='bbox 982 3528 1108 3590; x_wconf 83' lang='grc' dir='ltr'>τοὺς</span> <span class='ocrx_word' id='word_1_340' title='bbox 1155 3526 1337 3591; x_wconf 78' lang='grc' dir='ltr'>οἴκους</span> <span class='ocrx_word' id='word_1_341' title='bbox 1389 3530 1727 3600; x_wconf 81' lang='grc' dir='ltr'>κεκτήμεθα,</span> 
     </span>
    </p>
   </div>
   <div class='ocr_carea' id='block_1_55' title="bbox 146 3618 1732 3694">
    <p class='ocr_par' dir='ltr' id='par_1_55' title="bbox 146 3618 1732 3694">
     <span class='ocr_line' id='line_1_55' title="bbox 146 3618 1732 3694; baseline 0.004 -24"><span class='ocrx_word' id='word_1_342' title='bbox 146 3618 344 3690; x_wconf 82' lang='grc' dir='ltr'>μέχρις</span> <span class='ocrx_word' id='word_1_343' title='bbox 381 3618 630 3673; x_wconf 75' lang='grc' dir='ltr'>ἐπιλάϐοι</span> <span class='ocrx_word' id='word_1_344' title='bbox 668 3620 731 3673; x_wconf 86' lang='grc' dir='ltr'><strong>τὸ</strong></span> <span class='ocrx_word' id='word_1_345' title='bbox 779 3620 916 3692; x_wconf 79' lang='grc' dir='ltr'>ἔαρ,</span> <span class='ocrx_word' id='word_1_346' title='bbox 958 3623 1053 3675; x_wconf 81' lang='grc' dir='ltr'><strong>καὶ</strong></span> <span class='ocrx_word' id='word_1_347' title='bbox 1102 3622 1330 3694; x_wconf 81' lang='grc' dir='ltr'>νεκροὺς</span> <span class='ocrx_word' id='word_1_348' title='bbox 1374 3625 1522 3694; x_wconf 83' lang='grc' dir='ltr'>ἡμᾶς</span> <span class='ocrx_word' id='word_1_349' title='bbox 1570 3623 1732 3686; x_wconf 73' lang='grc' dir='ltr'>ὄντας</span> 
     </span>
    </p>
   </div>
   <div class='ocr_carea' id='block_1_56' title="bbox 143 3709 1728 3788">
    <p class='ocr_par' dir='ltr' id='par_1_56' title="bbox 143 3709 1728 3788">
     <span class='ocr_line' id='line_1_56' title="bbox 143 3709 1728 3788; baseline 0.005 -27"><span class='ocrx_word' id='word_1_350' title='bbox 143 3709 283 3781; x_wconf 83' lang='grc' dir='ltr'>πρὸς</span> <span class='ocrx_word' id='word_1_351' title='bbox 310 3710 454 3782; x_wconf 77' lang='grc' dir='ltr'><strong>ζωὴν</strong></span> <span class='ocrx_word' id='word_1_352' title='bbox 477 3711 756 3785; x_wconf 80' lang='grc' dir='ltr'>ἐπανάξῃ,</span> <span class='ocrx_word' id='word_1_353' title='bbox 792 3714 955 3768; x_wconf 79' lang='grc' dir='ltr'>πάλιν</span> <span class='ocrx_word' id='word_1_354' title='bbox 987 3714 1051 3769; x_wconf 84' lang='grc' dir='ltr'><strong>τὸ</strong></span> <span class='ocrx_word' id='word_1_355' title='bbox 1088 3712 1250 3780; x_wconf 78' lang='grc' dir='ltr'>εἷναι,</span> <span class='ocrx_word' id='word_1_356' title='bbox 1296 3716 1485 3788; x_wconf 81' lang='grc' dir='ltr'>ὥσπερ</span> <span class='ocrx_word' id='word_1_357' title='bbox 1519 3719 1728 3785; x_wconf 81' lang='grc' dir='ltr'>φυτοῖς,</span> 
     </span>
    </p>
   </div>
   <div class='ocr_carea' id='block_1_57' title="bbox 142 3803 527 3874">
    <p class='ocr_par' dir='ltr' id='par_1_57' title="bbox 142 3803 527 3874">
     <span class='ocr_line' id='line_1_57' title="bbox 142 3803 527 3874; baseline 0.008 -20"><span class='ocrx_word' id='word_1_358' title='bbox 142 3803 527 3874; x_wconf 79' lang='grc' dir='ltr'>χαριζόμενον.</span> 
     </span>
    </p>
   </div>
   <div class='ocr_carea' id='block_1_58' title="bbox 660 3944 1194 3999">
    <p class='ocr_par' dir='ltr' id='par_1_58' title="bbox 660 3944 1194 3999">
     <span class='ocr_line' id='line_1_58' title="bbox 660 3944 1194 3999; baseline 0.004 -2"><span class='ocrx_word' id='word_1_359' title='bbox 660 3944 1009 3999; x_wconf 83' lang='grc' dir='ltr'><strong>ΕΠΙΣΤΟΛΗ</strong></span> <span class='ocrx_word' id='word_1_360' title='bbox 1039 3945 1194 3999; x_wconf 84' lang='lat' dir='ltr'><strong>TNA&#39;</strong></span> 
     </span>
    </p>
   </div>
   <div class='ocr_carea' id='block_1_59' title="bbox 2362 2486 2898 2543">
    <p class='ocr_par' dir='ltr' id='par_1_59' title="bbox 2362 2486 2898 2543">
     <span class='ocr_line' id='line_1_59' title="bbox 2362 2486 2898 2543; baseline -0.006 0"><span class='ocrx_word' id='word_1_361' title='bbox 2362 2488 2603 2543; x_wconf 79' lang='lat' dir='ltr'><strong>Basilius</strong></span> <span class='ocrx_word' id='word_1_362' title='bbox 2649 2486 2898 2542; x_wconf 83' lang='lat' dir='ltr'><strong>Libanio.</strong></span> 
     </span>
    </p>
   </div>
   <div class='ocr_carea' id='block_1_60' title="bbox 1912 2599 3424 2673">
    <p class='ocr_par' dir='ltr' id='par_1_60' title="bbox 1912 2599 3424 2673">
     <span class='ocr_line' id='line_1_60' title="bbox 1912 2599 3424 2673; baseline 0 -16"><span class='ocrx_word' id='word_1_363' title='bbox 1912 2600 2110 2657; x_wconf 84' lang='lat' dir='ltr'><strong>Sedata</strong></span> <span class='ocrx_word' id='word_1_364' title='bbox 2136 2612 2219 2657; x_wconf 90' lang='lat' dir='ltr'><strong>est</strong></span> <span class='ocrx_word' id='word_1_365' title='bbox 2251 2602 2421 2657; x_wconf 90' lang='lat' dir='ltr'><strong>animi</strong></span> <span class='ocrx_word' id='word_1_366' title='bbox 2463 2602 2541 2656; x_wconf 88' lang='lat' dir='ltr'><strong>tui</strong></span> <span class='ocrx_word' id='word_1_367' title='bbox 2568 2601 2857 2672; x_wconf 59' lang='lat' dir='ltr'><strong>aagritudo.</strong></span> <span class='ocrx_word' id='word_1_368' title='bbox 2890 2599 3006 2656; x_wconf 86' lang='lat' dir='ltr'><strong>Hoc</strong></span> <span class='ocrx_word' id='word_1_369' title='bbox 3036 2602 3180 2656; x_wconf 91' lang='lat' dir='ltr'><strong>enim</strong></span> <span class='ocrx_word' id='word_1_370' title='bbox 3212 2602 3282 2657; x_wconf 89' lang='lat' dir='ltr'><strong>sit</strong></span> <span class='ocrx_word' id='word_1_371' title='bbox 3317 2603 3424 2673; x_wconf 83' lang='lat' dir='ltr'><strong>epi-</strong></span> 
     </span>
    </p>
   </div>
   <div class='ocr_carea' id='block_1_61' title="bbox 1842 2689 3424 2750">
    <p class='ocr_par' dir='ltr' id='par_1_61' title="bbox 1842 2689 3424 2750">
     <span class='ocr_line' id='line_1_61' title="bbox 1842 2689 3424 2750; baseline 0.003 -4"><span class='ocrx_word' id='word_1_372' title='bbox 1842 2692 1997 2746; x_wconf 66' lang='lat' dir='ltr'><strong>stolae</strong></span> <span class='ocrx_word' id='word_1_373' title='bbox 2023 2691 2335 2746; x_wconf 79' lang='lat' dir='ltr'><strong>exordium.</strong></span> <span class='ocrx_word' id='word_1_374' title='bbox 2372 2689 2454 2745; x_wconf 92' lang='lat' dir='ltr'><strong>Tu</strong></span> <span class='ocrx_word' id='word_1_375' title='bbox 2500 2705 2633 2746; x_wconf 89' lang='lat' dir='ltr'><strong>vero</strong></span> <span class='ocrx_word' id='word_1_376' title='bbox 2669 2692 2841 2748; x_wconf 87' lang='lat' dir='ltr'><strong>irride</strong></span> <span class='ocrx_word' id='word_1_377' title='bbox 2888 2699 2941 2747; x_wconf 88' lang='lat' dir='ltr'><strong>et</strong></span> <span class='ocrx_word' id='word_1_378' title='bbox 2968 2692 3164 2748; x_wconf 89' lang='lat' dir='ltr'><strong>vellica</strong></span> <span class='ocrx_word' id='word_1_379' title='bbox 3199 2708 3286 2749; x_wconf 87' lang='lat' dir='ltr'><strong>res</strong></span> <span class='ocrx_word' id='word_1_380' title='bbox 3325 2709 3424 2750; x_wconf 93' lang='lat' dir='ltr'><strong>no-</strong></span> 
     </span>
    </p>
   </div>
   <div class='ocr_carea' id='block_1_62' title="bbox 1841 2782 3424 2853">
    <p class='ocr_par' dir='ltr' id='par_1_62' title="bbox 1841 2782 3424 2853">
     <span class='ocr_line' id='line_1_62' title="bbox 1841 2782 3424 2853; baseline 0.003 -14"><span class='ocrx_word' id='word_1_381' title='bbox 1841 2792 2007 2850; x_wconf 84' lang='lat' dir='ltr'><strong>stras,</strong></span> <span class='ocrx_word' id='word_1_382' title='bbox 2051 2783 2166 2839; x_wconf 85' lang='lat' dir='ltr'><strong>sive</strong></span> <span class='ocrx_word' id='word_1_383' title='bbox 2210 2783 2431 2853; x_wconf 87' lang='lat' dir='ltr'><strong>jocans,</strong></span> <span class='ocrx_word' id='word_1_384' title='bbox 2481 2783 2599 2838; x_wconf 85' lang='lat' dir='ltr'><strong>sive</strong></span> <span class='ocrx_word' id='word_1_385' title='bbox 2646 2784 2812 2839; x_wconf 89' lang='lat' dir='ltr'><strong>serio.</strong></span> <span class='ocrx_word' id='word_1_386' title='bbox 2869 2782 3011 2851; x_wconf 85' lang='lat' dir='ltr'><strong>Quid</strong></span> <span class='ocrx_word' id='word_1_387' title='bbox 3057 2794 3235 2841; x_wconf 87' lang='lat' dir='ltr'><strong>autem</strong></span> <span class='ocrx_word' id='word_1_388' title='bbox 3281 2788 3424 2843; x_wconf 59' lang='lat' dir='ltr'><strong>nivis</strong></span> 
     </span>
    </p>
   </div>
   <div class='ocr_carea' id='block_1_63' title="bbox 1839 2875 3424 2946">
    <p class='ocr_par' dir='ltr' id='par_1_63' title="bbox 1839 2875 3424 2946">
     <span class='ocr_line' id='line_1_63' title="bbox 1839 2875 3424 2946; baseline 0.003 -15"><span class='ocrx_word' id='word_1_389' title='bbox 1839 2877 1926 2931; x_wconf 86' lang='lat' dir='ltr'><strong>vel</strong></span> <span class='ocrx_word' id='word_1_390' title='bbox 1956 2876 2112 2946; x_wconf 77' lang='lat' dir='ltr'><strong>grita:</strong></span> <span class='ocrx_word' id='word_1_391' title='bbox 2140 2877 2482 2930; x_wconf 83' lang='lat' dir='ltr'><strong>mentionem</strong></span> <span class='ocrx_word' id='word_1_392' title='bbox 2512 2875 2717 2943; x_wconf 87' lang='lat' dir='ltr'><strong>fecisti,</strong></span> <span class='ocrx_word' id='word_1_393' title='bbox 2740 2892 2866 2931; x_wconf 89' lang='lat' dir='ltr'><strong>cum</strong></span> <span class='ocrx_word' id='word_1_394' title='bbox 2901 2878 3090 2932; x_wconf 89' lang='lat' dir='ltr'><strong>liceret</strong></span> <span class='ocrx_word' id='word_1_395' title='bbox 3121 2878 3216 2933; x_wconf 84' lang='lat' dir='ltr'><strong>tibi</strong></span> <span class='ocrx_word' id='word_1_396' title='bbox 3254 2880 3424 2935; x_wconf 80' lang='lat' dir='ltr'><strong>dicte-</strong></span> 
     </span>
    </p>
   </div>
   <div class='ocr_carea' id='block_1_64' title="bbox 1841 2966 3424 3040">
    <p class='ocr_par' dir='ltr' id='par_1_64' title="bbox 1841 2966 3424 3040">
     <span class='ocr_line' id='line_1_64' title="bbox 1841 2966 3424 3040; baseline 0 -15"><span class='ocrx_word' id='word_1_397' title='bbox 1841 2970 1941 3025; x_wconf 89' lang='lat' dir='ltr'><strong>riis</strong></span> <span class='ocrx_word' id='word_1_398' title='bbox 1967 2969 2024 3023; x_wconf 93' lang='lat' dir='ltr'><strong>in</strong></span> <span class='ocrx_word' id='word_1_399' title='bbox 2059 2984 2163 3024; x_wconf 90' lang='lat' dir='ltr'><strong>nos</strong></span> <span class='ocrx_word' id='word_1_400' title='bbox 2202 2968 2528 3040; x_wconf 84' lang='lat' dir='ltr'><strong>indulgere?</strong></span> <span class='ocrx_word' id='word_1_401' title='bbox 2564 2966 2677 3039; x_wconf 87' lang='lat' dir='ltr'><strong>Ego</strong></span> <span class='ocrx_word' id='word_1_402' title='bbox 2700 2976 2903 3032; x_wconf 89' lang='lat' dir='ltr'><strong>autem,</strong></span> <span class='ocrx_word' id='word_1_403' title='bbox 2931 2985 2964 3023; x_wconf 95' lang='grc' dir='ltr'><strong>ο</strong></span> <span class='ocrx_word' id='word_1_404' title='bbox 2994 2967 3206 3038; x_wconf 89' lang='lat' dir='ltr'><strong>Libani,</strong></span> <span class='ocrx_word' id='word_1_405' title='bbox 3229 2972 3325 3025; x_wconf 89' lang='lat' dir='ltr'><strong>tibi</strong></span> <span class='ocrx_word' id='word_1_406' title='bbox 3364 2978 3424 3025; x_wconf 90' lang='lat' dir='ltr'><strong>ut</strong></span> 
     </span>
    </p>
   </div>
   <div class='ocr_carea' id='block_1_65' title="bbox 1839 3064 3423 3136">
    <p class='ocr_par' dir='ltr' id='par_1_65' title="bbox 1839 3064 3423 3136">
     <span class='ocr_line' id='line_1_65' title="bbox 1839 3064 3423 3136; baseline 0.003 -16"><span class='ocrx_word' id='word_1_407' title='bbox 1839 3066 2016 3120; x_wconf 90' lang='lat' dir='ltr'><strong>risum</strong></span> <span class='ocrx_word' id='word_1_408' title='bbox 2058 3081 2315 3136; x_wconf 81' lang='lat' dir='ltr'><strong>magnum</strong></span> <span class='ocrx_word' id='word_1_409' title='bbox 2364 3079 2638 3128; x_wconf 86' lang='lat' dir='ltr'><strong>moveam,</strong></span> <span class='ocrx_word' id='word_1_410' title='bbox 2676 3064 2819 3119; x_wconf 84' lang='lat' dir='ltr'><strong>hanc</strong></span> <span class='ocrx_word' id='word_1_411' title='bbox 2869 3065 2992 3119; x_wconf 88' lang='lat' dir='ltr'><strong>velo</strong></span> <span class='ocrx_word' id='word_1_412' title='bbox 3037 3067 3198 3121; x_wconf 86' lang='lat' dir='ltr'><strong>niveo</strong></span> <span class='ocrx_word' id='word_1_413' title='bbox 3240 3074 3423 3124; x_wconf 84' lang='lat' dir='ltr'><strong>tectus</strong></span> 
     </span>
    </p>
   </div>
   <div class='ocr_carea' id='block_1_66' title="bbox 1837 3153 3424 3227">
    <p class='ocr_par' dir='ltr' id='par_1_66' title="bbox 1837 3153 3424 3227">
     <span class='ocr_line' id='line_1_66' title="bbox 1837 3153 3424 3227; baseline 0.001 -17"><span class='ocrx_word' id='word_1_414' title='bbox 1837 3154 2127 3224; x_wconf 80' lang='lat' dir='ltr'><strong>epistolam</strong></span> <span class='ocrx_word' id='word_1_415' title='bbox 2168 3153 2478 3223; x_wconf 87' lang='lat' dir='ltr'><strong>conscripsi</strong></span> <span class='ocrx_word' id='word_1_416' title='bbox 2527 3173 2538 3208; x_wconf 95' lang='lat'>:</span> <span class='ocrx_word' id='word_1_417' title='bbox 2592 3168 2755 3223; x_wconf 85' lang='lat' dir='ltr'><strong>quam</strong></span> <span class='ocrx_word' id='word_1_418' title='bbox 2809 3170 2934 3208; x_wconf 92' lang='lat' dir='ltr'><strong>cum</strong></span> <span class='ocrx_word' id='word_1_419' title='bbox 2992 3158 3308 3227; x_wconf 84' lang='lat' dir='ltr'><strong>acceperis,</strong></span> <span class='ocrx_word' id='word_1_420' title='bbox 3359 3173 3424 3212; x_wconf 85' lang='lat' dir='ltr'><strong>ac</strong></span> 
     </span>
    </p>
   </div>
   <div class='ocr_carea' id='block_1_67' title="bbox 1838 3245 3424 3320">
    <p class='ocr_par' dir='ltr' id='par_1_67' title="bbox 1838 3245 3424 3320">
     <span class='ocr_line' id='line_1_67' title="bbox 1838 3245 3424 3320; baseline 0.003 -21"><span class='ocrx_word' id='word_1_421' title='bbox 1838 3260 2007 3300; x_wconf 86' lang='lat' dir='ltr'><strong>manu</strong></span> <span class='ocrx_word' id='word_1_422' title='bbox 2038 3246 2358 3316; x_wconf 81' lang='lat' dir='ltr'><strong>contigeris,</strong></span> <span class='ocrx_word' id='word_1_423' title='bbox 2385 3245 2591 3300; x_wconf 86' lang='lat' dir='ltr'><strong>senties</strong></span> <span class='ocrx_word' id='word_1_424' title='bbox 2620 3260 2785 3315; x_wconf 74' lang='lat' dir='ltr'><strong>quam</strong></span> <span class='ocrx_word' id='word_1_425' title='bbox 2816 3248 2888 3302; x_wconf 91' lang='lat' dir='ltr'><strong>sit</strong></span> <span class='ocrx_word' id='word_1_426' title='bbox 2917 3248 3115 3317; x_wconf 81' lang='lat' dir='ltr'><strong>gelida,</strong></span> <span class='ocrx_word' id='word_1_427' title='bbox 3145 3265 3424 3320; x_wconf 84' lang='lat' dir='ltr'><strong>quamque</strong></span> 
     </span>
    </p>
   </div>
   <div class='ocr_carea' id='block_1_68' title="bbox 1836 3339 3422 3408">
    <p class='ocr_par' dir='ltr' id='par_1_68' title="bbox 1836 3339 3422 3408">
     <span class='ocr_line' id='line_1_68' title="bbox 1836 3339 3422 3408; baseline 0.003 -15"><span class='ocrx_word' id='word_1_428' title='bbox 1836 3339 2043 3394; x_wconf 83' lang='lat' dir='ltr'><strong>referat</strong></span> <span class='ocrx_word' id='word_1_429' title='bbox 2065 3354 2189 3393; x_wconf 89' lang='lat' dir='ltr'><strong>eum</strong></span> <span class='ocrx_word' id='word_1_430' title='bbox 2215 3353 2247 3392; x_wconf 91' lang='lat' dir='ltr'><strong>a</strong></span> <span class='ocrx_word' id='word_1_431' title='bbox 2281 3353 2392 3408; x_wconf 86' lang='lat' dir='ltr'><strong>quo</strong></span> <span class='ocrx_word' id='word_1_432' title='bbox 2422 3339 2593 3393; x_wconf 90' lang='lat' dir='ltr'><strong>missa</strong></span> <span class='ocrx_word' id='word_1_433' title='bbox 2627 3347 2733 3403; x_wconf 90' lang='lat' dir='ltr'><strong>est,</strong></span> <span class='ocrx_word' id='word_1_434' title='bbox 2768 3340 3099 3405; x_wconf 87' lang='lat' dir='ltr'><strong>latitantem,</strong></span> <span class='ocrx_word' id='word_1_435' title='bbox 3133 3358 3237 3397; x_wconf 89' lang='lat' dir='ltr'><strong>nec</strong></span> <span class='ocrx_word' id='word_1_436' title='bbox 3265 3356 3422 3399; x_wconf 82' lang='lat' dir='ltr'><strong>extra</strong></span> 
     </span>
    </p>
   </div>
   <div class='ocr_carea' id='block_1_69' title="bbox 1838 3430 3422 3502">
    <p class='ocr_par' dir='ltr' id='par_1_69' title="bbox 1838 3430 3422 3502">
     <span class='ocr_line' id='line_1_69' title="bbox 1838 3430 3422 3502; baseline 0.004 -17"><span class='ocrx_word' id='word_1_437' title='bbox 1838 3431 1984 3487; x_wconf 81' lang='lat' dir='ltr'><strong>aedes</strong></span> <span class='ocrx_word' id='word_1_438' title='bbox 2046 3431 2372 3500; x_wconf 90' lang='lat' dir='ltr'><strong>prospicere</strong></span> <span class='ocrx_word' id='word_1_439' title='bbox 2431 3432 2727 3487; x_wconf 81' lang='lat' dir='ltr'><strong>valentem.</strong></span> <span class='ocrx_word' id='word_1_440' title='bbox 2787 3430 3052 3502; x_wconf 89' lang='lat' dir='ltr'><strong>Sepulcra</strong></span> <span class='ocrx_word' id='word_1_441' title='bbox 3090 3435 3239 3490; x_wconf 90' lang='lat' dir='ltr'><strong>enim</strong></span> <span class='ocrx_word' id='word_1_442' title='bbox 3290 3445 3422 3491; x_wconf 88' lang='lat' dir='ltr'><strong>sunt</strong></span> 
     </span>
    </p>
   </div>
   <div class='ocr_carea' id='block_1_70' title="bbox 1839 3522 3421 3589">
    <p class='ocr_par' dir='ltr' id='par_1_70' title="bbox 1839 3522 3421 3589">
     <span class='ocr_line' id='line_1_70' title="bbox 1839 3522 3421 3589; baseline 0.004 -11"><span class='ocrx_word' id='word_1_443' title='bbox 1839 3524 1984 3578; x_wconf 77' lang='lat' dir='ltr'><strong>aedes</strong></span> <span class='ocrx_word' id='word_1_444' title='bbox 2028 3530 2254 3587; x_wconf 67' lang='lat' dir='ltr'><strong>nostrae,</strong></span> <span class='ocrx_word' id='word_1_445' title='bbox 2304 3522 2480 3576; x_wconf 89' lang='lat' dir='ltr'><strong>donec</strong></span> <span class='ocrx_word' id='word_1_446' title='bbox 2531 3538 2626 3577; x_wconf 89' lang='lat' dir='ltr'><strong>ver</strong></span> <span class='ocrx_word' id='word_1_447' title='bbox 2674 3527 3028 3589; x_wconf 87' lang='lat' dir='ltr'><strong>successerit,</strong></span> <span class='ocrx_word' id='word_1_448' title='bbox 3075 3534 3131 3580; x_wconf 89' lang='lat' dir='ltr'><strong>et</strong></span> <span class='ocrx_word' id='word_1_449' title='bbox 3175 3542 3421 3585; x_wconf 56' lang='lat' dir='ltr'><strong>mortuos</strong></span> 
     </span>
    </p>
   </div>
   <div class='ocr_carea' id='block_1_71' title="bbox 1834 3614 3418 3689">
    <p class='ocr_par' dir='ltr' id='par_1_71' title="bbox 1834 3614 3418 3689">
     <span class='ocr_line' id='line_1_71' title="bbox 1834 3614 3418 3689; baseline 0.003 -19"><span class='ocrx_word' id='word_1_450' title='bbox 1834 3632 1939 3670; x_wconf 86' lang='lat' dir='ltr'><strong>nos</strong></span> <span class='ocrx_word' id='word_1_451' title='bbox 1969 3615 2037 3669; x_wconf 91' lang='lat' dir='ltr'><strong>ad</strong></span> <span class='ocrx_word' id='word_1_452' title='bbox 2064 3614 2229 3669; x_wconf 84' lang='lat' dir='ltr'><strong>vitam</strong></span> <span class='ocrx_word' id='word_1_453' title='bbox 2261 3614 2568 3679; x_wconf 81' lang='lat' dir='ltr'><strong>reduxerit,</strong></span> <span class='ocrx_word' id='word_1_454' title='bbox 2602 3630 2796 3671; x_wconf 88' lang='lat' dir='ltr'><strong>rursus</strong></span> <span class='ocrx_word' id='word_1_455' title='bbox 2823 3618 3007 3682; x_wconf 88' lang='lat' dir='ltr'><strong>nobis,</strong></span> <span class='ocrx_word' id='word_1_456' title='bbox 3056 3618 3418 3689; x_wconf 84' lang='lat' dir='ltr'><strong>quemadmo-</strong></span> 
     </span>
    </p>
   </div>
   <div class='ocr_carea' id='block_1_72' title="bbox 1833 3707 2804 3778">
    <p class='ocr_par' dir='ltr' id='par_1_72' title="bbox 1833 3707 2804 3778">
     <span class='ocr_line' id='line_1_72' title="bbox 1833 3707 2804 3778; baseline 0.002 -16"><span class='ocrx_word' id='word_1_457' title='bbox 1833 3709 1961 3762; x_wconf 91' lang='lat' dir='ltr'><strong>dum</strong></span> <span class='ocrx_word' id='word_1_458' title='bbox 1986 3708 2213 3777; x_wconf 81' lang='lat' dir='ltr'><strong>plantis,</strong></span> <span class='ocrx_word' id='word_1_459' title='bbox 2246 3707 2487 3778; x_wconf 80' lang='lat' dir='ltr'><strong>largiens</strong></span> <span class='ocrx_word' id='word_1_460' title='bbox 2520 3716 2582 3762; x_wconf 88' lang='lat' dir='ltr'><strong>ut</strong></span> <span class='ocrx_word' id='word_1_461' title='bbox 2612 3708 2804 3764; x_wconf 90' lang='lat' dir='ltr'><strong>simus.</strong></span> 
     </span>
    </p>
   </div>
   <div class='ocr_carea' id='block_1_73' title="bbox 2248 3949 2954 4014">
    <p class='ocr_par' dir='ltr' id='par_1_73' title="bbox 2248 3949 2954 4014">
     <span class='ocr_line' id='line_1_73' title="bbox 2248 3949 2954 4014; baseline 0.011 -10"><span class='ocrx_word' id='word_1_462' title='bbox 2248 3949 2590 4007; x_wconf 69' lang='lat' dir='ltr'><strong>EPISTULA</strong></span> <span class='ocrx_word' id='word_1_463' title='bbox 2628 3952 2838 4014; x_wconf 70' lang='lat' dir='ltr'><strong>,CCCLI</strong></span> <span class='ocrx_word' id='word_1_464' title='bbox 2867 3961 2910 3980; x_wconf 82' lang='lat'>“</span> <span class='ocrx_word' id='word_1_465' title='bbox 2940 3999 2954 4012; x_wconf 94' lang='lat'><strong>.</strong></span> 
     </span>
    </p>
   </div>
   <div class='ocr_carea' id='block_1_74' title="bbox 296 4057 3261 4132">
    <p class='ocr_par' dir='ltr' id='par_1_74' title="bbox 296 4057 3261 4132">
     <span class='ocr_line' id='line_1_74' title="bbox 296 4057 3261 4132; baseline 0.005 -23"><span class='ocrx_word' id='word_1_466' title='bbox 296 4059 546 4111; x_wconf 82' lang='lat' dir='ltr'><strong>Libanium</strong></span> <span class='ocrx_word' id='word_1_467' title='bbox 567 4066 706 4126; x_wconf 85' lang='lat' dir='ltr'><strong>rogat</strong></span> <span class='ocrx_word' id='word_1_468' title='bbox 727 4057 942 4110; x_wconf 86' lang='lat' dir='ltr'><strong>Basilius</strong></span> <span class='ocrx_word' id='word_1_469' title='bbox 964 4065 1016 4110; x_wconf 87' lang='lat' dir='ltr'><strong>ut</strong></span> <span class='ocrx_word' id='word_1_470' title='bbox 1033 4059 1098 4109; x_wconf 88' lang='lat' dir='ltr'><strong>ad</strong></span> <span class='ocrx_word' id='word_1_471' title='bbox 1122 4073 1174 4111; x_wconf 85' lang='lat' dir='ltr'><strong>se</strong></span> <span class='ocrx_word' id='word_1_472' title='bbox 1195 4059 1349 4111; x_wconf 89' lang='lat' dir='ltr'><strong>mittat</strong></span> <span class='ocrx_word' id='word_1_473' title='bbox 1371 4060 1653 4125; x_wconf 86' lang='lat' dir='ltr'><strong>orationem,</strong></span> <span class='ocrx_word' id='word_1_474' title='bbox 1671 4073 1816 4129; x_wconf 82' lang='lat' dir='ltr'><strong>quam</strong></span> <span class='ocrx_word' id='word_1_475' title='bbox 1839 4063 1900 4118; x_wconf 87' lang='lat' dir='ltr'><strong>de</strong></span> <span class='ocrx_word' id='word_1_476' title='bbox 1918 4062 2109 4116; x_wconf 82' lang='lat' dir='ltr'><strong>homine</strong></span> <span class='ocrx_word' id='word_1_477' title='bbox 2130 4076 2323 4116; x_wconf 86' lang='lat' dir='ltr'><strong>moroso</strong></span> <span class='ocrx_word' id='word_1_478' title='bbox 2341 4078 2531 4116; x_wconf 86' lang='lat' dir='ltr'><strong>summa</strong></span> <span class='ocrx_word' id='word_1_479' title='bbox 2556 4065 2825 4119; x_wconf 88' lang='lat' dir='ltr'><strong>celebritate</strong></span> <span class='ocrx_word' id='word_1_480' title='bbox 2851 4068 3261 4132; x_wconf 84' lang='lat' dir='ltr'><strong>pronuntiaverat.</strong></span> 
     </span>
    </p>
   </div>
   <div class='ocr_carea' id='block_1_75' title="bbox 617 4173 1245 4239">
    <p class='ocr_par' dir='ltr' id='par_1_75' title="bbox 617 4173 1245 4239">
     <span class='ocr_line' id='line_1_75' title="bbox 617 4173 1245 4239; baseline 0 -13"><span class='ocrx_word' id='word_1_481' title='bbox 617 4173 942 4239; x_wconf 78' lang='grc' dir='ltr'>Βασίλειος</span> <span class='ocrx_word' id='word_1_482' title='bbox 970 4173 1245 4238; x_wconf 81' lang='grc' dir='ltr'><strong>Λιϐανίῳ.</strong></span> 
     </span>
    </p>
   </div>
   <div class='ocr_carea' id='block_1_76' title="bbox 210 4252 1725 4358">
    <p class='ocr_par' dir='ltr' id='par_1_76' title="bbox 210 4252 1725 4358">
     <span class='ocr_line' id='line_1_76' title="bbox 210 4252 1725 4358; baseline 0.001 -19"><span class='ocrx_word' id='word_1_483' title='bbox 210 4285 401 4339; x_wconf 77' lang='grc' dir='ltr'>Πολλοὶ</span> <span class='ocrx_word' id='word_1_484' title='bbox 434 4286 819 4358; x_wconf 84' lang='grc' dir='ltr'>περιτυχόντες</span> <span class='ocrx_word' id='word_1_485' title='bbox 845 4288 979 4357; x_wconf 79' lang='grc' dir='ltr'>ἡμῖν</span> <span class='ocrx_word' id='word_1_486' title='bbox 1007 4252 1116 4338; x_wconf 83' lang='grc' dir='ltr'><strong>τῶν</strong></span> <span class='ocrx_word' id='word_1_487' title='bbox 1147 4285 1333 4340; x_wconf 78' lang='grc' dir='ltr'>αὐτόθι</span> <span class='ocrx_word' id='word_1_488' title='bbox 1361 4286 1474 4357; x_wconf 87' lang='grc'>(18)</span> <span class='ocrx_word' id='word_1_489' title='bbox 1501 4327 1517 4349; x_wconf 88' lang='grc'><strong>,</strong></span> <span class='ocrx_word' id='word_1_490' title='bbox 1563 4287 1725 4341; x_wconf 79' lang='grc' dir='ltr'>ἐθαύ-</span> 
     </span>
    </p>
   </div>
   <div class='ocr_carea' id='block_1_77' title="bbox 2346 4175 2855 4231">
    <p class='ocr_par' dir='ltr' id='par_1_77' title="bbox 2346 4175 2855 4231">
     <span class='ocr_line' id='line_1_77' title="bbox 2346 4175 2855 4231; baseline 0.002 -1"><span class='ocrx_word' id='word_1_491' title='bbox 2346 4175 2583 4230; x_wconf 86' lang='lat' dir='ltr'><strong>Basilius</strong></span> <span class='ocrx_word' id='word_1_492' title='bbox 2613 4175 2855 4231; x_wconf 86' lang='lat' dir='ltr'><strong>Libanio.</strong></span> 
     </span>
    </p>
   </div>
   <div class='ocr_carea' id='block_1_78' title="bbox 1902 4289 3416 4360">
    <p class='ocr_par' dir='ltr' id='par_1_78' title="bbox 1902 4289 3416 4360">
     <span class='ocr_line' id='line_1_78' title="bbox 1902 4289 3416 4360; baseline 0.006 -17"><span class='ocrx_word' id='word_1_493' title='bbox 1902 4289 2055 4344; x_wconf 85' lang='lat' dir='ltr'><strong>Multi</strong></span> <span class='ocrx_word' id='word_1_494' title='bbox 2110 4305 2304 4346; x_wconf 87' lang='lat' dir='ltr'><strong>eorum</strong></span> <span class='ocrx_word' id='word_1_495' title='bbox 2348 4290 2442 4360; x_wconf 92' lang='lat' dir='ltr'><strong>qui</strong></span> <span class='ocrx_word' id='word_1_496' title='bbox 2489 4292 2658 4346; x_wconf 91' lang='lat' dir='ltr'><strong>istinc</strong></span> <span class='ocrx_word' id='word_1_497' title='bbox 2702 4290 2768 4345; x_wconf 89' lang='lat' dir='ltr'><strong>ad</strong></span> <span class='ocrx_word' id='word_1_498' title='bbox 2812 4306 2914 4346; x_wconf 88' lang='lat' dir='ltr'><strong>nos</strong></span> <span class='ocrx_word' id='word_1_499' title='bbox 2954 4293 3220 4360; x_wconf 89' lang='lat' dir='ltr'><strong>veniunt,</strong></span> <span class='ocrx_word' id='word_1_500' title='bbox 3264 4303 3416 4352; x_wconf 86' lang='lat' dir='ltr'><strong>tuam</strong></span> 
     </span>
    </p>
   </div>
   <div class='ocr_carea' id='block_1_79' title="bbox 142 4378 1745 4458">
    <p class='ocr_par' dir='ltr' id='par_1_79' title="bbox 142 4378 1723 4453">
     <span class='ocr_line' id='line_1_79' title="bbox 142 4378 1723 4453; baseline 0.001 -19"><span class='ocrx_word' id='word_1_501' title='bbox 142 4379 323 4453; x_wconf 80' lang='grc' dir='ltr'>μασάν</span> <span class='ocrx_word' id='word_1_502' title='bbox 365 4396 460 4433; x_wconf 85' lang='grc' dir='ltr'><strong>σου</strong></span> <span class='ocrx_word' id='word_1_503' title='bbox 488 4378 587 4450; x_wconf 82' lang='grc' dir='ltr'>τὴν</span> <span class='ocrx_word' id='word_1_504' title='bbox 630 4380 688 4432; x_wconf 80' lang='grc' dir='ltr'>ὲν</span> <span class='ocrx_word' id='word_1_505' title='bbox 724 4381 836 4443; x_wconf 86' lang='grc' dir='ltr'>τοῖς</span> <span class='ocrx_word' id='word_1_506' title='bbox 871 4378 1047 4447; x_wconf 73' lang='grc' dir='ltr'>λόγοις</span> <span class='ocrx_word' id='word_1_507' title='bbox 1093 4380 1315 4450; x_wconf 88' lang='grc' dir='ltr'>ἀρετήν.</span> <span class='ocrx_word' id='word_1_508' title='bbox 1353 4381 1578 4449; x_wconf 90' lang='grc' dir='ltr'>Ἔλεγον</span> <span class='ocrx_word' id='word_1_509' title='bbox 1614 4381 1723 4452; x_wconf 82' lang='grc' dir='ltr'><strong>γὰρ</strong></span> 
     </span>
    </p>
   </div>
   <div class='ocr_carea' id='block_1_80' title="bbox 1851 4378 3415 4458">
    <p class='ocr_par' dir='ltr' id='par_1_80' title="bbox 1851 4381 3415 4458">
     <span class='ocr_line' id='line_1_80' title="bbox 1851 4381 3415 4458; baseline 0.004 -22"><span class='ocrx_word' id='word_1_510' title='bbox 1851 4381 1940 4436; x_wconf 61' lang='lat' dir='ltr'><strong>vim</strong></span> <span class='ocrx_word' id='word_1_511' title='bbox 1990 4384 2210 4438; x_wconf 87' lang='lat' dir='ltr'><strong>dicendi</strong></span> <span class='ocrx_word' id='word_1_512' title='bbox 2266 4384 2449 4438; x_wconf 89' lang='lat' dir='ltr'><strong>mirati</strong></span> <span class='ocrx_word' id='word_1_513' title='bbox 2486 4392 2635 4440; x_wconf 90' lang='lat' dir='ltr'><strong>sunt.</strong></span> <span class='ocrx_word' id='word_1_514' title='bbox 2691 4382 2998 4439; x_wconf 85' lang='lat' dir='ltr'><strong>Narrarunt</strong></span> <span class='ocrx_word' id='word_1_515' title='bbox 3040 4386 3187 4442; x_wconf 88' lang='lat' dir='ltr'><strong>enim</strong></span> <span class='ocrx_word' id='word_1_516' title='bbox 3232 4389 3415 4458; x_wconf 76' lang='lat' dir='ltr'><strong>speci-</strong></span> 
     </span>
    </p>
   </div>
   <div class='ocr_carea' id='block_1_81' title="bbox 234 4537 1719 4608">
    <p class='ocr_par' dir='ltr' id='par_1_81' title="bbox 234 4537 1719 4608">
     <span class='ocr_line' id='line_1_81' title="bbox 234 4537 1719 4608; baseline 0.003 -17"><span class='ocrx_word' id='word_1_517' title='bbox 234 4537 288 4608; x_wconf 90' lang='lat'><strong>9)</strong></span> <span class='ocrx_word' id='word_1_518' title='bbox 308 4539 771 4608; x_wconf 70' lang='grc' dir='ltr'>Δολιχοσκιους.</span> <span class='ocrx_word' id='word_1_519' title='bbox 795 4537 1014 4594; x_wconf 86' lang='lat' dir='ltr'><strong>Homer.</strong></span> <span class='ocrx_word' id='word_1_520' title='bbox 1040 4537 1206 4592; x_wconf 83' lang='lat' dir='ltr'><strong>Iliad.</strong></span> <span class='ocrx_word' id='word_1_521' title='bbox 1226 4539 1286 4603; x_wconf 94' lang='grc' dir='ltr'>Γ,</span> <span class='ocrx_word' id='word_1_522' title='bbox 1320 4556 1372 4593; x_wconf 90' lang='lat' dir='ltr'><strong>v.</strong></span> <span class='ocrx_word' id='word_1_523' title='bbox 1396 4537 1501 4593; x_wconf 74' lang='lat'><strong>346</strong></span> <span class='ocrx_word' id='word_1_524' title='bbox 1526 4549 1579 4593; x_wconf 89' lang='lat' dir='ltr'><strong>et</strong></span> <span class='ocrx_word' id='word_1_525' title='bbox 1595 4539 1719 4595; x_wconf 74' lang='lat'><strong>555.</strong></span> 
     </span>
    </p>
   </div>
   <div class='ocr_carea' id='block_1_82' title="bbox 238 4607 1724 4680">
    <p class='ocr_par' dir='ltr' id='par_1_82' title="bbox 238 4607 1724 4680">
     <span class='ocr_line' id='line_1_82' title="bbox 238 4607 1724 4680; baseline 0.003 -19"><span class='ocrx_word' id='word_1_526' title='bbox 238 4607 325 4679; x_wconf 80' lang='lat' dir='ltr'><strong>I0)</strong></span> <span class='ocrx_word' id='word_1_527' title='bbox 371 4607 662 4680; x_wconf 66' lang='grc' dir='ltr'>Ἀλφαῖος,</span> <span class='ocrx_word' id='word_1_528' title='bbox 702 4607 793 4662; x_wconf 91' lang='lat' dir='ltr'><strong>Sic</strong></span> <span class='ocrx_word' id='word_1_529' title='bbox 833 4609 966 4678; x_wconf 82' lang='lat' dir='ltr'><strong>Reg.</strong></span> <span class='ocrx_word' id='word_1_530' title='bbox 1004 4611 1302 4665; x_wconf 84' lang='lat' dir='ltr'><strong>secundus.</strong></span> <span class='ocrx_word' id='word_1_531' title='bbox 1350 4608 1467 4664; x_wconf 87' lang='lat' dir='ltr'><strong>Non</strong></span> <span class='ocrx_word' id='word_1_532' title='bbox 1502 4610 1724 4680; x_wconf 84' lang='lat' dir='ltr'><strong>illepide</strong></span> 
     </span>
    </p>
   </div>
   <div class='ocr_carea' id='block_1_83' title="bbox 141 4679 1723 4749">
    <p class='ocr_par' dir='ltr' id='par_1_83' title="bbox 141 4679 1723 4749">
     <span class='ocr_line' id='line_1_83' title="bbox 141 4679 1723 4749; baseline 0.003 -18"><span class='ocrx_word' id='word_1_533' title='bbox 141 4689 333 4732; x_wconf 87' lang='lat' dir='ltr'><strong>auctor</strong></span> <span class='ocrx_word' id='word_1_534' title='bbox 362 4679 605 4747; x_wconf 72' lang='lat' dir='ltr'><strong>epistolae</strong></span> <span class='ocrx_word' id='word_1_535' title='bbox 640 4679 864 4733; x_wconf 89' lang='lat' dir='ltr'><strong>lluvium</strong></span> <span class='ocrx_word' id='word_1_536' title='bbox 888 4680 1201 4749; x_wconf 12' lang='lat' dir='ltr'><strong>,obstrlngit</strong></span> <span class='ocrx_word' id='word_1_537' title='bbox 1240 4680 1558 4734; x_wconf 87' lang='lat' dir='ltr'><strong>restituendi</strong></span> <span class='ocrx_word' id='word_1_538' title='bbox 1597 4679 1723 4749; x_wconf 85' lang='lat' dir='ltr'><strong>pro-</strong></span> 
     </span>
    </p>
   </div>
   <div class='ocr_carea' id='block_1_84' title="bbox 141 4748 1717 4817">
    <p class='ocr_par' dir='ltr' id='par_1_84' title="bbox 141 4748 1717 4817">
     <span class='ocr_line' id='line_1_84' title="bbox 141 4748 1717 4817; baseline 0.003 -17"><span class='ocrx_word' id='word_1_539' title='bbox 141 4750 332 4809; x_wconf 88' lang='lat' dir='ltr'><strong>misso,</strong></span> <span class='ocrx_word' id='word_1_540' title='bbox 364 4760 421 4801; x_wconf 93' lang='lat' dir='ltr'><strong>ut</strong></span> <span class='ocrx_word' id='word_1_541' title='bbox 449 4750 689 4817; x_wconf 79' lang='lat' dir='ltr'><strong>gratuito</strong></span> <span class='ocrx_word' id='word_1_542' title='bbox 711 4765 739 4801; x_wconf 87' lang='lat' dir='ltr'><strong>a</strong></span> <span class='ocrx_word' id='word_1_543' title='bbox 765 4765 825 4803; x_wconf 89' lang='lat' dir='ltr'><strong>se</strong></span> <span class='ocrx_word' id='word_1_544' title='bbox 864 4748 982 4802; x_wconf 89' lang='lat' dir='ltr'><strong>dari</strong></span> <span class='ocrx_word' id='word_1_545' title='bbox 1013 4748 1284 4804; x_wconf 79' lang='lat' dir='ltr'><strong>OSlelIdal.</strong></span> <span class='ocrx_word' id='word_1_546' title='bbox 1319 4748 1717 4805; x_wconf 76' lang='lat' dir='ltr'><strong>HabentCoisl.</strong></span> 
     </span>
    </p>
   </div>
   <div class='ocr_carea' id='block_1_85' title="bbox 142 4818 1722 4891">
    <p class='ocr_par' dir='ltr' id='par_1_85' title="bbox 142 4818 1722 4891">
     <span class='ocr_line' id='line_1_85' title="bbox 142 4818 1722 4891; baseline 0.003 -21"><span class='ocrx_word' id='word_1_547' title='bbox 142 4818 350 4891; x_wconf 87' lang='lat' dir='ltr'><strong>primus</strong></span> <span class='ocrx_word' id='word_1_548' title='bbox 380 4827 435 4891; x_wconf 83' lang='lat' dir='ltr'><strong>et</strong></span> <span class='ocrx_word' id='word_1_549' title='bbox 467 4819 605 4891; x_wconf 78' lang='lat' dir='ltr'><strong>Med.</strong></span> <span class='ocrx_word' id='word_1_550' title='bbox 646 4823 674 4873; x_wconf 90' lang='grc' dir='ltr'>ὁ</span> <span class='ocrx_word' id='word_1_551' title='bbox 706 4818 847 4890; x_wconf 75' lang='grc' dir='ltr'>ἱερὸς</span> <span class='ocrx_word' id='word_1_552' title='bbox 877 4819 921 4873; x_wconf 87' lang='grc' dir='ltr'><strong>δ’</strong></span> <span class='ocrx_word' id='word_1_553' title='bbox 954 4820 1445 4891; x_wconf 66' lang='grc' dir='ltr'>ἀποκαταστήσειν.</span> <span class='ocrx_word' id='word_1_554' title='bbox 1474 4820 1722 4891; x_wconf 85' lang='lat' dir='ltr'><strong>Quatuor</strong></span> 
     </span>
    </p>
   </div>
   <div class='ocr_carea' id='block_1_86' title="bbox 142 4888 1717 4962">
    <p class='ocr_par' dir='ltr' id='par_1_86' title="bbox 142 4888 1717 4962">
     <span class='ocr_line' id='line_1_86' title="bbox 142 4888 1717 4962; baseline 0.004 -23"><span class='ocrx_word' id='word_1_555' title='bbox 142 4891 237 4962; x_wconf 73' lang='lat' dir='ltr'><strong>alii</strong></span> <span class='ocrx_word' id='word_1_556' title='bbox 264 4891 292 4962; x_wconf 69' lang='grc' dir='ltr'><strong>ό</strong></span> <span class='ocrx_word' id='word_1_557' title='bbox 316 4888 950 4962; x_wconf 76' lang='grc' dir='ltr'>ἱερὸςάποκατασήσειν.</span> <span class='ocrx_word' id='word_1_558' title='bbox 988 4888 1193 4962; x_wconf 45' lang='grc' dir='ltr'>Ηατιεό</span> <span class='ocrx_word' id='word_1_559' title='bbox 1229 4888 1372 4962; x_wconf 83' lang='grc' dir='ltr'>ἱερὸς</span> <span class='ocrx_word' id='word_1_560' title='bbox 1398 4890 1717 4962; x_wconf 84' lang='grc' dir='ltr'>Εὑστὰθιος.</span> 
     </span>
    </p>
   </div>
   <div class='ocr_carea' id='block_1_87' title="bbox 118 4958 1720 5031">
    <p class='ocr_par' dir='ltr' id='par_1_87' title="bbox 118 4958 1720 5031">
     <span class='ocr_line' id='line_1_87' title="bbox 118 4958 1720 5031; baseline 0.003 -20"><span class='ocrx_word' id='word_1_561' title='bbox 118 4958 283 5031; x_wconf 63' lang='lat' dir='ltr'><strong>Editi</strong></span> <span class='ocrx_word' id='word_1_562' title='bbox 321 4961 350 5012; x_wconf 82' lang='grc' dir='ltr'>ὁ</span> <span class='ocrx_word' id='word_1_563' title='bbox 384 4959 528 5031; x_wconf 78' lang='grc' dir='ltr'>ἱερὸς</span> <span class='ocrx_word' id='word_1_564' title='bbox 570 4958 820 5023; x_wconf 74' lang='grc' dir='ltr'>Δονάτος,</span> <span class='ocrx_word' id='word_1_565' title='bbox 861 4970 1107 5031; x_wconf 50' lang='lat' dir='ltr'><strong>excepta</strong></span> <span class='ocrx_word' id='word_1_566' title='bbox 1130 4958 1427 5016; x_wconf 78' lang='lat' dir='ltr'><strong>Basileensi</strong></span> <span class='ocrx_word' id='word_1_567' title='bbox 1477 4961 1720 5018; x_wconf 88' lang='lat' dir='ltr'><strong>editione</strong></span> 
     </span>
    </p>
   </div>
   <div class='ocr_carea' id='block_1_88' title="bbox 142 5029 1718 5103">
    <p class='ocr_par' dir='ltr' id='par_1_88' title="bbox 142 5029 1718 5103">
     <span class='ocr_line' id='line_1_88' title="bbox 142 5029 1718 5103; baseline 0.003 -22"><span class='ocrx_word' id='word_1_568' title='bbox 142 5029 491 5103; x_wconf 44' lang='lat' dir='ltr'><strong>primaeua:</strong></span> <span class='ocrx_word' id='word_1_569' title='bbox 517 5031 681 5103; x_wconf 80' lang='lat' dir='ltr'><strong>habet</strong></span> <span class='ocrx_word' id='word_1_570' title='bbox 712 5030 1031 5095; x_wconf 75' lang='grc' dir='ltr'>Εὐστάθιος.</span> <span class='ocrx_word' id='word_1_571' title='bbox 1068 5029 1383 5097; x_wconf 85' lang='lat' dir='ltr'><strong>Vaticanus,</strong></span> <span class='ocrx_word' id='word_1_572' title='bbox 1406 5033 1505 5103; x_wconf 84' lang='grc' dir='ltr'><strong>οὐχ</strong></span> <span class='ocrx_word' id='word_1_573' title='bbox 1538 5032 1718 5103; x_wconf 83' lang='grc' dir='ltr'>’Όμη-</span> 
     </span>
    </p>
   </div>
   <div class='ocr_carea' id='block_1_89' title="bbox 144 5098 833 5225">
    <p class='ocr_par' dir='ltr' id='par_1_89' title="bbox 144 5098 833 5225">
     <span class='ocr_line' id='line_1_89' title="bbox 144 5098 833 5225; baseline 0.003 -74"><span class='ocrx_word' id='word_1_574' title='bbox 144 5115 233 5170; x_wconf 85' lang='grc' dir='ltr'><strong>ρος</strong></span> <span class='ocrx_word' id='word_1_575' title='bbox 267 5098 311 5151; x_wconf 85' lang='grc' dir='ltr'><strong>δ’</strong></span> <span class='ocrx_word' id='word_1_576' title='bbox 342 5100 833 5225; x_wconf 65' lang='grc' dir='ltr'>ὑποκαταστήσειν.</span> 
     </span>
     <span class='ocr_line' id='line_1_90' title="bbox 207 5168 833 5225; baseline -0.003 0"><span class='ocrx_word' id='word_1_577' title='bbox 207 5168 320 5225; x_wconf 80' lang='grc' dir='ltr'>(Η)</span> <span class='ocrx_word' id='word_1_578' title='bbox 351 5172 571 5225; x_wconf 72' lang='grc' dir='ltr'>Γοιτηο</span> <span class='ocrx_word' id='word_1_579' title='bbox 598 5186 675 5224; x_wconf 79' lang='grc' dir='ltr'><strong>κα</strong></span> <span class='ocrx_word' id='word_1_580' title='bbox 726 5172 833 5225; x_wconf 69' lang='grc' dir='ltr'>γιόι</span> 
     </span>
    </p>
   </div>
   <div class='ocr_carea' id='block_1_90' title="bbox 207 5168 1713 5242">
    <p class='ocr_par' dir='ltr' id='par_1_90' title="bbox 207 5168 1713 5242">
     <span class='ocr_line' id='line_1_91' title="bbox 207 5168 1713 5242; baseline 0.003 -21"><span class='ocrx_word' id='word_1_581' title='bbox 207 5168 320 5242; x_wconf 69' lang='lat' dir='ltr'><strong>(II)</strong></span> <span class='ocrx_word' id='word_1_582' title='bbox 351 5170 571 5242; x_wconf 77' lang='grc' dir='ltr'>Γριτῆς</span> <span class='ocrx_word' id='word_1_583' title='bbox 598 5168 696 5225; x_wconf 79' lang='grc' dir='ltr'>καὶ</span> <span class='ocrx_word' id='word_1_584' title='bbox 722 5172 948 5239; x_wconf 81' lang='grc' dir='ltr'>χιόνος.</span> <span class='ocrx_word' id='word_1_585' title='bbox 980 5168 1072 5226; x_wconf 89' lang='lat' dir='ltr'><strong>Sic</strong></span> <span class='ocrx_word' id='word_1_586' title='bbox 1109 5187 1242 5228; x_wconf 91' lang='lat' dir='ltr'><strong>mss.</strong></span> <span class='ocrx_word' id='word_1_587' title='bbox 1280 5179 1509 5242; x_wconf 86' lang='lat' dir='ltr'><strong>septem.</strong></span> <span class='ocrx_word' id='word_1_588' title='bbox 1549 5170 1713 5240; x_wconf 88' lang='lat' dir='ltr'><strong>Editi,</strong></span> 
     </span>
    </p>
   </div>
   <div class='ocr_carea' id='block_1_91' title="bbox 140 5239 676 5311">
    <p class='ocr_par' dir='ltr' id='par_1_91' title="bbox 140 5239 676 5311">
     <span class='ocr_line' id='line_1_92' title="bbox 140 5239 676 5311; baseline 0.006 -21"><span class='ocrx_word' id='word_1_589' title='bbox 140 5239 331 5311; x_wconf 78' lang='grc' dir='ltr'>γριτῆς</span> <span class='ocrx_word' id='word_1_590' title='bbox 355 5241 449 5293; x_wconf 80' lang='grc' dir='ltr'><strong>καὶ</strong></span> <span class='ocrx_word' id='word_1_591' title='bbox 469 5242 676 5311; x_wconf 83' lang='grc' dir='ltr'>χιόνων.</span> 
     </span>
    </p>
   </div>
   <div class='ocr_carea' id='block_1_92' title="bbox 208 5309 1712 5384">
    <p class='ocr_par' dir='ltr' id='par_1_92' title="bbox 208 5309 1712 5384">
     <span class='ocr_line' id='line_1_93' title="bbox 208 5309 1712 5384; baseline 0.002 -19"><span class='ocrx_word' id='word_1_592' title='bbox 208 5309 322 5384; x_wconf 63' lang='lat' dir='ltr'><strong>(Ii)</strong></span> <span class='ocrx_word' id='word_1_593' title='bbox 367 5309 700 5384; x_wconf 67' lang='grc' dir='ltr'>Προσκυνῶ</span> <span class='ocrx_word' id='word_1_594' title='bbox 746 5328 840 5366; x_wconf 84' lang='grc' dir='ltr'>σε.</span> <span class='ocrx_word' id='word_1_595' title='bbox 883 5311 961 5365; x_wconf 88' lang='lat' dir='ltr'><strong>Ita</strong></span> <span class='ocrx_word' id='word_1_596' title='bbox 1025 5321 1230 5384; x_wconf 87' lang='lat' dir='ltr'><strong>septem</strong></span> <span class='ocrx_word' id='word_1_597' title='bbox 1281 5328 1414 5369; x_wconf 87' lang='lat' dir='ltr'><strong>mss.</strong></span> <span class='ocrx_word' id='word_1_598' title='bbox 1474 5314 1712 5370; x_wconf 88' lang='lat' dir='ltr'><strong>codices.</strong></span> 
     </span>
    </p>
   </div>
   <div class='ocr_carea' id='block_1_93' title="bbox 143 5377 745 5471">
    <p class='ocr_par' dir='ltr' id='par_1_93' title="bbox 143 5377 745 5471">
     <span class='ocr_line' id='line_1_94' title="bbox 143 5377 745 5471; baseline 0.007 -39"><span class='ocrx_word' id='word_1_599' title='bbox 143 5377 279 5433; x_wconf 81' lang='lat' dir='ltr'><strong>Editi</strong></span> <span class='ocrx_word' id='word_1_600' title='bbox 321 5377 611 5471; x_wconf 81' lang='grc' dir='ltr'>προσκυνῶ</span> <span class='ocrx_word' id='word_1_601' title='bbox 640 5399 745 5436; x_wconf 91' lang='grc' dir='ltr'>σοι.</span> 
     </span>
     <span class='ocr_line' id='line_1_95' title="bbox 209 5450 713 5471; baseline 0 0"><span class='ocrx_word' id='word_1_602' title='bbox 209 5450 317 5471; x_wconf 62' lang='grc' dir='ltr'><strong>ιιηὶ</strong></span> <span class='ocrx_word' id='word_1_603' title='bbox 387 5451 462 5471; x_wconf 65' lang='grc' dir='ltr'><strong>ΠΡ</strong></span> <span class='ocrx_word' id='word_1_604' title='bbox 478 5470 488 5471; x_wconf 54' lang='lat'><strong><em>,</em></strong></span> <span class='ocrx_word' id='word_1_605' title='bbox 514 5470 519 5471; x_wconf 61' lang='lat'><strong><em>,</em></strong></span> <span class='ocrx_word' id='word_1_606' title='bbox 605 5455 639 5471; x_wconf 67' lang='grc' dir='ltr'><strong><em>Δ</em></strong></span> <span class='ocrx_word' id='word_1_607' title='bbox 659 5452 713 5471; x_wconf 71' lang='grc' dir='ltr'><strong>ιν</strong></span> 
     </span>
    </p>
   </div>
   <div class='ocr_carea' id='block_1_94' title="bbox 207 5450 1710 5525">
    <p class='ocr_par' dir='ltr' id='par_1_94' title="bbox 207 5450 1710 5525">
     <span class='ocr_line' id='line_1_96' title="bbox 207 5450 1710 5525; baseline 0.005 -21"><span class='ocrx_word' id='word_1_608' title='bbox 207 5450 319 5525; x_wconf 11' lang='grc'>(1⁵5)</span> <span class='ocrx_word' id='word_1_609' title='bbox 335 5523 344 5525; x_wconf 22' lang='grc'><strong><em>4</em></strong></span> <span class='ocrx_word' id='word_1_610' title='bbox 362 5450 777 5525; x_wconf 44' lang='grc' dir='ltr'><strong>ίΕξακριϐἀζωε</strong></span> <span class='ocrx_word' id='word_1_611' title='bbox 788 5452 1042 5525; x_wconf 80' lang='lat' dir='ltr'><strong>Quinque</strong></span> <span class='ocrx_word' id='word_1_612' title='bbox 1066 5454 1297 5525; x_wconf 6' lang='lat' dir='ltr'><strong>codices,</strong></span> <span class='ocrx_word' id='word_1_613' title='bbox 1317 5454 1710 5525; x_wconf 79' lang='grc' dir='ltr'>εςακριϐάζων.</span> 
     </span>
    </p>
   </div>
   <div class='ocr_carea' id='block_1_95' title="bbox 120 5516 1714 5594">
    <p class='ocr_par' dir='ltr' id='par_1_95' title="bbox 120 5516 1714 5594">
     <span class='ocr_line' id='line_1_97' title="bbox 120 5516 1714 5594; baseline 0.006 -22"><span class='ocrx_word' id='word_1_614' title='bbox 120 5516 705 5594; x_wconf 32' lang='grc' dir='ltr'>ᾘῌιιιυιζξξακριϐώσω.</span> <span class='ocrx_word' id='word_1_615' title='bbox 761 5516 933 5579; x_wconf 76' lang='lat' dir='ltr'><strong>Habet</strong></span> <span class='ocrx_word' id='word_1_616' title='bbox 954 5516 1135 5579; x_wconf 58' lang='lat' dir='ltr'><strong>&#39;etiam</strong></span> <span class='ocrx_word' id='word_1_617' title='bbox 1173 5516 1714 5581; x_wconf 39' lang='lat' dir='ltr'><strong>editio—Ba&#39;sileensis</strong></span> 
     </span>
    </p>
   </div>
   <div class='ocr_carea' id='block_1_96' title="bbox 120 5589 527 5656">
    <p class='ocr_par' dir='ltr' id='par_1_96' title="bbox 120 5589 527 5656">
     <span class='ocr_line' id='line_1_98' title="bbox 120 5589 527 5656; baseline 0.015 -16"><span class='ocrx_word' id='word_1_618' title='bbox 120 5634 123 5639; x_wconf 43' lang='lat'><strong>.</strong></span> <span class='ocrx_word' id='word_1_619' title='bbox 141 5589 527 5656; x_wconf 72' lang='grc' dir='ltr'>ὲξακριόάζών.</span> 
     </span>
    </p>
   </div>
   <div class='ocr_carea' id='block_1_97' title="bbox 208 5608 1711 5738">
    <p class='ocr_par' dir='ltr' id='par_1_97' title="bbox 208 5608 1711 5738">
     <span class='ocr_line' id='line_1_99' title="bbox 208 5608 527 5656; baseline 0.013 -14"><span class='ocrx_word' id='word_1_620' title='bbox 208 5608 266 5642; x_wconf 77' lang='grc' dir='ltr'><strong>ιχ</strong></span> <span class='ocrx_word' id='word_1_621' title='bbox 283 5608 527 5656; x_wconf 71' lang='grc' dir='ltr'>ιιοαςων.</span> 
     </span>
     <span class='ocr_line' id='line_1_100' title="bbox 208 5608 1711 5738; baseline 0.004 -24"><span class='ocrx_word' id='word_1_622' title='bbox 208 5608 317 5730; x_wconf 50' lang='grc' dir='ltr'>(ἡ)</span> <span class='ocrx_word' id='word_1_623' title='bbox 348 5664 621 5735; x_wconf 61' lang='lat' dir='ltr'><strong>Ardua-[(9.</strong></span> <span class='ocrx_word' id='word_1_624' title='bbox 681 5664 845 5721; x_wconf 80' lang='lat' dir='ltr'><strong>Addit</strong></span> <span class='ocrx_word' id='word_1_625' title='bbox 896 5662 1045 5724; x_wconf 84' lang='lat' dir='ltr'><strong>IIarI.</strong></span> <span class='ocrx_word' id='word_1_626' title='bbox 1104 5667 1381 5738; x_wconf 73' lang='grc' dir='ltr'>πρὸς·τὰς</span> <span class='ocrx_word' id='word_1_627' title='bbox 1447 5666 1711 5738; x_wconf 70' lang='grc' dir='ltr'>ἑκατέρας</span> 
     </span>
    </p>
   </div>
   <div class='ocr_carea' id='block_1_98' title="bbox 1825 4537 3411 4611">
    <p class='ocr_par' dir='ltr' id='par_1_98' title="bbox 1825 4537 3411 4611">
     <span class='ocr_line' id='line_1_101' title="bbox 1825 4537 3411 4611; baseline 0.006 -23"><span class='ocrx_word' id='word_1_628' title='bbox 1825 4537 2137 4611; x_wconf 63' lang='grc' dir='ltr'>επιστολᾲς,</span> <span class='ocrx_word' id='word_1_629' title='bbox 2182 4537 2253 4592; x_wconf 83' lang='lat' dir='ltr'><strong>ad</strong></span> <span class='ocrx_word' id='word_1_630' title='bbox 2282 4546 2559 4610; x_wconf 86' lang='lat' dir='ltr'><strong>utramque</strong></span> <span class='ocrx_word' id='word_1_631' title='bbox 2595 4538 2910 4607; x_wconf 83' lang='lat' dir='ltr'><strong>epistolam;</strong></span> <span class='ocrx_word' id='word_1_632' title='bbox 2946 4555 3141 4610; x_wconf 87' lang='lat' dir='ltr'><strong>nempe</strong></span> <span class='ocrx_word' id='word_1_633' title='bbox 3186 4542 3312 4611; x_wconf 88' lang='lat' dir='ltr'><strong>quia</strong></span> <span class='ocrx_word' id='word_1_634' title='bbox 3357 4544 3411 4598; x_wconf 91' lang='lat' dir='ltr'><strong>in</strong></span> 
     </span>
    </p>
   </div>
   <div class='ocr_carea' id='block_1_99' title="bbox 1827 4606 3411 4682">
    <p class='ocr_par' dir='ltr' id='par_1_99' title="bbox 1827 4606 3411 4682">
     <span class='ocr_line' id='line_1_102' title="bbox 1827 4606 3411 4682; baseline 0.006 -23"><span class='ocrx_word' id='word_1_635' title='bbox 1827 4606 2140 4682; x_wconf 87' lang='lat' dir='ltr'><strong>hoc_codice</strong></span> <span class='ocrx_word' id='word_1_636' title='bbox 2155 4619 2280 4664; x_wconf 89' lang='lat' dir='ltr'><strong>ante</strong></span> <span class='ocrx_word' id='word_1_637' title='bbox 2301 4606 2548 4682; x_wconf 72' lang='lat' dir='ltr'><strong>ultimam</strong></span> <span class='ocrx_word' id='word_1_638' title='bbox 2572 4606 2859 4680; x_wconf 88' lang='lat' dir='ltr'><strong>epistolam</strong></span> <span class='ocrx_word' id='word_1_639' title='bbox 2877 4611 2989 4682; x_wconf 85' lang='lat' dir='ltr'><strong>alia</strong></span> <span class='ocrx_word' id='word_1_640' title='bbox 3015 4606 3227 4679; x_wconf 59' lang='lat' dir='ltr'><strong>legitur,</strong></span> <span class='ocrx_word' id='word_1_641' title='bbox 3246 4629 3411 4682; x_wconf 88' lang='lat' dir='ltr'><strong>quam</strong></span> 
     </span>
    </p>
   </div>
   <div class='ocr_carea' id='block_1_100' title="bbox 1863 4677 3410 4762">
    <p class='ocr_par' dir='ltr' id='par_1_100' title="bbox 1863 4677 3410 4762">
     <span class='ocr_line' id='line_1_103' title="bbox 1863 4677 3410 4762; baseline 0.005 -31"><span class='ocrx_word' id='word_1_642' title='bbox 1863 4677 1990 4762; x_wconf 75' lang='lat' dir='ltr'><strong>aulo</strong></span> <span class='ocrx_word' id='word_1_643' title='bbox 2024 4688 2148 4762; x_wconf 86' lang='lat' dir='ltr'><strong>post</strong></span> <span class='ocrx_word' id='word_1_644' title='bbox 2187 4681 2539 4750; x_wconf 88' lang='lat' dir='ltr'><strong>apponimus,</strong></span> <span class='ocrx_word' id='word_1_645' title='bbox 2571 4677 2803 4751; x_wconf 67' lang='lat' dir='ltr'><strong>quaeque</strong></span> <span class='ocrx_word' id='word_1_646' title='bbox 2841 4681 2923 4735; x_wconf 91' lang='lat' dir='ltr'><strong>sic</strong></span> <span class='ocrx_word' id='word_1_647' title='bbox 2967 4677 3179 4751; x_wconf 37' lang='lat' dir='ltr'><strong>inci—pit,</strong></span> <span class='ocrx_word' id='word_1_648' title='bbox 3216 4677 3278 4736; x_wconf 74' lang='grc' dir='ltr'>τί</span> <span class='ocrx_word' id='word_1_649' title='bbox 3302 4701 3410 4738; x_wconf 90' lang='grc' dir='ltr'>πα-</span> 
     </span>
    </p>
   </div>
   <div class='ocr_carea' id='block_1_101' title="bbox 1859 4759 2092 4809">
    <p class='ocr_par' dir='ltr' id='par_1_101' title="bbox 1859 4759 2092 4809">
     <span class='ocr_line' id='line_1_104' title="bbox 1859 4759 2092 4809; baseline 0.021 -10"><span class='ocrx_word' id='word_1_650' title='bbox 1859 4759 1955 4809; x_wconf 85' lang='grc' dir='ltr'>ων,</span> <span class='ocrx_word' id='word_1_651' title='bbox 1986 4759 2092 4804; x_wconf 81' lang='lat' dir='ltr'><strong>etC.</strong></span> 
     </span>
    </p>
   </div>
   <div class='ocr_carea' id='block_1_102' title="bbox 1895 4817 3411 4893">
    <p class='ocr_par' dir='ltr' id='par_1_102' title="bbox 1895 4817 3411 4893">
     <span class='ocr_line' id='line_1_105' title="bbox 1895 4817 3411 4893; baseline 0.003 -21"><span class='ocrx_word' id='word_1_652' title='bbox 1895 4817 1940 4880; x_wconf 86' lang='lat' dir='ltr'><strong>(I</strong></span> <span class='ocrx_word' id='word_1_653' title='bbox 1954 4818 2007 4888; x_wconf 84' lang='lat'><strong>5)</strong></span> <span class='ocrx_word' id='word_1_654' title='bbox 2050 4818 2239 4893; x_wconf 75' lang='grc' dir='ltr'><strong>ᾙιιῶν</strong></span> <span class='ocrx_word' id='word_1_655' title='bbox 2270 4819 2395 4887; x_wconf 84' lang='grc' dir='ltr'>τοῖς</span> <span class='ocrx_word' id='word_1_656' title='bbox 2433 4820 2810 4891; x_wconf 73' lang='grc' dir='ltr'>σκώμμασιν.</span> <span class='ocrx_word' id='word_1_657' title='bbox 2863 4819 3014 4877; x_wconf 84' lang='lat' dir='ltr'><strong>Harl.</strong></span> <span class='ocrx_word' id='word_1_658' title='bbox 3058 4824 3173 4885; x_wconf 86' lang='grc' dir='ltr'>τοῖς</span> <span class='ocrx_word' id='word_1_659' title='bbox 3209 4824 3411 4893; x_wconf 81' lang='grc' dir='ltr'>ἡμετέ-</span> 
     </span>
    </p>
   </div>
   <div class='ocr_carea' id='block_1_103' title="bbox 1823 4889 2310 4961">
    <p class='ocr_par' dir='ltr' id='par_1_103' title="bbox 1823 4889 2310 4961">
     <span class='ocr_line' id='line_1_106' title="bbox 1823 4889 2310 4961; baseline 0.008 -21"><span class='ocrx_word' id='word_1_660' title='bbox 1823 4905 1939 4961; x_wconf 80' lang='grc' dir='ltr'>ροις</span> <span class='ocrx_word' id='word_1_661' title='bbox 1961 4889 2310 4961; x_wconf 79' lang='grc' dir='ltr'>σκώμμασιν.</span> 
     </span>
    </p>
   </div>
   <div class='ocr_carea' id='block_1_104' title="bbox 1893 4959 3405 5027">
    <p class='ocr_par' dir='ltr' id='par_1_104' title="bbox 1893 4959 3405 5027">
     <span class='ocr_line' id='line_1_107' title="bbox 1893 4959 3405 5027; baseline 0.005 -16"><span class='ocrx_word' id='word_1_662' title='bbox 1893 4959 2007 5027; x_wconf 81' lang='lat' dir='ltr'><strong>(I6)</strong></span> <span class='ocrx_word' id='word_1_663' title='bbox 2054 4959 2289 5015; x_wconf 73' lang='grc' dir='ltr'><strong>³Ράὺων.</strong></span> <span class='ocrx_word' id='word_1_664' title='bbox 2333 4960 2410 5014; x_wconf 91' lang='lat' dir='ltr'><strong>lta</strong></span> <span class='ocrx_word' id='word_1_665' title='bbox 2456 4970 2568 5016; x_wconf 88' lang='lat' dir='ltr'><strong>tres</strong></span> <span class='ocrx_word' id='word_1_666' title='bbox 2612 4959 2974 5016; x_wconf 88' lang='lat' dir='ltr'><strong>vetustissimi</strong></span> <span class='ocrx_word' id='word_1_667' title='bbox 3024 4960 3242 5016; x_wconf 88' lang='lat' dir='ltr'><strong>codices</strong></span> <span class='ocrx_word' id='word_1_668' title='bbox 3279 4978 3405 5019; x_wconf 88' lang='lat' dir='ltr'><strong>cum</strong></span> 
     </span>
    </p>
   </div>
   <div class='ocr_carea' id='block_1_105' title="bbox 1820 5030 2680 5102">
    <p class='ocr_par' dir='ltr' id='par_1_105' title="bbox 1820 5030 2680 5102">
     <span class='ocr_line' id='line_1_108' title="bbox 1820 5030 2680 5102; baseline 0.006 -21"><span class='ocrx_word' id='word_1_669' title='bbox 1820 5030 2141 5102; x_wconf 80' lang='lat' dir='ltr'><strong>Anglicano.</strong></span> <span class='ocrx_word' id='word_1_670' title='bbox 2175 5030 2316 5085; x_wconf 89' lang='lat' dir='ltr'><strong>Editi</strong></span> <span class='ocrx_word' id='word_1_671' title='bbox 2349 5031 2444 5102; x_wconf 69' lang='lat' dir='ltr'><strong>nat</strong></span> <span class='ocrx_word' id='word_1_672' title='bbox 2472 5032 2680 5102; x_wconf 76' lang='grc' dir='ltr'>ψαύων.</span> 
     </span>
    </p>
   </div>
   <div class='ocr_carea' id='block_1_106' title="bbox 1893 5100 3405 5174">
    <p class='ocr_par' dir='ltr' id='par_1_106' title="bbox 1893 5100 3405 5174">
     <span class='ocr_line' id='line_1_109' title="bbox 1893 5100 3405 5174; baseline 0.004 -22"><span class='ocrx_word' id='word_1_673' title='bbox 1893 5100 2006 5174; x_wconf 67' lang='grc'>(17)</span> <span class='ocrx_word' id='word_1_674' title='bbox 2041 5103 2372 5174; x_wconf 60' lang='grc' dir='ltr'>Δωματιιρν.</span> <span class='ocrx_word' id='word_1_675' title='bbox 2408 5100 2541 5174; x_wconf 80' lang='lat' dir='ltr'><strong>Reg.</strong></span> <span class='ocrx_word' id='word_1_676' title='bbox 2593 5101 2869 5174; x_wconf 82' lang='lat' dir='ltr'><strong>secundus</strong></span> <span class='ocrx_word' id='word_1_677' title='bbox 2898 5108 2962 5174; x_wconf 89' lang='lat' dir='ltr'><strong>et_</strong></span> <span class='ocrx_word' id='word_1_678' title='bbox 2983 5100 3160 5174; x_wconf 12' lang='lat' dir='ltr'><strong>rCois’I.</strong></span> <span class='ocrx_word' id='word_1_679' title='bbox 3206 5117 3405 5158; x_wconf 81' lang='lat' dir='ltr'><strong>secun-</strong></span> 
     </span>
    </p>
   </div>
   <div class='ocr_carea' id='block_1_107' title="bbox 1820 5168 3405 5244">
    <p class='ocr_par' dir='ltr' id='par_1_107' title="bbox 1820 5168 3405 5244">
     <span class='ocr_line' id='line_1_110' title="bbox 1820 5168 3405 5244; baseline 0.004 -21"><span class='ocrx_word' id='word_1_680' title='bbox 1820 5168 1924 5226; x_wconf 81' lang='lat' dir='ltr'><strong>dus</strong></span> <span class='ocrx_word' id='word_1_681' title='bbox 1955 5168 2253 5227; x_wconf 65' lang='grc' dir='ltr'>δωματίου.</span> <span class='ocrx_word' id='word_1_682' title='bbox 2285 5170 2456 5227; x_wconf 86' lang='lat' dir='ltr'><strong>Paulo</strong></span> <span class='ocrx_word' id='word_1_683' title='bbox 2480 5168 2603 5244; x_wconf 73' lang='lat' dir='ltr'><strong>post</strong></span> <span class='ocrx_word' id='word_1_684' title='bbox 2632 5173 2766 5229; x_wconf 86' lang='lat' dir='ltr'><strong>editi</strong></span> <span class='ocrx_word' id='word_1_685' title='bbox 2794 5172 3074 5239; x_wconf 76' lang='grc' dir='ltr'><strong>ἑπανάξει.</strong></span> <span class='ocrx_word' id='word_1_686' title='bbox 3107 5172 3237 5227; x_wconf 84' lang='lat' dir='ltr'><strong>Mss.</strong></span> <span class='ocrx_word' id='word_1_687' title='bbox 3264 5174 3405 5230; x_wconf 80' lang='lat' dir='ltr'><strong>utin</strong></span> 
     </span>
    </p>
   </div>
   <div class='ocr_carea' id='block_1_108' title="bbox 1819 5247 2389 5296">
    <p class='ocr_par' dir='ltr' id='par_1_108' title="bbox 1819 5247 2389 5296">
     <span class='ocr_line' id='line_1_111' title="bbox 1819 5247 2389 5296; baseline 0.005 0"><span class='ocrx_word' id='word_1_688' title='bbox 1819 5247 1993 5296; x_wconf 78' lang='lat' dir='ltr'><strong>textu.</strong></span> <span class='ocrx_word' id='word_1_689' title='bbox 2386 5261 2389 5265; x_wconf 67' lang='grc'><em>’</em></span> 
     </span>
    </p>
   </div>
   <div class='ocr_carea' id='block_1_109' title="bbox 1893 5309 3404 5386">
    <p class='ocr_par' dir='ltr' id='par_1_109' title="bbox 1893 5309 3404 5386">
     <span class='ocr_line' id='line_1_112' title="bbox 1893 5309 3404 5386; baseline -0.011 -4"><span class='ocrx_word' id='word_1_690' title='bbox 1893 5311 2018 5386; x_wconf 65' lang='grc' dir='ltr'><strong>(ίδὶ</strong></span> <span class='ocrx_word' id='word_1_691' title='bbox 2040 5309 2164 5386; x_wconf 62' lang='grc' dir='ltr'><em>Τῶν</em></span> <span class='ocrx_word' id='word_1_692' title='bbox 2194 5314 2422 5386; x_wconf 57' lang='grc' dir='ltr'><strong>ίἕρτόθι.</strong></span> <span class='ocrx_word' id='word_1_693' title='bbox 2458 5311 2592 5386; x_wconf 80' lang='lat' dir='ltr'><strong>Reg.</strong></span> <span class='ocrx_word' id='word_1_694' title='bbox 2619 5314 2893 5372; x_wconf 87' lang='lat' dir='ltr'><strong>secundus</strong></span> <span class='ocrx_word' id='word_1_695' title='bbox 2925 5322 2980 5371; x_wconf 85' lang='lat' dir='ltr'><strong>et</strong></span> <span class='ocrx_word' id='word_1_696' title='bbox 3009 5312 3176 5370; x_wconf 90' lang='lat' dir='ltr'><strong>Coisl.</strong></span> <span class='ocrx_word' id='word_1_697' title='bbox 3201 5325 3404 5368; x_wconf 61' lang='lat' dir='ltr'><strong>secum</strong></span> 
     </span>
    </p>
   </div>
   <div class='ocr_carea' id='block_1_110' title="bbox 1796 5381 2314 5436">
    <p class='ocr_par' dir='ltr' id='par_1_110' title="bbox 1796 5381 2314 5436">
     <span class='ocr_line' id='line_1_113' title="bbox 1796 5381 2314 5436; baseline 0.002 -1"><span class='ocrx_word' id='word_1_698' title='bbox 1796 5381 1922 5436; x_wconf 71' lang='grc' dir='ltr'><strong>,ειυς</strong></span> <span class='ocrx_word' id='word_1_699' title='bbox 1950 5381 2059 5434; x_wconf 82' lang='grc' dir='ltr'><strong>τῶν</strong></span> <span class='ocrx_word' id='word_1_700' title='bbox 2088 5382 2314 5436; x_wconf 83' lang='grc' dir='ltr'>αὐτόθεν</span> 
     </span>
    </p>
   </div>
   <div class='ocr_carea' id='block_1_111' title="bbox 1890 5450 2293 5509">
    <p class='ocr_par' dir='ltr' id='par_1_111' title="bbox 1890 5450 2293 5509">
     <span class='ocr_line' id='line_1_114' title="bbox 1890 5450 2293 5509; baseline 0.002 -4"><span class='ocrx_word' id='word_1_701' title='bbox 1890 5453 1906 5472; x_wconf 83' lang='lat'><strong><em>‘</em></strong></span> <span class='ocrx_word' id='word_1_702' title='bbox 1936 5453 2088 5509; x_wconf 84' lang='lat' dir='ltr'><strong>Alias</strong></span> <span class='ocrx_word' id='word_1_703' title='bbox 2116 5450 2293 5506; x_wconf 74' lang='lat' dir='ltr'><strong>CLVI.</strong></span> 
     </span>
    </p>
   </div>
   <div class='ocr_carea' id='block_1_112' title="bbox 1894 5522 2335 5578">
    <p class='ocr_par' dir='ltr' id='par_1_112' title="bbox 1894 5522 2335 5578">
     <span class='ocr_line' id='line_1_115' title="bbox 1894 5522 2335 5578; baseline 0.005 -3"><span class='ocrx_word' id='word_1_704' title='bbox 1894 5524 1935 5545; x_wconf 80' lang='lat'>“</span> <span class='ocrx_word' id='word_1_705' title='bbox 1954 5523 2106 5577; x_wconf 80' lang='lat' dir='ltr'><strong>Alias</strong></span> <span class='ocrx_word' id='word_1_706' title='bbox 2136 5522 2335 5578; x_wconf 85' lang='lat' dir='ltr'><strong>CLVII.</strong></span> 
     </span>
    </p>
   </div>
   <div class='ocr_carea' id='block_1_113' title="bbox 1897 5592 2408 5656">
    <p class='ocr_par' dir='ltr' id='par_1_113' title="bbox 1897 5592 2408 5656">
     <span class='ocr_line' id='line_1_116' title="bbox 1897 5592 2408 5656; baseline 0.004 -10"><span class='ocrx_word' id='word_1_707' title='bbox 1897 5596 1958 5615; x_wconf 83' lang='lat'><strong>‘“</strong></span> <span class='ocrx_word' id='word_1_708' title='bbox 1993 5593 2143 5656; x_wconf 82' lang='lat' dir='ltr'><strong>Alias</strong></span> <span class='ocrx_word' id='word_1_709' title='bbox 2185 5592 2408 5649; x_wconf 77' lang='lat' dir='ltr'><strong>CLVIII.</strong></span> 
     </span>
    </p>
   </div>
  </div>
