  <div class='ocr_page' id='page_1' title='image "/cluster/home/n/w/nwhite01/storage/ocr_20150623/32/nnc1.0046978879/635.png"; bbox 0 0 3840 6226; ppageno 0'>
   <div class='ocr_carea' id='block_1_1' title="bbox 457 226 609 283">
    <p class='ocr_par' dir='ltr' id='par_1_1' title="bbox 457 226 609 283">
     <span class='ocr_line' id='line_1_1' title="bbox 457 226 609 283; baseline 0.02 -3"><span class='ocrx_word' id='word_1_1' title='bbox 457 226 609 283; x_wconf 61' lang='grc'><strong>4095-</strong></span> 
     </span>
    </p>
   </div>
   <div class='ocr_carea' id='block_1_2' title="bbox 1766 219 2364 277">
    <p class='ocr_par' dir='ltr' id='par_1_2' title="bbox 1766 219 2364 277">
     <span class='ocr_line' id='line_1_2' title="bbox 1766 219 2364 277; baseline 0 -1"><span class='ocrx_word' id='word_1_2' title='bbox 1766 220 1823 276; x_wconf 87' lang='lat' dir='ltr'><strong>S.</strong></span> <span class='ocrx_word' id='word_1_3' title='bbox 1867 219 2110 276; x_wconf 72' lang='lat' dir='ltr'><strong>BASlLll</strong></span> <span class='ocrx_word' id='word_1_4' title='bbox 2149 221 2364 277; x_wconf 68' lang='lat' dir='ltr'><strong>MAGNI</strong></span> 
     </span>
    </p>
   </div>
   <div class='ocr_carea' id='block_1_3' title="bbox 3599 223 3743 275">
    <p class='ocr_par' dir='ltr' id='par_1_3' title="bbox 3599 223 3743 275">
     <span class='ocr_line' id='line_1_3' title="bbox 3599 223 3743 275; baseline 0 -1"><span class='ocrx_word' id='word_1_5' title='bbox 3599 223 3743 275; x_wconf 61' lang='lat'><strong>5096</strong></span> 
     </span>
    </p>
   </div>
   <div class='ocr_carea' id='block_1_4' title="bbox 457 333 2051 412">
    <p class='ocr_par' dir='ltr' id='par_1_4' title="bbox 457 336 2027 412">
     <span class='ocr_line' id='line_1_4' title="bbox 457 336 2027 412; baseline -0.003 -15"><span class='ocrx_word' id='word_1_6' title='bbox 457 359 581 399; x_wconf 89' lang='lat' dir='ltr'><strong>men</strong></span> <span class='ocrx_word' id='word_1_7' title='bbox 635 340 908 412; x_wconf 85' lang='lat' dir='ltr'><strong>quoddam</strong></span> <span class='ocrx_word' id='word_1_8' title='bbox 953 339 1112 395; x_wconf 82' lang='lat' dir='ltr'><strong>valde</strong></span> <span class='ocrx_word' id='word_1_9' title='bbox 1162 336 1513 408; x_wconf 89' lang='lat' dir='ltr'><strong>splendidum</strong></span> <span class='ocrx_word' id='word_1_10' title='bbox 1557 337 1767 392; x_wconf 89' lang='lat' dir='ltr'><strong>editum</strong></span> <span class='ocrx_word' id='word_1_11' title='bbox 1818 336 2027 404; x_wconf 87' lang='lat' dir='ltr'><strong>fuisse;</strong></span> 
     </span>
    </p>
   </div>
   <div class='ocr_carea' id='block_1_5' title="bbox 2194 333 3741 412">
    <p class='ocr_par' dir='ltr' id='par_1_5' title="bbox 2194 333 3741 409">
     <span class='ocr_line' id='line_1_5' title="bbox 2194 333 3741 409; baseline -0.003 -19"><span class='ocrx_word' id='word_1_12' title='bbox 2194 338 2386 404; x_wconf 70' lang='grc' dir='ltr'>πῖδειξίν</span> <span class='ocrx_word' id='word_1_13' title='bbox 2420 354 2544 391; x_wconf 88' lang='grc' dir='ltr'>τινα</span> <span class='ocrx_word' id='word_1_14' title='bbox 2580 336 2907 409; x_wconf 77' lang='grc' dir='ltr'>γεγενῆσθαι</span> <span class='ocrx_word' id='word_1_15' title='bbox 2940 336 3201 408; x_wconf 80' lang='grc' dir='ltr'>λαμπρὰν</span> <span class='ocrx_word' id='word_1_16' title='bbox 3234 337 3394 405; x_wconf 79' lang='grc' dir='ltr'>ἄγαν,</span> <span class='ocrx_word' id='word_1_17' title='bbox 3437 335 3546 388; x_wconf 72' lang='grc' dir='ltr'>καὶ</span> <span class='ocrx_word' id='word_1_18' title='bbox 3588 333 3741 403; x_wconf 79' lang='grc' dir='ltr'>ἀγὼν</span> 
     </span>
    </p>
   </div>
   <div class='ocr_carea' id='block_1_6' title="bbox 457 429 2035 505">
    <p class='ocr_par' dir='ltr' id='par_1_6' title="bbox 457 429 2035 505">
     <span class='ocr_line' id='line_1_6' title="bbox 457 429 2035 505; baseline -0.003 -18"><span class='ocrx_word' id='word_1_19' title='bbox 457 443 621 505; x_wconf 87' lang='lat' dir='ltr'><strong>atque</strong></span> <span class='ocrx_word' id='word_1_20' title='bbox 644 434 723 488; x_wconf 99' lang='lat' dir='ltr'><strong>uti</strong></span> <span class='ocrx_word' id='word_1_21' title='bbox 751 433 1031 497; x_wconf 84' lang='lat' dir='ltr'><strong>dicebant,</strong></span> <span class='ocrx_word' id='word_1_22' title='bbox 1071 442 1352 490; x_wconf 75' lang='lat' dir='ltr'><strong>certamen</strong></span> <span class='ocrx_word' id='word_1_23' title='bbox 1387 430 1685 485; x_wconf 85' lang='lat' dir='ltr'><strong>maximum</strong></span> <span class='ocrx_word' id='word_1_24' title='bbox 1723 437 1866 494; x_wconf 79' lang='lat' dir='ltr'><strong>erat,</strong></span> <span class='ocrx_word' id='word_1_25' title='bbox 1897 429 2035 484; x_wconf 87' lang='lat' dir='ltr'><strong>adeo</strong></span> 
     </span>
    </p>
   </div>
   <div class='ocr_carea' id='block_1_7' title="bbox 460 525 2038 584">
    <p class='ocr_par' dir='ltr' id='par_1_7' title="bbox 460 525 2038 584">
     <span class='ocr_line' id='line_1_7' title="bbox 460 525 2038 584; baseline -0.001 -2"><span class='ocrx_word' id='word_1_26' title='bbox 460 537 521 582; x_wconf 89' lang='lat' dir='ltr'><strong>ut</strong></span> <span class='ocrx_word' id='word_1_27' title='bbox 557 529 1021 584; x_wconf 89' lang='lat' dir='ltr'><strong>concurrentibus</strong></span> <span class='ocrx_word' id='word_1_28' title='bbox 1069 528 1327 583; x_wconf 90' lang='lat' dir='ltr'><strong>omnibus</strong></span> <span class='ocrx_word' id='word_1_29' title='bbox 1385 541 1548 581; x_wconf 88' lang='lat' dir='ltr'><strong>nemo</strong></span> <span class='ocrx_word' id='word_1_30' title='bbox 1593 526 1734 580; x_wconf 88' lang='lat' dir='ltr'><strong>alius</strong></span> <span class='ocrx_word' id='word_1_31' title='bbox 1798 525 1853 580; x_wconf 91' lang='lat' dir='ltr'><strong>in</strong></span> <span class='ocrx_word' id='word_1_32' title='bbox 1903 526 2038 581; x_wconf 85' lang='lat' dir='ltr'><strong>urbe</strong></span> 
     </span>
    </p>
   </div>
   <div class='ocr_carea' id='block_1_8' title="bbox 457 617 2036 692">
    <p class='ocr_par' dir='ltr' id='par_1_8' title="bbox 457 617 2036 692">
     <span class='ocr_line' id='line_1_8' title="bbox 457 617 2036 692; baseline -0.003 -16"><span class='ocrx_word' id='word_1_33' title='bbox 457 628 818 692; x_wconf 83' lang='lat' dir='ltr'><strong>compareret,</strong></span> <span class='ocrx_word' id='word_1_34' title='bbox 853 621 961 677; x_wconf 88' lang='lat' dir='ltr'><strong>nisi</strong></span> <span class='ocrx_word' id='word_1_35' title='bbox 990 621 1142 676; x_wconf 91' lang='lat' dir='ltr'><strong>solus</strong></span> <span class='ocrx_word' id='word_1_36' title='bbox 1164 620 1453 675; x_wconf 80' lang='lat' dir='ltr'><strong>decertans</strong></span> <span class='ocrx_word' id='word_1_37' title='bbox 1486 617 1775 682; x_wconf 89' lang='lat' dir='ltr'><strong>Libanius,</strong></span> <span class='ocrx_word' id='word_1_38' title='bbox 1799 625 1853 673; x_wconf 89' lang='lat' dir='ltr'><strong>et</strong></span> <span class='ocrx_word' id='word_1_39' title='bbox 1883 633 2036 688; x_wconf 75' lang='lat' dir='ltr'><strong>quae-</strong></span> 
     </span>
    </p>
   </div>
   <div class='ocr_carea' id='block_1_9' title="bbox 458 710 2041 769">
    <p class='ocr_par' dir='ltr' id='par_1_9' title="bbox 458 710 2041 769">
     <span class='ocr_line' id='line_1_9' title="bbox 458 710 2041 769; baseline -0.004 -2"><span class='ocrx_word' id='word_1_40' title='bbox 458 713 591 769; x_wconf 89' lang='lat' dir='ltr'><strong>libet</strong></span> <span class='ocrx_word' id='word_1_41' title='bbox 621 720 754 768; x_wconf 78' lang='lat' dir='ltr'><strong>actas</strong></span> <span class='ocrx_word' id='word_1_42' title='bbox 792 714 1134 768; x_wconf 80' lang='lat' dir='ltr'><strong>auscultans.</strong></span> <span class='ocrx_word' id='word_1_43' title='bbox 1159 710 1334 767; x_wconf 81' lang='lat' dir='ltr'><strong>Nemo</strong></span> <span class='ocrx_word' id='word_1_44' title='bbox 1371 711 1516 766; x_wconf 89' lang='lat' dir='ltr'><strong>enim</strong></span> <span class='ocrx_word' id='word_1_45' title='bbox 1550 711 1765 765; x_wconf 84' lang='lat' dir='ltr'><strong>volebat</strong></span> <span class='ocrx_word' id='word_1_46' title='bbox 1800 725 1829 763; x_wconf 92' lang='lat' dir='ltr'><strong>a</strong></span> <span class='ocrx_word' id='word_1_47' title='bbox 1860 718 2041 763; x_wconf 84' lang='lat' dir='ltr'><strong>certa-</strong></span> 
     </span>
    </p>
   </div>
   <div class='ocr_carea' id='block_1_10' title="bbox 458 800 2041 873">
    <p class='ocr_par' dir='ltr' id='par_1_10' title="bbox 458 800 2041 873">
     <span class='ocr_line' id='line_1_10' title="bbox 458 800 2041 873; baseline -0.002 -14"><span class='ocrx_word' id='word_1_48' title='bbox 458 805 703 859; x_wconf 84' lang='lat' dir='ltr'><strong>minibus</strong></span> <span class='ocrx_word' id='word_1_49' title='bbox 752 805 967 866; x_wconf 86' lang='lat' dir='ltr'><strong>abesse,</strong></span> <span class='ocrx_word' id='word_1_50' title='bbox 1031 819 1140 857; x_wconf 90' lang='lat' dir='ltr'><strong>non</strong></span> <span class='ocrx_word' id='word_1_51' title='bbox 1180 804 1275 873; x_wconf 93' lang='lat' dir='ltr'><strong>qui</strong></span> <span class='ocrx_word' id='word_1_52' title='bbox 1330 803 1385 856; x_wconf 89' lang='lat' dir='ltr'><strong>in</strong></span> <span class='ocrx_word' id='word_1_53' title='bbox 1425 802 1707 872; x_wconf 79' lang='lat' dir='ltr'><strong>dignitatis</strong></span> <span class='ocrx_word' id='word_1_54' title='bbox 1750 800 2041 872; x_wconf 87' lang='lat' dir='ltr'><strong>splendore</strong></span> 
     </span>
    </p>
   </div>
   <div class='ocr_carea' id='block_1_11' title="bbox 459 893 2040 964">
    <p class='ocr_par' dir='ltr' id='par_1_11' title="bbox 459 893 2040 964">
     <span class='ocr_line' id='line_1_11' title="bbox 459 893 2040 964; baseline -0.003 -14"><span class='ocrx_word' id='word_1_55' title='bbox 459 897 823 962; x_wconf 88' lang='lat' dir='ltr'><strong>constitutus,</strong></span> <span class='ocrx_word' id='word_1_56' title='bbox 868 910 977 950; x_wconf 80' lang='lat' dir='ltr'><strong>non</strong></span> <span class='ocrx_word' id='word_1_57' title='bbox 1032 894 1125 964; x_wconf 90' lang='lat' dir='ltr'><strong>qui</strong></span> <span class='ocrx_word' id='word_1_58' title='bbox 1170 896 1226 948; x_wconf 92' lang='lat' dir='ltr'><strong>in</strong></span> <span class='ocrx_word' id='word_1_59' title='bbox 1281 894 1514 947; x_wconf 90' lang='lat' dir='ltr'><strong>militum</strong></span> <span class='ocrx_word' id='word_1_60' title='bbox 1573 893 1860 947; x_wconf 85' lang='lat' dir='ltr'><strong>ordinibus</strong></span> <span class='ocrx_word' id='word_1_61' title='bbox 1915 893 2040 946; x_wconf 85' lang='lat' dir='ltr'><strong>illu-</strong></span> 
     </span>
    </p>
   </div>
   <div class='ocr_carea' id='block_1_12' title="bbox 460 983 2040 1056">
    <p class='ocr_par' dir='ltr' id='par_1_12' title="bbox 460 983 2040 1056">
     <span class='ocr_line' id='line_1_12' title="bbox 460 983 2040 1056; baseline -0.003 -11"><span class='ocrx_word' id='word_1_62' title='bbox 460 990 612 1052; x_wconf 88' lang='lat' dir='ltr'><strong>stris,</strong></span> <span class='ocrx_word' id='word_1_63' title='bbox 661 1004 772 1042; x_wconf 90' lang='lat' dir='ltr'><strong>non</strong></span> <span class='ocrx_word' id='word_1_64' title='bbox 813 988 1049 1056; x_wconf 87' lang='lat' dir='ltr'><strong>operarii</strong></span> <span class='ocrx_word' id='word_1_65' title='bbox 1086 994 1141 1042; x_wconf 85' lang='lat' dir='ltr'><strong>et</strong></span> <span class='ocrx_word' id='word_1_66' title='bbox 1186 985 1450 1041; x_wconf 83' lang='lat' dir='ltr'><strong>artifices.</strong></span> <span class='ocrx_word' id='word_1_67' title='bbox 1501 983 1643 1051; x_wconf 90' lang='lat' dir='ltr'><strong>Quin</strong></span> <span class='ocrx_word' id='word_1_68' title='bbox 1685 994 1740 1039; x_wconf 88' lang='lat' dir='ltr'><strong>et</strong></span> <span class='ocrx_word' id='word_1_69' title='bbox 1778 984 2040 1040; x_wconf 79' lang='lat' dir='ltr'><strong>mulieres</strong></span> 
     </span>
    </p>
   </div>
   <div class='ocr_carea' id='block_1_13' title="bbox 459 1077 2041 1145">
    <p class='ocr_par' dir='ltr' id='par_1_13' title="bbox 459 1077 2041 1145">
     <span class='ocr_line' id='line_1_13' title="bbox 459 1077 2041 1145; baseline -0.002 -11"><span class='ocrx_word' id='word_1_70' title='bbox 459 1080 749 1134; x_wconf 83' lang='lat' dir='ltr'><strong>certamini</strong></span> <span class='ocrx_word' id='word_1_71' title='bbox 789 1078 1057 1134; x_wconf 84' lang='lat' dir='ltr'><strong>interesse</strong></span> <span class='ocrx_word' id='word_1_72' title='bbox 1104 1078 1460 1133; x_wconf 81' lang='lat' dir='ltr'><strong>festinabant.</strong></span> <span class='ocrx_word' id='word_1_73' title='bbox 1518 1077 1807 1145; x_wconf 87' lang='lat' dir='ltr'><strong>Quodnam</strong></span> <span class='ocrx_word' id='word_1_74' title='bbox 1858 1086 2041 1131; x_wconf 87' lang='lat' dir='ltr'><strong>autem</strong></span> 
     </span>
    </p>
   </div>
   <div class='ocr_carea' id='block_1_14' title="bbox 460 1170 2043 1242">
    <p class='ocr_par' dir='ltr' id='par_1_14' title="bbox 460 1170 2043 1242">
     <span class='ocr_line' id='line_1_14' title="bbox 460 1170 2043 1242; baseline -0.002 -17"><span class='ocrx_word' id='word_1_75' title='bbox 460 1179 737 1230; x_wconf 80' lang='lat' dir='ltr'><strong>certamen</strong></span> <span class='ocrx_word' id='word_1_76' title='bbox 766 1172 923 1226; x_wconf 86' lang='lat' dir='ltr'><strong>erat?</strong></span> <span class='ocrx_word' id='word_1_77' title='bbox 950 1186 1073 1242; x_wconf 64' lang='lat' dir='ltr'><strong>qua:</strong></span> <span class='ocrx_word' id='word_1_78' title='bbox 1112 1170 1292 1226; x_wconf 86' lang='lat' dir='ltr'><strong>oratio</strong></span> <span class='ocrx_word' id='word_1_79' title='bbox 1322 1186 1541 1226; x_wconf 89' lang='lat' dir='ltr'><strong>omnem</strong></span> <span class='ocrx_word' id='word_1_80' title='bbox 1575 1170 1762 1242; x_wconf 86' lang='lat' dir='ltr'><strong>populi</strong></span> <span class='ocrx_word' id='word_1_81' title='bbox 1802 1185 2043 1225; x_wconf 87' lang='lat' dir='ltr'><strong>conven-</strong></span> 
     </span>
    </p>
   </div>
   <div class='ocr_carea' id='block_1_15' title="bbox 463 1261 2040 1333">
    <p class='ocr_par' dir='ltr' id='par_1_15' title="bbox 463 1261 2040 1333">
     <span class='ocr_line' id='line_1_15' title="bbox 463 1261 2040 1333; baseline -0.001 -18"><span class='ocrx_word' id='word_1_82' title='bbox 463 1271 579 1318; x_wconf 92' lang='lat' dir='ltr'><strong>tum</strong></span> <span class='ocrx_word' id='word_1_83' title='bbox 637 1263 939 1333; x_wconf 77' lang='lat' dir='ltr'><strong>colligens?</strong></span> <span class='ocrx_word' id='word_1_84' title='bbox 1003 1261 1375 1317; x_wconf 84' lang='lat' dir='ltr'><strong>Narraverunt</strong></span> <span class='ocrx_word' id='word_1_85' title='bbox 1424 1262 1700 1316; x_wconf 87' lang='lat' dir='ltr'><strong>hominem</strong></span> <span class='ocrx_word' id='word_1_86' title='bbox 1760 1276 2040 1316; x_wconf 91' lang='lat' dir='ltr'><strong>morosum</strong></span> 
     </span>
    </p>
   </div>
   <div class='ocr_carea' id='block_1_16' title="bbox 462 1353 2041 1426">
    <p class='ocr_par' dir='ltr' id='par_1_16' title="bbox 462 1353 2041 1426">
     <span class='ocr_line' id='line_1_16' title="bbox 462 1353 2041 1426; baseline -0.001 -16"><span class='ocrx_word' id='word_1_87' title='bbox 462 1355 715 1411; x_wconf 89' lang='lat' dir='ltr'><strong>oratione</strong></span> <span class='ocrx_word' id='word_1_88' title='bbox 755 1355 1094 1425; x_wconf 88' lang='lat' dir='ltr'><strong>descriptum</strong></span> <span class='ocrx_word' id='word_1_89' title='bbox 1145 1363 1201 1409; x_wconf 89' lang='lat' dir='ltr'><strong>et</strong></span> <span class='ocrx_word' id='word_1_90' title='bbox 1258 1369 1581 1426; x_wconf 82' lang='lat' dir='ltr'><strong>expressum</strong></span> <span class='ocrx_word' id='word_1_91' title='bbox 1629 1353 1823 1409; x_wconf 91' lang='lat' dir='ltr'><strong>fuisse.</strong></span> <span class='ocrx_word' id='word_1_92' title='bbox 1865 1353 2041 1420; x_wconf 90' lang='lat' dir='ltr'><strong>Quam</strong></span> 
     </span>
    </p>
   </div>
   <div class='ocr_carea' id='block_1_17' title="bbox 462 1446 2044 1517">
    <p class='ocr_par' dir='ltr' id='par_1_17' title="bbox 462 1446 2044 1517">
     <span class='ocr_line' id='line_1_17' title="bbox 462 1446 2044 1517; baseline -0.002 -16"><span class='ocrx_word' id='word_1_93' title='bbox 462 1447 767 1502; x_wconf 90' lang='lat' dir='ltr'><strong>orationem</strong></span> <span class='ocrx_word' id='word_1_94' title='bbox 799 1448 934 1502; x_wconf 89' lang='lat' dir='ltr'><strong>adeo</strong></span> <span class='ocrx_word' id='word_1_95' title='bbox 968 1447 1142 1502; x_wconf 85' lang='lat' dir='ltr'><strong>visam</strong></span> <span class='ocrx_word' id='word_1_96' title='bbox 1180 1446 1559 1501; x_wconf 86' lang='lat' dir='ltr'><strong>admirabilem</strong></span> <span class='ocrx_word' id='word_1_97' title='bbox 1602 1446 1820 1501; x_wconf 86' lang='lat' dir='ltr'><strong>mittere</strong></span> <span class='ocrx_word' id='word_1_98' title='bbox 1848 1462 1918 1501; x_wconf 90' lang='lat' dir='ltr'><strong>ne</strong></span> <span class='ocrx_word' id='word_1_99' title='bbox 1963 1447 2044 1517; x_wconf 81' lang='lat' dir='ltr'><strong>pi-</strong></span> 
     </span>
    </p>
   </div>
   <div class='ocr_carea' id='block_1_18' title="bbox 462 1537 2039 1610">
    <p class='ocr_par' dir='ltr' id='par_1_18' title="bbox 462 1537 2039 1610">
     <span class='ocr_line' id='line_1_18' title="bbox 462 1537 2039 1610; baseline 0.001 -18"><span class='ocrx_word' id='word_1_100' title='bbox 462 1540 660 1610; x_wconf 80' lang='lat' dir='ltr'><strong>greris,</strong></span> <span class='ocrx_word' id='word_1_101' title='bbox 705 1547 763 1593; x_wconf 87' lang='lat' dir='ltr'><strong>ut</strong></span> <span class='ocrx_word' id='word_1_102' title='bbox 807 1548 860 1594; x_wconf 91' lang='lat' dir='ltr'><strong>et</strong></span> <span class='ocrx_word' id='word_1_103' title='bbox 887 1554 990 1609; x_wconf 79' lang='lat' dir='ltr'><strong>ego</strong></span> <span class='ocrx_word' id='word_1_104' title='bbox 1021 1554 1339 1594; x_wconf 88' lang='lat' dir='ltr'><strong>sermonum</strong></span> <span class='ocrx_word' id='word_1_105' title='bbox 1374 1547 1593 1592; x_wconf 86' lang='lat' dir='ltr'><strong>tuorum</strong></span> <span class='ocrx_word' id='word_1_106' title='bbox 1629 1537 1881 1593; x_wconf 87' lang='lat' dir='ltr'><strong>laudator</strong></span> <span class='ocrx_word' id='word_1_107' title='bbox 1913 1539 2039 1594; x_wconf 90' lang='lat' dir='ltr'><strong>sim.</strong></span> 
     </span>
    </p>
   </div>
   <div class='ocr_carea' id='block_1_19' title="bbox 466 1629 2041 1704">
    <p class='ocr_par' dir='ltr' id='par_1_19' title="bbox 466 1629 2041 1704">
     <span class='ocr_line' id='line_1_19' title="bbox 466 1629 2041 1704; baseline 0 -20"><span class='ocrx_word' id='word_1_108' title='bbox 466 1630 569 1697; x_wconf 85' lang='lat' dir='ltr'><strong>Qui</strong></span> <span class='ocrx_word' id='word_1_109' title='bbox 596 1630 742 1685; x_wconf 90' lang='lat' dir='ltr'><strong>enim</strong></span> <span class='ocrx_word' id='word_1_110' title='bbox 779 1629 944 1684; x_wconf 90' lang='lat' dir='ltr'><strong>laudo</strong></span> <span class='ocrx_word' id='word_1_111' title='bbox 988 1629 1317 1696; x_wconf 86' lang='lat' dir='ltr'><strong>Libanium,</strong></span> <span class='ocrx_word' id='word_1_112' title='bbox 1366 1630 1531 1684; x_wconf 90' lang='lat' dir='ltr'><strong>etiam</strong></span> <span class='ocrx_word' id='word_1_113' title='bbox 1571 1632 1692 1686; x_wconf 70' lang='lat' dir='ltr'><strong>sine</strong></span> <span class='ocrx_word' id='word_1_114' title='bbox 1738 1629 2000 1704; x_wconf 78' lang='lat' dir='ltr'><strong>operibus</strong></span> <span class='ocrx_word' id='word_1_115' title='bbox 2025 1667 2041 1693; x_wconf 90' lang='lat'><strong>,</strong></span> 
     </span>
    </p>
   </div>
   <div class='ocr_carea' id='block_1_20' title="bbox 465 1721 1760 1793">
    <p class='ocr_par' dir='ltr' id='par_1_20' title="bbox 465 1721 1760 1793">
     <span class='ocr_line' id='line_1_20' title="bbox 465 1721 1760 1793; baseline -0.002 -16"><span class='ocrx_word' id='word_1_116' title='bbox 465 1722 645 1793; x_wconf 88' lang='lat' dir='ltr'><strong>qualis</strong></span> <span class='ocrx_word' id='word_1_117' title='bbox 669 1737 785 1788; x_wconf 87' lang='lat' dir='ltr'><strong>ero,</strong></span> <span class='ocrx_word' id='word_1_118' title='bbox 818 1723 1042 1777; x_wconf 87' lang='lat' dir='ltr'><strong>laudum</strong></span> <span class='ocrx_word' id='word_1_119' title='bbox 1075 1723 1308 1793; x_wconf 90' lang='lat' dir='ltr'><strong>adeptus</strong></span> <span class='ocrx_word' id='word_1_120' title='bbox 1331 1721 1760 1793; x_wconf 78' lang='lat' dir='ltr'><strong>argumentum?</strong></span> 
     </span>
    </p>
   </div>
   <div class='ocr_carea' id='block_1_21' title="bbox 915 1873 1591 1930">
    <p class='ocr_par' dir='ltr' id='par_1_21' title="bbox 915 1873 1591 1930">
     <span class='ocr_line' id='line_1_21' title="bbox 915 1873 1591 1930; baseline 0.003 -2"><span class='ocrx_word' id='word_1_121' title='bbox 915 1873 1255 1930; x_wconf 76' lang='lat' dir='ltr'><strong>EPISTULA</strong></span> <span class='ocrx_word' id='word_1_122' title='bbox 1292 1874 1511 1930; x_wconf 88' lang='lat' dir='ltr'><strong>CCCLII</strong></span> <span class='ocrx_word' id='word_1_123' title='bbox 1550 1878 1591 1930; x_wconf 83' lang='grc'>⁶.</span> 
     </span>
    </p>
   </div>
   <div class='ocr_carea' id='block_1_22' title="bbox 2136 426 3743 501">
    <p class='ocr_par' dir='ltr' id='par_1_22' title="bbox 2136 426 3743 501">
     <span class='ocr_line' id='line_1_22' title="bbox 2136 426 3743 501; baseline -0.003 -18"><span class='ocrx_word' id='word_1_124' title='bbox 2136 426 2202 501; x_wconf 78' lang='grc' dir='ltr'>ἦν</span> <span class='ocrx_word' id='word_1_125' title='bbox 2221 472 2236 495; x_wconf 86' lang='grc'><em>,</em></span> <span class='ocrx_word' id='word_1_126' title='bbox 2276 429 2352 493; x_wconf 85' lang='grc' dir='ltr'><strong>ὡς</strong></span> <span class='ocrx_word' id='word_1_127' title='bbox 2379 429 2648 499; x_wconf 81' lang='grc' dir='ltr'><strong>ἔφασκον,</strong></span> <span class='ocrx_word' id='word_1_128' title='bbox 2687 428 2942 500; x_wconf 81' lang='grc' dir='ltr'>μέγιστος</span> <span class='ocrx_word' id='word_1_129' title='bbox 2961 469 2976 493; x_wconf 86' lang='grc'><em>,</em></span> <span class='ocrx_word' id='word_1_130' title='bbox 3008 429 3085 492; x_wconf 86' lang='grc' dir='ltr'>ὡς</span> <span class='ocrx_word' id='word_1_131' title='bbox 3109 429 3319 491; x_wconf 81' lang='grc' dir='ltr'><strong>πάντας</strong></span> <span class='ocrx_word' id='word_1_132' title='bbox 3353 427 3455 497; x_wconf 77' lang='grc' dir='ltr'><strong>μὲν</strong></span> <span class='ocrx_word' id='word_1_133' title='bbox 3501 426 3743 494; x_wconf 78' lang='grc' dir='ltr'>συνδρα-</span> 
     </span>
    </p>
   </div>
   <div class='ocr_carea' id='block_1_23' title="bbox 2141 516 3741 593">
    <p class='ocr_par' dir='ltr' id='par_1_23' title="bbox 2141 516 3741 593">
     <span class='ocr_line' id='line_1_23' title="bbox 2141 516 3741 593; baseline -0.001 -20"><span class='ocrx_word' id='word_1_134' title='bbox 2141 524 2261 593; x_wconf 89' lang='grc' dir='ltr'>μεῖν</span> <span class='ocrx_word' id='word_1_135' title='bbox 2308 521 2405 574; x_wconf 73' lang='grc' dir='ltr'>καὶ</span> <span class='ocrx_word' id='word_1_136' title='bbox 2452 521 2658 591; x_wconf 84' lang='grc' dir='ltr'>μηδένα</span> <span class='ocrx_word' id='word_1_137' title='bbox 2701 520 2886 590; x_wconf 74' lang='grc' dir='ltr'>ἓτερον</span> <span class='ocrx_word' id='word_1_138' title='bbox 2942 524 3000 575; x_wconf 79' lang='grc' dir='ltr'>ἐν</span> <span class='ocrx_word' id='word_1_139' title='bbox 3053 523 3119 591; x_wconf 81' lang='grc' dir='ltr'>τῇ</span> <span class='ocrx_word' id='word_1_140' title='bbox 3162 520 3313 573; x_wconf 75' lang='grc' dir='ltr'>πόλει</span> <span class='ocrx_word' id='word_1_141' title='bbox 3364 518 3663 589; x_wconf 74' lang='grc' dir='ltr'>φανῆναι,</span> <span class='ocrx_word' id='word_1_142' title='bbox 3708 516 3741 587; x_wconf 80' lang='grc' dir='ltr'><strong>ἦ</strong></span> 
     </span>
    </p>
   </div>
   <div class='ocr_carea' id='block_1_24' title="bbox 2141 609 3744 686">
    <p class='ocr_par' dir='ltr' id='par_1_24' title="bbox 2141 609 3744 686">
     <span class='ocr_line' id='line_1_24' title="bbox 2141 609 3744 686; baseline -0.004 -19"><span class='ocrx_word' id='word_1_143' title='bbox 2141 616 2301 686; x_wconf 89' lang='grc' dir='ltr'>μόνον</span> <span class='ocrx_word' id='word_1_144' title='bbox 2347 614 2601 667; x_wconf 80' lang='grc' dir='ltr'>Λιϐάνιον</span> <span class='ocrx_word' id='word_1_145' title='bbox 2653 613 3095 684; x_wconf 78' lang='grc' dir='ltr'><strong>ἀγωνιζόμενον,</strong></span> <span class='ocrx_word' id='word_1_146' title='bbox 3134 613 3232 666; x_wconf 75' lang='grc' dir='ltr'>ικαὶ</span> <span class='ocrx_word' id='word_1_147' title='bbox 3271 614 3454 666; x_wconf 79' lang='grc' dir='ltr'>πᾶσαν</span> <span class='ocrx_word' id='word_1_148' title='bbox 3501 609 3744 678; x_wconf 81' lang='grc' dir='ltr'>ἠλικίαν</span> 
     </span>
    </p>
   </div>
   <div class='ocr_carea' id='block_1_25' title="bbox 2137 701 3743 780">
    <p class='ocr_par' dir='ltr' id='par_1_25' title="bbox 2137 701 3743 780">
     <span class='ocr_line' id='line_1_25' title="bbox 2137 701 3743 780; baseline -0.006 -18"><span class='ocrx_word' id='word_1_149' title='bbox 2137 708 2518 780; x_wconf 84' lang='grc' dir='ltr'>ἀκροωμένην.</span> <span class='ocrx_word' id='word_1_150' title='bbox 2570 708 2644 760; x_wconf 74' lang='grc' dir='ltr'><strong>Οὐ</strong></span> <span class='ocrx_word' id='word_1_151' title='bbox 2693 707 2804 778; x_wconf 84' lang='grc' dir='ltr'><strong>γὰρ</strong></span> <span class='ocrx_word' id='word_1_152' title='bbox 2851 707 3005 777; x_wconf 68' lang='grc' dir='ltr'>ἠξίου</span> <span class='ocrx_word' id='word_1_153' title='bbox 3060 723 3143 770; x_wconf 86' lang='grc' dir='ltr'><strong>τις</strong></span> <span class='ocrx_word' id='word_1_154' title='bbox 3191 705 3296 772; x_wconf 74' lang='grc' dir='ltr'>ἔξω</span> <span class='ocrx_word' id='word_1_155' title='bbox 3338 706 3449 757; x_wconf 83' lang='grc' dir='ltr'><strong>τῶν</strong></span> <span class='ocrx_word' id='word_1_156' title='bbox 3494 701 3743 772; x_wconf 79' lang='grc' dir='ltr'><strong>ἀγώνων</strong></span> 
     </span>
    </p>
   </div>
   <div class='ocr_carea' id='block_1_26' title="bbox 2138 795 3746 871">
    <p class='ocr_par' dir='ltr' id='par_1_26' title="bbox 2138 795 3746 871">
     <span class='ocr_line' id='line_1_26' title="bbox 2138 795 3746 871; baseline -0.006 -16"><span class='ocrx_word' id='word_1_157' title='bbox 2138 801 2426 871; x_wconf 86' lang='grc' dir='ltr'>γενέσθαι,</span> <span class='ocrx_word' id='word_1_158' title='bbox 2465 800 2566 854; x_wconf 79' lang='grc' dir='ltr'>οὐκ</span> <span class='ocrx_word' id='word_1_159' title='bbox 2621 797 2930 871; x_wconf 79' lang='grc' dir='ltr'>ἀξιώματος</span> <span class='ocrx_word' id='word_1_160' title='bbox 2988 799 3138 869; x_wconf 78' lang='grc' dir='ltr'>ὄγκῳ</span> <span class='ocrx_word' id='word_1_161' title='bbox 3194 795 3400 863; x_wconf 86' lang='grc' dir='ltr'>συνὼν,</span> <span class='ocrx_word' id='word_1_162' title='bbox 3441 797 3501 849; x_wconf 82' lang='grc' dir='ltr'>οὐ</span> <span class='ocrx_word' id='word_1_163' title='bbox 3573 811 3746 865; x_wconf 76' lang='grc' dir='ltr'>στρα-</span> 
     </span>
    </p>
   </div>
   <div class='ocr_carea' id='block_1_27' title="bbox 2138 886 3746 963">
    <p class='ocr_par' dir='ltr' id='par_1_27' title="bbox 2138 886 3746 963">
     <span class='ocr_line' id='line_1_27' title="bbox 2138 886 3746 963; baseline -0.006 -17"><span class='ocrx_word' id='word_1_164' title='bbox 2138 896 2413 955; x_wconf 88' lang='grc' dir='ltr'>τιωτικοῖς</span> <span class='ocrx_word' id='word_1_165' title='bbox 2445 891 2765 962; x_wconf 86' lang='grc' dir='ltr'>καταλόγοις</span> <span class='ocrx_word' id='word_1_166' title='bbox 2810 891 3113 963; x_wconf 81' lang='grc' dir='ltr'>ἐμπρέπων</span> <span class='ocrx_word' id='word_1_167' title='bbox 3134 930 3151 958; x_wconf 86' lang='grc'><strong><em>,</em></strong></span> <span class='ocrx_word' id='word_1_168' title='bbox 3206 892 3265 945; x_wconf 83' lang='grc' dir='ltr'><strong>οὐ</strong></span> <span class='ocrx_word' id='word_1_169' title='bbox 3315 887 3624 961; x_wconf 76' lang='grc' dir='ltr'><strong>βαναύσοις</strong></span> <span class='ocrx_word' id='word_1_170' title='bbox 3666 886 3746 937; x_wconf 77' lang='grc' dir='ltr'><strong>τέ·</strong></span> 
     </span>
    </p>
   </div>
   <div class='ocr_carea' id='block_1_28' title="bbox 2140 978 3745 1055">
    <p class='ocr_par' dir='ltr' id='par_1_28' title="bbox 2140 978 3745 1055">
     <span class='ocr_line' id='line_1_28' title="bbox 2140 978 3745 1055; baseline -0.016 -3"><span class='ocrx_word' id='word_1_171' title='bbox 2140 1001 2293 1055; x_wconf 85' lang='grc' dir='ltr'>χναις</span> <span class='ocrx_word' id='word_1_172' title='bbox 2344 983 2639 1054; x_wconf 76' lang='grc' dir='ltr'>σχολάζων.</span> <span class='ocrx_word' id='word_1_173' title='bbox 2699 982 2838 1053; x_wconf 78' lang='grc' dir='ltr'><strong>Ἤδη</strong></span> <span class='ocrx_word' id='word_1_174' title='bbox 2896 982 2953 1035; x_wconf 80' lang='grc' dir='ltr'>δὲ</span> <span class='ocrx_word' id='word_1_175' title='bbox 3009 983 3104 1036; x_wconf 77' lang='grc' dir='ltr'>καὶ</span> <span class='ocrx_word' id='word_1_176' title='bbox 3154 984 3411 1051; x_wconf 84' lang='grc' dir='ltr'>γυναῖκες</span> <span class='ocrx_word' id='word_1_177' title='bbox 3466 978 3745 1050; x_wconf 80' lang='grc' dir='ltr'>παρεῖναι</span> 
     </span>
    </p>
   </div>
   <div class='ocr_carea' id='block_1_29' title="bbox 2142 1068 3747 1148">
    <p class='ocr_par' dir='ltr' id='par_1_29' title="bbox 2142 1068 3747 1148">
     <span class='ocr_line' id='line_1_29' title="bbox 2142 1068 3747 1148; baseline -0.006 -17"><span class='ocrx_word' id='word_1_178' title='bbox 2142 1078 2539 1148; x_wconf 82' lang='grc' dir='ltr'>κατηπείγοντο</span> <span class='ocrx_word' id='word_1_179' title='bbox 2588 1078 2702 1139; x_wconf 87' lang='grc' dir='ltr'>τοῖς</span> <span class='ocrx_word' id='word_1_180' title='bbox 2750 1075 2949 1144; x_wconf 82' lang='grc' dir='ltr'>ἀγῶσι.</span> <span class='ocrx_word' id='word_1_181' title='bbox 2997 1075 3093 1139; x_wconf 89' lang='grc' dir='ltr'><strong>Τίς</strong></span> <span class='ocrx_word' id='word_1_182' title='bbox 3133 1075 3192 1129; x_wconf 77' lang='grc' dir='ltr'>δὲ</span> <span class='ocrx_word' id='word_1_183' title='bbox 3242 1077 3271 1128; x_wconf 89' lang='grc' dir='ltr'>ὁ</span> <span class='ocrx_word' id='word_1_184' title='bbox 3310 1071 3501 1142; x_wconf 80' lang='grc' dir='ltr'>ἀγών;</span> <span class='ocrx_word' id='word_1_185' title='bbox 3560 1071 3658 1133; x_wconf 84' lang='grc' dir='ltr'><strong>τίς</strong></span> <span class='ocrx_word' id='word_1_186' title='bbox 3690 1068 3747 1121; x_wconf 79' lang='grc' dir='ltr'>δὲ</span> 
     </span>
    </p>
   </div>
   <div class='ocr_carea' id='block_1_30' title="bbox 2141 1165 3744 1239">
    <p class='ocr_par' dir='ltr' id='par_1_30' title="bbox 2141 1165 3744 1239">
     <span class='ocr_line' id='line_1_30' title="bbox 2141 1165 3744 1239; baseline -0.006 -17"><span class='ocrx_word' id='word_1_187' title='bbox 2141 1172 2170 1223; x_wconf 86' lang='grc' dir='ltr'>ὁ</span> <span class='ocrx_word' id='word_1_188' title='bbox 2220 1169 2412 1238; x_wconf 83' lang='grc' dir='ltr'>λόγος,</span> <span class='ocrx_word' id='word_1_189' title='bbox 2458 1169 2487 1222; x_wconf 89' lang='grc' dir='ltr'>ό</span> <span class='ocrx_word' id='word_1_190' title='bbox 2542 1168 2642 1239; x_wconf 82' lang='grc' dir='ltr'><strong>τὴν</strong></span> <span class='ocrx_word' id='word_1_191' title='bbox 2689 1167 2970 1239; x_wconf 84' lang='grc' dir='ltr'>πάνδημον</span> <span class='ocrx_word' id='word_1_192' title='bbox 3011 1166 3340 1236; x_wconf 78' lang='grc' dir='ltr'><strong>συναγείρας</strong></span> <span class='ocrx_word' id='word_1_193' title='bbox 3368 1165 3744 1232; x_wconf 82' lang='grc' dir='ltr'>πανήγυριν;</span> 
     </span>
    </p>
   </div>
   <div class='ocr_carea' id='block_1_31' title="bbox 2143 1254 3749 1332">
    <p class='ocr_par' dir='ltr' id='par_1_31' title="bbox 2143 1254 3749 1332">
     <span class='ocr_line' id='line_1_31' title="bbox 2143 1254 3749 1332; baseline -0.006 -18"><span class='ocrx_word' id='word_1_194' title='bbox 2143 1261 2248 1315; x_wconf 82' lang='grc' dir='ltr'>Καὶ</span> <span class='ocrx_word' id='word_1_195' title='bbox 2278 1264 2340 1332; x_wconf 82' lang='grc' dir='ltr'>δή</span> <span class='ocrx_word' id='word_1_196' title='bbox 2400 1277 2491 1332; x_wconf 89' lang='grc' dir='ltr'><strong>μοι</strong></span> <span class='ocrx_word' id='word_1_197' title='bbox 2540 1258 2801 1332; x_wconf 78' lang='grc' dir='ltr'>ἤγγειλαν</span> <span class='ocrx_word' id='word_1_198' title='bbox 2855 1257 3115 1312; x_wconf 75' lang='grc' dir='ltr'><strong>δυσκόλου</strong></span> <span class='ocrx_word' id='word_1_199' title='bbox 3163 1259 3363 1330; x_wconf 81' lang='grc' dir='ltr'>τρόπον</span> <span class='ocrx_word' id='word_1_200' title='bbox 3407 1256 3617 1327; x_wconf 68' lang='grc' dir='ltr'>ἀνδρὸς</span> <span class='ocrx_word' id='word_1_201' title='bbox 3653 1254 3749 1306; x_wconf 70' lang='grc' dir='ltr'>τὸν</span> 
     </span>
    </p>
   </div>
   <div class='ocr_carea' id='block_1_32' title="bbox 2142 1348 3749 1425">
    <p class='ocr_par' dir='ltr' id='par_1_32' title="bbox 2142 1348 3749 1425">
     <span class='ocr_line' id='line_1_32' title="bbox 2142 1348 3749 1425; baseline -0.007 -17"><span class='ocrx_word' id='word_1_202' title='bbox 2142 1355 2299 1425; x_wconf 89' lang='grc' dir='ltr'>λόγον</span> <span class='ocrx_word' id='word_1_203' title='bbox 2330 1354 2713 1425; x_wconf 81' lang='grc' dir='ltr'><strong>ἐνστήσασθαι.</strong></span> <span class='ocrx_word' id='word_1_204' title='bbox 2753 1355 2851 1406; x_wconf 90' lang='grc' dir='ltr'>Ὃν</span> <span class='ocrx_word' id='word_1_205' title='bbox 2882 1351 3026 1406; x_wconf 76' lang='grc' dir='ltr'>οὕτω</span> <span class='ocrx_word' id='word_1_206' title='bbox 3060 1349 3462 1422; x_wconf 82' lang='grc' dir='ltr'><strong>θαυμασθέντα,</strong></span> <span class='ocrx_word' id='word_1_207' title='bbox 3495 1348 3580 1418; x_wconf 82' lang='grc' dir='ltr'>μὴ</span> <span class='ocrx_word' id='word_1_208' title='bbox 3616 1363 3749 1399; x_wconf 83' lang='grc' dir='ltr'>κατ.</span> 
     </span>
    </p>
   </div>
   <div class='ocr_carea' id='block_1_33' title="bbox 2141 1440 3749 1518">
    <p class='ocr_par' dir='ltr' id='par_1_33' title="bbox 2141 1440 3749 1518">
     <span class='ocr_line' id='line_1_33' title="bbox 2141 1440 3749 1518; baseline -0.005 -17"><span class='ocrx_word' id='word_1_209' title='bbox 2141 1449 2289 1501; x_wconf 87' lang='grc' dir='ltr'>όκνει</span> <span class='ocrx_word' id='word_1_210' title='bbox 2338 1465 2427 1518; x_wconf 91' lang='grc' dir='ltr'><strong>μοι</strong></span> <span class='ocrx_word' id='word_1_211' title='bbox 2475 1447 2689 1518; x_wconf 67' lang='grc' dir='ltr'>πέμψαι</span> <span class='ocrx_word' id='word_1_212' title='bbox 2714 1487 2729 1513; x_wconf 91' lang='grc'><strong>,</strong></span> <span class='ocrx_word' id='word_1_213' title='bbox 2771 1446 2862 1499; x_wconf 81' lang='grc' dir='ltr'>ἵνα</span> <span class='ocrx_word' id='word_1_214' title='bbox 2893 1444 3051 1515; x_wconf 85' lang='grc' dir='ltr'><strong>κάγὼ</strong></span> <span class='ocrx_word' id='word_1_215' title='bbox 3088 1444 3199 1499; x_wconf 84' lang='grc' dir='ltr'>τῶν</span> <span class='ocrx_word' id='word_1_216' title='bbox 3229 1442 3402 1512; x_wconf 89' lang='grc' dir='ltr'>λόγων</span> <span class='ocrx_word' id='word_1_217' title='bbox 3433 1440 3749 1509; x_wconf 73' lang='grc' dir='ltr'>ἐπαινέτης</span> 
     </span>
    </p>
   </div>
   <div class='ocr_carea' id='block_1_34' title="bbox 2143 1531 3749 1609">
    <p class='ocr_par' dir='ltr' id='par_1_34' title="bbox 2143 1531 3749 1609">
     <span class='ocr_line' id='line_1_34' title="bbox 2143 1531 3749 1609; baseline -0.004 -19"><span class='ocrx_word' id='word_1_218' title='bbox 2143 1538 2261 1609; x_wconf 78' lang='grc' dir='ltr'>εἵην</span> <span class='ocrx_word' id='word_1_219' title='bbox 2294 1538 2402 1589; x_wconf 83' lang='grc' dir='ltr'><strong>τῶν</strong></span> <span class='ocrx_word' id='word_1_220' title='bbox 2433 1537 2563 1590; x_wconf 80' lang='grc' dir='ltr'>σῶν.</span> <span class='ocrx_word' id='word_1_221' title='bbox 2620 1536 2680 1588; x_wconf 89' lang='lat'><strong>&#39;0</strong></span> <span class='ocrx_word' id='word_1_222' title='bbox 2731 1533 2843 1607; x_wconf 83' lang='grc' dir='ltr'><strong>γὰρ</strong></span> <span class='ocrx_word' id='word_1_223' title='bbox 2889 1535 3143 1589; x_wconf 78' lang='grc' dir='ltr'>Λιὸἀνιον</span> <span class='ocrx_word' id='word_1_224' title='bbox 3186 1533 3451 1598; x_wconf 78' lang='grc' dir='ltr'>ἐπαινῶν,</span> <span class='ocrx_word' id='word_1_225' title='bbox 3493 1531 3597 1585; x_wconf 71' lang='grc' dir='ltr'><strong>καὶ</strong></span> <span class='ocrx_word' id='word_1_226' title='bbox 3635 1531 3749 1583; x_wconf 70' lang='grc' dir='ltr'>τῶν</span> 
     </span>
    </p>
   </div>
   <div class='ocr_carea' id='block_1_35' title="bbox 2145 1624 3748 1702">
    <p class='ocr_par' dir='ltr' id='par_1_35' title="bbox 2145 1624 3748 1702">
     <span class='ocr_line' id='line_1_35' title="bbox 2145 1624 3748 1702; baseline -0.004 -20"><span class='ocrx_word' id='word_1_227' title='bbox 2145 1630 2321 1702; x_wconf 75' lang='grc' dir='ltr'>ἔργων</span> <span class='ocrx_word' id='word_1_228' title='bbox 2346 1628 2524 1693; x_wconf 80' lang='grc' dir='ltr'>ἐκτὸς,</span> <span class='ocrx_word' id='word_1_229' title='bbox 2552 1629 2636 1693; x_wconf 81' lang='grc' dir='ltr'><strong>τίς</strong></span> <span class='ocrx_word' id='word_1_230' title='bbox 2674 1628 2742 1682; x_wconf 87' lang='grc' dir='ltr'><strong>ἂν</strong></span> <span class='ocrx_word' id='word_1_231' title='bbox 2774 1629 3023 1699; x_wconf 83' lang='grc' dir='ltr'>γένωμαι</span> <span class='ocrx_word' id='word_1_232' title='bbox 3060 1627 3158 1681; x_wconf 87' lang='grc' dir='ltr'><strong>νῦν</strong></span> <span class='ocrx_word' id='word_1_233' title='bbox 3208 1626 3464 1680; x_wconf 85' lang='grc' dir='ltr'>ὑπόθεσιν</span> <span class='ocrx_word' id='word_1_234' title='bbox 3492 1624 3748 1679; x_wconf 78' lang='grc' dir='ltr'>ἐπαίνων</span> 
     </span>
    </p>
   </div>
   <div class='ocr_carea' id='block_1_36' title="bbox 2147 1718 2646 1791">
    <p class='ocr_par' dir='ltr' id='par_1_36' title="bbox 2147 1718 2646 1791">
     <span class='ocr_line' id='line_1_36' title="bbox 2147 1718 2646 1791; baseline 0.004 -19"><span class='ocrx_word' id='word_1_235' title='bbox 2147 1719 2452 1791; x_wconf 78' lang='grc' dir='ltr'>εὑράμενος</span> <span class='ocrx_word' id='word_1_236' title='bbox 2491 1718 2603 1790; x_wconf 76' lang='grc'><strong>(19)</strong></span> <span class='ocrx_word' id='word_1_237' title='bbox 2631 1735 2646 1785; x_wconf 87' lang='grc'><strong>;</strong></span> 
     </span>
    </p>
   </div>
   <div class='ocr_carea' id='block_1_37' title="bbox 2666 1870 3222 1927">
    <p class='ocr_par' dir='ltr' id='par_1_37' title="bbox 2666 1870 3222 1927">
     <span class='ocr_line' id='line_1_37' title="bbox 2666 1870 3222 1927; baseline -0.005 0"><span class='ocrx_word' id='word_1_238' title='bbox 2666 1873 3013 1927; x_wconf 85' lang='grc' dir='ltr'><strong>ΕΠΙΣΤΟΛΗ</strong></span> <span class='ocrx_word' id='word_1_239' title='bbox 3050 1870 3222 1925; x_wconf 85' lang='lat' dir='ltr'><strong>TNB’.</strong></span> 
     </span>
    </p>
   </div>
   <div class='ocr_carea' id='block_1_38' title="bbox 467 1988 3753 2121">
    <p class='ocr_par' dir='ltr' id='par_1_38' title="bbox 467 1988 3753 2121">
     <span class='ocr_line' id='line_1_38' title="bbox 467 1988 3753 2121; baseline -0.002 -75"><span class='ocrx_word' id='word_1_240' title='bbox 467 1995 613 2047; x_wconf 71' lang='lat' dir='ltr'><strong>Mittit</strong></span> <span class='ocrx_word' id='word_1_241' title='bbox 637 1994 857 2047; x_wconf 78' lang='lat' dir='ltr'><strong>Libanius</strong></span> <span class='ocrx_word' id='word_1_242' title='bbox 878 2008 1018 2047; x_wconf 80' lang='lat' dir='ltr'><strong>suam</strong></span> <span class='ocrx_word' id='word_1_243' title='bbox 1037 1997 1112 2046; x_wconf 94' lang='lat' dir='ltr'><strong>De</strong></span> <span class='ocrx_word' id='word_1_244' title='bbox 1134 1997 1334 2046; x_wconf 87' lang='lat' dir='ltr'><strong>homine</strong></span> <span class='ocrx_word' id='word_1_245' title='bbox 1357 2008 1552 2046; x_wconf 90' lang='lat' dir='ltr'><strong>moroso</strong></span> <span class='ocrx_word' id='word_1_246' title='bbox 1574 1993 1858 2056; x_wconf 83' lang='lat' dir='ltr'><strong>orationem,</strong></span> <span class='ocrx_word' id='word_1_247' title='bbox 1881 2008 2024 2059; x_wconf 84' lang='lat' dir='ltr'><strong>seque</strong></span> <span class='ocrx_word' id='word_1_248' title='bbox 2046 1993 2515 2121; x_wconf 40' lang='lat' dir='ltr'><strong>tqemerif‘ggni/icat</strong></span> <span class='ocrx_word' id='word_1_249' title='bbox 2535 2008 2594 2045; x_wconf 85' lang='lat' dir='ltr'><strong>ac</strong></span> <span class='ocrx_word' id='word_1_250' title='bbox 2614 2008 2732 2060; x_wconf 87' lang='lat' dir='ltr'><strong>pene</strong></span> <span class='ocrx_word' id='word_1_251' title='bbox 2752 2001 2907 2046; x_wconf 82' lang='lat' dir='ltr'><strong>mente</strong></span> <span class='ocrx_word' id='word_1_252' title='bbox 2928 1990 3096 2056; x_wconf 66' lang='lat' dir='ltr'><strong>defici,</strong></span> <span class='ocrx_word' id='word_1_253' title='bbox 3119 1993 3238 2043; x_wconf 85' lang='lat' dir='ltr'><strong>dum</strong></span> <span class='ocrx_word' id='word_1_254' title='bbox 3259 1997 3358 2041; x_wconf 85' lang='lat' dir='ltr'><strong>tam</strong></span> <span class='ocrx_word' id='word_1_255' title='bbox 3378 1989 3545 2055; x_wconf 73' lang='lat' dir='ltr'><strong>arguti</strong></span> <span class='ocrx_word' id='word_1_256' title='bbox 3555 1988 3753 2056; x_wconf 71' lang='lat' dir='ltr'><strong>judicia</strong></span> 
     </span>
     <span class='ocr_line' id='line_1_39' title="bbox 1857 2071 2324 2110; baseline -0.006 -2"><span class='ocrx_word' id='word_1_257' title='bbox 1857 2071 2057 2110; x_wconf 85' lang='lat' dir='ltr'><strong>acumen</strong></span> <span class='ocrx_word' id='word_1_258' title='bbox 2097 2071 2201 2107; x_wconf 87' lang='lat' dir='ltr'><strong>orm</strong></span> <span class='ocrx_word' id='word_1_259' title='bbox 2312 2094 2324 2106; x_wconf 93' lang='lat'><strong>.</strong></span> 
     </span>
    </p>
   </div>
   <div class='ocr_carea' id='block_1_39' title="bbox 1857 2071 2324 2110">
    <p class='ocr_par' dir='ltr' id='par_1_39' title="bbox 1857 2071 2324 2110">
     <span class='ocr_line' id='line_1_40' title="bbox 1857 2071 2324 2110; baseline -0.004 -2"><span class='ocrx_word' id='word_1_260' title='bbox 1857 2071 2057 2110; x_wconf 85' lang='lat' dir='ltr'><strong>acumen</strong></span> <span class='ocrx_word' id='word_1_261' title='bbox 2077 2071 2324 2110; x_wconf 85' lang='lat' dir='ltr'><strong>tomuaat.</strong></span> 
     </span>
    </p>
   </div>
   <div class='ocr_carea' id='block_1_40' title="bbox 993 2166 1512 2226">
    <p class='ocr_par' dir='ltr' id='par_1_40' title="bbox 993 2166 1512 2226">
     <span class='ocr_line' id='line_1_41' title="bbox 993 2166 1512 2226; baseline 0.012 -6"><span class='ocrx_word' id='word_1_262' title='bbox 993 2166 1250 2224; x_wconf 75' lang='lat' dir='ltr'><strong>Libanius</strong></span> <span class='ocrx_word' id='word_1_263' title='bbox 1285 2170 1512 2226; x_wconf 74' lang='lat' dir='ltr'><strong>Basilio.</strong></span> 
     </span>
    </p>
   </div>
   <div class='ocr_carea' id='block_1_41' title="bbox 539 2275 2048 2353">
    <p class='ocr_par' dir='ltr' id='par_1_41' title="bbox 539 2275 2048 2353">
     <span class='ocr_line' id='line_1_42' title="bbox 539 2275 2048 2353; baseline 0.005 -20"><span class='ocrx_word' id='word_1_264' title='bbox 539 2275 682 2336; x_wconf 86' lang='lat' dir='ltr'><strong>Ecce</strong></span> <span class='ocrx_word' id='word_1_265' title='bbox 732 2280 860 2336; x_wconf 89' lang='lat' dir='ltr'><strong>misi</strong></span> <span class='ocrx_word' id='word_1_266' title='bbox 913 2281 1016 2336; x_wconf 94' lang='lat' dir='ltr'><strong>tibi</strong></span> <span class='ocrx_word' id='word_1_267' title='bbox 1078 2298 1254 2338; x_wconf 91' lang='lat' dir='ltr'><strong>meam</strong></span> <span class='ocrx_word' id='word_1_268' title='bbox 1300 2286 1632 2353; x_wconf 90' lang='lat' dir='ltr'><strong>orationem,</strong></span> <span class='ocrx_word' id='word_1_269' title='bbox 1696 2287 1899 2342; x_wconf 87' lang='lat' dir='ltr'><strong>sudore</strong></span> <span class='ocrx_word' id='word_1_270' title='bbox 1941 2285 2048 2341; x_wconf 81' lang='lat' dir='ltr'><strong>dii-</strong></span> 
     </span>
    </p>
   </div>
   <div class='ocr_carea' id='block_1_42' title="bbox 466 2373 2047 2450">
    <p class='ocr_par' dir='ltr' id='par_1_42' title="bbox 466 2373 2047 2450">
     <span class='ocr_line' id='line_1_43' title="bbox 466 2373 2047 2450; baseline 0.003 -21"><span class='ocrx_word' id='word_1_271' title='bbox 466 2374 667 2432; x_wconf 84' lang='lat' dir='ltr'><strong>flttens.</strong></span> <span class='ocrx_word' id='word_1_272' title='bbox 721 2373 1006 2441; x_wconf 84' lang='lat' dir='ltr'><strong>Quomodo</strong></span> <span class='ocrx_word' id='word_1_273' title='bbox 1052 2376 1198 2430; x_wconf 83' lang='lat' dir='ltr'><strong>enim</strong></span> <span class='ocrx_word' id='word_1_274' title='bbox 1253 2378 1459 2434; x_wconf 91' lang='lat' dir='ltr'><strong>sudore</strong></span> <span class='ocrx_word' id='word_1_275' title='bbox 1488 2394 1616 2433; x_wconf 90' lang='lat' dir='ltr'><strong>non</strong></span> <span class='ocrx_word' id='word_1_276' title='bbox 1663 2378 2047 2450; x_wconf 83' lang='lat' dir='ltr'><strong>perfunderer.</strong></span> 
     </span>
    </p>
   </div>
   <div class='ocr_carea' id='block_1_43' title="bbox 466 2467 2043 2539">
    <p class='ocr_par' dir='ltr' id='par_1_43' title="bbox 466 2467 2043 2539">
     <span class='ocr_line' id='line_1_44' title="bbox 466 2467 2043 2539; baseline 0 -17"><span class='ocrx_word' id='word_1_277' title='bbox 466 2467 519 2522; x_wconf 87' lang='lat' dir='ltr'><strong>ci</strong></span> <span class='ocrx_word' id='word_1_278' title='bbox 557 2467 678 2522; x_wconf 89' lang='lat' dir='ltr'><strong>viro</strong></span> <span class='ocrx_word' id='word_1_279' title='bbox 701 2467 1009 2521; x_wconf 89' lang='lat' dir='ltr'><strong>orationem</strong></span> <span class='ocrx_word' id='word_1_280' title='bbox 1038 2469 1286 2533; x_wconf 83' lang='lat' dir='ltr'><strong>mittens,</strong></span> <span class='ocrx_word' id='word_1_281' title='bbox 1321 2471 1484 2539; x_wconf 81' lang='lat' dir='ltr'><strong>cujus</strong></span> <span class='ocrx_word' id='word_1_282' title='bbox 1506 2486 1570 2526; x_wconf 90' lang='lat' dir='ltr'><strong>ea</strong></span> <span class='ocrx_word' id='word_1_283' title='bbox 1598 2480 1684 2526; x_wconf 90' lang='lat' dir='ltr'><strong>est</strong></span> <span class='ocrx_word' id='word_1_284' title='bbox 1711 2470 1930 2526; x_wconf 90' lang='lat' dir='ltr'><strong>dicendi</strong></span> <span class='ocrx_word' id='word_1_285' title='bbox 1964 2468 2043 2523; x_wconf 85' lang='lat' dir='ltr'><strong>fa-</strong></span> 
     </span>
    </p>
   </div>
   <div class='ocr_carea' id='block_1_44' title="bbox 467 2557 2057 2630">
    <p class='ocr_par' dir='ltr' id='par_1_44' title="bbox 467 2557 2057 2630">
     <span class='ocr_line' id='line_1_45' title="bbox 467 2557 2057 2630; baseline 0.002 -16"><span class='ocrx_word' id='word_1_286' title='bbox 467 2559 680 2623; x_wconf 83' lang='lat' dir='ltr'><strong>cultas,</strong></span> <span class='ocrx_word' id='word_1_287' title='bbox 743 2566 805 2613; x_wconf 87' lang='lat' dir='ltr'><strong>ut</strong></span> <span class='ocrx_word' id='word_1_288' title='bbox 854 2557 1101 2614; x_wconf 87' lang='lat' dir='ltr'><strong>Platonis</strong></span> <span class='ocrx_word' id='word_1_289' title='bbox 1157 2561 1508 2630; x_wconf 87' lang='lat' dir='ltr'><strong>sapientiam,</strong></span> <span class='ocrx_word' id='word_1_290' title='bbox 1566 2572 1622 2617; x_wconf 90' lang='lat' dir='ltr'><strong>et</strong></span> <span class='ocrx_word' id='word_1_291' title='bbox 1669 2561 2057 2618; x_wconf 87' lang='lat' dir='ltr'><strong>Demosthenis</strong></span> 
     </span>
    </p>
   </div>
   <div class='ocr_carea' id='block_1_45' title="bbox 470 2648 2055 2721">
    <p class='ocr_par' dir='ltr' id='par_1_45' title="bbox 470 2648 2055 2721">
     <span class='ocr_line' id='line_1_46' title="bbox 470 2648 2055 2721; baseline 0.003 -18"><span class='ocrx_word' id='word_1_292' title='bbox 470 2650 868 2708; x_wconf 73' lang='lat' dir='ltr'><strong>vehementiam</strong></span> <span class='ocrx_word' id='word_1_293' title='bbox 933 2648 1145 2705; x_wconf 84' lang='lat' dir='ltr'><strong>frustra</strong></span> <span class='ocrx_word' id='word_1_294' title='bbox 1215 2651 1455 2721; x_wconf 88' lang='lat' dir='ltr'><strong>jactatas</strong></span> <span class='ocrx_word' id='word_1_295' title='bbox 1520 2669 1644 2708; x_wconf 87' lang='lat' dir='ltr'><strong>esse</strong></span> <span class='ocrx_word' id='word_1_296' title='bbox 1721 2654 2055 2708; x_wconf 85' lang='lat' dir='ltr'><strong>convincere</strong></span> 
     </span>
    </p>
   </div>
   <div class='ocr_carea' id='block_1_46' title="bbox 410 2739 2057 2825">
    <p class='ocr_par' dir='ltr' id='par_1_46' title="bbox 410 2739 2057 2825">
     <span class='ocr_line' id='line_1_47' title="bbox 410 2739 2057 2825; baseline 0 -27"><span class='ocrx_word' id='word_1_297' title='bbox 410 2812 419 2825; x_wconf 41' lang='lat'><em>&#39;</em></span> <span class='ocrx_word' id='word_1_298' title='bbox 468 2740 672 2813; x_wconf 78' lang='lat' dir='ltr'><strong>queat?</strong></span> <span class='ocrx_word' id='word_1_299' title='bbox 735 2739 929 2796; x_wconf 90' lang='lat' dir='ltr'><strong>Sermo</strong></span> <span class='ocrx_word' id='word_1_300' title='bbox 986 2748 1169 2798; x_wconf 89' lang='lat' dir='ltr'><strong>autem</strong></span> <span class='ocrx_word' id='word_1_301' title='bbox 1228 2758 1383 2800; x_wconf 90' lang='lat' dir='ltr'><strong>meus</strong></span> <span class='ocrx_word' id='word_1_302' title='bbox 1443 2744 1672 2816; x_wconf 82' lang='lat' dir='ltr'><strong>perinde</strong></span> <span class='ocrx_word' id='word_1_303' title='bbox 1725 2755 1829 2808; x_wconf 86' lang='lat' dir='ltr'><strong>est,</strong></span> <span class='ocrx_word' id='word_1_304' title='bbox 1878 2759 1953 2799; x_wconf 85' lang='lat' dir='ltr'><strong>ac</strong></span> <span class='ocrx_word' id='word_1_305' title='bbox 2007 2744 2057 2799; x_wconf 89' lang='lat' dir='ltr'><strong>si</strong></span> 
     </span>
    </p>
   </div>
   <div class='ocr_carea' id='block_1_47' title="bbox 468 2830 2060 2903">
    <p class='ocr_par' dir='ltr' id='par_1_47' title="bbox 468 2830 2060 2903">
     <span class='ocr_line' id='line_1_48' title="bbox 468 2830 2060 2903; baseline 0 -14"><span class='ocrx_word' id='word_1_306' title='bbox 468 2833 709 2889; x_wconf 89' lang='lat' dir='ltr'><strong>culicem</strong></span> <span class='ocrx_word' id='word_1_307' title='bbox 742 2830 996 2888; x_wconf 88' lang='lat' dir='ltr'><strong>conferas</strong></span> <span class='ocrx_word' id='word_1_308' title='bbox 1021 2833 1317 2903; x_wconf 86' lang='lat' dir='ltr'><strong>elephanti.</strong></span> <span class='ocrx_word' id='word_1_309' title='bbox 1357 2835 1499 2890; x_wconf 85' lang='lat' dir='ltr'><strong>Hinc</strong></span> <span class='ocrx_word' id='word_1_310' title='bbox 1528 2835 1730 2890; x_wconf 90' lang='lat' dir='ltr'><strong>horreo</strong></span> <span class='ocrx_word' id='word_1_311' title='bbox 1760 2850 1825 2889; x_wconf 88' lang='lat' dir='ltr'><strong>ac</strong></span> <span class='ocrx_word' id='word_1_312' title='bbox 1853 2843 2060 2896; x_wconf 84' lang='lat' dir='ltr'><strong>tremo.</strong></span> 
     </span>
    </p>
   </div>
   <div class='ocr_carea' id='block_1_48' title="bbox 470 2923 2057 2998">
    <p class='ocr_par' dir='ltr' id='par_1_48' title="bbox 470 2923 2057 2998">
     <span class='ocr_line' id='line_1_49' title="bbox 470 2923 2057 2998; baseline 0.002 -19"><span class='ocrx_word' id='word_1_313' title='bbox 470 2939 598 2979; x_wconf 77' lang='lat' dir='ltr'><strong>cum</strong></span> <span class='ocrx_word' id='word_1_314' title='bbox 630 2939 754 2980; x_wconf 91' lang='lat' dir='ltr'><strong>eam</strong></span> <span class='ocrx_word' id='word_1_315' title='bbox 785 2923 931 2980; x_wconf 90' lang='lat' dir='ltr'><strong>diem</strong></span> <span class='ocrx_word' id='word_1_316' title='bbox 981 2939 1198 2980; x_wconf 90' lang='lat' dir='ltr'><strong>mecum</strong></span> <span class='ocrx_word' id='word_1_317' title='bbox 1230 2934 1447 2996; x_wconf 89' lang='lat' dir='ltr'><strong>reputo,</strong></span> <span class='ocrx_word' id='word_1_318' title='bbox 1487 2942 1598 2997; x_wconf 91' lang='lat' dir='ltr'><strong>qua</strong></span> <span class='ocrx_word' id='word_1_319' title='bbox 1651 2940 1830 2982; x_wconf 88' lang='lat' dir='ltr'><strong>meam</strong></span> <span class='ocrx_word' id='word_1_320' title='bbox 1878 2928 2057 2998; x_wconf 89' lang='lat' dir='ltr'><strong>inspi-</strong></span> 
     </span>
    </p>
   </div>
   <div class='ocr_carea' id='block_1_49' title="bbox 2622 2169 3264 2237">
    <p class='ocr_par' dir='ltr' id='par_1_49' title="bbox 2622 2169 3264 2237">
     <span class='ocr_line' id='line_1_50' title="bbox 2622 2169 3264 2237; baseline -0.005 -12"><span class='ocrx_word' id='word_1_321' title='bbox 2622 2169 2902 2237; x_wconf 82' lang='grc' dir='ltr'>Λιϐἁνιος</span> <span class='ocrx_word' id='word_1_322' title='bbox 2945 2169 3264 2234; x_wconf 72' lang='grc' dir='ltr'>Βασιλείᾳ).</span> 
     </span>
    </p>
   </div>
   <div class='ocr_carea' id='block_1_50' title="bbox 2236 2277 3756 2356">
    <p class='ocr_par' dir='ltr' id='par_1_50' title="bbox 2236 2277 3756 2356">
     <span class='ocr_line' id='line_1_51' title="bbox 2236 2277 3756 2356; baseline -0.007 -18"><span class='ocrx_word' id='word_1_323' title='bbox 2236 2284 2367 2338; x_wconf 79' lang='grc' dir='ltr'>Ἰδοὺ</span> <span class='ocrx_word' id='word_1_324' title='bbox 2401 2284 2667 2356; x_wconf 83' lang='grc' dir='ltr'>πέπομφα</span> <span class='ocrx_word' id='word_1_325' title='bbox 2712 2284 2804 2337; x_wconf 82' lang='grc' dir='ltr'><strong>τὸν</strong></span> <span class='ocrx_word' id='word_1_326' title='bbox 2850 2281 3034 2351; x_wconf 85' lang='grc' dir='ltr'>λόγον,</span> <span class='ocrx_word' id='word_1_327' title='bbox 3088 2280 3272 2353; x_wconf 80' lang='grc' dir='ltr'>ἱδρῶτι</span> <span class='ocrx_word' id='word_1_328' title='bbox 3295 2277 3756 2351; x_wconf 77' lang='grc' dir='ltr'>περιρῤεόμενος.</span> 
     </span>
    </p>
   </div>
   <div class='ocr_carea' id='block_1_51' title="bbox 2156 2372 3760 2448">
    <p class='ocr_par' dir='ltr' id='par_1_51' title="bbox 2156 2372 3760 2448">
     <span class='ocr_line' id='line_1_52' title="bbox 2156 2372 3760 2448; baseline -0.005 -18"><span class='ocrx_word' id='word_1_329' title='bbox 2156 2376 2280 2442; x_wconf 84' lang='grc' dir='ltr'><strong>Πῶς</strong></span> <span class='ocrx_word' id='word_1_330' title='bbox 2310 2376 2420 2448; x_wconf 82' lang='grc' dir='ltr'>γὰρ</span> <span class='ocrx_word' id='word_1_331' title='bbox 2461 2378 2565 2431; x_wconf 84' lang='grc' dir='ltr'><strong>οὐκ</strong></span> <span class='ocrx_word' id='word_1_332' title='bbox 2615 2375 2864 2447; x_wconf 73' lang='grc' dir='ltr'>ἔμελλον,</span> <span class='ocrx_word' id='word_1_333' title='bbox 2895 2374 3049 2447; x_wconf 74' lang='grc' dir='ltr'>ἀνδρὶ</span> <span class='ocrx_word' id='word_1_334' title='bbox 3080 2374 3308 2445; x_wconf 82' lang='grc' dir='ltr'>τοιούτῳ</span> <span class='ocrx_word' id='word_1_335' title='bbox 3352 2372 3464 2443; x_wconf 74' lang='grc' dir='ltr'><strong>(ΞΟ)</strong></span> <span class='ocrx_word' id='word_1_336' title='bbox 3508 2372 3760 2442; x_wconf 79' lang='grc' dir='ltr'>πέμπων</span> 
     </span>
    </p>
   </div>
   <div class='ocr_carea' id='block_1_52' title="bbox 2155 2461 3762 2538">
    <p class='ocr_par' dir='ltr' id='par_1_52' title="bbox 2155 2461 3762 2538">
     <span class='ocr_line' id='line_1_53' title="bbox 2155 2461 3762 2538; baseline -0.006 -16"><span class='ocrx_word' id='word_1_337' title='bbox 2155 2469 2247 2522; x_wconf 81' lang='grc' dir='ltr'><strong>τὸν</strong></span> <span class='ocrx_word' id='word_1_338' title='bbox 2272 2468 2449 2537; x_wconf 81' lang='grc' dir='ltr'>λόγον,</span> <span class='ocrx_word' id='word_1_339' title='bbox 2488 2468 2549 2532; x_wconf 84' lang='grc' dir='ltr'>ὃς</span> <span class='ocrx_word' id='word_1_340' title='bbox 2581 2467 2766 2532; x_wconf 87' lang='grc' dir='ltr'>ἱκανός</span> <span class='ocrx_word' id='word_1_341' title='bbox 2801 2468 2920 2521; x_wconf 81' lang='grc' dir='ltr'>ἐστι</span> <span class='ocrx_word' id='word_1_342' title='bbox 2966 2466 3063 2538; x_wconf 80' lang='grc' dir='ltr'>τὴν</span> <span class='ocrx_word' id='word_1_343' title='bbox 3096 2466 3385 2528; x_wconf 85' lang='grc' dir='ltr'>Πλάτωνος</span> <span class='ocrx_word' id='word_1_344' title='bbox 3418 2463 3621 2532; x_wconf 79' lang='grc' dir='ltr'>σοφίαν</span> <span class='ocrx_word' id='word_1_345' title='bbox 3662 2461 3762 2516; x_wconf 71' lang='grc' dir='ltr'><strong>καὶ</strong></span> 
     </span>
    </p>
   </div>
   <div class='ocr_carea' id='block_1_53' title="bbox 2157 2554 3761 2633">
    <p class='ocr_par' dir='ltr' id='par_1_53' title="bbox 2157 2554 3761 2633">
     <span class='ocr_line' id='line_1_54' title="bbox 2157 2554 3761 2633; baseline -0.005 -18"><span class='ocrx_word' id='word_1_346' title='bbox 2157 2561 2534 2633; x_wconf 80' lang='grc' dir='ltr'>Δημοσθένους</span> <span class='ocrx_word' id='word_1_347' title='bbox 2555 2561 2835 2632; x_wconf 77' lang='grc' dir='ltr'>δεινότητα</span> <span class='ocrx_word' id='word_1_348' title='bbox 2854 2563 2921 2632; x_wconf 83' lang='grc' dir='ltr'>τῇ</span> <span class='ocrx_word' id='word_1_349' title='bbox 2950 2559 3079 2631; x_wconf 79' lang='grc' dir='ltr'>περὶ</span> <span class='ocrx_word' id='word_1_350' title='bbox 3108 2559 3236 2621; x_wconf 79' lang='grc' dir='ltr'>τοὺς</span> <span class='ocrx_word' id='word_1_351' title='bbox 3259 2558 3450 2626; x_wconf 80' lang='grc' dir='ltr'>λόγους</span> <span class='ocrx_word' id='word_1_352' title='bbox 3476 2554 3761 2627; x_wconf 72' lang='grc' dir='ltr'>εὐμαθείᾳ</span> 
     </span>
    </p>
   </div>
   <div class='ocr_carea' id='block_1_54' title="bbox 2154 2647 3756 2727">
    <p class='ocr_par' dir='ltr' id='par_1_54' title="bbox 2154 2647 3756 2727">
     <span class='ocr_line' id='line_1_55' title="bbox 2154 2647 3756 2727; baseline -0.005 -20"><span class='ocrx_word' id='word_1_353' title='bbox 2154 2653 2324 2721; x_wconf 79' lang='grc' dir='ltr'>δεῖξαι</span> <span class='ocrx_word' id='word_1_354' title='bbox 2359 2652 2764 2727; x_wconf 81' lang='grc' dir='ltr'>θρυλλουμένας</span> <span class='ocrx_word' id='word_1_355' title='bbox 2816 2652 3029 2723; x_wconf 85' lang='grc' dir='ltr'>μάτην;</span> <span class='ocrx_word' id='word_1_356' title='bbox 3082 2651 3156 2704; x_wconf 86' lang='grc' dir='ltr'>Τὸ</span> <span class='ocrx_word' id='word_1_357' title='bbox 3199 2650 3258 2704; x_wconf 83' lang='grc' dir='ltr'>δὲ</span> <span class='ocrx_word' id='word_1_358' title='bbox 3304 2648 3436 2721; x_wconf 80' lang='grc' dir='ltr'>ἐμὸν</span> <span class='ocrx_word' id='word_1_359' title='bbox 3479 2647 3756 2709; x_wconf 81' lang='grc' dir='ltr'>τοιοῦτον,</span> 
     </span>
    </p>
   </div>
   <div class='ocr_carea' id='block_1_55' title="bbox 2157 2740 3756 2816">
    <p class='ocr_par' dir='ltr' id='par_1_55' title="bbox 2157 2740 3756 2816">
     <span class='ocr_line' id='line_1_56' title="bbox 2157 2740 3756 2816; baseline -0.004 -18"><span class='ocrx_word' id='word_1_360' title='bbox 2157 2740 2271 2798; x_wconf 76' lang='grc' dir='ltr'>οἷον</span> <span class='ocrx_word' id='word_1_361' title='bbox 2318 2743 2521 2815; x_wconf 74' lang='grc' dir='ltr'>κώνωψ</span> <span class='ocrx_word' id='word_1_362' title='bbox 2566 2744 2820 2816; x_wconf 81' lang='grc' dir='ltr'>ἐλέφαντι</span> <span class='ocrx_word' id='word_1_363' title='bbox 2872 2742 3377 2816; x_wconf 78' lang='grc' dir='ltr'>παραϐαλλόμενος.</span> <span class='ocrx_word' id='word_1_364' title='bbox 3430 2740 3605 2794; x_wconf 85' lang='grc' dir='ltr'>Ὅθεν</span> <span class='ocrx_word' id='word_1_365' title='bbox 3658 2741 3756 2792; x_wconf 72' lang='grc' dir='ltr'>πέο</span> 
     </span>
    </p>
   </div>
   <div class='ocr_carea' id='block_1_56' title="bbox 2160 2831 3756 2907">
    <p class='ocr_par' dir='ltr' id='par_1_56' title="bbox 2160 2831 3756 2907">
     <span class='ocr_line' id='line_1_57' title="bbox 2160 2831 3756 2907; baseline 0.001 -20"><span class='ocrx_word' id='word_1_366' title='bbox 2160 2852 2336 2906; x_wconf 83' lang='grc' dir='ltr'>φρικα</span> <span class='ocrx_word' id='word_1_367' title='bbox 2368 2836 2463 2889; x_wconf 81' lang='grc' dir='ltr'>καὶ</span> <span class='ocrx_word' id='word_1_368' title='bbox 2496 2836 2707 2907; x_wconf 83' lang='grc' dir='ltr'>τρέμω,</span> <span class='ocrx_word' id='word_1_369' title='bbox 2739 2836 2840 2906; x_wconf 80' lang='grc' dir='ltr'>τὴν</span> <span class='ocrx_word' id='word_1_370' title='bbox 2874 2835 3089 2906; x_wconf 77' lang='grc' dir='ltr'>ἡμέραν</span> <span class='ocrx_word' id='word_1_371' title='bbox 3128 2833 3498 2904; x_wconf 78' lang='grc' dir='ltr'><strong>λογιζόμενος,</strong></span> <span class='ocrx_word' id='word_1_372' title='bbox 3530 2831 3660 2885; x_wconf 75' lang='grc' dir='ltr'>καθ’</span> <span class='ocrx_word' id='word_1_373' title='bbox 3691 2832 3756 2898; x_wconf 70' lang='grc' dir='ltr'>ἦν</span> 
     </span>
    </p>
   </div>
   <div class='ocr_carea' id='block_1_57' title="bbox 2157 2923 3753 2999">
    <p class='ocr_par' dir='ltr' id='par_1_57' title="bbox 2157 2923 3753 2999">
     <span class='ocr_line' id='line_1_58' title="bbox 2157 2923 3753 2999; baseline -0.003 -19"><span class='ocrx_word' id='word_1_374' title='bbox 2157 2927 2432 2998; x_wconf 70' lang='grc' dir='ltr'>ἐπισκέψῃ</span> <span class='ocrx_word' id='word_1_375' title='bbox 2463 2928 2590 2992; x_wconf 81' lang='grc' dir='ltr'>τοὺς</span> <span class='ocrx_word' id='word_1_376' title='bbox 2616 2926 2808 2997; x_wconf 77' lang='grc' dir='ltr'><strong>λόγους</strong></span> <span class='ocrx_word' id='word_1_377' title='bbox 2828 2944 2844 2959; x_wconf 74' lang='grc' dir='ltr'><strong>ο</strong></span> <span class='ocrx_word' id='word_1_378' title='bbox 2883 2926 3082 2999; x_wconf 81' lang='grc' dir='ltr'>μικροῦ</span> <span class='ocrx_word' id='word_1_379' title='bbox 3112 2926 3170 2979; x_wconf 85' lang='grc' dir='ltr'>δὲ</span> <span class='ocrx_word' id='word_1_380' title='bbox 3207 2924 3318 2994; x_wconf 65' lang='lat'><strong>(2|)</strong></span> <span class='ocrx_word' id='word_1_381' title='bbox 3346 2925 3441 2979; x_wconf 75' lang='grc' dir='ltr'><strong>καὶ</strong></span> <span class='ocrx_word' id='word_1_382' title='bbox 3468 2923 3586 2977; x_wconf 83' lang='grc' dir='ltr'><strong>τῶν</strong></span> <span class='ocrx_word' id='word_1_383' title='bbox 3624 2940 3753 2994; x_wconf 72' lang='grc' dir='ltr'>φρει</span> 
     </span>
    </p>
   </div>
   <div class='ocr_carea' id='block_1_58' title="bbox 469 3009 2051 3089">
    <p class='ocr_par' dir='ltr' id='par_1_58' title="bbox 469 3013 2051 3089">
     <span class='ocr_line' id='line_1_59' title="bbox 469 3013 2051 3089; baseline 0.001 -19"><span class='ocrx_word' id='word_1_384' title='bbox 469 3013 586 3071; x_wconf 85' lang='lat' dir='ltr'><strong>cies</strong></span> <span class='ocrx_word' id='word_1_385' title='bbox 616 3014 965 3082; x_wconf 89' lang='lat' dir='ltr'><strong>orationem;</strong></span> <span class='ocrx_word' id='word_1_386' title='bbox 996 3015 1111 3071; x_wconf 92' lang='lat' dir='ltr'><strong>imo</strong></span> <span class='ocrx_word' id='word_1_387' title='bbox 1134 3016 1302 3072; x_wconf 90' lang='lat' dir='ltr'><strong>etiam</strong></span> <span class='ocrx_word' id='word_1_388' title='bbox 1330 3015 1445 3072; x_wconf 80' lang='lat' dir='ltr'><strong>fere</strong></span> <span class='ocrx_word' id='word_1_389' title='bbox 1476 3026 1661 3073; x_wconf 88' lang='lat' dir='ltr'><strong>mente</strong></span> <span class='ocrx_word' id='word_1_390' title='bbox 1683 3018 1874 3089; x_wconf 88' lang='lat' dir='ltr'><strong>lapsus</strong></span> <span class='ocrx_word' id='word_1_391' title='bbox 1909 3035 2051 3075; x_wconf 88' lang='lat' dir='ltr'><strong>sum.</strong></span> 
     </span>
    </p>
   </div>
   <div class='ocr_carea' id='block_1_59' title="bbox 2194 3009 2653 3089">
    <p class='ocr_par' dir='ltr' id='par_1_59' title="bbox 2194 3017 2653 3074">
     <span class='ocr_line' id='line_1_60' title="bbox 2194 3017 2653 3074; baseline 0.002 -2"><span class='ocrx_word' id='word_1_392' title='bbox 2194 3017 2264 3074; x_wconf 83' lang='grc' dir='ltr'>ὧν</span> <span class='ocrx_word' id='word_1_393' title='bbox 2300 3018 2653 3074; x_wconf 81' lang='grc' dir='ltr'>ὲκπέπτωκα.</span> 
     </span>
    </p>
   </div>
   <div class='ocr_carea' id='block_1_60' title="bbox 817 3169 1707 3244">
    <p class='ocr_par' dir='ltr' id='par_1_60' title="bbox 817 3169 1707 3244">
     <span class='ocr_line' id='line_1_61' title="bbox 817 3169 1707 3244; baseline 0.006 -19"><span class='ocrx_word' id='word_1_394' title='bbox 817 3170 978 3244; x_wconf 62' lang='grc'><strong>46],</strong></span> <span class='ocrx_word' id='word_1_395' title='bbox 1012 3169 1355 3226; x_wconf 79' lang='lat' dir='ltr'><strong>EPISTOLA</strong></span> <span class='ocrx_word' id='word_1_396' title='bbox 1391 3170 1636 3227; x_wconf 82' lang='lat' dir='ltr'><strong>CCCLIII</strong></span> <span class='ocrx_word' id='word_1_397' title='bbox 1648 3174 1707 3230; x_wconf 78' lang='lat'><strong>&quot;.</strong></span> 
     </span>
    </p>
   </div>
   <div class='ocr_carea' id='block_1_61' title="bbox 2686 3172 3234 3227">
    <p class='ocr_par' dir='ltr' id='par_1_61' title="bbox 2686 3172 3234 3227">
     <span class='ocr_line' id='line_1_62' title="bbox 2686 3172 3234 3227; baseline -0.002 -2"><span class='ocrx_word' id='word_1_398' title='bbox 2686 3173 3028 3227; x_wconf 80' lang='grc' dir='ltr'><strong>ΕΠΙΣΤΟΛΗ</strong></span> <span class='ocrx_word' id='word_1_399' title='bbox 3065 3172 3234 3225; x_wconf 87' lang='grc' dir='ltr'>ΤΝΓ¹.</span> 
     </span>
    </p>
   </div>
   <div class='ocr_carea' id='block_1_62' title="bbox 1435 3288 2776 3343">
    <p class='ocr_par' dir='ltr' id='par_1_62' title="bbox 1435 3288 2776 3343">
     <span class='ocr_line' id='line_1_63' title="bbox 1435 3288 2776 3343; baseline 0.001 -4"><span class='ocrx_word' id='word_1_400' title='bbox 1435 3289 1618 3340; x_wconf 78' lang='lat' dir='ltr'><strong>Laudat</strong></span> <span class='ocrx_word' id='word_1_401' title='bbox 1639 3288 1854 3341; x_wconf 76' lang='lat' dir='ltr'><strong>Basilius</strong></span> <span class='ocrx_word' id='word_1_402' title='bbox 1887 3291 2155 3343; x_wconf 86' lang='lat' dir='ltr'><strong>orationem</strong></span> <span class='ocrx_word' id='word_1_403' title='bbox 2183 3288 2367 3341; x_wconf 82' lang='lat' dir='ltr'><strong>Libanii</strong></span> <span class='ocrx_word' id='word_1_404' title='bbox 2388 3290 2453 3340; x_wconf 84' lang='lat' dir='ltr'><strong>ad</strong></span> <span class='ocrx_word' id='word_1_405' title='bbox 2485 3304 2537 3342; x_wconf 79' lang='lat' dir='ltr'><strong>se</strong></span> <span class='ocrx_word' id='word_1_406' title='bbox 2560 3289 2776 3341; x_wconf 77' lang='lat' dir='ltr'><strong>missam.</strong></span> 
     </span>
    </p>
   </div>
   <div class='ocr_carea' id='block_1_63' title="bbox 1023 3380 1534 3457">
    <p class='ocr_par' dir='ltr' id='par_1_63' title="bbox 1023 3380 1534 3457">
     <span class='ocr_line' id='line_1_64' title="bbox 1023 3380 1534 3457; baseline 0.002 -1"><span class='ocrx_word' id='word_1_407' title='bbox 1023 3380 1534 3457; x_wconf 37' lang='lat' dir='ltr'><strong>Basilius&#39;Libanio.</strong></span> 
     </span>
    </p>
   </div>
   <div class='ocr_carea' id='block_1_64' title="bbox 540 3511 2063 3586">
    <p class='ocr_par' dir='ltr' id='par_1_64' title="bbox 540 3511 2063 3586">
     <span class='ocr_line' id='line_1_65' title="bbox 540 3511 2063 3586; baseline 0.003 -17"><span class='ocrx_word' id='word_1_408' title='bbox 540 3511 674 3586; x_wconf 85' lang='lat' dir='ltr'><strong>Legi</strong></span> <span class='ocrx_word' id='word_1_409' title='bbox 716 3515 1022 3571; x_wconf 88' lang='lat' dir='ltr'><strong>orationem</strong></span> <span class='ocrx_word' id='word_1_410' title='bbox 1055 3524 1230 3582; x_wconf 90' lang='lat' dir='ltr'><strong>tuam,</strong></span> <span class='ocrx_word' id='word_1_411' title='bbox 1278 3531 1312 3571; x_wconf 91' lang='grc' dir='ltr'><strong>ο</strong></span> <span class='ocrx_word' id='word_1_412' title='bbox 1353 3516 1787 3586; x_wconf 89' lang='lat' dir='ltr'><strong>sapientissime,</strong></span> <span class='ocrx_word' id='word_1_413' title='bbox 1819 3525 1876 3573; x_wconf 90' lang='lat' dir='ltr'><strong>et</strong></span> <span class='ocrx_word' id='word_1_414' title='bbox 1905 3517 2063 3573; x_wconf 79' lang='lat' dir='ltr'><strong>valde</strong></span> 
     </span>
    </p>
   </div>
   <div class='ocr_carea' id='block_1_65' title="bbox 474 3606 2060 3675">
    <p class='ocr_par' dir='ltr' id='par_1_65' title="bbox 474 3606 2060 3675">
     <span class='ocr_line' id='line_1_66' title="bbox 474 3606 2060 3675; baseline 0.003 -15"><span class='ocrx_word' id='word_1_415' title='bbox 474 3606 781 3663; x_wconf 88' lang='lat' dir='ltr'><strong>admiratus</strong></span> <span class='ocrx_word' id='word_1_416' title='bbox 837 3623 982 3663; x_wconf 81' lang='lat' dir='ltr'><strong>smn.</strong></span> <span class='ocrx_word' id='word_1_417' title='bbox 1027 3607 1072 3663; x_wconf 92' lang='lat'><strong>0</strong></span> <span class='ocrx_word' id='word_1_418' title='bbox 1124 3624 1318 3672; x_wconf 65' lang='lat' dir='ltr'><strong>musae.</strong></span> <span class='ocrx_word' id='word_1_419' title='bbox 1366 3619 1421 3664; x_wconf 88' lang='lat' dir='ltr'><strong>et</strong></span> <span class='ocrx_word' id='word_1_420' title='bbox 1466 3610 1683 3675; x_wconf 72' lang='lat' dir='ltr'><strong>litterae,</strong></span> <span class='ocrx_word' id='word_1_421' title='bbox 1716 3620 1773 3665; x_wconf 91' lang='lat' dir='ltr'><strong>et</strong></span> <span class='ocrx_word' id='word_1_422' title='bbox 1814 3611 2060 3674; x_wconf 75' lang='lat' dir='ltr'><strong>Atheme,</strong></span> 
     </span>
    </p>
   </div>
   <div class='ocr_carea' id='block_1_66' title="bbox 476 3699 2064 3769">
    <p class='ocr_par' dir='ltr' id='par_1_66' title="bbox 476 3699 2064 3769">
     <span class='ocr_line' id='line_1_67' title="bbox 476 3699 2064 3769; baseline 0.002 -16"><span class='ocrx_word' id='word_1_423' title='bbox 476 3699 660 3768; x_wconf 85' lang='lat' dir='ltr'><strong>qualia</strong></span> <span class='ocrx_word' id='word_1_424' title='bbox 705 3699 983 3769; x_wconf 79' lang='lat' dir='ltr'><strong>largimini</strong></span> <span class='ocrx_word' id='word_1_425' title='bbox 1026 3702 1229 3757; x_wconf 81' lang='lat' dir='ltr'><strong>vestris</strong></span> <span class='ocrx_word' id='word_1_426' title='bbox 1266 3702 1638 3758; x_wconf 85' lang='lat' dir='ltr'><strong>amatoribusl</strong></span> <span class='ocrx_word' id='word_1_427' title='bbox 1693 3701 1897 3768; x_wconf 87' lang='lat' dir='ltr'><strong>Quales</strong></span> <span class='ocrx_word' id='word_1_428' title='bbox 1949 3702 2064 3756; x_wconf 87' lang='lat' dir='ltr'><strong>fru-</strong></span> 
     </span>
    </p>
   </div>
   <div class='ocr_carea' id='block_1_67' title="bbox 476 3790 2061 3867">
    <p class='ocr_par' dir='ltr' id='par_1_67' title="bbox 476 3790 2061 3867">
     <span class='ocr_line' id='line_1_68' title="bbox 476 3790 2061 3867; baseline 0.001 -21"><span class='ocrx_word' id='word_1_429' title='bbox 476 3801 599 3846; x_wconf 83' lang='lat' dir='ltr'><strong>ctus</strong></span> <span class='ocrx_word' id='word_1_430' title='bbox 640 3790 848 3853; x_wconf 87' lang='lat' dir='ltr'><strong>ferunt,</strong></span> <span class='ocrx_word' id='word_1_431' title='bbox 902 3793 996 3860; x_wconf 92' lang='lat' dir='ltr'><strong>qui</strong></span> <span class='ocrx_word' id='word_1_432' title='bbox 1030 3808 1127 3863; x_wconf 90' lang='lat' dir='ltr'><strong>per</strong></span> <span class='ocrx_word' id='word_1_433' title='bbox 1173 3794 1339 3850; x_wconf 89' lang='lat' dir='ltr'><strong>breve</strong></span> <span class='ocrx_word' id='word_1_434' title='bbox 1373 3794 1648 3865; x_wconf 90' lang='lat' dir='ltr'><strong>quoddam</strong></span> <span class='ocrx_word' id='word_1_435' title='bbox 1700 3802 1917 3867; x_wconf 87' lang='lat' dir='ltr'><strong>tempus</strong></span> <span class='ocrx_word' id='word_1_436' title='bbox 1962 3809 2061 3848; x_wconf 86' lang='lat' dir='ltr'><strong>vo-</strong></span> 
     </span>
    </p>
   </div>
   <div class='ocr_carea' id='block_1_68' title="bbox 481 3880 2060 3954">
    <p class='ocr_par' dir='ltr' id='par_1_68' title="bbox 481 3880 2060 3954">
     <span class='ocr_line' id='line_1_69' title="bbox 481 3880 2060 3954; baseline 0.003 -20"><span class='ocrx_word' id='word_1_437' title='bbox 481 3880 693 3935; x_wconf 89' lang='lat' dir='ltr'><strong>biscum</strong></span> <span class='ocrx_word' id='word_1_438' title='bbox 717 3883 1051 3936; x_wconf 79' lang='lat' dir='ltr'><strong>versantur!</strong></span> <span class='ocrx_word' id='word_1_439' title='bbox 1092 3882 1136 3937; x_wconf 88' lang='lat'>0</span> <span class='ocrx_word' id='word_1_440' title='bbox 1164 3882 1371 3940; x_wconf 86' lang='lat' dir='ltr'><strong>fontem</strong></span> <span class='ocrx_word' id='word_1_441' title='bbox 1408 3886 1556 3954; x_wconf 82' lang='lat' dir='ltr'><strong>large</strong></span> <span class='ocrx_word' id='word_1_442' title='bbox 1584 3901 1644 3940; x_wconf 91' lang='lat' dir='ltr'><strong>se</strong></span> <span class='ocrx_word' id='word_1_443' title='bbox 1670 3884 2060 3953; x_wconf 70' lang='lat' dir='ltr'><strong>effundentem,</strong></span> 
     </span>
    </p>
   </div>
   <div class='ocr_carea' id='block_1_69' title="bbox 478 3972 2058 4048">
    <p class='ocr_par' dir='ltr' id='par_1_69' title="bbox 478 3972 2058 4048">
     <span class='ocr_line' id='line_1_70' title="bbox 478 3972 2058 4048; baseline 0.003 -22"><span class='ocrx_word' id='word_1_444' title='bbox 478 3972 671 4044; x_wconf 89' lang='lat' dir='ltr'><strong>quales</strong></span> <span class='ocrx_word' id='word_1_445' title='bbox 698 3975 956 4043; x_wconf 84' lang='lat' dir='ltr'><strong>praestitit</strong></span> <span class='ocrx_word' id='word_1_446' title='bbox 984 3975 1337 4033; x_wconf 84' lang='lat' dir='ltr'><strong>haurientes!</strong></span> <span class='ocrx_word' id='word_1_447' title='bbox 1373 3977 1557 4048; x_wconf 87' lang='lat' dir='ltr'><strong>Ipsum</strong></span> <span class='ocrx_word' id='word_1_448' title='bbox 1593 3979 1740 4033; x_wconf 90' lang='lat' dir='ltr'><strong>enim</strong></span> <span class='ocrx_word' id='word_1_449' title='bbox 1776 3993 2058 4034; x_wconf 90' lang='lat' dir='ltr'><strong>morosum</strong></span> 
     </span>
    </p>
   </div>
   <div class='ocr_carea' id='block_1_70' title="bbox 478 4062 2062 4138">
    <p class='ocr_par' dir='ltr' id='par_1_70' title="bbox 478 4062 2062 4138">
     <span class='ocr_line' id='line_1_71' title="bbox 478 4062 2062 4138; baseline 0.004 -24"><span class='ocrx_word' id='word_1_450' title='bbox 478 4062 707 4118; x_wconf 83' lang='lat' dir='ltr'><strong>videbar</strong></span> <span class='ocrx_word' id='word_1_451' title='bbox 741 4064 877 4119; x_wconf 81' lang='lat' dir='ltr'><strong>milii</strong></span> <span class='ocrx_word' id='word_1_452' title='bbox 910 4065 1101 4123; x_wconf 88' lang='lat' dir='ltr'><strong>videre</strong></span> <span class='ocrx_word' id='word_1_453' title='bbox 1134 4067 1189 4121; x_wconf 91' lang='lat' dir='ltr'><strong>in</strong></span> <span class='ocrx_word' id='word_1_454' title='bbox 1225 4068 1476 4122; x_wconf 90' lang='lat' dir='ltr'><strong>oratione</strong></span> <span class='ocrx_word' id='word_1_455' title='bbox 1513 4083 1638 4122; x_wconf 90' lang='lat' dir='ltr'><strong>cum</strong></span> <span class='ocrx_word' id='word_1_456' title='bbox 1677 4068 1899 4138; x_wconf 82' lang='lat' dir='ltr'><strong>garrula</strong></span> <span class='ocrx_word' id='word_1_457' title='bbox 1938 4083 2062 4122; x_wconf 90' lang='lat' dir='ltr'><strong>mu-</strong></span> 
     </span>
    </p>
   </div>
   <div class='ocr_carea' id='block_1_71' title="bbox 480 4153 2062 4213">
    <p class='ocr_par' dir='ltr' id='par_1_71' title="bbox 480 4153 2062 4213">
     <span class='ocr_line' id='line_1_72' title="bbox 480 4153 2062 4213; baseline 0.003 -6"><span class='ocrx_word' id='word_1_458' title='bbox 480 4153 706 4210; x_wconf 82' lang='lat' dir='ltr'><strong>liercula</strong></span> <span class='ocrx_word' id='word_1_459' title='bbox 743 4164 1082 4212; x_wconf 87' lang='lat' dir='ltr'><strong>versantem.</strong></span> <span class='ocrx_word' id='word_1_460' title='bbox 1115 4156 1312 4211; x_wconf 83' lang='lat' dir='ltr'><strong>Vivum</strong></span> <span class='ocrx_word' id='word_1_461' title='bbox 1339 4158 1486 4212; x_wconf 76' lang='lat' dir='ltr'><strong>enim</strong></span> <span class='ocrx_word' id='word_1_462' title='bbox 1523 4166 1578 4213; x_wconf 90' lang='lat' dir='ltr'><strong>et</strong></span> <span class='ocrx_word' id='word_1_463' title='bbox 1605 4159 1909 4211; x_wconf 88' lang='lat' dir='ltr'><strong>animatum</strong></span> <span class='ocrx_word' id='word_1_464' title='bbox 1943 4172 2062 4212; x_wconf 91' lang='lat' dir='ltr'><strong>ser-</strong></span> 
     </span>
    </p>
   </div>
   <div class='ocr_carea' id='block_1_72' title="bbox 2637 3398 3291 3466">
    <p class='ocr_par' dir='ltr' id='par_1_72' title="bbox 2637 3398 3291 3466">
     <span class='ocr_line' id='line_1_73' title="bbox 2637 3398 3291 3466; baseline -0.008 -12"><span class='ocrx_word' id='word_1_465' title='bbox 2637 3401 2961 3466; x_wconf 74' lang='grc' dir='ltr'>Βασίλειος</span> <span class='ocrx_word' id='word_1_466' title='bbox 3013 3398 3291 3464; x_wconf 78' lang='grc' dir='ltr'>Λιϐανίῳ.</span> 
     </span>
    </p>
   </div>
   <div class='ocr_carea' id='block_1_73' title="bbox 2253 3508 3751 3583">
    <p class='ocr_par' dir='ltr' id='par_1_73' title="bbox 2253 3508 3751 3583">
     <span class='ocr_line' id='line_1_74' title="bbox 2253 3508 3751 3583; baseline -0.004 -15"><span class='ocrx_word' id='word_1_467' title='bbox 2253 3516 2513 3583; x_wconf 84' lang='grc' dir='ltr'>Ἀνέγνων</span> <span class='ocrx_word' id='word_1_468' title='bbox 2561 3513 2653 3568; x_wconf 79' lang='grc' dir='ltr'><strong>τὸν</strong></span> <span class='ocrx_word' id='word_1_469' title='bbox 2696 3512 2877 3583; x_wconf 86' lang='grc' dir='ltr'>λόγον,</span> <span class='ocrx_word' id='word_1_470' title='bbox 2932 3511 3234 3582; x_wconf 81' lang='grc' dir='ltr'>σοφώτατε,</span> <span class='ocrx_word' id='word_1_471' title='bbox 3270 3512 3364 3565; x_wconf 81' lang='grc' dir='ltr'><strong>καὶ</strong></span> <span class='ocrx_word' id='word_1_472' title='bbox 3412 3508 3751 3582; x_wconf 75' lang='grc' dir='ltr'>ὑπερτεθαύ-</span> 
     </span>
    </p>
   </div>
   <div class='ocr_carea' id='block_1_74' title="bbox 2171 3596 3754 3678">
    <p class='ocr_par' dir='ltr' id='par_1_74' title="bbox 2171 3596 3754 3678">
     <span class='ocr_line' id='line_1_75' title="bbox 2171 3596 3754 3678; baseline -0.006 -16"><span class='ocrx_word' id='word_1_473' title='bbox 2171 3624 2342 3678; x_wconf 84' lang='grc' dir='ltr'>μακα.</span> <span class='ocrx_word' id='word_1_474' title='bbox 2391 3603 2462 3659; x_wconf 79' lang='grc' dir='ltr'>Ὦ</span> <span class='ocrx_word' id='word_1_475' title='bbox 2492 3605 2714 3677; x_wconf 79' lang='grc' dir='ltr'>μοῦσαι,</span> <span class='ocrx_word' id='word_1_476' title='bbox 2752 3605 2847 3659; x_wconf 75' lang='grc' dir='ltr'><strong>καὶ</strong></span> <span class='ocrx_word' id='word_1_477' title='bbox 2875 3604 3049 3673; x_wconf 82' lang='grc' dir='ltr'>λόγοι,</span> <span class='ocrx_word' id='word_1_478' title='bbox 3086 3604 3183 3657; x_wconf 82' lang='grc' dir='ltr'>καὶ</span> <span class='ocrx_word' id='word_1_479' title='bbox 3240 3599 3491 3672; x_wconf 77' lang='grc' dir='ltr'>Ἀθῆναι,</span> <span class='ocrx_word' id='word_1_480' title='bbox 3530 3596 3628 3656; x_wconf 74' lang='grc' dir='ltr'>οἷα</span> <span class='ocrx_word' id='word_1_481' title='bbox 3655 3602 3754 3661; x_wconf 79' lang='grc' dir='ltr'>τοῖς</span> 
     </span>
    </p>
   </div>
   <div class='ocr_carea' id='block_1_75' title="bbox 2167 3694 3751 3773">
    <p class='ocr_par' dir='ltr' id='par_1_75' title="bbox 2167 3694 3751 3773">
     <span class='ocr_line' id='line_1_76' title="bbox 2167 3694 3751 3773; baseline -0.001 -18"><span class='ocrx_word' id='word_1_482' title='bbox 2167 3702 2426 3773; x_wconf 79' lang='grc' dir='ltr'>ἐρασταῖς</span> <span class='ocrx_word' id='word_1_483' title='bbox 2469 3698 2759 3770; x_wconf 74' lang='grc' dir='ltr'>δωρεῖσθεί</span> <span class='ocrx_word' id='word_1_484' title='bbox 2793 3698 2952 3761; x_wconf 82' lang='grc' dir='ltr'>Οἴους</span> <span class='ocrx_word' id='word_1_485' title='bbox 2981 3695 3300 3768; x_wconf 82' lang='grc' dir='ltr'>κομίζονται</span> <span class='ocrx_word' id='word_1_486' title='bbox 3327 3695 3457 3758; x_wconf 75' lang='grc' dir='ltr'>τοὺς</span> <span class='ocrx_word' id='word_1_487' title='bbox 3486 3694 3751 3765; x_wconf 74' lang='grc' dir='ltr'>καρποὺς.</span> 
     </span>
    </p>
   </div>
   <div class='ocr_carea' id='block_1_76' title="bbox 2166 3786 3755 3864">
    <p class='ocr_par' dir='ltr' id='par_1_76' title="bbox 2166 3786 3755 3864">
     <span class='ocr_line' id='line_1_77' title="bbox 2166 3786 3755 3864; baseline -0.003 -20"><span class='ocrx_word' id='word_1_488' title='bbox 2166 3792 2217 3844; x_wconf 87' lang='grc' dir='ltr'>οἱ</span> <span class='ocrx_word' id='word_1_489' title='bbox 2250 3791 2458 3864; x_wconf 80' lang='grc' dir='ltr'>βραχύν</span> <span class='ocrx_word' id='word_1_490' title='bbox 2508 3808 2631 3846; x_wconf 87' lang='grc' dir='ltr'>τινα</span> <span class='ocrx_word' id='word_1_491' title='bbox 2676 3790 2871 3862; x_wconf 85' lang='grc' dir='ltr'>χρόνον</span> <span class='ocrx_word' id='word_1_492' title='bbox 2905 3791 3035 3861; x_wconf 84' lang='grc' dir='ltr'>ὑμῖν</span> <span class='ocrx_word' id='word_1_493' title='bbox 3082 3786 3509 3858; x_wconf 81' lang='grc' dir='ltr'>συγγινόμενοιῖ</span> <span class='ocrx_word' id='word_1_494' title='bbox 3546 3788 3615 3840; x_wconf 81' lang='grc' dir='ltr'><strong>Ὃ</strong></span> <span class='ocrx_word' id='word_1_495' title='bbox 3657 3803 3755 3855; x_wconf 74' lang='grc' dir='ltr'><strong>πη-</strong></span> 
     </span>
    </p>
   </div>
   <div class='ocr_carea' id='block_1_77' title="bbox 2166 3878 3754 3955">
    <p class='ocr_par' dir='ltr' id='par_1_77' title="bbox 2166 3878 3754 3955">
     <span class='ocr_line' id='line_1_78' title="bbox 2166 3878 3754 3955; baseline -0.006 -17"><span class='ocrx_word' id='word_1_496' title='bbox 2166 3885 2270 3954; x_wconf 85' lang='grc' dir='ltr'>γῆς</span> <span class='ocrx_word' id='word_1_497' title='bbox 2322 3883 2747 3955; x_wconf 86' lang='grc' dir='ltr'>πολυχεύμονος,</span> <span class='ocrx_word' id='word_1_498' title='bbox 2809 3884 2954 3947; x_wconf 80' lang='grc' dir='ltr'>οἴους</span> <span class='ocrx_word' id='word_1_499' title='bbox 2995 3881 3163 3947; x_wconf 79' lang='grc' dir='ltr'>ἔδειξε</span> <span class='ocrx_word' id='word_1_500' title='bbox 3214 3880 3342 3945; x_wconf 81' lang='grc' dir='ltr'>τοὺς</span> <span class='ocrx_word' id='word_1_501' title='bbox 3384 3878 3754 3951; x_wconf 71' lang='grc' dir='ltr'>ὰρυομένουςῐ</span> 
     </span>
    </p>
   </div>
   <div class='ocr_carea' id='block_1_78' title="bbox 2164 3972 3757 4047">
    <p class='ocr_par' dir='ltr' id='par_1_78' title="bbox 2164 3972 3757 4047">
     <span class='ocr_line' id='line_1_79' title="bbox 2164 3972 3757 4047; baseline -0.005 -18"><span class='ocrx_word' id='word_1_502' title='bbox 2164 3975 2339 4029; x_wconf 81' lang='grc' dir='ltr'>Αὐτὸν</span> <span class='ocrx_word' id='word_1_503' title='bbox 2384 3975 2494 4047; x_wconf 84' lang='grc' dir='ltr'>γὰρ</span> <span class='ocrx_word' id='word_1_504' title='bbox 2527 3976 2746 4029; x_wconf 74' lang='grc' dir='ltr'>ἐδόκουν</span> <span class='ocrx_word' id='word_1_505' title='bbox 2778 3975 2890 4047; x_wconf 72' lang='grc'><strong>(22)</strong></span> <span class='ocrx_word' id='word_1_506' title='bbox 2919 3975 3052 4047; x_wconf 77' lang='grc' dir='ltr'>ὁρᾷν</span> <span class='ocrx_word' id='word_1_507' title='bbox 3087 3975 3146 4027; x_wconf 80' lang='grc' dir='ltr'>ἐν</span> <span class='ocrx_word' id='word_1_508' title='bbox 3175 3972 3424 4045; x_wconf 83' lang='grc' dir='ltr'>τῷ,λόγῳ</span> <span class='ocrx_word' id='word_1_509' title='bbox 3456 3972 3606 4042; x_wconf 76' lang='grc' dir='ltr'>λάλῳ</span> <span class='ocrx_word' id='word_1_510' title='bbox 3632 3987 3757 4023; x_wconf 81' lang='grc' dir='ltr'>συν-</span> 
     </span>
    </p>
   </div>
   <div class='ocr_carea' id='block_1_79' title="bbox 2161 4064 3755 4142">
    <p class='ocr_par' dir='ltr' id='par_1_79' title="bbox 2161 4064 3755 4142">
     <span class='ocr_line' id='line_1_80' title="bbox 2161 4064 3755 4142; baseline -0.005 -20"><span class='ocrx_word' id='word_1_511' title='bbox 2161 4069 2291 4124; x_wconf 85' lang='grc' dir='ltr'>όντα</span> <span class='ocrx_word' id='word_1_512' title='bbox 2337 4070 2566 4142; x_wconf 78' lang='grc' dir='ltr'>γυναίῳ.</span> <span class='ocrx_word' id='word_1_513' title='bbox 2624 4070 2907 4141; x_wconf 84' lang='grc' dir='ltr'>Ἐμπνουν</span> <span class='ocrx_word' id='word_1_514' title='bbox 2962 4068 3073 4141; x_wconf 82' lang='grc' dir='ltr'>γὰρ</span> <span class='ocrx_word' id='word_1_515' title='bbox 3116 4067 3274 4137; x_wconf 88' lang='grc' dir='ltr'>λόγον</span> <span class='ocrx_word' id='word_1_516' title='bbox 3314 4066 3407 4120; x_wconf 74' lang='grc' dir='ltr'>ἐπὶ</span> <span class='ocrx_word' id='word_1_517' title='bbox 3439 4064 3628 4137; x_wconf 76' lang='grc' dir='ltr'>χθονὸς</span> <span class='ocrx_word' id='word_1_518' title='bbox 3660 4065 3755 4115; x_wconf 83' lang='grc' dir='ltr'><strong>Δι-</strong></span> 
     </span>
    </p>
   </div>
   <div class='ocr_carea' id='block_1_80' title="bbox 2170 4153 3758 4233">
    <p class='ocr_par' dir='ltr' id='par_1_80' title="bbox 2170 4153 3758 4233">
     <span class='ocr_line' id='line_1_81' title="bbox 2170 4153 3758 4233; baseline -0.005 -20"><span class='ocrx_word' id='word_1_519' title='bbox 2170 4160 2356 4224; x_wconf 79' lang='grc' dir='ltr'>ϐάνιος</span> <span class='ocrx_word' id='word_1_520' title='bbox 2388 4161 2646 4232; x_wconf 64' lang='grc' dir='ltr'>ἔγραψεν,</span> <span class='ocrx_word' id='word_1_521' title='bbox 2684 4161 2745 4226; x_wconf 83' lang='grc' dir='ltr'>ὃς</span> <span class='ocrx_word' id='word_1_522' title='bbox 2791 4162 2950 4233; x_wconf 87' lang='grc' dir='ltr'>μόνος</span> <span class='ocrx_word' id='word_1_523' title='bbox 2978 4164 3091 4233; x_wconf 75' lang='grc' dir='ltr'>τοῖς</span> <span class='ocrx_word' id='word_1_524' title='bbox 3121 4160 3301 4228; x_wconf 88' lang='grc' dir='ltr'>λόγοις</span> <span class='ocrx_word' id='word_1_525' title='bbox 3344 4157 3528 4230; x_wconf 75' lang='grc' dir='ltr'>ψυχὴν</span> <span class='ocrx_word' id='word_1_526' title='bbox 3573 4153 3758 4226; x_wconf 72' lang='grc' dir='ltr'><strong>ἔχαρὶο</strong></span> 
     </span>
    </p>
   </div>
   <div class='ocr_carea' id='block_1_81' title="bbox 483 4246 2303 4319">
    <p class='ocr_par' dir='ltr' id='par_1_81' title="bbox 483 4246 2303 4319">
     <span class='ocr_line' id='line_1_82' title="bbox 483 4246 2303 4319; baseline 0.005 -21"><span class='ocrx_word' id='word_1_527' title='bbox 483 4258 700 4301; x_wconf 86' lang='lat' dir='ltr'><strong>monem</strong></span> <span class='ocrx_word' id='word_1_528' title='bbox 729 4246 954 4317; x_wconf 90' lang='lat' dir='ltr'><strong>scripsit</strong></span> <span class='ocrx_word' id='word_1_529' title='bbox 982 4248 1037 4302; x_wconf 88' lang='lat' dir='ltr'><strong>in</strong></span> <span class='ocrx_word' id='word_1_530' title='bbox 1068 4256 1216 4304; x_wconf 87' lang='lat' dir='ltr'><strong>terra</strong></span> <span class='ocrx_word' id='word_1_531' title='bbox 1249 4248 1539 4315; x_wconf 86' lang='lat' dir='ltr'><strong>Libanius,</strong></span> <span class='ocrx_word' id='word_1_532' title='bbox 1578 4249 1674 4319; x_wconf 87' lang='lat' dir='ltr'><strong>qui</strong></span> <span class='ocrx_word' id='word_1_533' title='bbox 1706 4248 1859 4305; x_wconf 89' lang='lat' dir='ltr'><strong>solus</strong></span> <span class='ocrx_word' id='word_1_534' title='bbox 1882 4247 2065 4304; x_wconf 80' lang='lat' dir='ltr'><strong>verbis</strong></span> <span class='ocrx_word' id='word_1_535' title='bbox 2102 4315 2129 4319; x_wconf 91' lang='lat'><strong><em>_</em></strong></span> <span class='ocrx_word' id='word_1_536' title='bbox 2174 4271 2303 4307; x_wconf 87' lang='grc' dir='ltr'>σατο</span> 
     </span>
    </p>
   </div>
   <div class='ocr_carea' id='block_1_82' title="bbox 482 4338 1136 4411">
    <p class='ocr_par' dir='ltr' id='par_1_82' title="bbox 482 4338 1136 4411">
     <span class='ocr_line' id='line_1_83' title="bbox 482 4338 1136 4411; baseline 0.009 -20"><span class='ocrx_word' id='word_1_537' title='bbox 482 4338 722 4393; x_wconf 86' lang='lat' dir='ltr'><strong>animam</strong></span> <span class='ocrx_word' id='word_1_538' title='bbox 762 4339 997 4411; x_wconf 85' lang='lat' dir='ltr'><strong>largitus</strong></span> <span class='ocrx_word' id='word_1_539' title='bbox 1032 4349 1136 4397; x_wconf 86' lang='lat' dir='ltr'><strong>est.</strong></span> 
     </span>
    </p>
   </div>
   <div class='ocr_carea' id='block_1_83' title="bbox 906 4458 1641 4516">
    <p class='ocr_par' dir='ltr' id='par_1_83' title="bbox 906 4458 1641 4516">
     <span class='ocr_line' id='line_1_84' title="bbox 906 4458 1641 4516; baseline 0.003 -4"><span class='ocrx_word' id='word_1_540' title='bbox 906 4458 1247 4515; x_wconf 76' lang='lat' dir='ltr'><strong>EPISTOLA</strong></span> <span class='ocrx_word' id='word_1_541' title='bbox 1284 4458 1530 4516; x_wconf 78' lang='lat' dir='ltr'><strong>CCCLIV</strong></span> <span class='ocrx_word' id='word_1_542' title='bbox 1556 4464 1641 4514; x_wconf 80' lang='lat'><strong>“‘.</strong></span> 
     </span>
    </p>
   </div>
   <div class='ocr_carea' id='block_1_84' title="bbox 2690 4458 3248 4513">
    <p class='ocr_par' dir='ltr' id='par_1_84' title="bbox 2690 4458 3248 4513">
     <span class='ocr_line' id='line_1_85' title="bbox 2690 4458 3248 4513; baseline 0 0"><span class='ocrx_word' id='word_1_543' title='bbox 2690 4458 3038 4513; x_wconf 80' lang='grc' dir='ltr'><strong>ΕΠΙΣΤΟΛΗ</strong></span> <span class='ocrx_word' id='word_1_544' title='bbox 3077 4458 3248 4513; x_wconf 84' lang='grc' dir='ltr'><strong>ΤΝΔ’.</strong></span> 
     </span>
    </p>
   </div>
   <div class='ocr_carea' id='block_1_85' title="bbox 852 4593 3376 4661">
    <p class='ocr_par' dir='ltr' id='par_1_85' title="bbox 852 4593 3376 4661">
     <span class='ocr_line' id='line_1_86' title="bbox 852 4593 3376 4661; baseline 0 -16"><span class='ocrx_word' id='word_1_545' title='bbox 852 4594 1047 4647; x_wconf 75' lang='lat' dir='ltr'><strong>Gratias</strong></span> <span class='ocrx_word' id='word_1_546' title='bbox 1063 4593 1164 4661; x_wconf 87' lang='lat' dir='ltr'><strong>agit</strong></span> <span class='ocrx_word' id='word_1_547' title='bbox 1189 4595 1436 4655; x_wconf 77' lang='lat' dir='ltr'><strong>Libanius,</strong></span> <span class='ocrx_word' id='word_1_548' title='bbox 1460 4609 1519 4646; x_wconf 89' lang='lat' dir='ltr'><strong>ac</strong></span> <span class='ocrx_word' id='word_1_549' title='bbox 1547 4595 1763 4647; x_wconf 72' lang='lat' dir='ltr'><strong>vicissim</strong></span> <span class='ocrx_word' id='word_1_550' title='bbox 1789 4610 1822 4647; x_wconf 88' lang='lat' dir='ltr'><strong>a</strong></span> <span class='ocrx_word' id='word_1_551' title='bbox 1844 4595 2032 4646; x_wconf 78' lang='lat' dir='ltr'><strong>Basilio</strong></span> <span class='ocrx_word' id='word_1_552' title='bbox 2047 4594 2163 4660; x_wconf 82' lang='lat' dir='ltr'><strong>petit</strong></span> <span class='ocrx_word' id='word_1_553' title='bbox 2184 4602 2237 4645; x_wconf 88' lang='lat' dir='ltr'><strong>ut</strong></span> <span class='ocrx_word' id='word_1_554' title='bbox 2258 4594 2323 4645; x_wconf 85' lang='lat' dir='ltr'><strong>ad</strong></span> <span class='ocrx_word' id='word_1_555' title='bbox 2349 4609 2401 4647; x_wconf 74' lang='lat' dir='ltr'><strong>se</strong></span> <span class='ocrx_word' id='word_1_556' title='bbox 2429 4593 2585 4647; x_wconf 83' lang='lat' dir='ltr'><strong>mittat</strong></span> <span class='ocrx_word' id='word_1_557' title='bbox 2604 4603 2873 4648; x_wconf 76' lang='lat' dir='ltr'><strong>orationem</strong></span> <span class='ocrx_word' id='word_1_558' title='bbox 2902 4603 3073 4648; x_wconf 78' lang='lat' dir='ltr'><strong>contra</strong></span> <span class='ocrx_word' id='word_1_559' title='bbox 3097 4600 3376 4647; x_wconf 71' lang='lat' dir='ltr'><strong>cometam</strong></span> 
     </span>
    </p>
   </div>
   <div class='ocr_carea' id='block_1_86' title="bbox 1008 4700 1530 4756">
    <p class='ocr_par' dir='ltr' id='par_1_86' title="bbox 1008 4700 1530 4756">
     <span class='ocr_line' id='line_1_87' title="bbox 1008 4700 1530 4756; baseline 0.002 -2"><span class='ocrx_word' id='word_1_560' title='bbox 1008 4700 1268 4756; x_wconf 79' lang='lat' dir='ltr'><strong>Libanius</strong></span> <span class='ocrx_word' id='word_1_561' title='bbox 1299 4701 1530 4756; x_wconf 82' lang='lat' dir='ltr'><strong>Basilio.</strong></span> 
     </span>
    </p>
   </div>
   <div class='ocr_carea' id='block_1_87' title="bbox 556 4808 2068 4883">
    <p class='ocr_par' dir='ltr' id='par_1_87' title="bbox 556 4808 2068 4883">
     <span class='ocr_line' id='line_1_88' title="bbox 556 4808 2068 4883; baseline 0.001 -19"><span class='ocrx_word' id='word_1_562' title='bbox 556 4808 715 4865; x_wconf 83' lang='lat' dir='ltr'><strong>Nunc</strong></span> <span class='ocrx_word' id='word_1_563' title='bbox 754 4810 982 4881; x_wconf 84' lang='lat' dir='ltr'><strong>cognovi</strong></span> <span class='ocrx_word' id='word_1_564' title='bbox 1025 4827 1114 4865; x_wconf 90' lang='lat' dir='ltr'><strong>me</strong></span> <span class='ocrx_word' id='word_1_565' title='bbox 1157 4827 1305 4877; x_wconf 89' lang='lat' dir='ltr'><strong>esse,</strong></span> <span class='ocrx_word' id='word_1_566' title='bbox 1358 4811 1505 4883; x_wconf 86' lang='lat' dir='ltr'><strong>quod</strong></span> <span class='ocrx_word' id='word_1_567' title='bbox 1549 4811 1706 4868; x_wconf 87' lang='lat' dir='ltr'><strong>dicor</strong></span> <span class='ocrx_word' id='word_1_568' title='bbox 1745 4831 1759 4867; x_wconf 89' lang='lat'><strong>:</strong></span> <span class='ocrx_word' id='word_1_569' title='bbox 1806 4812 2068 4867; x_wconf 90' lang='lat' dir='ltr'><strong>laudante</strong></span> 
     </span>
    </p>
   </div>
   <div class='ocr_carea' id='block_1_88' title="bbox 484 4900 2067 4975">
    <p class='ocr_par' dir='ltr' id='par_1_88' title="bbox 484 4900 2067 4975">
     <span class='ocr_line' id='line_1_89' title="bbox 484 4900 2067 4975; baseline -0.001 -18"><span class='ocrx_word' id='word_1_570' title='bbox 484 4902 632 4957; x_wconf 83' lang='lat' dir='ltr'><strong>enim</strong></span> <span class='ocrx_word' id='word_1_571' title='bbox 666 4916 754 4956; x_wconf 90' lang='lat' dir='ltr'><strong>me</strong></span> <span class='ocrx_word' id='word_1_572' title='bbox 776 4900 1003 4967; x_wconf 87' lang='lat' dir='ltr'><strong>Basilio,</strong></span> <span class='ocrx_word' id='word_1_573' title='bbox 1027 4919 1096 4958; x_wconf 81' lang='lat' dir='ltr'><strong>ex</strong></span> <span class='ocrx_word' id='word_1_574' title='bbox 1118 4903 1382 4960; x_wconf 89' lang='lat' dir='ltr'><strong>omnibus</strong></span> <span class='ocrx_word' id='word_1_575' title='bbox 1408 4904 1696 4959; x_wconf 86' lang='lat' dir='ltr'><strong>victoriam</strong></span> <span class='ocrx_word' id='word_1_576' title='bbox 1728 4914 1969 4975; x_wconf 87' lang='lat' dir='ltr'><strong>reporto.</strong></span> <span class='ocrx_word' id='word_1_577' title='bbox 1998 4904 2067 4958; x_wconf 89' lang='lat' dir='ltr'><strong>Et</strong></span> 
     </span>
    </p>
   </div>
   <div class='ocr_carea' id='block_1_89' title="bbox 486 4993 2065 5069">
    <p class='ocr_par' dir='ltr' id='par_1_89' title="bbox 486 4993 2065 5069">
     <span class='ocr_line' id='line_1_90' title="bbox 486 4993 2065 5069; baseline 0.003 -21"><span class='ocrx_word' id='word_1_578' title='bbox 486 5007 612 5048; x_wconf 92' lang='lat' dir='ltr'><strong>cum</strong></span> <span class='ocrx_word' id='word_1_579' title='bbox 663 4999 817 5047; x_wconf 91' lang='lat' dir='ltr'><strong>tuum</strong></span> <span class='ocrx_word' id='word_1_580' title='bbox 862 4993 1184 5065; x_wconf 77' lang='lat' dir='ltr'><strong>sud‘ragium</strong></span> <span class='ocrx_word' id='word_1_581' title='bbox 1223 4997 1558 5069; x_wconf 86' lang='lat' dir='ltr'><strong>acceperim,</strong></span> <span class='ocrx_word' id='word_1_582' title='bbox 1611 4996 1741 5052; x_wconf 89' lang='lat' dir='ltr'><strong>licet</strong></span> <span class='ocrx_word' id='word_1_583' title='bbox 1793 4997 1927 5051; x_wconf 88' lang='lat' dir='ltr'><strong>mihi</strong></span> <span class='ocrx_word' id='word_1_584' title='bbox 1980 5012 2065 5053; x_wconf 89' lang='lat' dir='ltr'><strong>su-</strong></span> 
     </span>
    </p>
   </div>
   <div class='ocr_carea' id='block_1_90' title="bbox 559 5152 975 5211">
    <p class='ocr_par' dir='ltr' id='par_1_90' title="bbox 559 5152 975 5211">
     <span class='ocr_line' id='line_1_91' title="bbox 559 5152 975 5211; baseline 0.005 -2"><span class='ocrx_word' id='word_1_585' title='bbox 559 5158 579 5179; x_wconf 66' lang='grc' dir='ltr'><strong>θ</strong></span> <span class='ocrx_word' id='word_1_586' title='bbox 610 5154 761 5210; x_wconf 90' lang='lat' dir='ltr'><strong>Alias</strong></span> <span class='ocrx_word' id='word_1_587' title='bbox 791 5152 975 5211; x_wconf 80' lang='lat' dir='ltr'><strong>CLIX.</strong></span> 
     </span>
    </p>
   </div>
   <div class='ocr_carea' id='block_1_91' title="bbox 560 5225 982 5280">
    <p class='ocr_par' dir='ltr' id='par_1_91' title="bbox 560 5225 982 5280">
     <span class='ocr_line' id='line_1_92' title="bbox 560 5225 982 5280; baseline -0.002 -1"><span class='ocrx_word' id='word_1_588' title='bbox 560 5229 604 5249; x_wconf 83' lang='lat'>“</span> <span class='ocrx_word' id='word_1_589' title='bbox 643 5227 795 5280; x_wconf 83' lang='lat' dir='ltr'><strong>Alias</strong></span> <span class='ocrx_word' id='word_1_590' title='bbox 828 5225 982 5280; x_wconf 80' lang='lat' dir='ltr'><strong>CLX.</strong></span> 
     </span>
    </p>
   </div>
   <div class='ocr_carea' id='block_1_92' title="bbox 559 5295 1004 5351">
    <p class='ocr_par' dir='ltr' id='par_1_92' title="bbox 559 5295 1004 5351">
     <span class='ocr_line' id='line_1_93' title="bbox 559 5295 1004 5351; baseline 0.009 -4"><span class='ocrx_word' id='word_1_591' title='bbox 559 5298 626 5318; x_wconf 76' lang='grc'><strong>’⁸⁸</strong></span> <span class='ocrx_word' id='word_1_592' title='bbox 647 5297 797 5349; x_wconf 79' lang='lat' dir='ltr'><strong>Alias</strong></span> <span class='ocrx_word' id='word_1_593' title='bbox 826 5295 1004 5351; x_wconf 79' lang='lat' dir='ltr'><strong>CLXI.</strong></span> 
     </span>
    </p>
   </div>
   <div class='ocr_carea' id='block_1_93' title="bbox 561 5365 2070 5443">
    <p class='ocr_par' dir='ltr' id='par_1_93' title="bbox 561 5365 2070 5443">
     <span class='ocr_line' id='line_1_94' title="bbox 561 5365 2070 5443; baseline 0.005 -25"><span class='ocrx_word' id='word_1_594' title='bbox 561 5365 674 5443; x_wconf 60' lang='grc' dir='ltr'><strong>(Ψ)</strong></span> <span class='ocrx_word' id='word_1_595' title='bbox 699 5367 1070 5443; x_wconf 45' lang='lat' dir='ltr'><strong>[Semper-ag.</strong></span> <span class='ocrx_word' id='word_1_596' title='bbox 1103 5367 1179 5443; x_wconf 83' lang='lat' dir='ltr'><strong>Ita</strong></span> <span class='ocrx_word' id='word_1_597' title='bbox 1210 5368 1429 5443; x_wconf 78' lang='lat' dir='ltr'><strong>codices</strong></span> <span class='ocrx_word' id='word_1_598' title='bbox 1453 5385 1568 5425; x_wconf 82' lang='lat' dir='ltr'><strong>sex.</strong></span> <span class='ocrx_word' id='word_1_599' title='bbox 1590 5369 1731 5425; x_wconf 85' lang='lat' dir='ltr'><strong>Editi</strong></span> <span class='ocrx_word' id='word_1_600' title='bbox 1757 5369 2070 5443; x_wconf 79' lang='grc' dir='ltr'>εὑρόμενος.</span> 
     </span>
    </p>
   </div>
   <div class='ocr_carea' id='block_1_94' title="bbox 560 5436 1449 5510">
    <p class='ocr_par' dir='ltr' id='par_1_94' title="bbox 560 5436 1449 5510">
     <span class='ocr_line' id='line_1_95' title="bbox 560 5436 1449 5510; baseline 0.006 -21"><span class='ocrx_word' id='word_1_601' title='bbox 560 5438 674 5510; x_wconf 41' lang='lat' dir='ltr'><strong>(illi)</strong></span> <span class='ocrx_word' id='word_1_602' title='bbox 708 5438 990 5510; x_wconf 52' lang='lat' dir='ltr'><strong>Tomos-gn</strong></span> <span class='ocrx_word' id='word_1_603' title='bbox 1012 5436 1138 5510; x_wconf 71' lang='lat' dir='ltr'><strong>Harl</strong></span> <span class='ocrx_word' id='word_1_604' title='bbox 1149 5477 1162 5491; x_wconf 95' lang='lat'><strong>.</strong></span> <span class='ocrx_word' id='word_1_605' title='bbox 1173 5509 1179 5510; x_wconf 16' lang='grc' dir='ltr'><strong>γ</strong></span> <span class='ocrx_word' id='word_1_606' title='bbox 1192 5438 1449 5510; x_wconf 86' lang='grc' dir='ltr'>τοσούτῳ.</span> 
     </span>
    </p>
   </div>
   <div class='ocr_carea' id='block_1_95' title="bbox 564 5505 2071 5582">
    <p class='ocr_par' dir='ltr' id='par_1_95' title="bbox 564 5505 2071 5582">
     <span class='ocr_line' id='line_1_96' title="bbox 564 5505 2071 5582; baseline 0.004 -24"><span class='ocrx_word' id='word_1_607' title='bbox 564 5505 676 5575; x_wconf 61' lang='lat' dir='ltr'><strong>(“Ill</strong></span> <span class='ocrx_word' id='word_1_608' title='bbox 706 5507 932 5582; x_wconf 62' lang='grc' dir='ltr'><strong>Μιζφρζγ</strong></span> <span class='ocrx_word' id='word_1_609' title='bbox 962 5506 1049 5561; x_wconf 81' lang='grc' dir='ltr'><strong>δέ.</strong></span> <span class='ocrx_word' id='word_1_610' title='bbox 1089 5508 1255 5563; x_wconf 89' lang='lat' dir='ltr'><strong>Coisl.</strong></span> <span class='ocrx_word' id='word_1_611' title='bbox 1299 5505 1575 5565; x_wconf 80' lang='lat' dir='ltr'><strong>secundus</strong></span> <span class='ocrx_word' id='word_1_612' title='bbox 1605 5516 1659 5564; x_wconf 89' lang='lat' dir='ltr'><strong>et</strong></span> <span class='ocrx_word' id='word_1_613' title='bbox 1698 5509 1830 5582; x_wconf 83' lang='lat' dir='ltr'><strong>Reg.</strong></span> <span class='ocrx_word' id='word_1_614' title='bbox 1873 5525 2071 5566; x_wconf 83' lang='lat' dir='ltr'><strong>secun-</strong></span> 
     </span>
    </p>
   </div>
   <div class='ocr_carea' id='block_1_96' title="bbox 495 5573 976 5714">
    <p class='ocr_par' dir='ltr' id='par_1_96' title="bbox 495 5573 976 5714">
     <span class='ocr_line' id='line_1_97' title="bbox 495 5573 976 5646; baseline 0 -17"><span class='ocrx_word' id='word_1_615' title='bbox 495 5573 597 5629; x_wconf 74' lang='lat' dir='ltr'><strong>t&#39;lus</strong></span> <span class='ocrx_word' id='word_1_616' title='bbox 669 5573 831 5646; x_wconf 75' lang='grc' dir='ltr'>ικροῦ</span> <span class='ocrx_word' id='word_1_617' title='bbox 849 5576 976 5629; x_wconf 87' lang='grc' dir='ltr'>δεῖν.</span> 
     </span>
     <span class='ocr_line' id='line_1_98' title="bbox 565 5592 976 5714; baseline 0.01 -17"><span class='ocrx_word' id='word_1_618' title='bbox 565 5592 676 5714; x_wconf 54' lang='grc' dir='ltr'><strong>(ἓξ)</strong></span> <span class='ocrx_word' id='word_1_619' title='bbox 708 5642 976 5703; x_wconf 64' lang='grc' dir='ltr'>’Ἐδόκουι</span> 
     </span>
    </p>
   </div>
   <div class='ocr_carea' id='block_1_97' title="bbox 783 5645 2068 5719">
    <p class='ocr_par' dir='ltr' id='par_1_97' title="bbox 783 5645 2068 5719">
     <span class='ocr_line' id='line_1_99' title="bbox 783 5645 2068 5719; baseline 0.002 -16"><span class='ocrx_word' id='word_1_620' title='bbox 783 5645 1025 5703; x_wconf 76' lang='grc' dir='ltr'>ὅόκουν.</span> <span class='ocrx_word' id='word_1_621' title='bbox 1061 5647 1227 5703; x_wconf 87' lang='lat' dir='ltr'><strong>Addit</strong></span> <span class='ocrx_word' id='word_1_622' title='bbox 1268 5650 1440 5705; x_wconf 83' lang='lat' dir='ltr'><strong>codex</strong></span> <span class='ocrx_word' id='word_1_623' title='bbox 1484 5648 1634 5706; x_wconf 86' lang='lat' dir='ltr'><strong>Harl.</strong></span> <span class='ocrx_word' id='word_1_624' title='bbox 1673 5651 1760 5704; x_wconf 85' lang='grc' dir='ltr'><strong>τὸν</strong></span> <span class='ocrx_word' id='word_1_625' title='bbox 1787 5650 2068 5719; x_wconf 71' lang='grc' dir='ltr'>δύσκολον,</span> 
     </span>
    </p>
   </div>
   <div class='ocr_carea' id='block_1_98' title="bbox 2643 4702 3277 4771">
    <p class='ocr_par' dir='ltr' id='par_1_98' title="bbox 2643 4702 3277 4771">
     <span class='ocr_line' id='line_1_100' title="bbox 2643 4702 3277 4771; baseline 0.002 -14"><span class='ocrx_word' id='word_1_626' title='bbox 2643 4702 2922 4771; x_wconf 78' lang='grc' dir='ltr'>Λιϐάνιος</span> <span class='ocrx_word' id='word_1_627' title='bbox 2964 4704 3277 4768; x_wconf 71' lang='grc' dir='ltr'>Βασιλείᾳ).</span> 
     </span>
    </p>
   </div>
   <div class='ocr_carea' id='block_1_99' title="bbox 2241 4808 3756 4888">
    <p class='ocr_par' dir='ltr' id='par_1_99' title="bbox 2241 4808 3756 4888">
     <span class='ocr_line' id='line_1_101' title="bbox 2241 4808 3756 4888; baseline 0.004 -24"><span class='ocrx_word' id='word_1_628' title='bbox 2241 4809 2358 4865; x_wconf 85' lang='grc' dir='ltr'>Νῦν</span> <span class='ocrx_word' id='word_1_629' title='bbox 2406 4811 2576 4880; x_wconf 80' lang='grc' dir='ltr'>ἔγνων</span> <span class='ocrx_word' id='word_1_630' title='bbox 2630 4808 2771 4866; x_wconf 76' lang='grc' dir='ltr'>εἶναι</span> <span class='ocrx_word' id='word_1_631' title='bbox 2812 4813 2842 4868; x_wconf 83' lang='grc' dir='ltr'>ὃ</span> <span class='ocrx_word' id='word_1_632' title='bbox 2883 4813 3148 4884; x_wconf 81' lang='grc' dir='ltr'>λέγομαι’</span> <span class='ocrx_word' id='word_1_633' title='bbox 3200 4813 3491 4868; x_wconf 74' lang='grc' dir='ltr'>Βασιλείω</span> <span class='ocrx_word' id='word_1_634' title='bbox 3535 4817 3649 4888; x_wconf 82' lang='grc' dir='ltr'>γάρ</span> <span class='ocrx_word' id='word_1_635' title='bbox 3695 4831 3756 4886; x_wconf 78' lang='grc' dir='ltr'><strong>με</strong></span> 
     </span>
    </p>
   </div>
   <div class='ocr_carea' id='block_1_100' title="bbox 2171 4904 3756 4980">
    <p class='ocr_par' dir='ltr' id='par_1_100' title="bbox 2171 4904 3756 4980">
     <span class='ocr_line' id='line_1_102' title="bbox 2171 4904 3756 4980; baseline 0.003 -24"><span class='ocrx_word' id='word_1_636' title='bbox 2171 4904 2586 4969; x_wconf 77' lang='grc' dir='ltr'>ἐπαινέσαντος,</span> <span class='ocrx_word' id='word_1_637' title='bbox 2623 4907 2766 4959; x_wconf 84' lang='grc' dir='ltr'>κατὰ</span> <span class='ocrx_word' id='word_1_638' title='bbox 2798 4906 3016 4959; x_wconf 83' lang='grc' dir='ltr'>πάντων</span> <span class='ocrx_word' id='word_1_639' title='bbox 3047 4906 3155 4978; x_wconf 76' lang='grc' dir='ltr'><strong>ἔχω</strong></span> <span class='ocrx_word' id='word_1_640' title='bbox 3184 4906 3249 4960; x_wconf 77' lang='grc' dir='ltr'>τὰ</span> <span class='ocrx_word' id='word_1_641' title='bbox 3289 4908 3615 4980; x_wconf 75' lang='grc' dir='ltr'>νικητήρια.</span> <span class='ocrx_word' id='word_1_642' title='bbox 3656 4909 3756 4963; x_wconf 74' lang='grc' dir='ltr'>Καὶ</span> 
     </span>
    </p>
   </div>
   <div class='ocr_carea' id='block_1_101' title="bbox 2171 4993 3756 5068">
    <p class='ocr_par' dir='ltr' id='par_1_101' title="bbox 2171 4993 3756 5068">
     <span class='ocr_line' id='line_1_103' title="bbox 2171 4993 3756 5068; baseline -0.017 -1"><span class='ocrx_word' id='word_1_643' title='bbox 2171 4993 2268 5066; x_wconf 71' lang='grc' dir='ltr'><strong>τὴν</strong></span> <span class='ocrx_word' id='word_1_644' title='bbox 2294 4993 2475 5064; x_wconf 58' lang='grc' dir='ltr'>ψῆφον</span> <span class='ocrx_word' id='word_1_645' title='bbox 2511 4993 2791 5068; x_wconf 77' lang='grc' dir='ltr'>δεξαμένῳ</span> <span class='ocrx_word' id='word_1_646' title='bbox 2825 4995 2937 5068; x_wconf 69' lang='grc'>(25)</span> <span class='ocrx_word' id='word_1_647' title='bbox 2970 4997 3070 5067; x_wconf 83' lang='grc' dir='ltr'><strong>τὴν</strong></span> <span class='ocrx_word' id='word_1_648' title='bbox 3110 4996 3209 5066; x_wconf 87' lang='grc' dir='ltr'>σὴν</span> <span class='ocrx_word' id='word_1_649' title='bbox 3254 4995 3446 5048; x_wconf 75' lang='grc' dir='ltr'>ἔπεστί</span> <span class='ocrx_word' id='word_1_650' title='bbox 3495 5014 3588 5068; x_wconf 82' lang='grc' dir='ltr'><strong>μοι</strong></span> <span class='ocrx_word' id='word_1_651' title='bbox 3621 4996 3756 5067; x_wconf 77' lang='grc' dir='ltr'>βαδί-</span> 
     </span>
    </p>
   </div>
   <div class='ocr_carea' id='block_1_102' title="bbox 2178 5159 3755 5229">
    <p class='ocr_par' dir='ltr' id='par_1_102' title="bbox 2178 5159 3755 5229">
     <span class='ocr_line' id='line_1_104' title="bbox 2178 5159 3755 5229; baseline -0.003 -13"><span class='ocrx_word' id='word_1_652' title='bbox 2178 5159 2274 5216; x_wconf 86' lang='lat' dir='ltr'><strong>sed</strong></span> <span class='ocrx_word' id='word_1_653' title='bbox 2301 5160 2418 5214; x_wconf 73' lang='lat' dir='ltr'><strong>luce</strong></span> <span class='ocrx_word' id='word_1_654' title='bbox 2444 5159 2644 5217; x_wconf 81' lang='lat' dir='ltr'><strong>desunt</strong></span> <span class='ocrx_word' id='word_1_655' title='bbox 2667 5160 2721 5215; x_wconf 92' lang='lat' dir='ltr'><strong>in</strong></span> <span class='ocrx_word' id='word_1_656' title='bbox 2753 5160 2875 5215; x_wconf 88' lang='lat' dir='ltr'><strong>aliis</strong></span> <span class='ocrx_word' id='word_1_657' title='bbox 2904 5175 3040 5216; x_wconf 89' lang='lat' dir='ltr'><strong>mss.</strong></span> <span class='ocrx_word' id='word_1_658' title='bbox 3083 5168 3138 5216; x_wconf 77' lang='lat' dir='ltr'><strong>et</strong></span> <span class='ocrx_word' id='word_1_659' title='bbox 3165 5160 3350 5223; x_wconf 84' lang='lat' dir='ltr'><strong>editis.</strong></span> <span class='ocrx_word' id='word_1_660' title='bbox 3386 5169 3444 5216; x_wconf 87' lang='lat' dir='ltr'><strong>et</strong></span> <span class='ocrx_word' id='word_1_661' title='bbox 3468 5162 3537 5215; x_wconf 87' lang='lat' dir='ltr'><strong>ad</strong></span> <span class='ocrx_word' id='word_1_662' title='bbox 3563 5159 3755 5229; x_wconf 78' lang='lat' dir='ltr'><strong>margi-</strong></span> 
     </span>
    </p>
   </div>
   <div class='ocr_carea' id='block_1_103' title="bbox 2181 5231 3754 5302">
    <p class='ocr_par' dir='ltr' id='par_1_103' title="bbox 2181 5231 3754 5302">
     <span class='ocr_line' id='line_1_105' title="bbox 2181 5231 3754 5302; baseline -0.004 -16"><span class='ocrx_word' id='word_1_663' title='bbox 2181 5247 2303 5286; x_wconf 87' lang='lat' dir='ltr'><strong>nem</strong></span> <span class='ocrx_word' id='word_1_664' title='bbox 2328 5231 2462 5285; x_wconf 90' lang='lat' dir='ltr'><strong>satis</strong></span> <span class='ocrx_word' id='word_1_665' title='bbox 2493 5240 2616 5302; x_wconf 85' lang='lat' dir='ltr'><strong>apte</strong></span> <span class='ocrx_word' id='word_1_666' title='bbox 2640 5232 2839 5300; x_wconf 86' lang='lat' dir='ltr'><strong>posita,</strong></span> <span class='ocrx_word' id='word_1_667' title='bbox 2865 5233 3121 5286; x_wconf 88' lang='lat' dir='ltr'><strong>videntur</strong></span> <span class='ocrx_word' id='word_1_668' title='bbox 3148 5232 3200 5284; x_wconf 91' lang='lat' dir='ltr'><strong>in</strong></span> <span class='ocrx_word' id='word_1_669' title='bbox 3236 5232 3417 5302; x_wconf 79' lang='lat' dir='ltr'><strong>ipsum</strong></span> <span class='ocrx_word' id='word_1_670' title='bbox 3449 5240 3754 5287; x_wconf 78' lang='lat' dir='ltr'><strong>contextum</strong></span> 
     </span>
    </p>
   </div>
   <div class='ocr_carea' id='block_1_104' title="bbox 2185 5300 3754 5371">
    <p class='ocr_par' dir='ltr' id='par_1_104' title="bbox 2185 5300 3754 5371">
     <span class='ocr_line' id='line_1_106' title="bbox 2185 5300 3754 5371; baseline -0.001 -16"><span class='ocrx_word' id='word_1_671' title='bbox 2185 5303 2481 5371; x_wconf 81' lang='lat' dir='ltr'><strong>migrasse;</strong></span> <span class='ocrx_word' id='word_1_672' title='bbox 2516 5300 2610 5371; x_wconf 88' lang='lat' dir='ltr'><strong>sed</strong></span> <span class='ocrx_word' id='word_1_673' title='bbox 2645 5303 2955 5355; x_wconf 87' lang='lat' dir='ltr'><strong>necessaria</strong></span> <span class='ocrx_word' id='word_1_674' title='bbox 3005 5317 3113 5355; x_wconf 91' lang='lat' dir='ltr'><strong>non</strong></span> <span class='ocrx_word' id='word_1_675' title='bbox 3150 5300 3281 5356; x_wconf 81' lang='lat' dir='ltr'><strong>sunt</strong></span> <span class='ocrx_word' id='word_1_676' title='bbox 3335 5310 3391 5356; x_wconf 88' lang='lat' dir='ltr'><strong>et</strong></span> <span class='ocrx_word' id='word_1_677' title='bbox 3426 5302 3592 5359; x_wconf 82' lang='lat' dir='ltr'><strong>facile</strong></span> <span class='ocrx_word' id='word_1_678' title='bbox 3638 5316 3754 5368; x_wconf 85' lang='lat' dir='ltr'><strong>sup-</strong></span> 
     </span>
    </p>
   </div>
   <div class='ocr_carea' id='block_1_105' title="bbox 2224 5369 3754 5443">
    <p class='ocr_par' dir='ltr' id='par_1_105' title="bbox 2224 5369 3754 5443">
     <span class='ocr_line' id='line_1_107' title="bbox 2224 5369 3754 5443; baseline 0 -20"><span class='ocrx_word' id='word_1_679' title='bbox 2224 5369 2419 5425; x_wconf 82' lang='lat' dir='ltr'><strong>leiitur.</strong></span> <span class='ocrx_word' id='word_1_680' title='bbox 2452 5369 2665 5443; x_wconf 81' lang='lat' dir='ltr'><strong>Ibidem</strong></span> <span class='ocrx_word' id='word_1_681' title='bbox 2682 5370 2835 5436; x_wconf 86' lang='lat' dir='ltr'><strong>editi,</strong></span> <span class='ocrx_word' id='word_1_682' title='bbox 2864 5372 2955 5425; x_wconf 85' lang='grc' dir='ltr'><strong>τὸν</strong></span> <span class='ocrx_word' id='word_1_683' title='bbox 2988 5371 3132 5443; x_wconf 80' lang='grc' dir='ltr'>λάλῳ</span> <span class='ocrx_word' id='word_1_684' title='bbox 3161 5372 3407 5436; x_wconf 84' lang='grc' dir='ltr'>συνόντα,</span> <span class='ocrx_word' id='word_1_685' title='bbox 3432 5375 3536 5428; x_wconf 83' lang='lat' dir='ltr'><strong>sed</strong></span> <span class='ocrx_word' id='word_1_686' title='bbox 3564 5373 3754 5426; x_wconf 84' lang='lat' dir='ltr'><strong>articu-</strong></span> 
     </span>
    </p>
   </div>
   <div class='ocr_carea' id='block_1_106' title="bbox 2207 5441 2982 5511">
    <p class='ocr_par' dir='ltr' id='par_1_106' title="bbox 2207 5441 2982 5511">
     <span class='ocr_line' id='line_1_108' title="bbox 2207 5441 2982 5511; baseline 0.001 -16"><span class='ocrx_word' id='word_1_687' title='bbox 2207 5458 2269 5495; x_wconf 86' lang='lat' dir='ltr'><strong>us</strong></span> <span class='ocrx_word' id='word_1_688' title='bbox 2303 5443 2456 5494; x_wconf 82' lang='lat' dir='ltr'><strong>deest</strong></span> <span class='ocrx_word' id='word_1_689' title='bbox 2490 5443 2544 5494; x_wconf 94' lang='lat' dir='ltr'><strong>in</strong></span> <span class='ocrx_word' id='word_1_690' title='bbox 2576 5441 2822 5511; x_wconf 87' lang='lat' dir='ltr'><strong>quinque</strong></span> <span class='ocrx_word' id='word_1_691' title='bbox 2847 5458 2982 5498; x_wconf 91' lang='lat' dir='ltr'><strong>mss.</strong></span> 
     </span>
    </p>
   </div>
   <div class='ocr_carea' id='block_1_107' title="bbox 2252 5510 3751 5585">
    <p class='ocr_par' dir='ltr' id='par_1_107' title="bbox 2252 5510 3751 5585">
     <span class='ocr_line' id='line_1_109' title="bbox 2252 5510 3751 5585; baseline 0 -22"><span class='ocrx_word' id='word_1_692' title='bbox 2252 5512 2362 5581; x_wconf 74' lang='lat'><strong>(25)</strong></span> <span class='ocrx_word' id='word_1_693' title='bbox 2393 5510 2922 5585; x_wconf 44' lang='lat' dir='ltr'><strong>Asfayérqn&#39;COisl.</strong></span> <span class='ocrx_word' id='word_1_694' title='bbox 2953 5528 3161 5583; x_wconf 79' lang='lat' dir='ltr'><strong>primus</strong></span> <span class='ocrx_word' id='word_1_695' title='bbox 3178 5512 3406 5585; x_wconf 79' lang='lat' dir='ltr'><strong>etMed.</strong></span> <span class='ocrx_word' id='word_1_696' title='bbox 3451 5512 3751 5585; x_wconf 76' lang='grc' dir='ltr'>δεξάμενος.</span> 
     </span>
    </p>
   </div>
   <div class='ocr_carea' id='block_1_108' title="bbox 2180 5580 3754 5662">
    <p class='ocr_par' dir='ltr' id='par_1_108' title="bbox 2180 5580 3754 5662">
     <span class='ocr_line' id='line_1_110' title="bbox 2180 5580 3754 5662; baseline 0.001 -28"><span class='ocrx_word' id='word_1_697' title='bbox 2180 5580 2350 5662; x_wconf 44' lang='lat' dir='ltr'><strong>Pa‘ulo</strong></span> <span class='ocrx_word' id='word_1_698' title='bbox 2385 5593 2524 5662; x_wconf 49' lang='lat' dir='ltr'><strong>post</strong></span> <span class='ocrx_word' id='word_1_699' title='bbox 2545 5580 2723 5662; x_wconf 39' lang='lat' dir='ltr'><strong>Codex.</strong></span> <span class='ocrx_word' id='word_1_700' title='bbox 2756 5580 3093 5654; x_wconf 75' lang='lat' dir='ltr'><strong>Anglicanus</strong></span> <span class='ocrx_word' id='word_1_701' title='bbox 3120 5594 3175 5641; x_wconf 87' lang='lat' dir='ltr'><strong>et</strong></span> <span class='ocrx_word' id='word_1_702' title='bbox 3209 5584 3301 5639; x_wconf 87' lang='lat' dir='ltr'><strong>alii</strong></span> <span class='ocrx_word' id='word_1_703' title='bbox 3332 5580 3601 5640; x_wconf 75' lang='lat' dir='ltr'><strong>nonnulli</strong></span> <span class='ocrx_word' id='word_1_704' title='bbox 3629 5599 3754 5657; x_wconf 66' lang='grc' dir='ltr'>μετα</span> 
     </span>
    </p>
   </div>
   <div class='ocr_carea' id='block_1_109' title="bbox 2181 5650 2931 5724">
    <p class='ocr_par' dir='ltr' id='par_1_109' title="bbox 2181 5650 2931 5724">
     <span class='ocr_line' id='line_1_111' title="bbox 2181 5650 2931 5724; baseline 0.008 -21"><span class='ocrx_word' id='word_1_705' title='bbox 2181 5650 2413 5724; x_wconf 58' lang='lat' dir='ltr'><strong>detineo?)</strong></span> <span class='ocrx_word' id='word_1_706' title='bbox 2437 5650 2529 5705; x_wconf 75' lang='grc' dir='ltr'><strong>τοῦ</strong></span> <span class='ocrx_word' id='word_1_707' title='bbox 2561 5653 2731 5723; x_wconf 74' lang='grc' dir='ltr'>φρονή</span> <span class='ocrx_word' id='word_1_708' title='bbox 2742 5650 2931 5723; x_wconf 78' lang='grc' dir='ltr'>ματος.</span> 
     </span>
    </p>
   </div>
  </div>
