3874 6218
180 297 311 351 I097

956 298 1443 356 EPISTOLARUM
1466 296 1769 359 .CLASSIS
1804 296 1892 354 IlI.
1933 295 2153 353 EPIST.
2188 295 2502 373 CCCLYIII.

3282 295 3420 352 1098

173 438 285 506 ζειν
325 438 463 509 μετὰ
504 437 735 510 σοϐαροῦ
786 440 877 494 τοῦ
919 441 1267 512 βαδίσματος,
1297 436 1388 497 οἶά
1418 460 1501 509 τις
1530 443 1743 510 ἀλαζὼν
1775 495 1776 502 η

1863 442 2017 511 )et‘bo
2051 455 2243 511 gressu
2276 438 2550 501 incedere,
2590 437 2765 492 instar
2803 432 3043 490 numinis
3071 432 3421 504 jactantioris

170 529 297 593 τοὺς
345 528 555 592 πάντας
596 530 963 601 περιφρονῶν.
1009 532 1161 586 Ἐπεὶ
1192 529 1286 587 οὖν
1334 535 1429 588 καὶ
1469 536 1552 589 σοί¹
1605 537 1745 591 κατὰ

176 606 346 689 μέθης
385 619 543 688 λόγος
592 621 920 693 πεπόνηται,
968 622 1267 695 βουλόμεθα
1310 626 1485 698 τούτῳ
1520 644 1744 698 περιτυ-

170 714 306 781 χεῖν.
356 711 519 765 Ἀλλὰ
566 712 780 784 κομψὸν
828 714 927 785 μέν
973 733 1027 768 τι
1052 715 1232 784 λέγειν
1262 718 1362 770 οὐκ
1393 717 1592 771 ἐθέλω·
1625 719 1655 770 ὁ
1690 718 1748 772 δὲ

170 805 327 872 λόγος
357 804 545 875 ὀφθεὶς
573 805 771 873 διδάξει
814 824 882 878 με
914 808 1012 879 τὴν
1043 809 1137 862 τοῦ
1172 809 1351 878 λέγειν
1382 810 1495 881 (24)
1530 812 1745 884 τέχνην.

681 1043 1030 1100 ΕΠΙΣΤΟΛΗ
1068 1046 1236 1101 ΤΝΕ¹.

1852 547 2043 587 omnes
2083 530 2506 586 contemnentis.
2541 528 2810 596 Quoniam
2850 528 3018 599 igitur
3054 537 3109 582 et
3150 525 3265 596 ipse
3305 541 3425 580 ora-

1854 627 2058 680 tionem
2092 634 2282 679 contra
2309 624 2630 679 ebrietatem
2657 621 2975 688 elaborasti,
3021 636 3141 675 eam
3170 620 3422 674 volumus

1856 716 2053 786 legere.
2112 714 2325 771 Interea
2396 722 2578 769 tamen
2645 714 2811 784 lepidi
2866 712 3165 783 quidquam
3235 711 3423 766 dicere

1855 808 1983 860 nolo
2016 827 2029 861 :
2063 807 2155 861 sed
2191 809 2308 877 ipsa
2345 820 2431 862 me
2476 805 2674 871 oratio,
2708 806 2801 860 ubi
2850 820 2969 867 eam
2996 802 3205 868 videro,
3250 808 3424 856 artem

1855 897 2070 953 dicendi
2107 897 2345 952 docebit.

2305 1048 2639 1104 EPISTOLA
2678 1048 2898 1105 CCCLV
2912 1052 2951 1104 ⁶.

1242 1200 1459 1253 Libanius
1487 1199 1671 1252 Basilio
1690 1200 1876 1266 primas
1894 1202 2176 1268 eloquentia:
2197 1203 2368 1268 defert.

639 1281 917 1350 Λιϐάνιος
954 1286 1274 1349 Βασιλείᾳ).

239 1389 410 1467 'Apa,
447 1396 715 1462 Βασίλειε,
754 1398 827 1468 μὴ
859 1398 957 1462 τὰς
995 1398 1222 1470 Ἀθήνας
1249 1399 1436 1464 οἰκεῖς,
1467 1400 1562 1453 καὶ
1594 1398 1753 1472 λέλη-

171 1485 273 1552 θας
320 1489 585 1554 σεαυτόν;
647 1491 720 1543 Οὐ
774 1490 882 1560 γὰρ
939 1491 1050 1544 τῶν
1097 1492 1420 1564 Καισαρέων
1475 1494 1525 1546 οί
1568 1494 1753 1557 παῖδες

168 1579 344 1635 ταῦτα
392 1580 612 1635 ἀκούειν
648 1582 929 1652 ἠδύναντο.
992 1585 1058 1637 Ἣ
1091 1584 1307 1653 γλῶττα
1350 1586 1458 1657 γάρ
1509 1603 1599 1656 μοι
1631 1585 1754 1640 τού-

168 1689 280 1725 των
324 1671 452 1736 ἐθὰς
506 1674 607 1726 οὐκ
650 1668 752 1744 ἦν’
805 1674 920 1727 ἀλλ’
966 1674 1205 1746 ὡσπερεί
1247 1693 1369 1730 τινα
1401 1676 1645 1750 κρημνὸν
1677 1676 1752 1730 δι-

169 1764 467 1829 οδεύοντος,
500 1767 769 1838 πληγεῖσα
814 1769 881 1838 τῇ
930 1767 1059 1821 τῶν
1084 1768 1363 1839 ὀνομάτων
1411 1767 1751 1840 καινοτομίᾳ,

174 1856 298 1925 ἐμοί
326 1873 384 1909 τε
411 1856 486 1928 τῷ
514 1860 683 1931 πατρὶ
712 1859 862 1927 ἔλεγε
884 1877 899 1890 ·
927 1859 1129 1932 Πάτερ,
1159 1861 1260 1913 οὐκ
1285 1858 1553 1926 ἐδίδαξας.
1578 1862 1757 1933 Ὅμη-

177 1964 291 2018 ρος,
341 1941 498 2016 οὗτος
545 1952 706 2023 ἀνὴρ,
742 1952 878 2007 ἀλλὰ
906 1952 1153 2015 Πλάτων,
1198 1953 1312 2007 ἀλλ’
1358 1952 1754 2025 Ἀριστοτέλης,

2400 1288 2654 1344 Libauius
2684 1289 2910 1344 Basilio.

1923 1399 2226 1457 Athenisne
2275 1401 2514 1462 habitas,
2556 1400 2743 1466 Basili,
2788 1408 2842 1456 et
2877 1402 2956 1455 tui
3005 1401 3178 1471 ipsius
3219 1401 3423 1457 oblitus

1853 1491 1957 1546 es?
2000 1489 2120 1546 Non
2160 1490 2304 1545 enim
2343 1490 2766 1545 Cmsariensium
2813 1490 2910 1544 ﬁlii
2944 1490 3061 1544 huc
3090 1489 3283 1545 audire
3326 1505 3419 1560 po-

1854 1589 2097 1636 tuerunt.
2135 1580 2251 1636 Mea
2299 1580 2445 1635 enim
2478 1581 2662 1650 lingua
2714 1580 2800 1636 his
2856 1589 3077 1636 assueta
3109 1596 3217 1634 non
3257 1591 3418 1636 erat:

1856 1673 1953 1728 sed
1980 1675 2128 1727 velut
2165 1673 2221 1727 in
2249 1671 2514 1743 ρι’κοίρίιί
2551 1673 2787 1743 quodam
2817 1673 2937 1727 loco
2968 1672 3295 1736 incederem,
3325 1682 3443 1727 vo-'

1852 1782 1979 1822 cum
2014 1767 2258 1821 novitate
2293 1767 2567 1837 perculsa,
2594 1775 2648 1821 et
2681 1766 2816 1821 mihi
2856 1766 2997 1836 patri
3030 1766 3284 1820 diccbat:
3321 1762 3425 1818 I‘a-

1850 1868 1954 1924 ter,
1994 1861 2098 1916 ista
2142 1875 2252 1915 non
2286 1860 2566 1915 docuisti:
2605 1858 2876 1915 Ilomcrus
2909 1866 2994 1916 est
3027 1860 3116 1914 hic
3161 1859 3265 1920 vir,
3310 1858 3422 1911 imo

1850 1952 2028 2017 Plato,
2088 1955 2199 2007 imo
2256 1953 2603 2014 Aristoteles,
2661 1952 2772 2006 imo
2829 1949 3076 2014 Susario,
3134 1951 3229 2021 qui
3282 1951 3421 2005 nihil

173 2038 309 2093 ἀλλὰ
358 2041 669 2113 Σουσαρίων
699 2044 812 2113 (25)
849 2046 877 2098 ό
907 2044 977 2098 τὰ
1006 2045 1185 2099 πάντα
1214 2045 1595 2116 ἐπιστάμενος.
1644 2046 1756 2098 Καὶ

1863 2047 2149 2116 ignoravit.
2185 2044 2366 2115 Atque
2420 2044 2534 2098 hmc
2581 2043 2803 2114 quidem
2861 2044 3067 2114 lingua.
3123 2041 3203 2096 Tu
3257 2056 3421 2106 vero,

172 2129 349 2184 ταῦτα
383 2131 483 2202 μὲν
528 2133 561 2202 ἡ
606 2132 836 2201 γλῶττα.
875 2134 944 2187 Σὲ
977 2135 1034 2188 δὲ
1067 2134 1178 2207 εἴη,
1232 2134 1494 2200 Βασίλειε,
1532 2132 1757 2187 τοιαῦτα

1863 2129 2043 2196 Basili,
2068 2130 2229 2185 velim
2258 2128 2484 2184 laudare
2506 2144 2594 2183 me
2619 2128 2796 2199 possis
2818 2129 2890 2184 ub
2917 2129 3070 2182 talia.

174 2220 323 2289 ἡμᾶς
355 2222 618 2278 ἐπαινεῖν.

664 2358 1038 2414 ΕΠΙΣΤΟΛΗ’
1065 2359 1255 2425 TNG”.

2336 2347 2674 2404 EI’ISTOLA
2710 2349 2835 2404 CCC
2845 2348 2955 2403 LVI

652 2472 920 2538 Respondet
945 2471 1157 2524 Basilius
1179 2473 1395 2539 epistola:
1414 2467 1723 2537 pramdeuti,
1745 2478 1889 2531 seque
1909 2460 2204 2529 dissipatura
2235 2462 2529 2528 piscatorum
2549 2478 2653 2517 esse
2679 2463 2944 2530 proﬁtetur.

639 2581 958 2648 Βασίλειος
999 2583 1274 2648 Λιϐανίῳ.

247 2711 568 2783 Δεχομένοις
612 2713 709 2783 μὲν
741 2714 875 2785 ἡμῖν
903 2712 939 2766 ἃ
984 2716 1236 2785 γράφεις,
1267 2712 1443 2785 χαράν
1484 2713 1749 2766 ἀπαιτου-

175 2805 361 2875 μένοις
413 2805 470 2859 δὲ
525 2805 661 2877 πρὸς
707 2805 745 2860 ἃ
787 2806 1020 2877 γράφεις
1075 2806 1530 2871 ἁντεπιστέλλειν,
1578 2804 1748 2873 ἀγών.

174 2896 241 2947 Τί
271 2896 381 2967 γὰρ
407 2895 472 2951 ἂν
500 2897 749 2968 εἴποιμεν
778 2897 917 2970 πρὸς
947 2896 1119 2962 οὕτως
1145 2898 1526 2963 ἀττικίζουσαν
1578 2886 1751 2964 γλῶτ-

171 3002 295 3045 ταν,
329 2986 466 3058 πλὴν
502 2989 584 3041 ὅτι
627 2988 823 3043 ἁλιέων
868 2987 984 3060 εἰμὶ
1038 2987 1304 3061 μαθητὴς,
1355 2986 1603 3060 ὁμολογῶ
1655 2986 1750 3041 καὶ

173 3077 316 3146 φιλῶ
335 3093 349 3142 ;

687 3235 1036 3289 ΕΠΙΣΤΟΛΗ
1073 3233 1222 3288 TNZ'

2382 2572 2619 2627 Basilius
2653 2571 2897 2628 Libauio.

1925 2711 2058 2778 Qua:
2109 2710 2331 2773 scribis,
2395 2711 2609 2780 accipio
2661 2709 2880 2781 quidem
2924 2710 3078 2766 laetus
3109 2730 3121 2765 :
3152 2710 3245 2766 sed
3297 2711 3426 2766 dum

1855 2805 2049 2877 exigis,
2086 2815 2146 2858 ut
2194 2804 2259 2858 ad
2294 2817 2357 2858 ea
2413 2817 2534 2872 quas
2579 2801 2874 2872 scripsisti,
2927 2801 3250 2866 rescribam,
3305 2818 3427 2857 sum

1857 2898 2077 2952 anxius.
2111 2896 2251 2963 Quid
2298 2896 2444 2951 enim
2483 2894 2550 2948 ad
2580 2895 2823 2964 linguam
2866 2893 3004 2948 adeo
3034 2894 3423 2949 atticissantem

1853 2989 2110 3054 dixerim,
2148 2989 2251 3043 nisi
2292 3004 2378 3043 me
2410 2988 2744 3059 piscatorum
2777 2999 2900 3041 esse
2944 2985 3275 3057 discipulum
3304 3001 3428 3057 pro—

1854 3080 1998 3136 ﬁteri
2032 3095 2097 3134 ac
2131 3080 2374 3152 gaudere

2165 3230 2328 3303 462
2373 3228 2708 3287 EPISTULA
2744 3228 3018 3286 CCCLVII
3043 3232 3122 3285 “'.

666 3348 817 3412 Rogat
846 3346 1079 3397 Basiliam
1105 3344 1332 3397 Libanius
1351 3351 1403 3396 ut
1423 3343 1516 3397 sibi
1530 3356 1788 3395 maerorem
1811 3337 1965 3393 solvat
1988 3354 2053 3392 ea:
2073 3340 2241 3405 aliqua
2262 3338 2394 3390 illius
2414 3338 2621 3403 epistola
2641 3348 2934 3406 conceptum.

654 3456 933 3524 Λιϐάνιος
958 3458 1272 3526 Buculeio).

245 3587 315 3641 Τί
346 3587 531 3643 παθὼν
561 3589 841 3655 Βασίλειος
868 3591 1222 3664 ἐδυσχέρανεν
1262 3590 1324 3644 τὸ
1368 3590 1623 3662 γράμμα,
1651 3589 1750 3659 τῆς

174 3679 497 3749 φιλοσοφίας
523 3680 587 3734 τὸ
616 3678 940 3753 γνὼρισμας
995 3682 1214 3748 Παίζειν
1269 3682 1398 3754 παρ’
1440 3680 1595 3752 ὑμῶν
1644 3681 1752 3734 ὲδι-

170 3771 455 3843 δάχθημεν
474 3789 486 3802 ·
525 3773 639 3826 ἀλλ’
676 3774 826 3844 ὅμως
855 3772 926 3826 τὰ
954 3774 1182 3843 παίγνια
1233 3774 1428 3844 σεμνὰ,
1461 3773 1556 3827 καὶ
1587 3772 1750 3825 οἱονεὶ

171 3863 340 3935 πολιᾷ
376 3863 673 3934 πρέποντα.
716 3862 878 3917 Ἀλλὰ
924 3864 1063 3935 πρός
1097 3864 1197 3934 τῆς
1230 3863 1412 3933 φιλίας
1444 3864 1617 3934 αὐτῆς
1656 3864 1751 3916 καὶ

168 3948 285 4005 τῶν
332 3952 526 4006 κοινῶν
571 3953 884 4024 διατριϐῶν,
919 3953 1080 4007 λῦσόν
1128 3971 1217 4024 μοι
1259 3954 1359 4026 τὴν
1388 3953 1648 4026 ἀθυμίαν,
1681 3954 1751 4024 ἦν

174 4043 1751 4116 μοιὲτεκενήὲπιστολὴ...............οὐδὲν

168 4135 524 4206 διαφέρουσα.

682 4291 1029 4345 ΕΠΙΣΤΟΛΗ
1067 4290 1245 4344 TNH'.

2389 3449 2646 3505 Liban‘us
2681 3450 2910 3506 Basilio.

1924 3575 2068 3652 Quid
2100 3599 2301 3655 passus
2336 3584 2576 3640 Basilius
2620 3585 2848 3641 moleste
2893 3586 3019 3640 tulit
3050 3587 3277 3648 litteras,
3309 3588 3429 3656 phi-

1850 3677 2115 3748 losophiae
2142 3677 2467 3748 specimen?
2490 3676 2701 3733 Ludere
2729 3692 2759 3731 a
2792 3678 2948 3734 vobis
2980 3679 3160 3735 edocti
3195 3695 3385 3735 sumus
3411 3699 3426 3736 :

1851 3779 2234 3825 verumtamen
2278 3770 2493 3825 ludicra
2547 3771 2733 3842 gravia
2770 3781 2920 3838 sunt,
2961 3787 3025 3827 ac
3074 3774 3239 3828 veluti
3286 3774 3430 3827 cani-

1852 3862 1982 3918 tiem
2013 3861 2283 3918 decentia.
2334 3861 2445 3918 Sed
2482 3878 2580 3934 per
2627 3863 2922 3918 amicitiam
2968 3865 3139 3935 ipsam
3183 3880 3430 3920 commun-

1854 3970 2064 4024 nesque
2088 3955 2335 4021 scholas,
2366 3955 2501 4009 mihi
2534 3957 2684 4010 solve
2715 3969 3030 4022 maerorem,
3071 3972 3231 4026 quem
3262 3972 3429 4026 pepe-

1857 4047 1931 4099 rit
1967 4046 2101 4100 mihi
2126 4047 2396 4117 epistola,
2441 4062 2471 4100 a
2515 4087 2530 4100 .
2574 4088 2590 4102 .
2638 4088 2651 4102 .
2699 4088 2712 4103 .
2756 4086 2771 4101 .
2815 4086 2831 4103 .
2875 4090 2890 4103 .
2931 4063 3271 4119 nequaquam
3321 4047 3427 4102 dil-

1859 4137 2062 4195 ferens.

2248 4291 2585 4348 EPISTOLA
2622 4291 2911 4349 CCCLVIII
2933 4295 3039 4347 “".

430 4425 569 4478 Dolet
592 4423 816 4476 Libanius
836 4423 965 4490 quod
999 4437 1094 4474 non
1119 4421 1181 4473 sit
1202 4437 1312 4473 cum
1339 4423 1550 4482 Basilio;
1575 4424 1845 4490 gratulatur
1875 4422 2003 4489 quod
2030 4423 2265 4485 juvenum
2285 4435 2454 4472 curam
2476 4421 2706 4474 suadente
2729 4424 2912 4473 Alcimo
2932 4430 3211 4486 susceperit.

650 4533 927 4599 Λιϐάνιος
960 4532 1211 4586 Βασιλεῖ
1211 4551 1274 4598 ῳ.

260 4665 318 4721 Ὠ
359 4667 565 4739 χρόνων
610 4667 853 4730 ἐκείνων,
888 4669 946 4720 ὲν
973 4660 1055 4729 οἷς
1104 4667 1173 4719 τὰ
1206 4666 1381 4719 πάντα
1405 4661 1547 4737 ἦμεν
1591 4667 1757 4735 ἀλλή-

2387 4531 2640 4586 Libanius
2675 4533 2899 4587 Basilio.

1927 4668 1972 4724 Ο
2004 4674 2250 4739 tempora
2283 4668 2397 4731 illa,
2436 4670 2638 4739 quibus
2669 4682 2868 4726 cuneta
2908 4670 3140 4726 invicem
3184 4687 3425 4727 eramus.

171 4758 321 4822 Λοιςί
370 4758 485 4813 Νῦν
537 4756 876 4827 διῳκίσμεθα
924 4755 1173 4827 πικρῶςο
1219 4757 1377 4825 ὑμεῖς
1410 4756 1508 4827 μὲν
1542 4755 1755 4826 ἔχοντες

1863 4763 2014 4819 Nune
2065 4763 2260 4819 acerbe
2302 4764 2538 4833 sejuneti
2578 4779 2816 4822 sumus:
2850 4782 2947 4821 vos
2998 4765 3217 4835 quidem
3269 4767 3427 4822 vobis

169 4850 437 4921 ἀλλήλους
460 4867 475 4880 ·
534 4849 646 4918 ἐγὼ
693 4848 749 4901 δὲ
797 4846 912 4900 ἀνθ’
965 4846 1119 4917 ὑμῶν
1167 4842 1267 4899 οἶοί
1306 4863 1412 4918 περ
1457 4847 1612 4917 ὑμεῖς
1662 4846 1751 4899 οὐ·

1863 4864 2046 4908 mutuo
2080 4853 2273 4924 potiti;
2309 4868 2412 4923 ego
2439 4870 2572 4909 vero
2602 4870 2703 4925 pro
2727 4855 2886 4911 vobis
2912 4855 3184 4911 neminem
3218 4855 3425 4911 habens

167 4940 324 4997 δένα.
357 4940 459 4993 Τὸν
496 4938 555 4992 δὲ
600 4938 862 5009 Ἄλκιμον
895 4937 1077 4991 ἀκούω
1108 4936 1174 4989 τὰ
1200 4936 1334 4991 νέων
1371 4937 1429 4988 ὲν
1465 4940 1611 5006 γήρᾳ
1636 4935 1750 4988 τολ-

173 5035 307 5104 μᾷν,
335 5033 429 5085 καὶ
458 5030 594 5102 πρὸς
629 5031 726 5101 τὴν
764 5029 984 5101 Ῥώμην
1019 5028 1302 5092 πέτεσθαι,
1343 5027 1636 5099 περιθέντα
1666 5045 1750 5081 σοι

166 5123 268 5176 τὸν
297 5120 391 5174 τοῦ
440 5123 674 5174 συνεῖναι
716 5122 831 5182 τοῖς
860 5118 1166 5191 παιδαρίοις
1209 5120 1390 5172 πόνον.
1441 5119 1514 5171 Σὺ
1558 5117 1634 5181 δὲ,
1680 5116 1750 5170 τά

167 5229 232 5265 τε
282 5209 418 5265 ἄλλα
461 5210 635 5282 πρᾶός
671 5228 779 5275 τις,
829 5211 924 5264 καὶ
960 5209 1116 5263 τοῦτο
1155 5210 1322 5273 οἴσεις
1360 5209 1422 5263 οὐ
1461 5208 1747 5280 χαλεπῶς·

166 5302 297 5356 ἐπεὶ
328 5303 424 5356 καὶ
465 5304 597 5374 ἡμῖν
633 5301 727 5356 τοῦ
754 5304 962 5374 γράψαι
989 5303 1152 5356 ποότε
1162 5320 1251 5373 ρον
1275 5304 1375 5357 οὐκ
1404 5303 1562 5373 ἔσχες
1586 5303 1749 5374 χαλε-

170 5411 312 5456 πως.

389 5566 500 5645 ζοῦ
519 5567 736 5645 λέγειν.
769 5568 859 5645 S_i_e
879 5586 1013 5645 mss.
1033 5579 1260 5645 septem.
1273 5571 1429 5645 Editi
1443 5572 1537 5645 τοῦ
1559 5574 1740 5645 λόγου.

244 5636 754 5760 (25λΣουσαρίων.
788 5638 1073 5696 Medicaeus
1096 5636 1274 5697 codex
1310 5636 1636 5716 Eou'daplmv.

254 5711 274 5730 ‘
293 5707 444 5760 Alias
466 5706 620 5760 LLXI
655 5750 666 5760 .

293 5707 444 5765 Alias
466 5706 666 5764 CLXII.

493 5801 763 5863 Ρηιιοι.
810 5803 927 5865 GR.
960 5804 1223 5867 XXXII.

1850 4945 2018 5000 vestri
2046 4945 2304 5004 simile’m.
2339 4944 2511 5000 Porro
2537 4946 2805 5001 Alcimum
2841 4947 3005 5001 audio
3045 4962 3134 5001 res
3160 4948 3423 5017 juvenuln

1852 5037 1909 5091 in
1954 5045 2236 5093 senectute
2282 5036 2504 5104 audere,
2537 5045 2594 5093 et
2644 5038 2714 5093 ad
2744 5037 2973 5092 Romam
3020 5039 3224 5103 volare,
3267 5047 3422 5108 post.

1851 5142 2015 5197 quam
2063 5144 2189 5184 eum
2222 5129 2468 5184 laborem
2513 5129 2615 5183 tibi
2655 5128 2939 5200 imposuit,
2971 5139 3030 5185 ut
3077 5145 3201 5184 cum
3237 5131 3424 5200 pueris

1852 5235 2103 5277 maneas.
2138 5219 2218 5275 Tu
2254 5236 2405 5286 vero,
2439 5237 2564 5277 cum
2596 5223 2744 5277 circa
2776 5224 2880 5277 alia
2913 5239 3130 5295 quoque
3169 5237 3425 5279 mansne-

1854 5321 1946 5367 tus
1980 5313 2079 5375 sis,
2117 5312 2222 5367 hoc
2248 5313 2414 5368 etiam
2449 5329 2558 5368 non
2600 5329 2744 5384 aegre
2775 5314 2950 5381 feres;
2984 5315 3424 5385 quandoquidem

1859 5418 1960 5459 nec
1988 5404 2277 5459 molestum
2324 5405 2422 5461 tibi
2455 5405 2578 5472 fuit,
2620 5416 2681 5461 ut
2711 5407 2780 5462 ad
2820 5422 2921 5463 nos
2951 5410 3101 5479 prior
3128 5407 3424 5463 scriberes.

1927 5584 1971 5604 "
1999 5582 2148 5636 Alias
2175 5582 2410 5641 CLXIII-

1925 5653 2375 5779 :Ll‘iggotelerii
2407 5653 2731 5711 Monument.
2756 5654 2851 5711 Ec.
2883 5656 2975 5713 Gr,
3012 5666 3051 5711 ι,
3086 5655 3151 5721 Π,
3183 5672 3238 5726 ρ,
3266 5654 3353 5712 96,

2108 5740 2120 5776 ι
2163 5762 2181 5779 .

2108 5740 2181 5779 ια.

3022 5820 3097 5882 35
