3840 6226
447 306 468 362 Ι
480 306 583 364 θ99

880 412 1219 469 EPISTOLA
1260 411 1510 467 CCCle
1539 416 1576 465 '.

1815 299 1871 355 S.
1913 296 2154 354 BASlLll
2193 296 2410 352 MAGNI

3566 293 3711 349 H00

2637 407 2981 461 ΕΠΙΣΤΟΛΗ
3022 406 3064 459 Τ
3065 406 3171 460 NG’
3179 447 3192 461 .

502 554 757 611 Silentium
775 550 972 602 Libatu'o
987 551 1246 616 exprobrat
1267 549 1498 609 Basilius,
1517 562 1659 613 seque
1676 547 1745 599 ait
1767 547 2176 661 ιὶὸεηιενῃιὲίωευέη
2199 547 2485 606 volaturam,
2508 547 2552 597 si
2577 546 2769 607 ticeret;
2787 546 2871 595 sed
2902 558 3010 595 cum
3032 542 3084 595 id
3103 558 3197 595 non
3222 542 3378 605 liceat,
3395 556 3652 596 serum

2096 626 2120 659 r
2153 648 2164 659 .

2096 626 2164 659 re.

974 723 1209 778 Basilius
1238 721 1489 777 Libanio.

514 839 597 896 'l‘u
625 839 846 911 quidem
874 838 968 907 qui
1008 837 1317 891 universam
1351 843 1596 888 veterum
1628 841 1803 887 artem
1835 838 1929 885 tua
1956 829 2015 898 in

446 941 630 989 meme
657 928 1002 989 conclusisti,
1033 926 1225 981 tandiu
1255 925 1407 988 siles,
1436 924 1573 979 adeo
1603 930 1664 977 ut
1694 938 1763 977 ne
1797 922 1854 976 in
1881 920 2018 976 litte-

447 1025 526 1081 ris
548 1024 767 1094 quidem
800 1020 1005 1090 aliquid
1035 1019 1176 1074 lucri
1201 1016 1476 1073 concedas
1510 1016 1688 1071 nobis.
1713 1015 1830 1084 Ego
1863 1028 2012 1076 vero,

448 1118 496 1174 si
526 1124 643 1170 tuta
670 1114 808 1169 foret
841 1112 1044 1167 Daedali
1074 1126 1186 1173 ars,
1222 1109 1290 1164 ad
1319 1118 1371 1163 te
1398 1108 1695 1165 venissem.
1733 1105 2016 1160 fabricatis

450 1210 588 1265 Icari
641 1208 765 1262 alis.
810 1206 1067 1259 Attamen
1101 1203 1359 1274 quoniam
1394 1216 1504 1255 non
1539 1200 1668 1254 licet
1697 1212 1880 1253 ceram
1912 1197 2016 1251 soli

448 1302 821 1365 committere;
856 1312 955 1368 pro
974 1296 1160 1351 Icariis
1185 1297 1306 1352 alis.
1335 1294 1493 1350 mitto
1522 1294 1590 1349 ad
1615 1303 1666 1347 te
1699 1307 1981 1348 sermones
1999 1333 2014 1355 ,

447 1395 543 1466 qui
576 1393 868 1449 ostendant
919 1389 1213 1444 amicitiam
1247 1395 1513 1443 nostram.
1557 1384 1682 1441 Haec
1713 1391 2014 1440 est‘autem

448 1495 646 1542 natura
699 1497 1043 1544 sermonum,
1093 1489 1152 1535 ut
1200 1479 1397 1533 anima:
1444 1478 1747 1533 insidentes
1802 1489 2018 1529 amores

449 1577 778 1633 manifestos
810 1574 1036 1628 iaciant.
1070 1573 1249 1641 Atque
1282 1570 1400 1625 haec
1449 1570 1670 1641 quidem
1712 1581 2012 1625 sermones.

450 1668 533 1723 Tu
557 1682 689 1723 vero
746 1664 1039 1720 adduxeris
1092 1677 1188 1718 eos
1231 1675 1564 1733 quocunque
1614 1659 1804 1726 voles;
1857 1667 2018 1727 atque

450 1761 619 1815 tantis
652 1759 860 1815 viribus
892 1755 1174 1826 praeditus,
1205 1762 1376 1811 taces.
1410 1753 1613 1809 Verum
1640 1751 1707 1806 ad
1748 1764 1851 1805 nos
1880 1764 2020 1818 quo-

448 1869 555 1921 que
582 1865 895 1908 sermonum
922 1848 1101 1904 fontes
1132 1846 1392 1911 transfer,
1424 1845 1521 1917 qui
1550 1861 1617 1900 ex
1644 1858 1739 1900 ore
1766 1850 1862 1896 tuo
1891 1855 2019 1911 pro-

449 1945 648 2001 ﬂuunt.

896 2075 1235 2134 EPISTOLA
1274 2072 1569 2130 CCCLX“.

2048 725 2095 781 Α

2590 718 2909 780 Βασίλειος
2953 717 3209 779 Λιϐανίῳ

2187 832 2259 884 Σὺ
2296 832 2395 903 μὲν
2437 831 2568 903 ὅλην
2593 832 2691 904 τὴν
2734 832 2844 885 τῶν
2872 829 3117 886 παλαιῶν
3153 831 3350 902 τέχνην
3382 831 3440 883 ὲν
3468 832 3539 901 τῇ
3576 847 3714 885 cau-

2114 923 2210 976 τοῦ
2256 924 2623 987 κατακλείσας
2671 924 2899 994 διανοίᾳ,
2931 922 3186 976 τοσοῦτον
3232 923 3409 993 σιγᾷς,
3455 922 3535 985 ὡς
3585 923 3711 993 μηδ’

2116 1017 2176 1068 ἐν
2217 1015 2525 1078 ἐπιστολαῖς
2556 1018 2687 1086 ἡμῖν
2718 1015 2919 1069 διδόναι
2950 1033 3001 1069 τι
3047 1014 3373 1085 κερδαίνειν.
3434 1013 3588 1083 Ἐγὼ
3626 1015 3709 1075 δὲ,

2117 1106 2274 1174 εἰπερ
2323 1100 2392 1173 ἦν
2446 1104 2688 1171 ἀσφαλὲς
2738 1106 2771 1176 ὴ
2821 1105 2913 1157 τοῦ
2965 1102 3286 1158 διδασκάλου
3339 1101 3451 1173 (26)
3513 1103 3709 1173 τέχνη.

2115 1194 2280 1269 ἦλθον
2331 1198 2399 1252 ἂν
2448 1198 2602 1269 παρὰ
2641 1198 2746 1257 σοὶ.
2793 1197 3155 1267 ποιησόμενος
3212 1195 3424 1265 Ἰκάρου
3476 1195 3707 1265 πτερόν.

2129 1291 2269 1345 Ἀλλ’
2312 1293 2459 1361 ὅμως
2507 1290 2692 1363 ἐπειδὴ
2725 1289 2827 1342 οὐκ
2854 1288 2968 1341 ἔστι
3014 1285 3306 1340 πιστεῦσαι
3341 1285 3477 1358 ἡλίῳ
3508 1287 3709 1356 κηρὸν,

2116 1385 2238 1437 ἀντὶ⁷
2292 1383 2398 1436 τῶν
2459 1383 2669 1454 Ἰκάρου
2714 1379 2959 1450 πτερῶν,
3009 1377 3308 1431 ἐπιστέλλω
3357 1393 3440 1429 σοι
3486 1376 3708 1442 λόγους,

2117 1475 2429 1537 δεικνύντας
2482 1474 2582 1543 τὴν
2639 1471 2913 1543 ἡμετέραν
2956 1468 3156 1538 φιλίαν.
3209 1466 3375 1529 Φύσις
3402 1466 3462 1519 δὲ
3498 1466 3703 1533 λόγων,

2122 1565 2400 1636 μηνύουσα
2432 1563 2558 1626 τοὺς
2587 1562 2729 1616 κατὰ
2761 1560 2939 1632 ψυχὴν
2966 1559 3195 1630 ἔρωτας.
3225 1557 3337 1611 Καὶ
3375 1556 3561 1610 ταῦτα
3609 1557 3709 1626 μὲν

2118 1659 2167 1710 oi
2210 1655 2376 1724 λόγοι.
2411 1653 2484 1706 Σὺ
2533 1653 2732 1713 αὐτοὺς
2763 1652 2917 1719 ἄγοις
2967 1651 3101 1703 ὅπου
3145 1647 3355 1719 βούλει·
3402 1649 3502 1700 καὶ
3552 1646 3709 1717 τηλι-

2120 1748 2311 1801 κοῦτον
2342 1738 2544 1817 κράτος
2570 1743 2925 1813 κεκτημένος,
2958 1742 3188 1812 σιωπᾷς.
3235 1738 3397 1792 Ἀλλὰ
3425 1739 3707 1809 μετάστη-

2122 1858 2212 1894 σον
2237 1841 2329 1893 καὶ
2355 1840 2440 1908 ἐφ’
2466 1838 2612 1909 ἡμᾶς
2653 1837 2754 1899 τὰς
2779 1835 2887 1889 ἀπὸ
2915 1833 3010 1887 τοῦ
3047 1832 3314 1904 στόματός
3343 1848 3441 1884 σου
3476 1830 3590 1883 τῶν
3614 1830 3707 1883 λό-

2120 1950 2231 1988 γων
2258 1932 2459 2001 πηγάς.

2656 2057 3002 2111 ΕΠΙΣΤΟΛΗ
3051 2054 3170 2108 TE’.

976 2188 1048 2239 De
1069 2191 1234 2237 sancta
1259 2181 1496 2233 Trinitate
1518 2187 1562 2233 et
1586 2176 1944 2237 Incarnatione,
1964 2181 2240 2228 sanctorum
2263 2170 2574 2232 invocatione,
2594 2183 2854 2234 eorumque
2874 2167 3159 2235 imaginibus

680 2295 765 2350 Ea:
785 2292 1012 2366 epistola
1040 2291 1110 2346 ad
1134 2291 1415 2346 Iulianum
1453 2291 1781 2359 Apostatam.

526 2463 840 2520 Secundum
890 2462 1299 2517 immaculatam
1349 2460 1509 2515 ﬁdem
1555 2459 2019 2525 Christianorum,

451 2572 616 2629 quam
657 2556 926 2611 divinitus
968 2567 1165 2607 sumus
1195 2551 1378 2607 sortiti
1425 2551 1714 2615 conﬁteor,
1766 2558 1821 2605 et
1849 2557 2024 2605 testor

452 2665 539 2703 me
564 2648 789 2703 credere
822 2647 877 2700 in
914 2662 1084 2700 unum
1114 2644 1284 2700 Deum
1312 2643 1528 2699 Patrem
1571 2645 2019 2715 omnipotentem,

456 2740 627 2796 Deum
653 2739 894 2802 Patrem,
931 2737 1101 2793 Deum
1135 2737 1351 2803 Filium,
1394 2735 1562 2792 Deum
1600 2735 1864 2808 Spiritum
1895 2752 2025 2791 san-

453 2840 604 2885 ctum
635 2850 649 2886 :
682 2846 849 2885 unum
882 2828 1074 2893 Deum,
1104 2829 1209 2883 tria
1254 2827 1426 2883 adoro
1456 2836 1511 2883 et
1540 2829 1808 2899 gloriﬁco.
1839 2827 2024 2882 Conli-

453 2929 572 2977 teor
599 2930 777 2975 autent
806 2930 860 2976 et
885 2920 1009 2974 Filii
1044 2921 1102 2974 in
1135 2935 1305 2975 carne
1332 2921 1816 2990 dispensationem,
1845 2928 1900 2975 et
1928 2920 2021 2976 Dei

459 3015 791 3071 Genitricem
824 3024 1070 3070 sanctam
1108 3014 1353 3077 Mariam,
1388 3030 1509 3084 qua:
1536 3015 1686 3069 illum
1719 3018 2020 3070 secundum

455 3122 675 3162 carnem
711 3107 943 3178 peperit.
976 3106 1230 3176 Suscipio
1257 3116 1436 3160 autem
1465 3114 1520 3161 et
1551 3113 1772 3161 sanctos
1803 3115 2025 3177 aposto-

455 3199 560 3263 los,
592 3200 890 3269 prophetas
932 3208 987 3252 et
1016 3206 1322 3269 martyres;
1354 3205 1409 3252 et
1443 3198 1509 3252 ad
1543 3198 2021 3268 supplicationem,

453 3306 576 3360 quae
608 3289 667 3343 iit
696 3288 829 3355 Deo,
858 3288 959 3343 bos
994 3289 1209 3351 invoco,
1238 3297 1298 3341 ut
1330 3303 1425 3357 per
1457 3304 1577 3351 eos,
1613 3289 1668 3343 id
1711 3297 1816 3351 est,
1847 3289 2023 3343 inter-

453 3382 767 3438 ventionem
795 3395 1009 3442 eorum,
1049 3382 1318 3450 propitius
1341 3380 1502 3452 463
1533 3380 1664 3434 mihi
1696 3380 1769 3435 sit
1807 3382 2026 3437 miseri-

454 3489 584 3531 cors
621 3472 785 3538 Deus,
832 3479 887 3527 et
928 3473 1253 3528 delictorum
1303 3474 1436 3525 mihi
1488 3472 1793 3542 redemptio
1827 3472 1940 3535 (lat,
1970 3481 2024 3529 et

453 3564 818 3622 condonetur.
852 3562 1010 3619 Unde
1042 3571 1097 3619 et
1118 3563 1466 3620 characteres
1510 3564 1805 3634 imaginum
1834 3580 2024 3619 eorum

2055 2291 2098 2345 Β
2138 2281 2238 2335 Ἐκ
2276 2279 2387 2348 τῆς
2434 2277 2767 2346 ἐπιστολῆς
2801 2278 2988 2333 αὑτοῦ
3025 2277 3174 2347 πρὸς
3223 2278 3559 2333 Ἱουλιανὸν
3604 2280 3717 2334 τὸν·

2739 2348 3107 2417 παραϐάτην.

2195 2461 2353 2515 Κατὰ
2378 2462 2479 2534 τὴν
2515 2460 2698 2515 θεόθεν
2730 2458 3246 2531 ἐπικεκληρωμένην
3286 2462 3420 2530 ἡμῖν
3465 2458 3717 2531 ἀμώμηο

2121 2569 2213 2607 τον
2253 2551 2435 2606 πίστιν
2484 2550 2591 2604 τῶν
2624 2550 2967 2622 Χριστιανῶν
2998 2551 3245 2622 ὁμολογῶ
3273 2550 3368 2604 καὶ
3411 2549 3718 2619 συντίθημι

2122 2642 2401 2697 πιστεύειν
2429 2643 2511 2707 εἰς
2537 2643 2637 2697 ἕνα
2668 2643 2801 2696 Θεὸν
2838 2642 3058 2712 Πατέρα
3092 2642 3525 2713 παντοκράτορα,
3578 2642 3720 2695 Θεὸν

2120 2736 2213 2789 τὸν
2265 2734 2480 2806 Πατέρα
2504 2776 2520 2801 ,
2565 2733 2699 2789 Θεὸν
2744 2733 2837 2786 τὸν
2884 2733 3044 2797 nev,
3093 2732 3225 2787 Θεὸν
3273 2731 3335 2785 τὸ
3379 2731 3616 2802 Πνεῦμα
3658 2733 3721 2785 τὸ

2125 2828 2317 2897 ἅγιον·
2363 2827 2460 2880 ἕνα
2498 2825 2665 2889 Θεὸν,
2710 2823 2781 2878 τὰ
2826 2825 2955 2895 τρία
3005 2823 3294 2894 προσκυνῶ
3340 2825 3435 2877 καὶ
3476 2823 3718 2889 δοξάζω.

2134 2920 2416 2991 Ὀμολογῶ
2446 2919 2502 2973 δὲ
2530 2919 2625 2973 καὶ
2656 2919 2757 2990 τὴν
2787 2918 2882 2971 τοῦ
2916 2916 3046 2970 Υίοῦ
3083 2916 3342 2987 ένσαρκον
3371 2917 3715 2985 οἰκονομίαν,

2124 3012 2218 3065 καὶ
2242 3011 2504 3065 Θεοτόκον
2537 3011 2636 3081 τὴν
2661 3010 2808 3064 κατὰ
2845 3010 3024 3081 σάρκα
3065 3008 3330 3062 τεκοῦσαν
3360 3007 3525 3060 αὑτὸν
3550 3008 3717 3075 ἁγίαν

2124 3106 2364 3178 Μαρίαν.
2407 3107 2646 3177 Δέχομαι
2689 3106 2747 3159 δὲ
2795 3107 2890 3159 καὶ
2943 3106 3070 3169 τοὺς
3125 3105 3312 3172 ἁγίους
3351 3105 3715 3166 ἀποστόλους.

2126 3203 2430 3270 προφήτας,
2483 3198 2576 3252 καὶ
2620 3198 2923 3270 μάρτυρας,
2978 3198 3070 3250 καὶ
3121 3198 3201 3259 εἰς
3245 3196 3343 3266 τὴν
3395 3197 3536 3267 πρὸς
3581 3197 3714 3249 Θεὸν

2129 3289 2336 3342 ἱκεσίαν
2378 3289 2604 3353 τούτους
2653 3289 3041 3359 ἐπικαλοῦμαι,
3072 3288 3165 3341 τοῦ
3206 3289 3273 3341 δι’
3303 3289 3507 3352 αὐτῶν,
3544 3291 3716 3357 ἤγουν

2124 3379 2213 3433 διὰ
2238 3382 2335 3451 τῆς
2363 3381 2641 3450 μεσιτείας
2668 3380 2865 3442 αὐτῶν,
2904 3379 3063 3433 ἵλεων
3093 3397 3182 3450 μοι
3225 3380 3482 3448 γενέσθαι
3506 3382 3604 3434 τὸν
3628 3399 3715 3450 φι-

2125 3473 2442 3544 λάνθρωπον
2485 3475 2637 3533 Θεὸν.
2684 3475 2777 3527 καὶ
2820 3473 3014 3544 λύτρον
3061 3491 3152 3543 μοι
3196 3473 3304 3526 τῶν
3349 3476 3714 3545 πταισμάτων

2127 3566 2378 3634 γενέσθαι
2428 3567 2525 3620 καὶ
2571 3566 2788 3637 δοθῆναι
2810 3584 2824 3598 ·
2868 3568 2989 3621 ὅθεν
3041 3569 3137 3621 καὶ
3181 3568 3307 3630 τοὺς
3353 3572 3713 3639 χαρακτῆρας

453 3657 667 3713 honoro
695 3664 751 3712 et
790 3657 1014 3711 osculor
1051 3654 1270 3719 eximie,
1304 3669 1432 3708 cum
1482 3654 1565 3709 ba:
1606 3656 1823 3709 tradita:
1850 3655 1963 3711 sint
1994 3670 2018 3708 a

2131 3655 2237 3711 τῶν
2266 3656 2487 3711 εἰκόνων
2513 3658 2694 3711 αὐτῶν
2718 3658 2865 3729 τιμῶ
2906 3660 3003 3713 καὶ
3052 3660 3364 3730 προσκυνῶ,
3414 3663 3540 3714 κατ’
3570 3662 3698 3727 siut.

454 3747 663 3803 sanctis
705 3746 992 3817 apostolis,
1023 3760 1124 3800 nec
1154 3747 1266 3800 sint
1296 3745 1609 3815 prohibitor,
1659 3747 1772 3800 imo
1809 3748 1866 3801 in
1905 3762 2025 3801 om-

454 3842 617 3897 nibus
639 3840 891 3895 ecclesiis
920 3840 1128 3895 nostris
1157 3838 1387 3910 depictas
1415 3839 1548 3895 sint.

884 4083 1221 4141 EPISTOLA
1250 4083 1590 4142 CCCLXI‘“.

2130 3764 2284 3820 ρετον
2336 3748 2543 3803 τούτων
2591 3749 3041 3822 παραδεδομένων
3085 3754 3152 3806 ὲκ
3205 3751 3315 3806 τῶν
3359 3754 3539 3821 ἁγίων
3584 3756 3716 3808 ἁπο-

2132 3840 2354 3905 στόλων,
2377 3845 2472 3896 καὶ
2496 3844 2595 3896 οὐκ
2624 3846 2905 3915 ὰπηγορευ
2913 3844 3108 3914 μένων,
3132 3844 3247 3898 ἀλλ’
3275 3847 3332 3898 ἐν
3366 3845 3578 3911 πάσαις
3598 3851 3715 3909 tui;

2132 3933 2447 4004 ἐκκλησίαις
2476 3939 2509 4008 ἡ
2519 3936 2635 4007 μῶν
2665 3936 2870 3990 τούτων
2898 3938 3389 4009 ἀνιστορουμένων.

2647 4096 2761 4153 ΕΠ]
2769 4099 2994 4152 ΣΤΟΛΗ
3023 4097 3188 4153 ΤΞΑθ.

452 4196 786 4264 Mum“
806 4195 2283 4283 ﬁeri?.Eﬁil‘i'jtﬁ‘flﬁ.41.”:i€.€!.itﬁff93{‘w,r_9€etrﬁ§
2296 4220 2354 4283 ac,
2374 4206 2899 4283 tecmbsmialia
2912 4222 2971 4260 αο
3003 4208 3095 4261 sibi
3115 4207 3274 4283 simile
3297 4207 3402 4283 ξεηε
3423 4208 3717 4261 “istm

815 4262 991 4323 [utetur
1013 4260 1167 4322 magis
1188 4260 1380 4323 placere
1404 4272 1550 4322 quam
1567 4260 1980 4314 consubstatuiate.
2003 4266 2290 4330 Gregorium
2307 4268 2527 4320 sodalem
2550 4285 2660 4321 cum
2690 4260 2971 4332 parentibus
2992 4260 3095 4322 esse
3133 4269 3335 4321 nuntiat.

1063 4367 1397 4433 Apolinario.

521 4478 751 4534 Domino
805 4494 923 4533 meo
987 4478 1441 4535 reverendissimo
1473 4480 1817 4551 Apolinario,
1867 4482 2023 4539 Basi-

449 4572 579 4627 lius.
621 4571 791 4626 Antea
828 4570 1046 4641 quidem
1110 4571 1178 4625 ad
1226 4580 1277 4626 te
1306 4572 1375 4627 de
1431 4572 1566 4627 locis
1611 4572 2021 4644 Scripturarum

451 4664 704 4717 obscuris
755 4662 1077 4732 scripsimus
1111 4701 1126 4726 ,
1186 4669 1242 4717 et
1315 4664 1493 4733 gavisi
1544 4679 1735 4720 sumus
1795 4673 1909 4719 tum
1951 4666 2019 4719 de

448 4754 902 4823 responsionibus
933 4754 1064 4817 tuis,
1106 4762 1220 4807 tum
1263 4753 1330 4809 de
1362 4755 1669 4823 promissis.
1707 4754 1867 4810 Nune
1891 4771 2020 4810 vero

448 4845 625 4913 major
672 4845 831 4899 nobis
863 4845 1011 4899 circa
1050 4844 1257 4914 majora
1298 4860 1430 4899 cura
1461 4845 1746 4910 incumbit,
1809 4848 1864 4901 in
1913 4863 2021 4917 qua

2712 4378 3124 4447 ἈπολιναρΙῳ.

2200 4484 2291 4556 Τῷ
2318 4486 2551 4559 δεσπότῃ
2586 4505 2688 4558 μου
2721 4488 3130 4560 αἰδεσιμωτάτῳ
3178 4489 3569 4560 ’Δπολιναρίῳ,
3605 4492 3713 4544 Βα-

2129 4574 2342 4637 σίλειος.
2397 4577 2668 4648 Πρότερον
2694 4579 2794 4648 μέν
2821 4596 2903 4632 σοι
2930 4580 3059 4651 περ)⁵
3093 4578 3201 4633 τῶν
3224 4580 3282 4631 ὲν
3309 4583 3432 4643 ταῖς
3466 4580 3714 4651 Γραςαῖς

2125 4667 2351 4737 ἀσαφῶν
2395 4668 2809 4741 ὲπεστέλλομεν,
2873 4672 2969 4725 καὶ
3028 4672 3464 4744 ηὑφραινόμεθα.
3509 4669 3597 4737 οἷς
3653 4690 3712 4726 τε

2122 4757 2389 4829 ἔπεμπες,
2412 4755 2494 4821 οἷς
2516 4777 2575 4812 τε
2622 4760 2904 4832 ὑπισχνοῦ.
2934 4761 3047 4815 Νῦν
3083 4762 3141 4815 δὲ
3175 4763 3378 4832 μείζων
3406 4766 3542 4834 ἡμῖν
3568 4765 3711 4835 ὑπὲρ

2127 4848 2387 4920 μειζόνων
2416 4850 2449 4919 ἡ
2473 4851 2692 4921 φροντὶς
2720 4850 3114 4923 προσελήλυθεν
3133 4894 3145 4913 ,
3181 4853 3259 4915 εἰς
3287 4853 3355 4922 ἣν
3375 4852 3570 4907 οὐδένα
3593 4855 3709 4907 ’ἐτε-

446 4937 614 4991 alium
691 4937 962 4991 neminem
1034 4935 1177 4991 inter
1227 4936 1393 5007 hujus
1442 4939 1707 5008 temporis
1763 4940 2017 4995 homines

2131 4958 2216 5010 ρον
2254 4940 2448 5011 ἔχομεν
2478 4943 2535 4995 ὲν
2565 4945 2676 5006 τοῖς
2707 4942 2801 4995 νῦν
2832 4941 3158 5014 ἀνθρώποις,
3184 4942 3428 4996 τοιοῦτον
3451 4946 3707 4999 κοινωνὸν

446 5025 753 5090 habemus,
803 5025 1073 5095 ejusmodi
1119 5036 1432 5083 consortem
1485 5037 1542 5084 et
1594 5030 2015 5097 auxiliatorem,

444 5118 514 5174 ad
553 5133 713 5188 quem
755 5133 1135 5180 recurramus,
1185 5119 1400 5189 qualem
1447 5130 1499 5176 te
1530 5122 1708 5177 ‘nobis
1742 5121 1890 5178 Deus
1919 5122 2016 5179 de-

444 5210 558 5272 dit,
593 5216 648 5263 et
677 5207 911 5263 scientia
950 5223 1315 5279 sermoneque
1363 5221 1707 5277 accuratum,
1740 5214 2016 5284 simulque

443 5314 671 5355 accessu
733 5298 968 5354 facilem.
1026 5298 1164 5353 Cum
1221 5316 1354 5371 ergo
1388 5302 1423 5356 ii
1456 5304 1550 5373 qui
1582 5313 1783 5359 cuncta
1813 5306 2016 5375 permi-

441 5397 633 5449 scent.
674 5403 740 5445 ac
777 5391 1122 5447 sermonibus
1149 5394 1659 5468 quaestionibusque
1695 5396 1885 5453 orbem
1930 5413 2019 5454 re-

515 5581 1272 5669 1λῐῆξοφοιειεςῇίΙιοηιιηιειιι.
1304 5592 1454 5652 Eccl.
1492 5593 1588 5653 Gr.
1622 5603 1664 5653 t.
1706 5596 1772 5665 ll,
1797 5612 1855 5669 p.
1887 5597 1977 5654 97.

518 5656 560 5676 “
582 5652 733 5709 Alias
759 5657 914 5715 CCV.

2125 5034 2221 5087 καὶ
2254 5034 2562 5103 προστάτην
2583 5032 3032 5095 ἐπικαλέσασθαι,
3057 5034 3240 5087 ὁποῖόν
3271 5051 3331 5086 σε
3356 5036 3450 5089 καὶ
3479 5037 3538 5088 ὲν
3571 5033 3707 5104 γνώ-

2126 5141 2208 5178 σει
2259 5124 2354 5177 καὶ
2411 5125 2471 5177 ὲν
2522 5124 2667 5196 λόγῳ
2694 5124 2897 5195 ἀκριϐῆ
2938 5142 2999 5177 τε
3029 5124 3166 5195 ὁμοῦ
3203 5126 3298 5178 καὶ
3331 5126 3706 5199 εὐπρόσιτονό

2122 5214 2253 5278 Θεὸς
2286 5216 2417 5286 ἡμῖν
2446 5215 2777 5287 ἐδωρήσατο.
2820 5216 2972 5269 Ἐπεὶ
3004 5212 3099 5270 οὖν
3137 5219 3187 5271 οἱ
3217 5218 3396 5271 πάντα
3418 5218 3701 5290 φύροντες,

2122 5306 2216 5360 καὶ
2261 5308 2434 5375 λόγων
2484 5306 2578 5359 καὶ
2626 5304 2953 5377 ζητημάτων
2990 5306 3089 5380 τὴν
3135 5310 3462 5379 οἰκουμένην
3494 5308 3703 5379 ἐμπλή-

2123 5414 2334 5462 σαντες,
2356 5398 2420 5451 τὸ
2442 5396 2543 5469 τῆς
2560 5398 2748 5462 οὐσίας
2776 5399 2970 5470 ὸνομα,
2992 5399 3068 5464 ὡς
3092 5399 3373 5470 ἀλλότριον
3399 5400 3512 5455 τῶν
3542 5399 3699 5454 θείων

2191 5599 2257 5622 ’θ’
2297 5596 2373 5666 Ex
2408 5595 2649 5651 Monum.
2682 5594 2830 5650 Eccl.
2865 5593 2958 5649 Gr.
2991 5602 3031 5648 t.
3062 5592 3129 5661 ll,
3158 5611 3210 5666 p.
3238 5593 3328 5651 84.

2158 5710 2167 5720 .
2192 5666 2307 5740 (26)
2331 5665 2482 5725 Fort.
2508 5666 2786 5722 Δαιδάλου.
2820 5666 3095 5724 Cornu.
