3874 6218
159 335 293 393 “Ol

1007 337 1495 399 EPISTOLARUM
1532 342 1815 401 CLASSIS
1845 344 1934 402 111.
1974 346 2195 404 EPIST.
2235 348 2527 407 CCCLX“.

3278 364 3416 422 1102

157 450 379 520 λογίων,
416 451 688 521 ἐξέϐαλον,
740 455 1081 522 καταξίωσον
1126 463 1259 533 ἡμῖν
1295 466 1554 535 σημᾶναι,
1587 467 1737 532 ὅπως

1839 468 2013 538 plent,
2067 471 2203 527 usiae
2229 487 2326 528 seu
2383 474 2711 531 substantia:
2742 492 2964 546 nomen,
2995 481 3145 536 velut
3172 482 3415 541 alienum

157 559 220 596 τε
236 544 288 597 oi
321 545 556 617 πατέρες
576 546 727 617 αὐτῷ
743 548 1065 621 ἐχρήσαντο,
1093 557 1189 609 καὶ
1212 559 1261 610 εί
1294 559 1544 630 μηδαμοῦ
1576 555 1735 634 εὗρες

156 637 218 688 ὲν
244 637 312 707 τῇ
346 635 537 708 Γραφῇ
563 637 833 710 κείμενον.
860 643 963 697 Τὸν
986 644 1095 717 γάρ
1128 646 1400 703 ἐπιούσιον
1424 650 1607 723 ἄρτον,
1642 656 1736 708 καὶ

154 724 248 779 τὸν
279 724 408 779 λαὸν
429 727 520 778 τὸν
539 728 869 798 περιούσιον,
899 734 994 787 καὶ⁵
1021 733 1078 787 εῐ
1111 751 1164 788 τι
1192 735 1453 803 τοιοῦτον,
1483 738 1560 802 ὡς
1585 739 1737 794 οὐδὲν

154 815 347 886 ἔχοντα
378 819 559 873 κοινὸν
589 820 957 877 διαπτύουσιν.
996 825 1229 880 Ἔπειτα
1270 826 1452 897 μέντοι
1479 828 1576 881 καὶ
1608 830 1737 901 περὶ

154 908 322 961 αὐτοῦ
351 909 447 964 τοῦ
466 911 752 982 όμοουσίου
776 907 858 983 (οὗ
890 913 1076 970 ἕνεκεν
1106 916 1347 989 ἠγοῦμαι
1365 916 1538 972 ταῦτα
1564 936 1732 974 κατα-

157 1000 447 1066 σκευάζειν
493 1003 710 1068 αὐτοὺς,
735 1004 943 1075 βαθέως
974 1007 1073 1078 τὴν
1113 1008 1302 1062 οὐσίαν
1330 1009 1732 1078 διαϐάλλοντας,

154 1091 299 1163 ὑπὲρ
331 1090 427 1145 τοῦ
472 1094 741 1166 μηδεμίαν
769 1094 953 1169 χώραν
983 1098 1061 1169 τῷ
1092 1101 1362 1172 ὁμοουσίῳ
1393 1104 1732 1178 καταλιπεῖν)

150 1181 426 1237 διαλαϐεῖν
455 1187 589 1255 ἡμῖν
625 1185 960 1260 πλατύτερον
999 1190 1309 1263 βουλήθητι,
1340 1195 1462 1249 τίνα
1491 1196 1589 1269 τὴν
1618 1196 1735 1250 διά-

151 1293 304 1331 νοιαν
334 1277 468 1350 ἔχει,
499 1281 593 1333 καὶ
654 1282 772 1345 πῶς
808 1282 874 1336 ἂν
907 1284 1076 1352 ὑγιῶς
1122 1285 1353 1355 λέγοιτο,
1385 1290 1471 1359 ἐφ’
1506 1283 1582 1344 ὧν
1609 1290 1732 1345 οὐτε

149 1369 309 1438 γένος
352 1372 529 1426 κοινὸν
584 1374 978 1447 ὑπερκείμενον
1031 1376 1335 1450 θεωρεῖται,
1377 1380 1502 1435 οὔτε
1551 1383 1732 1438 ὑλικὸν

149 1461 513 1532 ὑποκείμενον
540 1467 913 1540 προϋπάρχον,
955 1469 1057 1523 οὐκ
1078 1470 1459 1546 ἀπομερισμὸς
1480 1474 1575 1528 τοῦ
1602 1492 1732 1546 προ-

148 1552 311 1624 τέρου
344 1556 426 1619 εἰς
453 1555 515 1609 τὸ
559 1556 830 1629 δεύτερον.
855 1558 982 1624 Πῶς
1012 1555 1106 1614 οὖν
1127 1561 1233 1635 χρὴ
1255 1562 1434 1633 λέγειν
1450 1566 1732 1637 ὀμοούσιον

146 1642 243 1694 τὸν
280 1643 411 1697 Υίὸν
445 1643 525 1715 τῷ
561 1646 759 1718 Πατρὶ,
781 1649 862 1712 εἰς
894 1651 1166 1722 μηδεμίαν
1205 1651 1413 1709 ἔννοιαν
1448 1655 1558 1708 τῶν
1581 1659 1733 1728 εἰρη-

149 1733 332 1804 μένων
390 1738 831 1804 καταπίπτοντας
855 1780 871 1804 ,
941 1741 1167 1813 θέλησον
1218 1746 1350 1815 ἡμῖν
1399 1746 1732 1820 πλατύτερον

1840 573 1870 611 a
1900 558 2077 615 sacris
2124 561 2322 617 litteris
2375 563 2659 632 eiecerint,
2692 564 2922 637 dignare
2959 571 3274 642 significare
3306 577 3415 629 mi—

1838 647 1893 701 hi
1929 688 1945 713 ,
1986 665 2096 719 quo
2144 663 2308 721 pacto
2338 652 2530 710 Patres
2558 671 2626 711 eo
2673 658 2756 712 usi
2806 658 3013 716 fuerint
3045 705 3061 731 ,
3101 673 3158 720 et
3189 680 3257 720 an
3291 669 3416 722 nul-

1838 740 1935 796 libi
1994 743 2053 797 in
2107 742 2394 815 Scriptura
2448 748 2728 805 inveneris
2779 753 3042 822 positum.
3118 756 3255 812 Nam
3314 775 3415 830 pa-

1836 845 1963 885 nem
2005 830 2214 887 dictum
2249 835 2542 902 ὲπιούσιον,
2583 845 2638 893 et
2687 842 2949 910 populum
3004 847 3331 918 περιούσιον,
3361 859 3417 905 et

1837 920 1886 975 si
1920 922 2051 991 quid
2076 923 2276 988 simile,
2310 930 2470 996 quasi
2514 929 2651 982 nihil
2690 931 2928 987 habeant
2959 934 3050 989 hic
3087 952 3412 1002 commune,

1835 1009 2136 1082 despuunt.
2170 1013 2380 1071 Deinde
2413 1033 2543 1073 vero
2593 1028 2648 1074 et
2676 1020 2743 1076 de
2796 1025 2917 1092 ipso
2949 1026 3414 1083 consubstantiali

1836 1100 2084 1174 (propter
2113 1109 2260 1177 quod
2296 1119 2429 1179 puto
2455 1126 2550 1166 eos
2604 1113 2711 1167 ista
2764 1115 3071 1181 adornare,
3137 1120 3232 1189 qui
3281 1123 3416 1178 sub-

1834 1200 2091 1253 stantiam
2146 1204 2370 1271 penitus
2430 1205 2801 1275 transtigunt,
2856 1216 2916 1263 ut
2964 1212 3175 1266 nullum
3227 1214 3412 1270 locum

1833 1282 2151 1353 relinquant
2241 1288 2825 1362 consubstantialitati)
2891 1295 3203 1365 disceptare
3252 1301 3413 1355 nobis

1833 1369 2014 1429 fusius
2072 1376 2227 1442 velis,
2297 1394 2460 1448 quem
2514 1395 2737 1437 sensum
2778 1385 2997 1449 habeat,
3033 1396 3089 1441 et
3138 1391 3414 1458 quomodo

1833 1465 2129 1522 salubriter
2176 1466 2493 1538 proferatur
2523 1509 2538 1534 ,
2584 1471 2644 1525 in
2683 1472 2889 1539 rebus,
2956 1477 3012 1530 in
3071 1478 3274 1548 quibus
3313 1497 3416 1537 nec

1831 1574 2003 1630 genus
2039 1574 2332 1616 commune
2382 1565 2797 1634 superpositum
2847 1569 3128 1635 cernitur,
3162 1587 3266 1626 nec
3292 1588 3415 1626 ma-

1833 1644 2025 1699 teriale
2076 1644 2385 1716 subjectum
2411 1648 2567 1716 prius
2610 1650 2911 1716 exsistens,
2945 1668 3048 1708 nec
3096 1654 3416 1711 distributio

1830 1736 1996 1805 primi
2052 1735 2110 1791 in
2170 1740 2496 1795 secundum.
2557 1740 2675 1807 Qua
2717 1742 2886 1811 igitur
2915 1746 3131 1802 ratione
3164 1757 3417 1817 oporteat

143 1823 500 1895 διαρθρῶσαι.
561 1827 752 1901 Ἡμεῖς
787 1832 885 1902 μὲν
922 1832 1033 1905 γὰρ
1065 1833 1465 1907 ὑπειλήφαμεν,
1498 1839 1635 1911 ὅπερ
1659 1840 1724 1894 ἂν

1826 1827 2009 1883 dicere
2036 1826 2236 1882 Filium
2290 1827 2441 1883 Patri
2496 1833 3045 1901 consubstantialem,
3105 1838 3163 1893 in
3198 1839 3414 1894 nullum

144 1908 286 1969 εἶναι
316 1916 440 1971 καθ’
485 1919 739 1975 ὑπόθεσιν
773 1923 868 1976 τοῦ
913 1926 1127 1998 Πατρὸς
1151 1928 1307 1981 οὐσία
1338 1927 1541 2002 ληφθῇ,
1572 1908 1731 1985 τοῦτο

143 2003 288 2061 εἶναι
325 2008 546 2076 πάντως
581 2014 879 2083 ἀναγκαῖον
902 2018 996 2071 καὶ
1028 2018 1127 2089 τὴν
1170 2019 1263 2074 τοῦ
1296 2020 1425 2075 Υἱοῦ
1450 2021 1730 2093 λαμϐάνε-

144 2099 294 2154 σθαι.
333 2101 497 2156 ’Ὡστε
542 2106 592 2157 εἰ
646 2122 763 2171 φως
785 2108 996 2180 νοητὸν,
1048 2111 1237 2178 ἀΐδιον,
1284 2114 1598 2186 ἀγέννητον,
1629 2115 1729 2187 τὴν

139 2191 237 2247 τοῦ
270 2195 484 2267 Πατρὸς
538 2196 726 2252 οὐσίαν
777 2216 860 2264 τις
910 2201 1079 2271 λέγοι,
1124 2203 1241 2273 φῶς
1290 2207 1501 2277 νοητὸν,
1535 2207 1725 2276 ἀΐδιον,

138 2285 423 2356 γεννητὸν,
458 2287 555 2341 καὶ
579 2289 679 2361 τὴν
707 2291 802 2344 τοῦ
830 2294 1172 2364 Μονογενοῦς
1201 2297 1391 2352 οὐσίαν
1418 2299 1553 2372 ἐρεῖ.
1583 2301 1729 2372 Πρὸς

135 2376 199 2429 δὲ
256 2377 355 2448 τὴν
402 2379 661 2452 τοιαύτην
717 2382 926 2439 ἔννοιαν
965 2386 1114 2440 δοκεῖ
1152 2406 1242 2459 μοι
1285 2392 1318 2461 ἡ
1353 2388 1446 2443 τοῦ
1481 2392 1729 2464 ἀπαραλ-

136 2464 356 2531 λάκτως
401 2469 586 2538 ὁμοίου
617 2470 769 2543 φωνὴ
822 2473 1021 2544 μᾶλλον
1061 2476 1206 2548 ἥπερ
1231 2480 1264 2548 ἡ
1313 2477 1408 2531 τοῦ
1439 2480 1724 2546 όμοουσίου

136 2559 455 2631 ἁρμόττειν.
498 2560 619 2625 Φῶς
662 2562 771 2634 γὰρ
827 2567 969 2634 φωτὶ
1024 2568 1297 2639 μηδεμίαν
1334 2571 1394 2624 ὲν
1420 2570 1499 2642 τῷ
1527 2572 1726 2642 μᾶλλον

137 2653 238 2705 καὶ
257 2646 422 2724 ἦττον
460 2652 559 2724 τὴν
606 2653 870 2727 διαφορὰν
914 2657 1057 2728 ἔχον,
1095 2661 1293 2714 ταυτὸν
1320 2661 1419 2732 μὲν
1446 2663 1548 2716 οὐκ
1584 2659 1724 2718 εἶναι

138 2741 298 2811 (διότι
326 2745 384 2795 ὲν
412 2743 519 2816 ἰδίᾳ
545 2751 863 2820 περιγραφῇ
892 2749 995 2820 τῆς
1020 2751 1208 2815 οὐσίας
1247 2754 1395 2807 ἐστὶν
1418 2755 1721 2828 ἑκάτερον),

133 2835 327 2906 ὅμοιον
372 2836 430 2890 δὲ
483 2839 604 2891 κατ’
642 2840 832 2895 οὐσίαν
863 2842 1111 2915 ἀκριϐῶς
1152 2845 1724 2918 ἀπαραλλάκτωςόρ-

135 2926 252 2990 θῶς
284 2926 351 2981 ἂν
407 2924 564 3000 οἶμαι
614 2930 886 3001 λέγεσθαι.
925 2935 1048 2988 Εἴτε
1078 2930 1171 2989 οὖν
1191 2936 1396 3001 ταύτας
1424 2939 1529 3012 χρὴ
1554 2939 1725 2993 διαλέο

135 3016 333 3085 γεσθαι
378 3018 478 3084 τὰς
521 3022 750 3088 ἐννοίας,
774 3023 886 3078 εἴτε
928 3026 1123 3097 ἐτέρας
1148 3026 1368 3098 μείζους
1390 3029 1720 3096 ἀντιλαϐεῖν,

131 3107 215 3172 ὡς
246 3110 409 3178 σοφὸς
468 3113 651 3185 ἰατρὸς
692 3116 810 3184 (καὶ
855 3099 1336 3192 γὰρ’ἐξεφήναμέν
1363 3137 1445 3174 σοι
1472 3121 1544 3175 τά
1575 3125 1632 3175 ὲν
1654 3126 1719 3194 τῇ

134 3201 385 3273 καρδίᾳ),
405 3203 469 3257 τὸ
503 3206 603 3277 μὲν
631 3189 950 3278 ἀρῤωστοῦν
978 3189 1158 3274 ἴασαι,
1188 3189 1250 3264 τό
1276 3212 1333 3266 δὲ
1359 3213 1558 3286 σαθρὸν
1587 3189 1721 3267 uno:
1748 3189 1789 3243 C

134 3292 419 3362 στήριξον·
474 3296 640 3350 παντὶ
682 3297 741 3351 δὲ
793 3300 983 3372 τρόπῳ
1033 3302 1334 3373 βεϐαίωσον
1379 3306 1547 3376 ἡμᾶς.
1578 3307 1719 3369 Τοὺς

137 3383 280 3452 μετά
329 3385 432 3456 τῆς
491 3388 780 3455 εὐλαϐείας
826 3408 920 3446 σου
952 3394 1218 3465 ἀδελφοὺς
1252 3396 1588 3468 ἀσπάζομαι,
1627 3398 1719 3451 καὶ

133 3470 277 3536 ἀξιῶ
308 3474 447 3543 μετά
475 3475 569 3530 σοῦ
615 3477 866 3549 εὔχεσθαι
899 3483 1039 3554 ὑπὲρ
1085 3483 1242 3555 ἡμῶν
1265 3524 1280 3548 ,
1314 3485 1402 3538 ἵνα
1433 3485 1716 3557 σωθῶμεν.

146 3560 206 3615 Ὁ
235 3564 451 3637 ἑταῖρος
488 3568 808 3642 Γρηγόριος,
837 3571 929 3626 τὸν
954 3574 1092 3645 μετά
1142 3575 1250 3629 τῶν
1283 3575 1486 3645 γονέων
1532 3577 1720 3648 ἑλόμε-

133 3668 228 3717 νος
272 3653 388 3725 βίον
412 3697 429 3721 ,
470 3660 654 3725 αὐτοῖς
702 3661 972 3721 σύνεστιν.
1015 3664 1307 3735 ’Υγιαίνων
1371 3666 1717 3723 ὲπιπλεῖστον

134 3742 468 3817 φυλαχθείης
510 3748 661 3819 ἡμῖν,
704 3750 931 3820 ὠφελῶν
965 3754 1112 3825 ἡμᾶς
1135 3754 1232 3808 καὶ
1263 3756 1384 3818 ταῖς
1405 3755 1595 3825 εὐχαῖς
1620 3758 1717 3810 καὶ

130 3837 200 3906 τῇ
224 3834 444 3905 γνώσει.

1830 1917 2218 1986 praedictorum
2282 1935 2548 1977 sensuum
2603 1924 2940 1991 incidendo,
2995 1927 3083 1983 fac
3133 1938 3190 1984 ut
3253 1933 3414 1987 nobis

1829 2005 2099 2073 prolixius
2163 2009 2426 2078 explices.
2500 2010 2613 2068 Nos
2664 2014 2936 2084 siquidem
2991 2019 3411 2088 existimamus,

1829 2097 2098 2168 quidquid
2161 2115 2228 2156 ex
2280 2100 2573 2173 hypotbesi
2606 2144 2623 2170 ,
2689 2104 2869 2163 Patris
2928 2110 3234 2166 substantia
3289 2130 3415 2170 esse

1828 2196 2098 2254 sumatur,
2140 2191 2285 2246 idem
2349 2196 2578 2251 omnino
2618 2213 2742 2254 esse
2771 2208 2827 2254 et
2882 2202 3251 2259 substantiam
3287 2206 3414 2263 Filii

1830 2280 1975 2335 sumi
2005 2285 2321 2340 necessario
2353 2287 2593 2355 debere;
2649 2291 2787 2347 adeo
2822 2300 2883 2348 ut
2919 2295 2966 2349 si
3000 2297 3126 2366 quis
3153 2299 3412 2356 substan-

1826 2373 1959 2427 tiam
2008 2374 2189 2432 Patris
2222 2380 2581 2449 appellaverit
2626 2383 2811 2441 lumen
2851 2387 2955 2442 sub
2992 2389 3410 2462 intelligentiam

1824 2466 2065 2533 cadens,
2125 2478 2414 2537 aeternum,
2450 2473 2803 2546 ingenitum;
2850 2477 3129 2551 Unigeniti
3188 2500 3410 2558 quoque

1825 2557 2193 2615 substantiam
2245 2574 2543 2621 vocaturus
2575 2566 2648 2622 sit
2705 2568 2890 2624 lumen
2938 2572 3045 2627 sub
3098 2557 3412 2646 intelligen-
3522 2560 3523 2563 η

1824 2648 1955 2701 tiam
1992 2651 2221 2717 cadens,
2264 2660 2554 2721 aeternum,
2605 2661 2875 2730 genitum.
2928 2663 2990 2718 ln
3041 2663 3193 2721 hunc
3240 2682 3412 2737 porro

1823 2755 2048 2797 sensum
2099 2746 2232 2799 mibi
2276 2748 2515 2813 videtur,
2566 2766 2755 2808 vocem
2810 2755 3001 2810 similis
3041 2758 3155 2812 sine
3216 2760 3410 2815 discri-

1822 2834 1962 2911 mine
1992 2876 2007 2901 ,
2077 2840 2248 2909 magis
2297 2856 2644 2913 congruere,
2707 2862 2871 2915 quam
2921 2864 3109 2904 vocem
3182 2853 3410 2905 consub-

1823 2927 2114 2984 stantialis.
2185 2929 2322 2986 Nam
2373 2934 2466 2988 lux
2519 2952 2642 3006 quae
2672 2953 2797 2992 cum
2844 2940 2967 2995 lucc
3010 2943 3215 2997 nullam
3248 2945 3411 3001 habet

1823 3020 2128 3075 secundum
2159 3026 2334 3094 magis
2361 3034 2416 3080 et
2455 3030 2640 3086 minus
2688 3031 3075 3102 differentiam,
3109 3036 3258 3094 recte
3283 3040 3409 3107 qui-

1823 3111 1946 3166 dem
1980 3128 2099 3167 mea
2163 3118 2437 3172 sententia
2478 3120 2589 3175 dici
2642 3131 2840 3192 potest,
2901 3141 3012 3179 non
3043 3127 3235 3184 eadem
3283 3146 3411 3186 esse

1823 3217 1948 3258 cum
2004 3205 2137 3273 illa;
2181 3208 2622 3280 quandoquidem
2680 3213 2737 3268 in
2800 3216 3023 3286 propria
3082 3219 3404 3277 substantiae

1824 3295 2279 3356 determinatione
2320 3312 2551 3374 utraque
2601 3307 2897 3376 consistit;
2951 3312 3047 3366 sed
3087 3313 3287 3369 similis
3319 3331 3408 3370 se-

1825 3391 2065 3446 cundum
2097 3392 2464 3450 substantiam
2496 3398 2746 3454 absolute
2791 3416 2856 3455 ac
2905 3418 3004 3471 per
3031 3407 3239 3460 omnia.
3281 3405 3409 3462 Sive

1824 3497 1958 3553 ergo
1993 3483 2093 3539 has
2144 3496 2400 3554 oporteat
2438 3489 2621 3560 eloqui
2681 3494 3045 3564 cogitationes
3075 3537 3090 3561 ,
3122 3498 3239 3553 sive
3269 3501 3409 3556 alias

1825 3575 2067 3643 majores
2105 3592 2427 3645 assumere,
2478 3589 2538 3637 tu
2584 3591 2846 3654 tanquam
2898 3589 3111 3657 peritus
3159 3592 3407 3648 medicus

1827 3665 1947 3735 (tibi
1988 3669 2134 3721 enim
2184 3685 2308 3740 quae
2330 3672 2498 3728 corde
2517 3675 2763 3745 gerimus
2795 3674 3029 3733 fecimus
3068 3681 3404 3753 manifesta),

1823 3759 1971 3827 quod
2023 3760 2247 3829 quidem
2286 3778 2494 3836 aegrum
2540 3773 2625 3822 est
2655 3782 2813 3833 sana,
2873 3771 3019 3840 quod
3072 3789 3199 3828 vero
3229 3775 3408 3830 debile

1823 3847 2082 3915 suﬁ'ulci;
2133 3852 2285 3906 omni
2330 3863 2513 3909 autem
2574 3856 2740 3911 modo
2776 3857 3044 3913 confirma
3089 3876 3210 3914 nos.
3267 3859 3406 3914 Fra-

128 3939 248 3986 tres
276 3932 370 4003 qui
401 3939 494 3987 tua
526 3949 652 3991 cum
692 3937 895 4008 pietate
933 3938 1142 4010 degunt
1198 3942 1399 4007 saluto,
1440 3951 1496 3998 et
1551 3958 1710 4014 rogo,
1750 3954 1811 3998 ut
1867 3960 1978 3999 una
2009 3953 2191 4001 tecum
2220 3963 2321 4019 pro
2351 3949 2512 4006 nobis
2566 3958 2745 4018 orent,
2799 3968 2911 4022 quo
2977 3956 3209 4009 salutem
3276 3970 3408 4010 con-

129 4027 882 4102 sequamur.mSodalis
910 4032 1229 4106 Gregorius,
1296 4038 1473 4092 electa
1524 4053 1649 4093 cum
1712 4041 2037 4109 parentibus
2068 4042 2219 4107 vita,
2267 4044 2413 4115 apud
2464 4059 2561 4101 eos
2599 4054 2703 4100 est.
2746 4046 2927 4104 Sanus
2983 4051 3050 4104 ad
3109 4051 3405 4121 plurimum

128 4131 351 4193 tempus
375 4129 722 4184 conserveris
748 4131 930 4196 nobis,
956 4129 1223 4202 adiuvans
1252 4148 1355 4188 nos
1375 4140 1430 4188 et
1455 4133 1714 4204 precibus
1751 4144 1806 4191 et
1827 4135 2101 4192 doctrina.

643 4286 836 4341 ΕΠΙΣἸ
849 4287 989 4343 ΟΛΗ
1037 4290 1202 4346 ΤΞΒν.

2279 4296 2619 4355 EPISTOLA
2639 4300 2958 4358 CCCLXII‘.

126 4437 464 4506 Respondetur
483 4442 783 4507 praecedenti
804 4443 1042 4511 epistolae,
1065 4452 1111 4499 et
1132 4449 1374 4514 quomodo
1396 4453 1549 4504 Pater
1568 4458 1615 4505 et
1640 4450 1800 4506 Filius
1824 4467 1975 4506 unum
1994 4452 2091 4506 sint
2110 4454 2390 4521 exponitur,
2407 4454 2644 4522 exemplis
2660 4471 2687 4508 ε
2702 4464 2881 4535 natura
2901 4460 3112 4512 humana
3127 4460 3367 4518 adductis.

527 4591 827 4661 Βασιλείᾳ)
876 4593 1309 4668 Ἀπολινάριος.

191 4723 463 4790 Φιλοθέως
526 4729 826 4796 πιστεύεις,
870 4733 965 4786 καὶ
1015 4733 1313 4805 φιλολόγως
1363 4738 1567 4807 ζητεῖς,
1612 4738 1709 4794 καὶ

123 4817 258 4888 παρ’
286 4817 441 4889 ἡμῶν
467 4818 531 4872 τὸ
576 4820 858 4893 πρόθυμον
894 4826 1168 4895 ὀφείλεται
1204 4828 1295 4882 διὰ
1326 4829 1426 4901 τὴν
1462 4832 1706 4905 ἀγάπην,

120 4911 171 4964 εί
201 4910 301 4964 καὶ
326 4911 387 4963 τὸ
420 4911 602 4966 ἱκανὸν
634 4913 714 4985 τῷ
744 4913 890 4988 λόγῳ
922 4917 996 4988 μὴ
1036 4917 1243 4983 ἕποιτο,
1276 4921 1365 4976 διά
1391 4939 1451 4975 τε
1478 4922 1541 4976 τὸ
1567 4923 1706 4995 ήμέ-

117 5018 281 5073 τερον
305 5001 504 5069 ἐνδεὲς,
530 5004 698 5059 καὶτὸ
735 5007 828 5062 τοῦ
860 5009 1184 5081 πράγματος
1213 5013 1512 5085 ὑπερφυές,
1531 5015 1706 5069 Οὐσία

120 5095 242 5165 μία,
274 5094 376 5148 οὐκ
410 5095 629 5169 ἀριθμῷ
678 5098 838 5170 μόνον
888 5101 1126 5171 λέγεται,
1160 5103 1350 5177 ῶσπερ
1378 5106 1578 5176 λέγεις,
1611 5108 1707 5162 καὶ

114 5187 177 5241 τὸ
201 5189 264 5240 ὲν
299 5189 399 5258 μιᾷ
434 5193 771 5263 περιγραφῇ,
806 5192 942 5248 ἀλλά
979 5196 1072 5249 καὶ
1106 5196 1251 5260 ἰδίως
1283 5196 1586 5271 ἀνθρώπων
1612 5198 1706 5253 δύο

114 5280 213 5333 καὶ
244 5278 406 5332 άλλου
435 5280 652 5336 ὁτουοῦν
680 5283 788 5337 τῶν
821 5286 966 5340 κατά
991 5278 1148 5357 γένος
1172 5285 1496 5361 ὲνιζομένων
1515 5304 1528 5318 ⁶
1563 5289 1704 5344 ὥστε

111 5373 294 5444 ταύτῃ
318 5387 384 5440 γε
406 5373 500 5426 καὶ
530 5372 625 5428 δύο
650 5375 745 5429 καὶ
778 5376 1000 5432 πλείονα
1024 5378 1136 5450 (27)
1168 5382 1363 5435 ταυτὸν
1391 5377 1531 5437 εἶναι
1561 5383 1703 5438 κατά

111 5462 216 5534 τὴν
237 5462 449 5523 οὐσίαν,
489 5464 626 5518 καθὸ
660 5467 755 5520 καὶ
787 5469 989 5533 πάντες
1014 5471 1293 5544 ἄνθρωποι
1332 5473 1503 5545 Ἀδάμ
1531 5477 1698 5546 ἐσμεν

112 5548 198 5617 εἷς
217 5552 396 5617 ὄντες,
439 5556 535 5608 καὶ
572 5555 736 5610 Δαϐὶδ
758 5559 790 5611 ὁ
815 5557 910 5611 τοῦ
934 5559 1096 5614 Δαϐὶδ
1117 5561 1255 5627 υἱὸς,
1287 5563 1363 5626 ὼς
1395 5563 1591 5617 ταυτὸν
1623 5561 1699 5619 ὢν

188 5728 305 5798 (27)
339 5728 490 5787 Fert.
525 5733 790 5802 πλείονας.
818 5736 1021 5796 Corn.

1744 4612 1793 4669 D

2280 4604 2490 4660 Basilio
2518 4604 2885 4674 Apolinarius.

1888 4734 1962 4792 Ut
2000 4735 2098 4793 Dei
2143 4744 2421 4793 amantem
2461 4737 2644 4793 virum
2678 4738 2836 4794 decet
2884 4741 3087 4809 credis,
3120 4754 3175 4800 et
3208 4751 3270 4800 ut
3301 4745 3401 4801 do-

1815 4827 2008 4882 ctrinae
2051 4826 2338 4884 studiosus
2373 4831 2618 4899 quaeris;
2655 4839 2820 4902 atque
2857 4847 2888 4886 a
2918 4833 3081 4889 nobis
3111 4844 3400 4905 promptus

1813 4921 2031 4977 animus
2082 4922 2314 4979 debetur
2341 4934 2565 4994 propter
2595 4924 2951 4993 cbaritatem,
3007 4927 3135 4983 licet
3166 4929 3397 4984 scientia

1814 5011 2090 5070 sufﬁciens
2141 5029 2252 5069 non
2282 5024 2549 5085 sequatur
2579 5054 2594 5081 ,
2636 5030 2762 5070 cum
2792 5017 2863 5072 ob
2895 5016 3254 5089 indigentiam
3295 5036 3396 5075 no-

1813 5111 1985 5161 stram
2014 5144 2031 5171 ,
2061 5111 2179 5161 tum
2203 5106 2274 5161 ob
2300 5107 2380 5162 rei
2403 5107 2848 5164 immensitatem.
2904 5106 3022 5165 Una
3063 5110 3392 5177 substantia,

1812 5215 1925 5256 non
1982 5214 2216 5255 numero
2260 5203 2439 5257 solum
2489 5202 2714 5264 dicitur,
2765 5204 3228 5274 quemadmodum
3285 5206 3391 5269 ais.

1811 5303 1865 5350 et
1901 5295 2048 5365 quod
2099 5302 2184 5350 est
2233 5295 2289 5350 in
2365 5310 2477 5351 una
2535 5296 3027 5364 determinatione;
3072 5297 3167 5354 sed
3227 5298 3396 5354 etiam

1808 5386 2032 5457 proprie
2085 5386 2323 5442 duorum
2375 5387 2661 5442 hominum
2714 5395 2770 5444 et
2824 5389 3051 5446 alterius
3105 5390 3335 5460 cujusve
3369 5430 3386 5450 ς

1809 5479 1904 5549 qui
1934 5480 1990 5534 in
2037 5494 2237 5550 genere
2265 5481 2581 5535 adunantur
2613 5499 2627 5536 :
2662 5481 2739 5535 ita
2790 5489 2850 5535 ut
2894 5481 2997 5536 hac
3040 5483 3254 5541 ratione
3280 5483 3389 5538 duo

1809 5583 1875 5625 ac
1923 5571 2112 5641 plures
2174 5569 2321 5627 idem
2366 5571 2480 5628 sint
2520 5572 2824 5628 secundum
2866 5575 3275 5644 substantiam;
3327 5576 3386 5631 in

1874 5751 1895 5774 ⁶
1925 5747 2006 5804 Ex
2042 5752 2370 5808 Monument.
2404 5748 2554 5809 Eccl.
2586 5750 2680 5808 Gr.
2716 5760 2759 5811 t.
2800 5752 2868 5821 ll,
2900 5770 2956 5826 p.
2991 5752 3080 5814 86.
