  <div class='ocr_page' id='page_1' title='image "/cluster/home/n/w/nwhite01/storage/ocr_20150623/32/nnc1.0046978879/640.png"; bbox 0 0 3840 6226; ppageno 0'>
   <div class='ocr_carea' id='block_1_1' title="bbox 114 297 265 354">
    <p class='ocr_par' dir='ltr' id='par_1_1' title="bbox 114 297 265 354">
     <span class='ocr_line' id='line_1_1' title="bbox 114 297 265 354; baseline -0.007 0"><span class='ocrx_word' id='word_1_1' title='bbox 114 298 144 354; x_wconf 72' lang='lat' dir='ltr'>l</span> <span class='ocrx_word' id='word_1_2' title='bbox 164 297 265 353; x_wconf 75' lang='lat'><strong>305</strong></span> 
     </span>
    </p>
   </div>
   <div class='ocr_carea' id='block_1_2' title="bbox 966 302 2492 362">
    <p class='ocr_par' dir='ltr' id='par_1_2' title="bbox 966 302 2492 362">
     <span class='ocr_line' id='line_1_2' title="bbox 966 302 2492 362; baseline 0.002 -4"><span class='ocrx_word' id='word_1_3' title='bbox 966 303 1450 362; x_wconf 79' lang='lat' dir='ltr'><strong>EPISTOLARUM</strong></span> <span class='ocrx_word' id='word_1_4' title='bbox 1487 304 1772 362; x_wconf 82' lang='lat' dir='ltr'><strong>CLASSIS</strong></span> <span class='ocrx_word' id='word_1_5' title='bbox 1795 304 1881 360; x_wconf 80' lang='grc' dir='ltr'>ιιι.</span> <span class='ocrx_word' id='word_1_6' title='bbox 1921 302 2141 361; x_wconf 83' lang='lat' dir='ltr'><strong>EPIST.</strong></span> <span class='ocrx_word' id='word_1_7' title='bbox 2179 302 2492 361; x_wconf 73' lang='lat' dir='ltr'><strong>CCCLXIV.</strong></span> 
     </span>
    </p>
   </div>
   <div class='ocr_carea' id='block_1_3' title="bbox 3237 300 3375 358">
    <p class='ocr_par' dir='ltr' id='par_1_3' title="bbox 3237 300 3375 358">
     <span class='ocr_line' id='line_1_3' title="bbox 3237 300 3375 358; baseline 0.014 -2"><span class='ocrx_word' id='word_1_8' title='bbox 3237 300 3375 358; x_wconf 73' lang='lat'><strong>“06</strong></span> 
     </span>
    </p>
   </div>
   <div class='ocr_carea' id='block_1_4' title="bbox 115 402 3374 491">
    <p class='ocr_par' dir='ltr' id='par_1_4' title="bbox 115 402 3374 491">
     <span class='ocr_line' id='line_1_4' title="bbox 115 402 3374 491; baseline 0.002 -24"><span class='ocrx_word' id='word_1_9' title='bbox 115 427 190 468; x_wconf 79' lang='lat' dir='ltr'><strong>ex</strong></span> <span class='ocrx_word' id='word_1_10' title='bbox 245 416 383 477; x_wconf 85' lang='lat' dir='ltr'><strong>illo;</strong></span> <span class='ocrx_word' id='word_1_11' title='bbox 441 430 550 469; x_wconf 90' lang='lat' dir='ltr'><strong>non</strong></span> <span class='ocrx_word' id='word_1_12' title='bbox 608 416 939 485; x_wconf 76' lang='lat' dir='ltr'><strong>primitivum</strong></span> <span class='ocrx_word' id='word_1_13' title='bbox 990 421 1287 489; x_wconf 74' lang='lat' dir='ltr'><strong>exemplar,</strong></span> <span class='ocrx_word' id='word_1_14' title='bbox 1358 419 1453 473; x_wconf 84' lang='lat' dir='ltr'><strong>sed</strong></span> <span class='ocrx_word' id='word_1_15' title='bbox 1515 420 1716 491; x_wconf 88' lang='lat' dir='ltr'><strong>imago.</strong></span> <span class='ocrx_word' id='word_1_16' title='bbox 1764 418 1863 474; x_wconf 82' lang='lat' dir='ltr'><strong>Hie</strong></span> <span class='ocrx_word' id='word_1_17' title='bbox 1913 402 2450 479; x_wconf 72' lang='lat' dir='ltr'><strong>consubstmtialis,</strong></span> <span class='ocrx_word' id='word_1_18' title='bbox 2508 417 2781 488; x_wconf 80' lang='lat' dir='ltr'><strong>praecipue</strong></span> <span class='ocrx_word' id='word_1_19' title='bbox 2842 431 3010 486; x_wconf 85' lang='lat' dir='ltr'><strong>super</strong></span> <span class='ocrx_word' id='word_1_20' title='bbox 3078 416 3262 471; x_wconf 84' lang='lat' dir='ltr'><strong>omnia</strong></span> <span class='ocrx_word' id='word_1_21' title='bbox 3319 426 3374 474; x_wconf 90' lang='lat' dir='ltr'><strong>et</strong></span> 
     </span>
    </p>
   </div>
   <div class='ocr_carea' id='block_1_5' title="bbox 114 505 3369 582">
    <p class='ocr_par' dir='ltr' id='par_1_5' title="bbox 114 505 3369 582">
     <span class='ocr_line' id='line_1_5' title="bbox 114 505 3369 582; baseline 0.002 -26"><span class='ocrx_word' id='word_1_22' title='bbox 114 505 515 573; x_wconf 78' lang='lat' dir='ltr'><strong>peculiariter;</strong></span> <span class='ocrx_word' id='word_1_23' title='bbox 587 521 696 562; x_wconf 91' lang='lat' dir='ltr'><strong>non</strong></span> <span class='ocrx_word' id='word_1_24' title='bbox 735 517 992 579; x_wconf 90' lang='lat' dir='ltr'><strong>tanquam</strong></span> <span class='ocrx_word' id='word_1_25' title='bbox 1052 526 1115 566; x_wconf 88' lang='lat' dir='ltr'><strong>ea</strong></span> <span class='ocrx_word' id='word_1_26' title='bbox 1148 526 1268 581; x_wconf 71' lang='lat' dir='ltr'><strong>quae</strong></span> <span class='ocrx_word' id='word_1_27' title='bbox 1319 519 1448 565; x_wconf 86' lang='lat' dir='ltr'><strong>sunt</strong></span> <span class='ocrx_word' id='word_1_28' title='bbox 1505 511 1750 581; x_wconf 84' lang='lat' dir='ltr'><strong>ejusdem</strong></span> <span class='ocrx_word' id='word_1_29' title='bbox 1788 513 2009 582; x_wconf 80' lang='lat' dir='ltr'><strong>generis</strong></span> <span class='ocrx_word' id='word_1_30' title='bbox 2041 551 2055 572; x_wconf 88' lang='lat'><strong>.</strong></span> <span class='ocrx_word' id='word_1_31' title='bbox 2117 525 2227 565; x_wconf 91' lang='lat' dir='ltr'><strong>non</strong></span> <span class='ocrx_word' id='word_1_32' title='bbox 2281 516 2543 580; x_wconf 78' lang='lat' dir='ltr'><strong>tanquam</strong></span> <span class='ocrx_word' id='word_1_33' title='bbox 2584 523 2649 564; x_wconf 89' lang='lat' dir='ltr'><strong>ea</strong></span> <span class='ocrx_word' id='word_1_34' title='bbox 2688 524 2809 576; x_wconf 88' lang='lat' dir='ltr'><strong>quae</strong></span> <span class='ocrx_word' id='word_1_35' title='bbox 2860 508 3154 562; x_wconf 69' lang='lat' dir='ltr'><strong>distributa</strong></span> <span class='ocrx_word' id='word_1_36' title='bbox 3195 509 3369 574; x_wconf 78' lang='lat' dir='ltr'><strong>sunt;</strong></span> 
     </span>
    </p>
   </div>
   <div class='ocr_carea' id='block_1_6' title="bbox 118 595 3373 675">
    <p class='ocr_par' dir='ltr' id='par_1_6' title="bbox 118 595 3373 675">
     <span class='ocr_line' id='line_1_6' title="bbox 118 595 3373 675; baseline 0.001 -27"><span class='ocrx_word' id='word_1_37' title='bbox 118 595 221 648; x_wconf 86' lang='lat' dir='ltr'><strong>sed</strong></span> <span class='ocrx_word' id='word_1_38' title='bbox 255 597 399 650; x_wconf 83' lang='lat' dir='ltr'><strong>velut</strong></span> <span class='ocrx_word' id='word_1_39' title='bbox 431 615 497 654; x_wconf 83' lang='lat' dir='ltr'><strong>ex</strong></span> <span class='ocrx_word' id='word_1_40' title='bbox 528 615 636 653; x_wconf 90' lang='lat' dir='ltr'><strong>uno</strong></span> <span class='ocrx_word' id='word_1_41' title='bbox 674 616 869 670; x_wconf 79' lang='lat' dir='ltr'><strong>genere</strong></span> <span class='ocrx_word' id='word_1_42' title='bbox 934 618 1151 673; x_wconf 83' lang='lat' dir='ltr'><strong>unaque</strong></span> <span class='ocrx_word' id='word_1_43' title='bbox 1196 607 1377 675; x_wconf 91' lang='lat' dir='ltr'><strong>specie</strong></span> <span class='ocrx_word' id='word_1_44' title='bbox 1425 603 1745 664; x_wconf 82' lang='lat' dir='ltr'><strong>divinitatis.</strong></span> <span class='ocrx_word' id='word_1_45' title='bbox 1787 619 1895 658; x_wconf 89' lang='lat' dir='ltr'><strong>una</strong></span> <span class='ocrx_word' id='word_1_46' title='bbox 1942 612 1998 659; x_wconf 91' lang='lat' dir='ltr'><strong>et</strong></span> <span class='ocrx_word' id='word_1_47' title='bbox 2042 604 2159 659; x_wconf 88' lang='lat' dir='ltr'><strong>sola</strong></span> <span class='ocrx_word' id='word_1_48' title='bbox 2212 602 2503 673; x_wconf 82' lang='lat' dir='ltr'><strong>progenies</strong></span> <span class='ocrx_word' id='word_1_49' title='bbox 2529 639 2544 663; x_wconf 91' lang='lat'><strong>,</strong></span> <span class='ocrx_word' id='word_1_50' title='bbox 2600 599 2882 655; x_wconf 82' lang='lat' dir='ltr'><strong>individuo</strong></span> <span class='ocrx_word' id='word_1_51' title='bbox 2940 608 2995 654; x_wconf 91' lang='lat' dir='ltr'><strong>et</strong></span> <span class='ocrx_word' id='word_1_52' title='bbox 3038 597 3373 668; x_wconf 89' lang='lat' dir='ltr'><strong>incorporali</strong></span> 
     </span>
    </p>
   </div>
   <div class='ocr_carea' id='block_1_7' title="bbox 123 690 3378 765">
    <p class='ocr_par' dir='ltr' id='par_1_7' title="bbox 123 690 3378 765">
     <span class='ocr_line' id='line_1_7' title="bbox 123 690 3378 765; baseline -0.003 -13"><span class='ocrx_word' id='word_1_53' title='bbox 123 701 459 756; x_wconf 71' lang='lat' dir='ltr'><strong>Progressa;</strong></span> <span class='ocrx_word' id='word_1_54' title='bbox 523 705 619 759; x_wconf 86' lang='lat' dir='ltr'><strong>per</strong></span> <span class='ocrx_word' id='word_1_55' title='bbox 671 707 829 762; x_wconf 92' lang='lat' dir='ltr'><strong>quem</strong></span> <span class='ocrx_word' id='word_1_56' title='bbox 889 694 1034 763; x_wconf 90' lang='lat' dir='ltr'><strong>quod</strong></span> <span class='ocrx_word' id='word_1_57' title='bbox 1074 703 1299 765; x_wconf 80' lang='lat' dir='ltr'><strong>generat</strong></span> <span class='ocrx_word' id='word_1_58' title='bbox 1365 710 1594 748; x_wconf 89' lang='lat' dir='ltr'><strong>manens</strong></span> <span class='ocrx_word' id='word_1_59' title='bbox 1646 694 1700 749; x_wconf 83' lang='lat' dir='ltr'><strong>in</strong></span> <span class='ocrx_word' id='word_1_60' title='bbox 1738 695 2054 765; x_wconf 82' lang='lat' dir='ltr'><strong>generativa</strong></span> <span class='ocrx_word' id='word_1_61' title='bbox 2116 692 2488 764; x_wconf 81' lang='lat' dir='ltr'><strong>proprietate,</strong></span> <span class='ocrx_word' id='word_1_62' title='bbox 2524 690 2795 760; x_wconf 82' lang='lat' dir='ltr'><strong>processit</strong></span> <span class='ocrx_word' id='word_1_63' title='bbox 2841 690 2895 744; x_wconf 92' lang='lat' dir='ltr'><strong>in</strong></span> <span class='ocrx_word' id='word_1_64' title='bbox 2959 691 3204 762; x_wconf 63' lang='lat' dir='ltr'><strong>genitam.</strong></span> <span class='ocrx_word' id='word_1_65' title='bbox 3250 704 3378 760; x_wconf 87' lang='lat' dir='ltr'><strong>pro—</strong></span> 
     </span>
    </p>
   </div>
   <div class='ocr_carea' id='block_1_8' title="bbox 119 780 432 850">
    <p class='ocr_par' dir='ltr' id='par_1_8' title="bbox 119 780 432 850">
     <span class='ocr_line' id='line_1_8' title="bbox 119 780 432 850; baseline 0.003 -17"><span class='ocrx_word' id='word_1_66' title='bbox 119 780 432 850; x_wconf 84' lang='lat' dir='ltr'><strong>prietatem.</strong></span> 
     </span>
    </p>
   </div>
   <div class='ocr_carea' id='block_1_9' title="bbox 637 897 1181 952">
    <p class='ocr_par' dir='ltr' id='par_1_9' title="bbox 637 897 1181 952">
     <span class='ocr_line' id='line_1_9' title="bbox 637 897 1181 952; baseline 0 -2"><span class='ocrx_word' id='word_1_67' title='bbox 637 897 981 952; x_wconf 80' lang='grc' dir='ltr'><strong>ΕΠΙΣΤΟΛΗ</strong></span> <span class='ocrx_word' id='word_1_68' title='bbox 1022 898 1181 951; x_wconf 74' lang='grc' dir='ltr'>ΤΞΡ.</span> 
     </span>
    </p>
   </div>
   <div class='ocr_carea' id='block_1_10' title="bbox 2243 887 2942 946">
    <p class='ocr_par' dir='ltr' id='par_1_10' title="bbox 2243 887 2942 946">
     <span class='ocr_line' id='line_1_10' title="bbox 2243 887 2942 946; baseline -0.007 -1"><span class='ocrx_word' id='word_1_69' title='bbox 2243 889 2577 946; x_wconf 77' lang='lat' dir='ltr'><strong>EPISTULA</strong></span> <span class='ocrx_word' id='word_1_70' title='bbox 2607 888 2734 944; x_wconf 86' lang='lat' dir='ltr'><strong>CCC</strong></span> <span class='ocrx_word' id='word_1_71' title='bbox 2744 887 2942 941; x_wconf 79' lang='lat' dir='ltr'><strong>LXIll&#39;.</strong></span> 
     </span>
    </p>
   </div>
   <div class='ocr_carea' id='block_1_11' title="bbox 210 1014 3301 1092">
    <p class='ocr_par' dir='ltr' id='par_1_11' title="bbox 210 1014 3301 1092">
     <span class='ocr_line' id='line_1_11' title="bbox 210 1014 3301 1092; baseline -0.004 -14"><span class='ocrx_word' id='word_1_72' title='bbox 210 1025 456 1078; x_wconf 79' lang='lat' dir='ltr'><strong>Laudatur</strong></span> <span class='ocrx_word' id='word_1_73' title='bbox 475 1040 625 1091; x_wconf 84' lang='lat' dir='ltr'><strong>supra</strong></span> <span class='ocrx_word' id='word_1_74' title='bbox 646 1024 770 1076; x_wconf 82' lang='lat' dir='ltr'><strong>alios</strong></span> <span class='ocrx_word' id='word_1_75' title='bbox 802 1023 1075 1092; x_wconf 76' lang='lat' dir='ltr'><strong>Scriptura:</strong></span> <span class='ocrx_word' id='word_1_76' title='bbox 1094 1026 1375 1091; x_wconf 75' lang='lat' dir='ltr'><strong>interpretes</strong></span> <span class='ocrx_word' id='word_1_77' title='bbox 1394 1024 1729 1092; x_wconf 74' lang='lat' dir='ltr'><strong>Apotinarius,</strong></span> <span class='ocrx_word' id='word_1_78' title='bbox 1753 1022 1812 1074; x_wconf 84' lang='lat' dir='ltr'><strong>ab</strong></span> <span class='ocrx_word' id='word_1_79' title='bbox 1839 1036 1987 1077; x_wconf 75' lang='lat' dir='ltr'><strong>eoque</strong></span> <span class='ocrx_word' id='word_1_80' title='bbox 2008 1021 2204 1081; x_wconf 77' lang='lat' dir='ltr'><strong>petitur,</strong></span> <span class='ocrx_word' id='word_1_81' title='bbox 2229 1026 2278 1070; x_wconf 89' lang='lat' dir='ltr'><strong>ut</strong></span> <span class='ocrx_word' id='word_1_82' title='bbox 2295 1032 2346 1071; x_wconf 85' lang='lat' dir='ltr'><strong>se</strong></span> <span class='ocrx_word' id='word_1_83' title='bbox 2372 1018 2433 1070; x_wconf 86' lang='lat' dir='ltr'><strong>de</strong></span> <span class='ocrx_word' id='word_1_84' title='bbox 2455 1018 2597 1069; x_wconf 83' lang='lat' dir='ltr'><strong>rebus</strong></span> <span class='ocrx_word' id='word_1_85' title='bbox 2621 1014 2839 1067; x_wconf 81' lang='lat' dir='ltr'><strong>obscuris</strong></span> <span class='ocrx_word' id='word_1_86' title='bbox 2859 1014 3042 1065; x_wconf 83' lang='lat' dir='ltr'><strong>consuli</strong></span> <span class='ocrx_word' id='word_1_87' title='bbox 3072 1014 3301 1079; x_wconf 86' lang='lat' dir='ltr'><strong>patiatur.</strong></span> 
     </span>
    </p>
   </div>
   <div class='ocr_carea' id='block_1_12' title="bbox 709 1134 1121 1204">
    <p class='ocr_par' dir='ltr' id='par_1_12' title="bbox 709 1134 1121 1204">
     <span class='ocr_line' id='line_1_12' title="bbox 709 1134 1121 1204; baseline 0 -17"><span class='ocrx_word' id='word_1_88' title='bbox 709 1134 1121 1204; x_wconf 78' lang='grc' dir='ltr'>Ἀπολιναρίῳ.</span> 
     </span>
    </p>
   </div>
   <div class='ocr_carea' id='block_1_13' title="bbox 198 1243 1705 1317">
    <p class='ocr_par' dir='ltr' id='par_1_13' title="bbox 198 1243 1705 1317">
     <span class='ocr_line' id='line_1_13' title="bbox 198 1243 1705 1317; baseline 0.001 -19"><span class='ocrx_word' id='word_1_89' title='bbox 198 1244 290 1316; x_wconf 82' lang='grc' dir='ltr'><strong>Τῷ</strong></span> <span class='ocrx_word' id='word_1_90' title='bbox 321 1245 551 1317; x_wconf 84' lang='grc' dir='ltr'>δεσπότῃ</span> <span class='ocrx_word' id='word_1_91' title='bbox 583 1262 703 1315; x_wconf 87' lang='grc' dir='ltr'>μου,</span> <span class='ocrx_word' id='word_1_92' title='bbox 738 1243 815 1315; x_wconf 80' lang='grc' dir='ltr'>τῷ</span> <span class='ocrx_word' id='word_1_93' title='bbox 850 1244 1260 1317; x_wconf 83' lang='grc' dir='ltr'>αἱδεσιμωτάτῳ</span> <span class='ocrx_word' id='word_1_94' title='bbox 1284 1247 1515 1317; x_wconf 80' lang='grc' dir='ltr'><strong>ἀδελφῷ,</strong></span> <span class='ocrx_word' id='word_1_95' title='bbox 1546 1248 1705 1300; x_wconf 80' lang='grc' dir='ltr'>Ἀπο-</span> 
     </span>
    </p>
   </div>
   <div class='ocr_carea' id='block_1_14' title="bbox 112 1336 1703 1411">
    <p class='ocr_par' dir='ltr' id='par_1_14' title="bbox 112 1336 1703 1411">
     <span class='ocr_line' id='line_1_14' title="bbox 112 1336 1703 1411; baseline 0.002 -21"><span class='ocrx_word' id='word_1_96' title='bbox 112 1336 376 1407; x_wconf 55' lang='lat' dir='ltr'><strong>leucoia),</strong></span> <span class='ocrx_word' id='word_1_97' title='bbox 420 1337 716 1397; x_wconf 77' lang='grc' dir='ltr'>Βασίλειος.</span> <span class='ocrx_word' id='word_1_98' title='bbox 755 1338 1138 1409; x_wconf 81' lang='grc' dir='ltr'>Διημάρτομεν</span> <span class='ocrx_word' id='word_1_99' title='bbox 1194 1339 1304 1392; x_wconf 76' lang='grc' dir='ltr'><strong>τῶν</strong></span> <span class='ocrx_word' id='word_1_100' title='bbox 1355 1340 1703 1411; x_wconf 77' lang='grc' dir='ltr'><strong>προφάσεων,</strong></span> 
     </span>
    </p>
   </div>
   <div class='ocr_carea' id='block_1_15' title="bbox 116 1422 1705 1501">
    <p class='ocr_par' dir='ltr' id='par_1_15' title="bbox 116 1422 1705 1501">
     <span class='ocr_line' id='line_1_15' title="bbox 116 1422 1705 1501; baseline 0.002 -19"><span class='ocrx_word' id='word_1_101' title='bbox 116 1429 194 1482; x_wconf 83' lang='grc' dir='ltr'>δι’</span> <span class='ocrx_word' id='word_1_102' title='bbox 231 1422 307 1481; x_wconf 80' lang='grc' dir='ltr'>ὧν</span> <span class='ocrx_word' id='word_1_103' title='bbox 358 1428 484 1499; x_wconf 74' lang='grc' dir='ltr'>ἐνῆν</span> <span class='ocrx_word' id='word_1_104' title='bbox 516 1431 832 1500; x_wconf 76' lang='grc' dir='ltr'>προσειπεῖν</span> <span class='ocrx_word' id='word_1_105' title='bbox 872 1445 964 1481; x_wconf 87' lang='grc' dir='ltr'><strong>σου</strong></span> <span class='ocrx_word' id='word_1_106' title='bbox 995 1428 1093 1500; x_wconf 82' lang='grc' dir='ltr'><strong>τὴν</strong></span> <span class='ocrx_word' id='word_1_107' title='bbox 1126 1430 1430 1496; x_wconf 77' lang='grc' dir='ltr'>εὐλάϐειαν,</span> <span class='ocrx_word' id='word_1_108' title='bbox 1462 1432 1705 1501; x_wconf 76' lang='grc' dir='ltr'><strong>καίτοιγε</strong></span> 
     </span>
    </p>
   </div>
   <div class='ocr_carea' id='block_1_16' title="bbox 119 1518 1709 1591">
    <p class='ocr_par' dir='ltr' id='par_1_16' title="bbox 119 1518 1709 1591">
     <span class='ocr_line' id='line_1_16' title="bbox 119 1518 1709 1591; baseline 0.004 -20"><span class='ocrx_word' id='word_1_109' title='bbox 119 1519 300 1590; x_wconf 74' lang='grc' dir='ltr'>ἡδέως</span> <span class='ocrx_word' id='word_1_110' title='bbox 346 1518 412 1572; x_wconf 86' lang='grc' dir='ltr'><strong>ἂν</strong></span> <span class='ocrx_word' id='word_1_111' title='bbox 451 1520 547 1573; x_wconf 77' lang='grc' dir='ltr'><strong>ἐπὶ</strong></span> <span class='ocrx_word' id='word_1_112' title='bbox 591 1522 705 1583; x_wconf 78' lang='grc' dir='ltr'>τοῖς</span> <span class='ocrx_word' id='word_1_113' title='bbox 748 1521 1069 1591; x_wconf 81' lang='grc' dir='ltr'>γράμμασιν</span> <span class='ocrx_word' id='word_1_114' title='bbox 1113 1522 1341 1587; x_wconf 85' lang='grc' dir='ltr'>ἐκείνοις</span> <span class='ocrx_word' id='word_1_115' title='bbox 1370 1524 1709 1577; x_wconf 82' lang='grc' dir='ltr'>ἐπιστείλαν-</span> 
     </span>
    </p>
   </div>
   <div class='ocr_carea' id='block_1_17' title="bbox 117 1610 1711 1685">
    <p class='ocr_par' dir='ltr' id='par_1_17' title="bbox 117 1610 1711 1685">
     <span class='ocr_line' id='line_1_17' title="bbox 117 1610 1711 1685; baseline 0.002 -22"><span class='ocrx_word' id='word_1_116' title='bbox 117 1628 239 1673; x_wconf 81' lang='grc' dir='ltr'>τες.</span> <span class='ocrx_word' id='word_1_117' title='bbox 278 1610 344 1663; x_wconf 79' lang='grc' dir='ltr'><strong>Σὲ</strong></span> <span class='ocrx_word' id='word_1_118' title='bbox 371 1610 479 1683; x_wconf 73' lang='grc' dir='ltr'>γὰρ</span> <span class='ocrx_word' id='word_1_119' title='bbox 500 1613 557 1664; x_wconf 84' lang='grc' dir='ltr'><strong>ἐν</strong></span> <span class='ocrx_word' id='word_1_120' title='bbox 589 1613 765 1682; x_wconf 78' lang='grc' dir='ltr'>σιωπῇ</span> <span class='ocrx_word' id='word_1_121' title='bbox 823 1612 1069 1683; x_wconf 75' lang='grc' dir='ltr'>κατέχειν</span> <span class='ocrx_word' id='word_1_122' title='bbox 1101 1613 1199 1681; x_wconf 80' lang='grc' dir='ltr'>τὴν</span> <span class='ocrx_word' id='word_1_123' title='bbox 1229 1613 1418 1685; x_wconf 73' lang='grc' dir='ltr'>ἡδονὴν</span> <span class='ocrx_word' id='word_1_124' title='bbox 1447 1615 1533 1667; x_wconf 82' lang='grc' dir='ltr'>ἐπ’</span> <span class='ocrx_word' id='word_1_125' title='bbox 1569 1614 1711 1668; x_wconf 84' lang='grc' dir='ltr'>ἐκεί-</span> 
     </span>
    </p>
   </div>
   <div class='ocr_carea' id='block_1_18' title="bbox 118 1697 1712 1770">
    <p class='ocr_par' dir='ltr' id='par_1_18' title="bbox 118 1697 1712 1770">
     <span class='ocr_line' id='line_1_18' title="bbox 118 1697 1712 1770; baseline 0.004 -20"><span class='ocrx_word' id='word_1_126' title='bbox 118 1716 242 1761; x_wconf 83' lang='grc' dir='ltr'>νοις</span> <span class='ocrx_word' id='word_1_127' title='bbox 273 1698 541 1769; x_wconf 78' lang='grc' dir='ltr'>ἥσθημεν.</span> <span class='ocrx_word' id='word_1_128' title='bbox 581 1700 787 1760; x_wconf 80' lang='grc' dir='ltr'>Ὄντως</span> <span class='ocrx_word' id='word_1_129' title='bbox 824 1697 933 1770; x_wconf 78' lang='grc' dir='ltr'><strong>γὰρ</strong></span> <span class='ocrx_word' id='word_1_130' title='bbox 959 1702 1092 1770; x_wconf 79' lang='grc' dir='ltr'>ἡμῖν</span> <span class='ocrx_word' id='word_1_131' title='bbox 1120 1699 1305 1767; x_wconf 76' lang='grc' dir='ltr'>ἔδοξας</span> <span class='ocrx_word' id='word_1_132' title='bbox 1338 1698 1464 1768; x_wconf 79' lang='grc' dir='ltr'>οἷος</span> <span class='ocrx_word' id='word_1_133' title='bbox 1485 1704 1712 1757; x_wconf 81' lang='grc' dir='ltr'>πεπνύ-</span> 
     </span>
    </p>
   </div>
   <div class='ocr_carea' id='block_1_19' title="bbox 116 1791 1707 1867">
    <p class='ocr_par' dir='ltr' id='par_1_19' title="bbox 116 1791 1707 1867">
     <span class='ocr_line' id='line_1_19' title="bbox 116 1791 1707 1867; baseline 0.004 -22"><span class='ocrx_word' id='word_1_134' title='bbox 116 1796 273 1845; x_wconf 80' lang='grc' dir='ltr'>σθαι</span> <span class='ocrx_word' id='word_1_135' title='bbox 294 1808 307 1823; x_wconf 64' lang='grc' dir='ltr'><strong>ι</strong></span> <span class='ocrx_word' id='word_1_136' title='bbox 348 1792 457 1843; x_wconf 85' lang='grc' dir='ltr'><strong>τῶν</strong></span> <span class='ocrx_word' id='word_1_137' title='bbox 488 1791 898 1861; x_wconf 82' lang='grc' dir='ltr'>ἑρμηνευόντων</span> <span class='ocrx_word' id='word_1_138' title='bbox 936 1792 990 1847; x_wconf 83' lang='grc' dir='ltr'>δὲ</span> <span class='ocrx_word' id='word_1_139' title='bbox 1018 1793 1192 1848; x_wconf 77' lang='grc' dir='ltr'>σκιαὶ</span> <span class='ocrx_word' id='word_1_140' title='bbox 1221 1795 1553 1849; x_wconf 81' lang='grc' dir='ltr'>ἀΐσσουσιν</span> <span class='ocrx_word' id='word_1_141' title='bbox 1573 1797 1707 1867; x_wconf 76' lang='grc'><strong>(50)’</strong></span> 
     </span>
    </p>
   </div>
   <div class='ocr_carea' id='block_1_20' title="bbox 118 1879 1708 1953">
    <p class='ocr_par' dir='ltr' id='par_1_20' title="bbox 118 1879 1708 1953">
     <span class='ocr_line' id='line_1_20' title="bbox 118 1879 1708 1953; baseline 0.004 -20"><span class='ocrx_word' id='word_1_142' title='bbox 118 1879 304 1943; x_wconf 73' lang='grc' dir='ltr'>οὕτως</span> <span class='ocrx_word' id='word_1_143' title='bbox 333 1881 419 1933; x_wconf 81' lang='grc' dir='ltr'>ἐπ’</span> <span class='ocrx_word' id='word_1_144' title='bbox 449 1881 727 1950; x_wconf 73' lang='grc' dir='ltr'>ἀσφαλοῦς</span> <span class='ocrx_word' id='word_1_145' title='bbox 742 1881 842 1951; x_wconf 78' lang='grc' dir='ltr'>τῆς</span> <span class='ocrx_word' id='word_1_146' title='bbox 862 1881 1100 1947; x_wconf 74' lang='grc' dir='ltr'>διανοίας</span> <span class='ocrx_word' id='word_1_147' title='bbox 1127 1881 1226 1953; x_wconf 78' lang='grc' dir='ltr'>τὴν</span> <span class='ocrx_word' id='word_1_148' title='bbox 1253 1881 1511 1953; x_wconf 82' lang='grc' dir='ltr'>ἐξήγησιν</span> <span class='ocrx_word' id='word_1_149' title='bbox 1539 1884 1708 1953; x_wconf 80' lang='grc' dir='ltr'>ἄγων.</span> 
     </span>
    </p>
   </div>
   <div class='ocr_carea' id='block_1_21' title="bbox 120 1970 1712 2044">
    <p class='ocr_par' dir='ltr' id='par_1_21' title="bbox 120 1970 1712 2044">
     <span class='ocr_line' id='line_1_21' title="bbox 120 1970 1712 2044; baseline 0.001 -18"><span class='ocrx_word' id='word_1_150' title='bbox 120 1973 240 2026; x_wconf 80' lang='grc' dir='ltr'>Καὶ</span> <span class='ocrx_word' id='word_1_151' title='bbox 274 1970 370 2025; x_wconf 89' lang='grc' dir='ltr'><strong>νῦν</strong></span> <span class='ocrx_word' id='word_1_152' title='bbox 409 1971 472 2043; x_wconf 82' lang='grc' dir='ltr'>δὴ</span> <span class='ocrx_word' id='word_1_153' title='bbox 511 1972 672 2026; x_wconf 78' lang='grc' dir='ltr'>πλέον</span> <span class='ocrx_word' id='word_1_154' title='bbox 724 1974 752 2026; x_wconf 85' lang='grc' dir='ltr'>ὁ</span> <span class='ocrx_word' id='word_1_155' title='bbox 797 1972 937 2044; x_wconf 76' lang='grc' dir='ltr'>ἔρως</span> <span class='ocrx_word' id='word_1_156' title='bbox 982 1973 1080 2043; x_wconf 74' lang='grc' dir='ltr'>τῆς</span> <span class='ocrx_word' id='word_1_157' title='bbox 1124 1973 1377 2041; x_wconf 78' lang='grc' dir='ltr'>γνώσεως</span> <span class='ocrx_word' id='word_1_158' title='bbox 1410 1974 1518 2028; x_wconf 85' lang='grc' dir='ltr'>τῶν</span> <span class='ocrx_word' id='word_1_159' title='bbox 1552 1973 1712 2029; x_wconf 87' lang='grc' dir='ltr'>θείων</span> 
     </span>
    </p>
   </div>
   <div class='ocr_carea' id='block_1_22' title="bbox 120 2061 1713 2134">
    <p class='ocr_par' dir='ltr' id='par_1_22' title="bbox 120 2061 1713 2134">
     <span class='ocr_line' id='line_1_22' title="bbox 120 2061 1713 2134; baseline 0.001 -18"><span class='ocrx_word' id='word_1_160' title='bbox 120 2064 330 2132; x_wconf 70' lang='grc' dir='ltr'>λτιγίων</span> <span class='ocrx_word' id='word_1_161' title='bbox 378 2064 607 2117; x_wconf 77' lang='grc' dir='ltr'>ἅπτεται</span> <span class='ocrx_word' id='word_1_162' title='bbox 659 2063 759 2132; x_wconf 76' lang='grc' dir='ltr'>τῆς</span> <span class='ocrx_word' id='word_1_163' title='bbox 792 2062 972 2134; x_wconf 62' lang='grc' dir='ltr'>ψυχῆς</span> <span class='ocrx_word' id='word_1_164' title='bbox 1005 2081 1129 2134; x_wconf 87' lang='grc' dir='ltr'>μου.</span> <span class='ocrx_word' id='word_1_165' title='bbox 1154 2062 1456 2134; x_wconf 86' lang='grc' dir='ltr'>Προϐαλεῖν</span> <span class='ocrx_word' id='word_1_166' title='bbox 1491 2065 1590 2134; x_wconf 80' lang='grc' dir='ltr'><strong>μὲν</strong></span> <span class='ocrx_word' id='word_1_167' title='bbox 1620 2061 1713 2117; x_wconf 81' lang='grc' dir='ltr'><strong>οὖν</strong></span> 
     </span>
    </p>
   </div>
   <div class='ocr_carea' id='block_1_23' title="bbox 125 2152 1715 2224">
    <p class='ocr_par' dir='ltr' id='par_1_23' title="bbox 125 2152 1715 2224">
     <span class='ocr_line' id='line_1_23' title="bbox 125 2152 1715 2224; baseline -0.001 -18"><span class='ocrx_word' id='word_1_168' title='bbox 125 2171 216 2207; x_wconf 80' lang='grc' dir='ltr'><strong>σοι</strong></span> <span class='ocrx_word' id='word_1_169' title='bbox 250 2152 358 2205; x_wconf 83' lang='grc' dir='ltr'><strong>τῶν</strong></span> <span class='ocrx_word' id='word_1_170' title='bbox 415 2153 804 2224; x_wconf 82' lang='grc' dir='ltr'>ἀπορουμένων</span> <span class='ocrx_word' id='word_1_171' title='bbox 834 2152 956 2205; x_wconf 85' lang='grc' dir='ltr'><strong>τινά</strong></span> <span class='ocrx_word' id='word_1_172' title='bbox 1004 2152 1248 2217; x_wconf 85' lang='grc' dir='ltr'>ἀποκνῶ,</span> <span class='ocrx_word' id='word_1_173' title='bbox 1297 2154 1372 2224; x_wconf 85' lang='grc' dir='ltr'>μὴ</span> <span class='ocrx_word' id='word_1_174' title='bbox 1401 2153 1537 2217; x_wconf 77' lang='grc' dir='ltr'>δόξω</span> <span class='ocrx_word' id='word_1_175' title='bbox 1571 2154 1715 2224; x_wconf 80' lang='grc' dir='ltr'>πέρα</span> 
     </span>
    </p>
   </div>
   <div class='ocr_carea' id='block_1_24' title="bbox 123 2244 1714 2315">
    <p class='ocr_par' dir='ltr' id='par_1_24' title="bbox 123 2244 1714 2315">
     <span class='ocr_line' id='line_1_24' title="bbox 123 2244 1714 2315; baseline -0.002 -17"><span class='ocrx_word' id='word_1_176' title='bbox 123 2244 226 2298; x_wconf 81' lang='grc' dir='ltr'><strong>τοῦ</strong></span> <span class='ocrx_word' id='word_1_177' title='bbox 273 2244 468 2315; x_wconf 78' lang='grc' dir='ltr'><strong>μέτρου</strong></span> <span class='ocrx_word' id='word_1_178' title='bbox 511 2244 868 2314; x_wconf 76' lang='grc' dir='ltr'>ἐμφορεῖσθαι</span> <span class='ocrx_word' id='word_1_179' title='bbox 901 2244 1001 2314; x_wconf 79' lang='grc' dir='ltr'>τῆς</span> <span class='ocrx_word' id='word_1_180' title='bbox 1047 2245 1382 2315; x_wconf 73' lang='grc' dir='ltr'>παρρησίας.</span> <span class='ocrx_word' id='word_1_181' title='bbox 1420 2244 1714 2315; x_wconf 80' lang='grc' dir='ltr'>Σιωπᾷνδὲ</span> 
     </span>
    </p>
   </div>
   <div class='ocr_carea' id='block_1_25' title="bbox 125 2334 1716 2408">
    <p class='ocr_par' dir='ltr' id='par_1_25' title="bbox 125 2334 1716 2408">
     <span class='ocr_line' id='line_1_25' title="bbox 125 2334 1716 2408; baseline -0.001 -18"><span class='ocrx_word' id='word_1_182' title='bbox 125 2334 299 2390; x_wconf 77' lang='grc' dir='ltr'>πάλιν</span> <span class='ocrx_word' id='word_1_183' title='bbox 325 2336 386 2388; x_wconf 82' lang='grc' dir='ltr'><strong>οὑ</strong></span> <span class='ocrx_word' id='word_1_184' title='bbox 418 2335 691 2408; x_wconf 78' lang='grc' dir='ltr'>καρτερῶ,</span> <span class='ocrx_word' id='word_1_185' title='bbox 733 2335 937 2388; x_wconf 82' lang='grc' dir='ltr'>ὠδίνων</span> <span class='ocrx_word' id='word_1_186' title='bbox 966 2337 1060 2390; x_wconf 68' lang='grc' dir='ltr'><strong>καὶ</strong></span> <span class='ocrx_word' id='word_1_187' title='bbox 1088 2336 1168 2389; x_wconf 75' lang='grc' dir='ltr'><strong>ἔτι</strong></span> <span class='ocrx_word' id='word_1_188' title='bbox 1201 2336 1530 2407; x_wconf 88' lang='grc' dir='ltr'>προσλαϐεῖν</span> <span class='ocrx_word' id='word_1_189' title='bbox 1569 2335 1716 2404; x_wconf 78' lang='grc' dir='ltr'>ἐφιέ-</span> 
     </span>
    </p>
   </div>
   <div class='ocr_carea' id='block_1_26' title="bbox 130 2424 1712 2499">
    <p class='ocr_par' dir='ltr' id='par_1_26' title="bbox 130 2424 1712 2499">
     <span class='ocr_line' id='line_1_26' title="bbox 130 2424 1712 2499; baseline 0.001 -20"><span class='ocrx_word' id='word_1_190' title='bbox 130 2443 320 2496; x_wconf 81' lang='grc' dir='ltr'>μενος.</span> <span class='ocrx_word' id='word_1_191' title='bbox 383 2428 636 2499; x_wconf 84' lang='grc' dir='ltr'>Ἀριστον</span> <span class='ocrx_word' id='word_1_192' title='bbox 688 2424 780 2480; x_wconf 69' lang='grc' dir='ltr'><strong>οῦν</strong></span> <span class='ocrx_word' id='word_1_193' title='bbox 837 2445 926 2498; x_wconf 89' lang='grc' dir='ltr'><strong>μοι</strong></span> <span class='ocrx_word' id='word_1_194' title='bbox 980 2428 1256 2498; x_wconf 74' lang='grc' dir='ltr'>κατεφάνη</span> <span class='ocrx_word' id='word_1_195' title='bbox 1302 2427 1566 2482; x_wconf 83' lang='grc' dir='ltr'>πυθέσθαι</span> <span class='ocrx_word' id='word_1_196' title='bbox 1598 2445 1712 2491; x_wconf 89' lang='grc' dir='ltr'>σου,</span> 
     </span>
    </p>
   </div>
   <div class='ocr_carea' id='block_1_27' title="bbox 1728 1142 1775 1192">
    <p class='ocr_par' dir='ltr' id='par_1_27' title="bbox 1728 1142 1775 1192">
     <span class='ocr_line' id='line_1_27' title="bbox 1728 1142 1775 1192; baseline 0 0"><span class='ocrx_word' id='word_1_197' title='bbox 1728 1142 1775 1192; x_wconf 85' lang='lat' dir='ltr'><strong>A</strong></span> 
     </span>
    </p>
   </div>
   <div class='ocr_carea' id='block_1_28' title="bbox 2441 1127 2777 1196">
    <p class='ocr_par' dir='ltr' id='par_1_28' title="bbox 2441 1127 2777 1196">
     <span class='ocr_line' id='line_1_28' title="bbox 2441 1127 2777 1196; baseline 0.012 -16"><span class='ocrx_word' id='word_1_198' title='bbox 2441 1127 2777 1196; x_wconf 78' lang='lat' dir='ltr'><strong>Apolinario.</strong></span> 
     </span>
    </p>
   </div>
   <div class='ocr_carea' id='block_1_29' title="bbox 1882 1220 3387 1292">
    <p class='ocr_par' dir='ltr' id='par_1_29' title="bbox 1882 1220 3387 1292">
     <span class='ocr_line' id='line_1_29' title="bbox 1882 1220 3387 1292; baseline 0.001 -17"><span class='ocrx_word' id='word_1_199' title='bbox 1882 1223 2110 1275; x_wconf 91' lang='lat' dir='ltr'><strong>Domino</strong></span> <span class='ocrx_word' id='word_1_200' title='bbox 2162 1236 2316 1286; x_wconf 90' lang='lat' dir='ltr'><strong>meo,</strong></span> <span class='ocrx_word' id='word_1_201' title='bbox 2371 1220 2830 1275; x_wconf 84' lang='lat' dir='ltr'><strong>reverendissimo</strong></span> <span class='ocrx_word' id='word_1_202' title='bbox 2872 1220 3024 1274; x_wconf 76' lang='lat' dir='ltr'><strong>fratri</strong></span> <span class='ocrx_word' id='word_1_203' title='bbox 3057 1261 3071 1284; x_wconf 89' lang='lat'><strong>,</strong></span> <span class='ocrx_word' id='word_1_204' title='bbox 3121 1221 3387 1292; x_wconf 79' lang='lat' dir='ltr'><strong>Apolina-</strong></span> 
     </span>
    </p>
   </div>
   <div class='ocr_carea' id='block_1_30' title="bbox 1811 1311 3385 1383">
    <p class='ocr_par' dir='ltr' id='par_1_30' title="bbox 1811 1311 3385 1383">
     <span class='ocr_line' id='line_1_30' title="bbox 1811 1311 3385 1383; baseline 0 -15"><span class='ocrx_word' id='word_1_205' title='bbox 1811 1316 1914 1378; x_wconf 90' lang='lat' dir='ltr'><strong>rio,</strong></span> <span class='ocrx_word' id='word_1_206' title='bbox 1947 1314 2198 1368; x_wconf 87' lang='lat' dir='ltr'><strong>Basilius.</strong></span> <span class='ocrx_word' id='word_1_207' title='bbox 2241 1311 2452 1381; x_wconf 70' lang='lat' dir='ltr'><strong>Elapsa:</strong></span> <span class='ocrx_word' id='word_1_208' title='bbox 2493 1318 2625 1367; x_wconf 87' lang='lat' dir='ltr'><strong>sunt</strong></span> <span class='ocrx_word' id='word_1_209' title='bbox 2680 1313 3024 1377; x_wconf 79' lang='lat' dir='ltr'><strong>occasiones,</strong></span> <span class='ocrx_word' id='word_1_210' title='bbox 3081 1316 3283 1383; x_wconf 87' lang='lat' dir='ltr'><strong>quibus</strong></span> <span class='ocrx_word' id='word_1_211' title='bbox 3315 1315 3385 1368; x_wconf 87' lang='lat' dir='ltr'><strong>li-</strong></span> 
     </span>
    </p>
   </div>
   <div class='ocr_carea' id='block_1_31' title="bbox 1812 1404 3383 1476">
    <p class='ocr_par' dir='ltr' id='par_1_31' title="bbox 1812 1404 3383 1476">
     <span class='ocr_line' id='line_1_31' title="bbox 1812 1404 3383 1476; baseline -0.001 -14"><span class='ocrx_word' id='word_1_212' title='bbox 1812 1410 1969 1462; x_wconf 88' lang='lat' dir='ltr'><strong>cebat</strong></span> <span class='ocrx_word' id='word_1_213' title='bbox 2019 1405 2270 1476; x_wconf 82' lang='lat' dir='ltr'><strong>pietatem</strong></span> <span class='ocrx_word' id='word_1_214' title='bbox 2331 1413 2480 1457; x_wconf 88' lang='lat' dir='ltr'><strong>tuam</strong></span> <span class='ocrx_word' id='word_1_215' title='bbox 2540 1404 2740 1473; x_wconf 87' lang='lat' dir='ltr'><strong>alloqui</strong></span> <span class='ocrx_word' id='word_1_216' title='bbox 2776 1444 2790 1466; x_wconf 90' lang='lat'><strong>,</strong></span> <span class='ocrx_word' id='word_1_217' title='bbox 2873 1406 2977 1459; x_wconf 90' lang='lat' dir='ltr'><strong>etsi</strong></span> <span class='ocrx_word' id='word_1_218' title='bbox 3029 1406 3280 1460; x_wconf 85' lang='lat' dir='ltr'><strong>lubenter</strong></span> <span class='ocrx_word' id='word_1_219' title='bbox 3315 1407 3383 1461; x_wconf 89' lang='lat' dir='ltr'><strong>ad</strong></span> 
     </span>
    </p>
   </div>
   <div class='ocr_carea' id='block_1_32' title="bbox 1812 1483 3388 1567">
    <p class='ocr_par' dir='ltr' id='par_1_32' title="bbox 1812 1483 3388 1567">
     <span class='ocr_line' id='line_1_32' title="bbox 1812 1483 3388 1567; baseline -0.001 -14"><span class='ocrx_word' id='word_1_220' title='bbox 1812 1483 2023 1554; x_wconf 84' lang='lat' dir='ltr'><strong>litteras</strong></span> <span class='ocrx_word' id='word_1_221' title='bbox 2060 1499 2182 1554; x_wconf 90' lang='lat' dir='ltr'><strong>illas</strong></span> <span class='ocrx_word' id='word_1_222' title='bbox 2216 1498 2663 1567; x_wconf 89' lang='lat' dir='ltr'><strong>rescripserimus</strong></span> <span class='ocrx_word' id='word_1_223' title='bbox 2686 1539 2698 1551; x_wconf 96' lang='lat'><strong>.</strong></span> <span class='ocrx_word' id='word_1_224' title='bbox 2752 1495 2829 1551; x_wconf 90' lang='lat' dir='ltr'><strong>Te</strong></span> <span class='ocrx_word' id='word_1_225' title='bbox 2882 1498 3028 1552; x_wconf 89' lang='lat' dir='ltr'><strong>enim</strong></span> <span class='ocrx_word' id='word_1_226' title='bbox 3079 1499 3133 1551; x_wconf 92' lang='lat' dir='ltr'><strong>in</strong></span> <span class='ocrx_word' id='word_1_227' title='bbox 3171 1498 3388 1552; x_wconf 90' lang='lat' dir='ltr'><strong>silentio</strong></span> 
     </span>
    </p>
   </div>
   <div class='ocr_carea' id='block_1_33' title="bbox 1813 1589 3389 1660">
    <p class='ocr_par' dir='ltr' id='par_1_33' title="bbox 1813 1589 3389 1660">
     <span class='ocr_line' id='line_1_33' title="bbox 1813 1589 3389 1660; baseline -0.003 -14"><span class='ocrx_word' id='word_1_228' title='bbox 1813 1589 2060 1646; x_wconf 79' lang='lat' dir='ltr'><strong>obtinere</strong></span> <span class='ocrx_word' id='word_1_229' title='bbox 2105 1590 2436 1660; x_wconf 85' lang='lat' dir='ltr'><strong>voluptatem</strong></span> <span class='ocrx_word' id='word_1_230' title='bbox 2487 1589 2542 1642; x_wconf 90' lang='lat' dir='ltr'><strong>in</strong></span> <span class='ocrx_word' id='word_1_231' title='bbox 2602 1589 2711 1643; x_wconf 91' lang='lat' dir='ltr'><strong>illis</strong></span> <span class='ocrx_word' id='word_1_232' title='bbox 2756 1589 2919 1641; x_wconf 72' lang='lat' dir='ltr'><strong>lzrtati</strong></span> <span class='ocrx_word' id='word_1_233' title='bbox 2978 1604 3189 1644; x_wconf 88' lang='lat' dir='ltr'><strong>sumus.</strong></span> <span class='ocrx_word' id='word_1_234' title='bbox 3251 1589 3389 1642; x_wconf 84' lang='lat' dir='ltr'><strong>Nam</strong></span> 
     </span>
    </p>
   </div>
   <div class='ocr_carea' id='block_1_34' title="bbox 1814 1676 3389 1748">
    <p class='ocr_par' dir='ltr' id='par_1_34' title="bbox 1814 1676 3389 1748">
     <span class='ocr_line' id='line_1_34' title="bbox 1814 1676 3389 1748; baseline -0.003 -12"><span class='ocrx_word' id='word_1_235' title='bbox 1814 1696 2001 1736; x_wconf 85' lang='lat' dir='ltr'><strong>revera</strong></span> <span class='ocrx_word' id='word_1_236' title='bbox 2040 1680 2199 1734; x_wconf 90' lang='lat' dir='ltr'><strong>nobis</strong></span> <span class='ocrx_word' id='word_1_237' title='bbox 2248 1678 2401 1734; x_wconf 88' lang='lat' dir='ltr'><strong>visus</strong></span> <span class='ocrx_word' id='word_1_238' title='bbox 2449 1692 2509 1732; x_wconf 89' lang='lat' dir='ltr'><strong>es</strong></span> <span class='ocrx_word' id='word_1_239' title='bbox 2553 1676 2697 1731; x_wconf 83' lang='lat' dir='ltr'><strong>solus</strong></span> <span class='ocrx_word' id='word_1_240' title='bbox 2741 1693 2922 1745; x_wconf 77' lang='lat' dir='ltr'><strong>sapere</strong></span> <span class='ocrx_word' id='word_1_241' title='bbox 2964 1694 2980 1731; x_wconf 91' lang='lat'><strong><em>:</em></strong></span> <span class='ocrx_word' id='word_1_242' title='bbox 3029 1678 3389 1748; x_wconf 84' lang='lat' dir='ltr'><strong>interpretum</strong></span> 
     </span>
    </p>
   </div>
   <div class='ocr_carea' id='block_1_35' title="bbox 1817 1768 3390 1829">
    <p class='ocr_par' dir='ltr' id='par_1_35' title="bbox 1817 1768 3390 1829">
     <span class='ocr_line' id='line_1_35' title="bbox 1817 1768 3390 1829; baseline -0.003 -3"><span class='ocrx_word' id='word_1_243' title='bbox 1817 1783 1994 1829; x_wconf 85' lang='lat' dir='ltr'><strong>autem</strong></span> <span class='ocrx_word' id='word_1_244' title='bbox 2042 1771 2241 1825; x_wconf 75' lang='lat' dir='ltr'><strong>umbra:</strong></span> <span class='ocrx_word' id='word_1_245' title='bbox 2286 1769 2508 1823; x_wconf 80' lang='lat' dir='ltr'><strong>volitant</strong></span> <span class='ocrx_word' id='word_1_246' title='bbox 2554 1784 2572 1821; x_wconf 90' lang='lat'><strong><em>:</em></strong></span> <span class='ocrx_word' id='word_1_247' title='bbox 2627 1768 2698 1821; x_wconf 90' lang='lat' dir='ltr'><strong>ita</strong></span> <span class='ocrx_word' id='word_1_248' title='bbox 2760 1768 2826 1821; x_wconf 87' lang='lat' dir='ltr'><strong>ad</strong></span> <span class='ocrx_word' id='word_1_249' title='bbox 2868 1769 3101 1823; x_wconf 90' lang='lat' dir='ltr'><strong>solidum</strong></span> <span class='ocrx_word' id='word_1_250' title='bbox 3167 1785 3390 1823; x_wconf 88' lang='lat' dir='ltr'><strong>sensum</strong></span> 
     </span>
    </p>
   </div>
   <div class='ocr_carea' id='block_1_36' title="bbox 1816 1859 3394 1935">
    <p class='ocr_par' dir='ltr' id='par_1_36' title="bbox 1816 1859 3394 1935">
     <span class='ocr_line' id='line_1_36' title="bbox 1816 1859 3394 1935; baseline -0.003 -15"><span class='ocrx_word' id='word_1_251' title='bbox 1816 1862 2209 1935; x_wconf 80' lang='lat' dir='ltr'><strong>expositionem</strong></span> <span class='ocrx_word' id='word_1_252' title='bbox 2240 1861 2416 1916; x_wconf 81' lang='lat' dir='ltr'><strong>ducis.</strong></span> <span class='ocrx_word' id='word_1_253' title='bbox 2481 1859 2547 1913; x_wconf 86' lang='lat' dir='ltr'><strong>Et</strong></span> <span class='ocrx_word' id='word_1_254' title='bbox 2594 1868 2743 1914; x_wconf 90' lang='lat' dir='ltr'><strong>certe</strong></span> <span class='ocrx_word' id='word_1_255' title='bbox 2787 1875 2933 1914; x_wconf 89' lang='lat' dir='ltr'><strong>nunc</strong></span> <span class='ocrx_word' id='word_1_256' title='bbox 2990 1861 3394 1932; x_wconf 80' lang='lat' dir='ltr'><strong>cognoscendo-</strong></span> 
     </span>
    </p>
   </div>
   <div class='ocr_carea' id='block_1_37' title="bbox 1817 1952 3393 2022">
    <p class='ocr_par' dir='ltr' id='par_1_37' title="bbox 1817 1952 3393 2022">
     <span class='ocr_line' id='line_1_37' title="bbox 1817 1952 3393 2022; baseline -0.001 -11"><span class='ocrx_word' id='word_1_257' title='bbox 1817 1973 1938 2011; x_wconf 89' lang='lat' dir='ltr'><strong>rum</strong></span> <span class='ocrx_word' id='word_1_258' title='bbox 2006 1955 2320 2011; x_wconf 90' lang='lat' dir='ltr'><strong>divinorum</strong></span> <span class='ocrx_word' id='word_1_259' title='bbox 2374 1952 2717 2022; x_wconf 87' lang='lat' dir='ltr'><strong>eloquiorum</strong></span> <span class='ocrx_word' id='word_1_260' title='bbox 2765 1952 2968 2022; x_wconf 89' lang='lat' dir='ltr'><strong>cupido</strong></span> <span class='ocrx_word' id='word_1_261' title='bbox 3018 1952 3280 2022; x_wconf 85' lang='lat' dir='ltr'><strong>majorem</strong></span> <span class='ocrx_word' id='word_1_262' title='bbox 3333 1957 3393 2010; x_wconf 89' lang='lat' dir='ltr'><strong>in</strong></span> 
     </span>
    </p>
   </div>
   <div class='ocr_carea' id='block_1_38' title="bbox 1819 2044 3397 2117">
    <p class='ocr_par' dir='ltr' id='par_1_38' title="bbox 1819 2044 3397 2117">
     <span class='ocr_line' id='line_1_38' title="bbox 1819 2044 3397 2117; baseline -0.001 -15"><span class='ocrx_word' id='word_1_263' title='bbox 1819 2047 2037 2102; x_wconf 84' lang='lat' dir='ltr'><strong>modum</strong></span> <span class='ocrx_word' id='word_1_264' title='bbox 2083 2046 2256 2117; x_wconf 85' lang='lat' dir='ltr'><strong>tangit</strong></span> <span class='ocrx_word' id='word_1_265' title='bbox 2310 2044 2552 2098; x_wconf 91' lang='lat' dir='ltr'><strong>animum</strong></span> <span class='ocrx_word' id='word_1_266' title='bbox 2598 2058 2797 2098; x_wconf 90' lang='lat' dir='ltr'><strong>meum.</strong></span> <span class='ocrx_word' id='word_1_267' title='bbox 2840 2045 2908 2098; x_wconf 82' lang='lat' dir='ltr'><strong>At</strong></span> <span class='ocrx_word' id='word_1_268' title='bbox 2942 2044 3039 2099; x_wconf 90' lang='lat' dir='ltr'><strong>tibi</strong></span> <span class='ocrx_word' id='word_1_269' title='bbox 3092 2059 3397 2114; x_wconf 87' lang='lat' dir='ltr'><strong>proponere</strong></span> 
     </span>
    </p>
   </div>
   <div class='ocr_carea' id='block_1_39' title="bbox 1819 2135 3393 2211">
    <p class='ocr_par' dir='ltr' id='par_1_39' title="bbox 1819 2135 3393 2211">
     <span class='ocr_line' id='line_1_39' title="bbox 1819 2135 3393 2211; baseline -0.002 -17"><span class='ocrx_word' id='word_1_270' title='bbox 1819 2140 2062 2211; x_wconf 64' lang='lat' dir='ltr'><strong>quaedam</strong></span> <span class='ocrx_word' id='word_1_271' title='bbox 2124 2153 2191 2194; x_wconf 80' lang='lat' dir='ltr'><strong>ex</strong></span> <span class='ocrx_word' id='word_1_272' title='bbox 2243 2137 2425 2191; x_wconf 89' lang='lat' dir='ltr'><strong>dubiis</strong></span> <span class='ocrx_word' id='word_1_273' title='bbox 2485 2151 2595 2190; x_wconf 88' lang='lat' dir='ltr'><strong>non</strong></span> <span class='ocrx_word' id='word_1_274' title='bbox 2639 2135 2815 2190; x_wconf 90' lang='lat' dir='ltr'><strong>audeo</strong></span> <span class='ocrx_word' id='word_1_275' title='bbox 2847 2177 2863 2203; x_wconf 95' lang='lat'><strong>,</strong></span> <span class='ocrx_word' id='word_1_276' title='bbox 2908 2151 2977 2191; x_wconf 92' lang='lat' dir='ltr'><strong>ne</strong></span> <span class='ocrx_word' id='word_1_277' title='bbox 3011 2137 3200 2191; x_wconf 84' lang='lat' dir='ltr'><strong>videar</strong></span> <span class='ocrx_word' id='word_1_278' title='bbox 3253 2139 3393 2191; x_wconf 88' lang='lat' dir='ltr'><strong>ultra</strong></span> 
     </span>
    </p>
   </div>
   <div class='ocr_carea' id='block_1_40' title="bbox 1820 2225 3394 2298">
    <p class='ocr_par' dir='ltr' id='par_1_40' title="bbox 1820 2225 3394 2298">
     <span class='ocr_line' id='line_1_40' title="bbox 1820 2225 3394 2298; baseline -0.003 -12"><span class='ocrx_word' id='word_1_279' title='bbox 1820 2232 2038 2286; x_wconf 88' lang='lat' dir='ltr'><strong>modum</strong></span> <span class='ocrx_word' id='word_1_280' title='bbox 2089 2230 2286 2285; x_wconf 83' lang='lat' dir='ltr'><strong>ﬁducia</strong></span> <span class='ocrx_word' id='word_1_281' title='bbox 2347 2228 2568 2298; x_wconf 86' lang='lat' dir='ltr'><strong>repleri.</strong></span> <span class='ocrx_word' id='word_1_282' title='bbox 2624 2225 2831 2284; x_wconf 90' lang='lat' dir='ltr'><strong>Tacere</strong></span> <span class='ocrx_word' id='word_1_283' title='bbox 2881 2243 3013 2295; x_wconf 49' lang='lat' dir='ltr'><strong>vero</strong></span> <span class='ocrx_word' id='word_1_284' title='bbox 3050 2228 3246 2281; x_wconf 86' lang='lat' dir='ltr'><strong>iterum</strong></span> <span class='ocrx_word' id='word_1_285' title='bbox 3283 2244 3394 2282; x_wconf 92' lang='lat' dir='ltr'><strong>non</strong></span> 
     </span>
    </p>
   </div>
   <div class='ocr_carea' id='block_1_41' title="bbox 1822 2321 3384 2392">
    <p class='ocr_par' dir='ltr' id='par_1_41' title="bbox 1822 2321 3384 2392">
     <span class='ocr_line' id='line_1_41' title="bbox 1822 2321 3384 2392; baseline -0.004 -13"><span class='ocrx_word' id='word_1_286' title='bbox 1822 2324 2069 2379; x_wconf 89' lang='lat' dir='ltr'><strong>sustineo</strong></span> <span class='ocrx_word' id='word_1_287' title='bbox 2097 2361 2114 2386; x_wconf 92' lang='lat'><strong>,</strong></span> <span class='ocrx_word' id='word_1_288' title='bbox 2170 2322 2522 2392; x_wconf 88' lang='lat' dir='ltr'><strong>parturiens,</strong></span> <span class='ocrx_word' id='word_1_289' title='bbox 2565 2321 2853 2389; x_wconf 90' lang='lat' dir='ltr'><strong>adhucque</strong></span> <span class='ocrx_word' id='word_1_290' title='bbox 2913 2327 3257 2375; x_wconf 79' lang='lat' dir='ltr'><strong>antevertere</strong></span> <span class='ocrx_word' id='word_1_291' title='bbox 3303 2335 3384 2390; x_wconf 81' lang='lat' dir='ltr'><strong>ge-</strong></span> 
     </span>
    </p>
   </div>
   <div class='ocr_carea' id='block_1_42' title="bbox 1821 2411 3439 2485">
    <p class='ocr_par' dir='ltr' id='par_1_42' title="bbox 1821 2411 3439 2485">
     <span class='ocr_line' id='line_1_42' title="bbox 1821 2411 3439 2485; baseline -0.003 -15"><span class='ocrx_word' id='word_1_292' title='bbox 1821 2416 2015 2470; x_wconf 78' lang='lat' dir='ltr'><strong>stiens.</strong></span> <span class='ocrx_word' id='word_1_293' title='bbox 2056 2414 2235 2481; x_wconf 85' lang='lat' dir='ltr'><strong>Quare</strong></span> <span class='ocrx_word' id='word_1_294' title='bbox 2282 2414 2546 2483; x_wconf 92' lang='lat' dir='ltr'><strong>optimum</strong></span> <span class='ocrx_word' id='word_1_295' title='bbox 2583 2413 2726 2468; x_wconf 83' lang='lat' dir='ltr'><strong>factu</strong></span> <span class='ocrx_word' id='word_1_296' title='bbox 2787 2411 3017 2470; x_wconf 89' lang='lat' dir='ltr'><strong>censui.</strong></span> <span class='ocrx_word' id='word_1_297' title='bbox 3050 2418 3110 2465; x_wconf 90' lang='lat' dir='ltr'><strong>ut</strong></span> <span class='ocrx_word' id='word_1_298' title='bbox 3164 2425 3397 2480; x_wconf 56' lang='lat' dir='ltr'><strong>percon.</strong></span> <span class='ocrx_word' id='word_1_299' title='bbox 3432 2478 3439 2485; x_wconf 36' lang='grc' dir='ltr'><strong>ο</strong></span> 
     </span>
    </p>
   </div>
   <div class='ocr_carea' id='block_1_43' title="bbox 128 2505 1746 2592">
    <p class='ocr_par' dir='ltr' id='par_1_43' title="bbox 128 2512 1712 2590">
     <span class='ocr_line' id='line_1_43' title="bbox 128 2512 1712 2590; baseline 0.002 -21"><span class='ocrx_word' id='word_1_300' title='bbox 128 2515 367 2585; x_wconf 79' lang='grc' dir='ltr'>πότερον</span> <span class='ocrx_word' id='word_1_301' title='bbox 415 2517 574 2588; x_wconf 85' lang='grc' dir='ltr'>ὲφίης</span> <span class='ocrx_word' id='word_1_302' title='bbox 619 2520 770 2588; x_wconf 80' lang='grc' dir='ltr'>ἡμῖν,</span> <span class='ocrx_word' id='word_1_303' title='bbox 820 2512 866 2570; x_wconf 83' lang='grc' dir='ltr'><strong>ὦ</strong></span> <span class='ocrx_word' id='word_1_304' title='bbox 918 2516 1213 2588; x_wconf 84' lang='grc' dir='ltr'>θαυμάσιε,</span> <span class='ocrx_word' id='word_1_305' title='bbox 1263 2519 1472 2590; x_wconf 81' lang='grc' dir='ltr'>ἐρωτᾷν</span> <span class='ocrx_word' id='word_1_306' title='bbox 1513 2536 1567 2572; x_wconf 91' lang='grc' dir='ltr'><strong>τι</strong></span> <span class='ocrx_word' id='word_1_307' title='bbox 1604 2519 1712 2572; x_wconf 87' lang='grc' dir='ltr'><strong>τῶν</strong></span> 
     </span>
    </p>
   </div>
   <div class='ocr_carea' id='block_1_44' title="bbox 1831 2505 3397 2592">
    <p class='ocr_par' dir='ltr' id='par_1_44' title="bbox 1831 2505 3397 2577">
     <span class='ocr_line' id='line_1_44' title="bbox 1831 2505 3397 2577; baseline 0 -19"><span class='ocrx_word' id='word_1_308' title='bbox 1831 2525 1959 2563; x_wconf 90' lang='lat' dir='ltr'><strong>arer</strong></span> <span class='ocrx_word' id='word_1_309' title='bbox 1995 2524 2058 2563; x_wconf 78' lang='lat' dir='ltr'><strong>ex</strong></span> <span class='ocrx_word' id='word_1_310' title='bbox 2117 2517 2192 2569; x_wconf 90' lang='lat' dir='ltr'><strong>te,</strong></span> <span class='ocrx_word' id='word_1_311' title='bbox 2226 2524 2355 2561; x_wconf 90' lang='lat' dir='ltr'><strong>num</strong></span> <span class='ocrx_word' id='word_1_312' title='bbox 2394 2507 2766 2577; x_wconf 88' lang='lat' dir='ltr'><strong>permissurus</strong></span> <span class='ocrx_word' id='word_1_313' title='bbox 2812 2507 2972 2562; x_wconf 88' lang='lat' dir='ltr'><strong>nobis</strong></span> <span class='ocrx_word' id='word_1_314' title='bbox 3026 2507 3126 2569; x_wconf 89' lang='lat' dir='ltr'><strong>sis,</strong></span> <span class='ocrx_word' id='word_1_315' title='bbox 3159 2521 3193 2561; x_wconf 91' lang='grc' dir='ltr'><strong>ο</strong></span> <span class='ocrx_word' id='word_1_316' title='bbox 3221 2505 3397 2560; x_wconf 88' lang='lat' dir='ltr'><strong>admi-</strong></span> 
     </span>
    </p>
   </div>
   <div class='ocr_carea' id='block_1_45' title="bbox 126 2595 1746 2680">
    <p class='ocr_par' dir='ltr' id='par_1_45' title="bbox 126 2605 1714 2680">
     <span class='ocr_line' id='line_1_45' title="bbox 126 2605 1714 2680; baseline 0.001 -21"><span class='ocrx_word' id='word_1_317' title='bbox 126 2605 547 2676; x_wconf 79' lang='grc' dir='ltr'>ἀπορουμένων,</span> <span class='ocrx_word' id='word_1_318' title='bbox 581 2605 614 2677; x_wconf 79' lang='grc' dir='ltr'><strong>ἢ</strong></span> <span class='ocrx_word' id='word_1_319' title='bbox 650 2608 754 2680; x_wconf 79' lang='grc' dir='ltr'>χρὴ</span> <span class='ocrx_word' id='word_1_320' title='bbox 792 2606 890 2676; x_wconf 76' lang='grc' dir='ltr'><strong>τὴν</strong></span> <span class='ocrx_word' id='word_1_321' title='bbox 936 2606 1166 2677; x_wconf 80' lang='grc' dir='ltr'>ἡσυχίαν</span> <span class='ocrx_word' id='word_1_322' title='bbox 1201 2605 1375 2675; x_wconf 81' lang='grc' dir='ltr'>ἄγειν.</span> <span class='ocrx_word' id='word_1_323' title='bbox 1422 2608 1714 2679; x_wconf 87' lang='grc' dir='ltr'>Ὀπότερον</span> 
     </span>
    </p>
   </div>
   <div class='ocr_carea' id='block_1_46' title="bbox 1831 2595 3396 2680">
    <p class='ocr_par' dir='ltr' id='par_1_46' title="bbox 1831 2595 3396 2668">
     <span class='ocr_line' id='line_1_46' title="bbox 1831 2595 3396 2668; baseline -0.003 -16"><span class='ocrx_word' id='word_1_324' title='bbox 1831 2600 2025 2659; x_wconf 77' lang='lat' dir='ltr'><strong>rande,</strong></span> <span class='ocrx_word' id='word_1_325' title='bbox 2067 2598 2314 2652; x_wconf 91' lang='lat' dir='ltr'><strong>nonnihil</strong></span> <span class='ocrx_word' id='word_1_326' title='bbox 2376 2598 2716 2668; x_wconf 89' lang='lat' dir='ltr'><strong>interrogare</strong></span> <span class='ocrx_word' id='word_1_327' title='bbox 2755 2595 2823 2651; x_wconf 91' lang='lat' dir='ltr'><strong>de</strong></span> <span class='ocrx_word' id='word_1_328' title='bbox 2870 2597 3273 2657; x_wconf 81' lang='lat' dir='ltr'><strong>controversis.</strong></span> <span class='ocrx_word' id='word_1_329' title='bbox 3325 2609 3396 2648; x_wconf 88' lang='lat' dir='ltr'><strong>an</strong></span> 
     </span>
    </p>
   </div>
   <div class='ocr_carea' id='block_1_47' title="bbox 124 2695 1712 2770">
    <p class='ocr_par' dir='ltr' id='par_1_47' title="bbox 124 2695 1712 2770">
     <span class='ocr_line' id='line_1_47' title="bbox 124 2695 1712 2770; baseline 0.001 -21"><span class='ocrx_word' id='word_1_330' title='bbox 124 2696 176 2749; x_wconf 80' lang='grc' dir='ltr'>δ’</span> <span class='ocrx_word' id='word_1_331' title='bbox 212 2696 281 2748; x_wconf 86' lang='grc' dir='ltr'>ἂν</span> <span class='ocrx_word' id='word_1_332' title='bbox 313 2697 603 2770; x_wconf 85' lang='grc' dir='ltr'>ἀποκρίνῃ,</span> <span class='ocrx_word' id='word_1_333' title='bbox 627 2696 787 2750; x_wconf 84' lang='grc' dir='ltr'>τοῦτο</span> <span class='ocrx_word' id='word_1_334' title='bbox 812 2696 1119 2767; x_wconf 79' lang='grc' dir='ltr'>φυλάξομεν</span> <span class='ocrx_word' id='word_1_335' title='bbox 1144 2695 1237 2749; x_wconf 87' lang='grc' dir='ltr'><strong>τοῦ</strong></span> <span class='ocrx_word' id='word_1_336' title='bbox 1259 2696 1468 2750; x_wconf 84' lang='grc' dir='ltr'>λοιποῦ.</span> <span class='ocrx_word' id='word_1_337' title='bbox 1509 2698 1712 2770; x_wconf 70' lang='grc' dir='ltr'>Ἔρρω-</span> 
     </span>
    </p>
   </div>
   <div class='ocr_carea' id='block_1_48' title="bbox 134 2785 1714 2860">
    <p class='ocr_par' dir='ltr' id='par_1_48' title="bbox 134 2785 1714 2860">
     <span class='ocr_line' id='line_1_48' title="bbox 134 2785 1714 2860; baseline 0 -21"><span class='ocrx_word' id='word_1_338' title='bbox 134 2785 302 2857; x_wconf 83' lang='grc' dir='ltr'>μένον</span> <span class='ocrx_word' id='word_1_339' title='bbox 338 2803 398 2840; x_wconf 90' lang='grc' dir='ltr'><strong>τε</strong></span> <span class='ocrx_word' id='word_1_340' title='bbox 450 2789 544 2840; x_wconf 78' lang='grc' dir='ltr'>καὶ</span> <span class='ocrx_word' id='word_1_341' title='bbox 585 2786 819 2860; x_wconf 79' lang='grc' dir='ltr'>εὔθυμον</span> <span class='ocrx_word' id='word_1_342' title='bbox 867 2789 962 2844; x_wconf 75' lang='grc' dir='ltr'>καὶ</span> <span class='ocrx_word' id='word_1_343' title='bbox 1010 2786 1445 2859; x_wconf 84' lang='grc' dir='ltr'>ὑπερευχόμενον</span> <span class='ocrx_word' id='word_1_344' title='bbox 1496 2786 1714 2859; x_wconf 81' lang='grc' dir='ltr'>ἐχοιμέν</span> 
     </span>
    </p>
   </div>
   <div class='ocr_carea' id='block_1_49' title="bbox 132 2875 534 2943">
    <p class='ocr_par' dir='ltr' id='par_1_49' title="bbox 132 2875 534 2943">
     <span class='ocr_line' id='line_1_49' title="bbox 132 2875 534 2943; baseline 0.01 -14"><span class='ocrx_word' id='word_1_345' title='bbox 132 2892 196 2929; x_wconf 77' lang='grc' dir='ltr'><strong>σε</strong></span> <span class='ocrx_word' id='word_1_346' title='bbox 222 2875 534 2943; x_wconf 82' lang='grc' dir='ltr'>διαπαντός.</span> 
     </span>
    </p>
   </div>
   <div class='ocr_carea' id='block_1_50' title="bbox 655 3100 1201 3159">
    <p class='ocr_par' dir='ltr' id='par_1_50' title="bbox 655 3100 1201 3159">
     <span class='ocr_line' id='line_1_50' title="bbox 655 3100 1201 3159; baseline 0 -1"><span class='ocrx_word' id='word_1_347' title='bbox 655 3104 1002 3159; x_wconf 80' lang='grc' dir='ltr'><strong>ΕΠΙΣΤΟΛΗ</strong></span> <span class='ocrx_word' id='word_1_348' title='bbox 1041 3100 1201 3158; x_wconf 71' lang='grc' dir='ltr'><strong>ΤΞΔθ.</strong></span> 
     </span>
    </p>
   </div>
   <div class='ocr_carea' id='block_1_51' title="bbox 1820 2686 3399 2761">
    <p class='ocr_par' dir='ltr' id='par_1_51' title="bbox 1820 2686 3399 2761">
     <span class='ocr_line' id='line_1_51' title="bbox 1820 2686 3399 2761; baseline -0.004 -15"><span class='ocrx_word' id='word_1_349' title='bbox 1820 2698 2069 2761; x_wconf 90' lang='lat' dir='ltr'><strong>oporteat</strong></span> <span class='ocrx_word' id='word_1_350' title='bbox 2127 2699 2315 2744; x_wconf 85' lang='lat' dir='ltr'><strong>tenere</strong></span> <span class='ocrx_word' id='word_1_351' title='bbox 2392 2688 2693 2742; x_wconf 89' lang='lat' dir='ltr'><strong>silentium.</strong></span> <span class='ocrx_word' id='word_1_352' title='bbox 2763 2686 3045 2743; x_wconf 87' lang='lat' dir='ltr'><strong>Utrumvis</strong></span> <span class='ocrx_word' id='word_1_353' title='bbox 3099 2701 3265 2757; x_wconf 90' lang='lat' dir='ltr'><strong>porro</strong></span> <span class='ocrx_word' id='word_1_354' title='bbox 3310 2701 3399 2740; x_wconf 88' lang='lat' dir='ltr'><strong>re-</strong></span> 
     </span>
    </p>
   </div>
   <div class='ocr_carea' id='block_1_52' title="bbox 1821 2777 3397 2851">
    <p class='ocr_par' dir='ltr' id='par_1_52' title="bbox 1821 2777 3397 2851">
     <span class='ocr_line' id='line_1_52' title="bbox 1821 2777 3397 2851; baseline -0.003 -14"><span class='ocrx_word' id='word_1_355' title='bbox 1821 2781 2133 2851; x_wconf 87' lang='lat' dir='ltr'><strong>spondeas,</strong></span> <span class='ocrx_word' id='word_1_356' title='bbox 2224 2780 2279 2835; x_wconf 89' lang='lat' dir='ltr'><strong>id</strong></span> <span class='ocrx_word' id='word_1_357' title='bbox 2351 2780 2771 2835; x_wconf 82' lang='lat' dir='ltr'><strong>observabimus</strong></span> <span class='ocrx_word' id='word_1_358' title='bbox 2840 2779 3122 2849; x_wconf 88' lang='lat' dir='ltr'><strong>deinceps.</strong></span> <span class='ocrx_word' id='word_1_359' title='bbox 3189 2777 3397 2833; x_wconf 80' lang='lat' dir='ltr'><strong>Sanum</strong></span> 
     </span>
    </p>
   </div>
   <div class='ocr_carea' id='block_1_53' title="bbox 1821 2871 3399 2945">
    <p class='ocr_par' dir='ltr' id='par_1_53' title="bbox 1821 2871 3399 2945">
     <span class='ocr_line' id='line_1_53' title="bbox 1821 2871 3399 2945; baseline -0.001 -16"><span class='ocrx_word' id='word_1_360' title='bbox 1821 2875 2118 2945; x_wconf 75' lang='lat' dir='ltr'><strong>laetumque</strong></span> <span class='ocrx_word' id='word_1_361' title='bbox 2158 2883 2212 2929; x_wconf 92' lang='lat' dir='ltr'><strong>et</strong></span> <span class='ocrx_word' id='word_1_362' title='bbox 2260 2888 2358 2945; x_wconf 92' lang='lat' dir='ltr'><strong>pro</strong></span> <span class='ocrx_word' id='word_1_363' title='bbox 2407 2873 2568 2928; x_wconf 87' lang='lat' dir='ltr'><strong>nobis</strong></span> <span class='ocrx_word' id='word_1_364' title='bbox 2623 2881 2873 2928; x_wconf 88' lang='lat' dir='ltr'><strong>orantem</strong></span> <span class='ocrx_word' id='word_1_365' title='bbox 2922 2881 2976 2929; x_wconf 85' lang='lat' dir='ltr'><strong>te</strong></span> <span class='ocrx_word' id='word_1_366' title='bbox 3017 2871 3399 2943; x_wconf 84' lang='lat' dir='ltr'><strong>possideamus</strong></span> 
     </span>
    </p>
   </div>
   <div class='ocr_carea' id='block_1_54' title="bbox 1824 2980 2056 3036">
    <p class='ocr_par' dir='ltr' id='par_1_54' title="bbox 1824 2980 2056 3036">
     <span class='ocr_line' id='line_1_54' title="bbox 1824 2980 2056 3036; baseline -0.009 -15"><span class='ocrx_word' id='word_1_367' title='bbox 1824 2980 2056 3036; x_wconf 86' lang='lat' dir='ltr'><strong>semper.</strong></span> 
     </span>
    </p>
   </div>
   <div class='ocr_carea' id='block_1_55' title="bbox 2282 3103 3011 3161">
    <p class='ocr_par' dir='ltr' id='par_1_55' title="bbox 2282 3103 3011 3161">
     <span class='ocr_line' id='line_1_55' title="bbox 2282 3103 3011 3161; baseline 0.003 -2"><span class='ocrx_word' id='word_1_368' title='bbox 2282 3103 2620 3161; x_wconf 75' lang='lat' dir='ltr'><strong>EPISTULA</strong></span> <span class='ocrx_word' id='word_1_369' title='bbox 2649 3104 3011 3161; x_wconf 74' lang='lat' dir='ltr'><strong>CCCLXIV&quot;.</strong></span> 
     </span>
    </p>
   </div>
   <div class='ocr_carea' id='block_1_56' title="bbox 134 3246 3404 3320">
    <p class='ocr_par' dir='ltr' id='par_1_56' title="bbox 134 3246 3404 3320">
     <span class='ocr_line' id='line_1_56' title="bbox 134 3246 3404 3320; baseline -0.003 -15"><span class='ocrx_word' id='word_1_370' title='bbox 134 3251 594 3320; x_wconf 65' lang='lat' dir='ltr'><strong>Basiliumfruslra</strong></span> <span class='ocrx_word' id='word_1_371' title='bbox 610 3253 859 3320; x_wconf 73' lang='lat' dir='ltr'><strong>quazsitum</strong></span> <span class='ocrx_word' id='word_1_372' title='bbox 880 3255 931 3305; x_wconf 89' lang='lat' dir='ltr'><strong>in</strong></span> <span class='ocrx_word' id='word_1_373' title='bbox 974 3251 1286 3319; x_wconf 86' lang='lat' dir='ltr'><strong>Cappadocia</strong></span> <span class='ocrx_word' id='word_1_374' title='bbox 1321 3252 1635 3320; x_wconf 77' lang='lat' dir='ltr'><strong>Apoliuarzus</strong></span> <span class='ocrx_word' id='word_1_375' title='bbox 1649 3253 1815 3320; x_wconf 83' lang='lat' dir='ltr'><strong>oblata</strong></span> <span class='ocrx_word' id='word_1_376' title='bbox 2137 3264 2225 3320; x_wconf 70' lang='lat' dir='ltr'><strong>per</strong></span> <span class='ocrx_word' id='word_1_377' title='bbox 2247 3248 2428 3302; x_wconf 76' lang='lat' dir='ltr'><strong>litteras</strong></span> <span class='ocrx_word' id='word_1_378' title='bbox 2463 3251 2654 3301; x_wconf 77' lang='lat' dir='ltr'><strong>salutat.</strong></span> <span class='ocrx_word' id='word_1_379' title='bbox 2701 3247 2915 3320; x_wconf 61' lang='lat' dir='ltr'><strong>Nuntiat</strong></span> <span class='ocrx_word' id='word_1_380' title='bbox 2941 3246 3124 3320; x_wconf 72' lang='lat' dir='ltr'><strong>venisse</strong></span> <span class='ocrx_word' id='word_1_381' title='bbox 3155 3258 3404 3320; x_wconf 72' lang='lat' dir='ltr'><strong>episcopos</strong></span> 
     </span>
    </p>
   </div>
   <div class='ocr_carea' id='block_1_57' title="bbox 203 3312 2111 3380">
    <p class='ocr_par' dir='ltr' id='par_1_57' title="bbox 203 3312 2111 3380">
     <span class='ocr_line' id='line_1_57' title="bbox 203 3312 2111 3380; baseline 0.003 -17"><span class='ocrx_word' id='word_1_382' title='bbox 203 3312 473 3380; x_wconf 69' lang='lat' dir='ltr'><strong>.cEyyptios.</strong></span> <span class='ocrx_word' id='word_1_383' title='bbox 497 3323 541 3367; x_wconf 84' lang='lat' dir='ltr'><strong>el</strong></span> <span class='ocrx_word' id='word_1_384' title='bbox 565 3312 746 3380; x_wconf 71' lang='lat' dir='ltr'><strong>scripta</strong></span> <span class='ocrx_word' id='word_1_385' title='bbox 778 3316 926 3380; x_wconf 74' lang='lat' dir='ltr'><strong>allata</strong></span> <span class='ocrx_word' id='word_1_386' title='bbox 947 3312 1051 3380; x_wconf 75' lang='lat' dir='ltr'><strong>esse</strong></span> <span class='ocrx_word' id='word_1_387' title='bbox 1069 3312 1272 3380; x_wconf 80' lang='lat' dir='ltr'><strong>prorsus</strong></span> <span class='ocrx_word' id='word_1_388' title='bbox 1294 3312 1570 3380; x_wconf 75' lang='lat' dir='ltr'><strong>necessaria</strong></span> <span class='ocrx_word' id='word_1_389' title='bbox 1593 3316 1659 3364; x_wconf 87' lang='lat' dir='ltr'><strong>ad</strong></span> <span class='ocrx_word' id='word_1_390' title='bbox 1684 3328 1767 3366; x_wconf 86' lang='lat' dir='ltr'><strong>eos</strong></span> <span class='ocrx_word' id='word_1_391' title='bbox 1803 3312 2111 3380; x_wconf 67' lang='lat' dir='ltr'><strong>releuandos.</strong></span> 
     </span>
    </p>
   </div>
   <div class='ocr_carea' id='block_1_58' title="bbox 2138 3310 3405 3376">
    <p class='ocr_par' dir='ltr' id='par_1_58' title="bbox 2138 3310 3405 3376">
     <span class='ocr_line' id='line_1_58' title="bbox 2138 3310 3405 3376; baseline -0.004 -14"><span class='ocrx_word' id='word_1_392' title='bbox 2138 3310 2224 3376; x_wconf 62' lang='lat' dir='ltr'><strong>qui</strong></span> <span class='ocrx_word' id='word_1_393' title='bbox 2243 3320 2382 3362; x_wconf 83' lang='lat' dir='ltr'><strong>antea</strong></span> <span class='ocrx_word' id='word_1_394' title='bbox 2407 3320 2590 3376; x_wconf 72' lang='lat' dir='ltr'><strong>operte</strong></span> <span class='ocrx_word' id='word_1_395' title='bbox 2617 3310 3026 3376; x_wconf 74' lang='lat' dir='ltr'><strong>contradicebant,</strong></span> <span class='ocrx_word' id='word_1_396' title='bbox 3059 3310 3191 3376; x_wconf 56' lang='lat' dir='ltr'><strong>nunc</strong></span> <span class='ocrx_word' id='word_1_397' title='bbox 3221 3310 3405 3375; x_wconf 61' lang='lat' dir='ltr'><strong>occ-idle</strong></span> 
     </span>
    </p>
   </div>
   <div class='ocr_carea' id='block_1_59' title="bbox 198 3367 3406 3438">
    <p class='ocr_par' dir='ltr' id='par_1_59' title="bbox 198 3367 3406 3438">
     <span class='ocr_line' id='line_1_59' title="bbox 198 3367 3406 3438; baseline -0.003 -12"><span class='ocrx_word' id='word_1_398' title='bbox 198 3367 552 3435; x_wconf 56' lang='lat' dir='ltr'><strong>coiiﬁ&#39;adicunl,</strong></span> <span class='ocrx_word' id='word_1_399' title='bbox 572 3367 842 3428; x_wconf 63' lang='lat' dir='ltr'><strong>ituroduclo</strong></span> <span class='ocrx_word' id='word_1_400' title='bbox 859 3377 1011 3428; x_wconf 82' lang='lat' dir='ltr'><strong>simili</strong></span> <span class='ocrx_word' id='word_1_401' title='bbox 1032 3367 1295 3429; x_wconf 73' lang='lat' dir='ltr'><strong>secundum</strong></span> <span class='ocrx_word' id='word_1_402' title='bbox 1316 3375 1592 3438; x_wconf 71' lang='lat' dir='ltr'><strong>essentiam,</strong></span> <span class='ocrx_word' id='word_1_403' title='bbox 1611 3382 1663 3425; x_wconf 80' lang='lat' dir='ltr'><strong>ut</strong></span> <span class='ocrx_word' id='word_1_404' title='bbox 1679 3367 2081 3427; x_wconf 78' lang='lat' dir='ltr'><strong>consubstantiale</strong></span> <span class='ocrx_word' id='word_1_405' title='bbox 2101 3367 2375 3438; x_wconf 63' lang='lat' dir='ltr'><strong>abrogetur.</strong></span> <span class='ocrx_word' id='word_1_406' title='bbox 2393 3367 2540 3425; x_wconf 71' lang='lat' dir='ltr'><strong>Sana:</strong></span> <span class='ocrx_word' id='word_1_407' title='bbox 2555 3372 2673 3437; x_wconf 75' lang='lat' dir='ltr'><strong>ﬁdei</strong></span> <span class='ocrx_word' id='word_1_408' title='bbox 2696 3367 3021 3436; x_wconf 70' lang='lat' dir='ltr'><strong>delensiouem</strong></span> <span class='ocrx_word' id='word_1_409' title='bbox 3051 3367 3229 3422; x_wconf 86' lang='lat' dir='ltr'><strong>uemim</strong></span> <span class='ocrx_word' id='word_1_410' title='bbox 3250 3368 3406 3434; x_wconf 83' lang='lat' dir='ltr'><strong>magis</strong></span> 
     </span>
    </p>
   </div>
   <div class='ocr_carea' id='block_1_60' title="bbox 202 3437 1438 3504">
    <p class='ocr_par' dir='ltr' id='par_1_60' title="bbox 202 3437 1438 3504">
     <span class='ocr_line' id='line_1_60' title="bbox 202 3437 1438 3504; baseline 0 -17"><span class='ocrx_word' id='word_1_411' title='bbox 202 3452 471 3502; x_wconf 83' lang='lat' dir='ltr'><strong>congruere</strong></span> <span class='ocrx_word' id='word_1_412' title='bbox 493 3441 727 3499; x_wconf 82' lang='lat' dir='ltr'><strong>declarat,</strong></span> <span class='ocrx_word' id='word_1_413' title='bbox 751 3452 895 3502; x_wconf 84' lang='lat' dir='ltr'><strong>quant</strong></span> <span class='ocrx_word' id='word_1_414' title='bbox 918 3438 1100 3490; x_wconf 81' lang='lat' dir='ltr'><strong>Basilio</strong></span> <span class='ocrx_word' id='word_1_415' title='bbox 1119 3445 1164 3491; x_wconf 90' lang='lat' dir='ltr'><strong>et</strong></span> <span class='ocrx_word' id='word_1_416' title='bbox 1185 3437 1438 3504; x_wconf 85' lang='lat' dir='ltr'><strong>Gregorio.</strong></span> 
     </span>
    </p>
   </div>
   <div class='ocr_carea' id='block_1_61' title="bbox 552 3546 1309 3616">
    <p class='ocr_par' dir='ltr' id='par_1_61' title="bbox 552 3546 1309 3616">
     <span class='ocr_line' id='line_1_61' title="bbox 552 3546 1309 3616; baseline -0.001 -16"><span class='ocrx_word' id='word_1_417' title='bbox 552 3548 844 3611; x_wconf 65' lang='grc' dir='ltr'>Βασιλείᾳ)</span> <span class='ocrx_word' id='word_1_418' title='bbox 886 3546 1309 3616; x_wconf 74' lang='grc' dir='ltr'>Ἁπολινάριος.</span> 
     </span>
    </p>
   </div>
   <div class='ocr_carea' id='block_1_62' title="bbox 216 3658 1719 3730">
    <p class='ocr_par' dir='ltr' id='par_1_62' title="bbox 216 3658 1719 3730">
     <span class='ocr_line' id='line_1_62' title="bbox 216 3658 1719 3730; baseline 0 -19"><span class='ocrx_word' id='word_1_419' title='bbox 216 3658 309 3729; x_wconf 81' lang='grc' dir='ltr'>Τῷ</span> <span class='ocrx_word' id='word_1_420' title='bbox 332 3658 563 3730; x_wconf 79' lang='grc' dir='ltr'>δεσπότῃ</span> <span class='ocrx_word' id='word_1_421' title='bbox 612 3676 735 3729; x_wconf 86' lang='grc' dir='ltr'>μου,</span> <span class='ocrx_word' id='word_1_422' title='bbox 765 3659 844 3729; x_wconf 83' lang='grc' dir='ltr'>τῷ</span> <span class='ocrx_word' id='word_1_423' title='bbox 878 3659 1241 3730; x_wconf 75' lang='grc' dir='ltr'>ποθεινοτάτῳ</span> <span class='ocrx_word' id='word_1_424' title='bbox 1289 3658 1526 3730; x_wconf 82' lang='grc' dir='ltr'>ἀδελφῷ,</span> <span class='ocrx_word' id='word_1_425' title='bbox 1557 3660 1719 3712; x_wconf 87' lang='grc' dir='ltr'>Βασι-</span> 
     </span>
    </p>
   </div>
   <div class='ocr_carea' id='block_1_63' title="bbox 2333 3539 2934 3607">
    <p class='ocr_par' dir='ltr' id='par_1_63' title="bbox 2333 3539 2934 3607">
     <span class='ocr_line' id='line_1_63' title="bbox 2333 3539 2934 3607; baseline 0 -12"><span class='ocrx_word' id='word_1_426' title='bbox 2333 3541 2539 3596; x_wconf 81' lang='lat' dir='ltr'><strong>Basilio</strong></span> <span class='ocrx_word' id='word_1_427' title='bbox 2576 3539 2934 3607; x_wconf 83' lang='lat' dir='ltr'><strong>Apolinarius.</strong></span> 
     </span>
    </p>
   </div>
   <div class='ocr_carea' id='block_1_64' title="bbox 1898 3645 3403 3721">
    <p class='ocr_par' dir='ltr' id='par_1_64' title="bbox 1898 3645 3403 3721">
     <span class='ocr_line' id='line_1_64' title="bbox 1898 3645 3403 3721; baseline -0.006 -12"><span class='ocrx_word' id='word_1_428' title='bbox 1898 3655 2129 3709; x_wconf 86' lang='lat' dir='ltr'><strong>Domino</strong></span> <span class='ocrx_word' id='word_1_429' title='bbox 2202 3668 2321 3707; x_wconf 85' lang='lat' dir='ltr'><strong>meo</strong></span> <span class='ocrx_word' id='word_1_430' title='bbox 2353 3692 2369 3716; x_wconf 90' lang='lat'><strong>,</strong></span> <span class='ocrx_word' id='word_1_431' title='bbox 2438 3650 2854 3721; x_wconf 78' lang='lat' dir='ltr'><strong>exoptatissime</strong></span> <span class='ocrx_word' id='word_1_432' title='bbox 2923 3648 3127 3711; x_wconf 79' lang='lat' dir='ltr'><strong>fratri,</strong></span> <span class='ocrx_word' id='word_1_433' title='bbox 3180 3645 3403 3713; x_wconf 84' lang='lat' dir='ltr'><strong>Basilio,</strong></span> 
     </span>
    </p>
   </div>
   <div class='ocr_carea' id='block_1_65' title="bbox 140 3739 1746 3827">
    <p class='ocr_par' dir='ltr' id='par_1_65' title="bbox 140 3749 1723 3827">
     <span class='ocr_line' id='line_1_65' title="bbox 140 3749 1723 3827; baseline 0 -24"><span class='ocrx_word' id='word_1_434' title='bbox 140 3750 297 3820; x_wconf 80' lang='grc' dir='ltr'>λείῳ,</span> <span class='ocrx_word' id='word_1_435' title='bbox 331 3749 701 3827; x_wconf 77' lang='grc' dir='ltr'>Ἀπολινάριος</span> <span class='ocrx_word' id='word_1_436' title='bbox 735 3754 792 3805; x_wconf 89' lang='grc' dir='ltr'><strong>ἐν</strong></span> <span class='ocrx_word' id='word_1_437' title='bbox 821 3750 1010 3822; x_wconf 84' lang='grc' dir='ltr'>Κυρίῳ</span> <span class='ocrx_word' id='word_1_438' title='bbox 1039 3751 1271 3823; x_wconf 84' lang='grc' dir='ltr'>χαίρειν.</span> <span class='ocrx_word' id='word_1_439' title='bbox 1299 3751 1409 3804; x_wconf 89' lang='grc' dir='ltr'>Ποῦ</span> <span class='ocrx_word' id='word_1_440' title='bbox 1447 3753 1544 3822; x_wconf 82' lang='grc' dir='ltr'><strong>μὲν</strong></span> <span class='ocrx_word' id='word_1_441' title='bbox 1575 3751 1723 3822; x_wconf 67' lang='grc' dir='ltr'>ἥμην</span> 
     </span>
    </p>
   </div>
   <div class='ocr_carea' id='block_1_66' title="bbox 1831 3739 3408 3827">
    <p class='ocr_par' dir='ltr' id='par_1_66' title="bbox 1832 3739 3408 3819">
     <span class='ocr_line' id='line_1_66' title="bbox 1832 3739 3408 3819; baseline -0.004 -17"><span class='ocrx_word' id='word_1_442' title='bbox 1832 3748 2178 3819; x_wconf 85' lang='lat' dir='ltr'><strong>Apolinarius</strong></span> <span class='ocrx_word' id='word_1_443' title='bbox 2230 3748 2287 3800; x_wconf 89' lang='lat' dir='ltr'><strong>in</strong></span> <span class='ocrx_word' id='word_1_444' title='bbox 2364 3743 2595 3798; x_wconf 88' lang='lat' dir='ltr'><strong>Domino</strong></span> <span class='ocrx_word' id='word_1_445' title='bbox 2671 3744 2925 3798; x_wconf 87' lang='lat' dir='ltr'><strong>salutem.</strong></span> <span class='ocrx_word' id='word_1_446' title='bbox 2993 3739 3225 3794; x_wconf 88' lang='lat' dir='ltr'><strong>Ubinam</strong></span> <span class='ocrx_word' id='word_1_447' title='bbox 3288 3741 3408 3809; x_wconf 81' lang='lat' dir='ltr'><strong>ipse</strong></span> 
     </span>
    </p>
   </div>
   <div class='ocr_carea' id='block_1_67' title="bbox 143 3842 1726 3914">
    <p class='ocr_par' dir='ltr' id='par_1_67' title="bbox 143 3842 1726 3914">
     <span class='ocr_line' id='line_1_67' title="bbox 143 3842 1726 3914; baseline -0.001 -18"><span class='ocrx_word' id='word_1_448' title='bbox 143 3843 314 3906; x_wconf 75' lang='grc' dir='ltr'>αὐτὸς</span> <span class='ocrx_word' id='word_1_449' title='bbox 339 3883 354 3906; x_wconf 92' lang='grc'><strong>,</strong></span> <span class='ocrx_word' id='word_1_450' title='bbox 388 3843 657 3904; x_wconf 81' lang='grc' dir='ltr'>δέσποτα,</span> <span class='ocrx_word' id='word_1_451' title='bbox 690 3842 795 3896; x_wconf 81' lang='grc' dir='ltr'><strong>ποῦ</strong></span> <span class='ocrx_word' id='word_1_452' title='bbox 841 3843 897 3895; x_wconf 82' lang='grc' dir='ltr'>δὲ</span> <span class='ocrx_word' id='word_1_453' title='bbox 947 3845 979 3913; x_wconf 80' lang='grc' dir='ltr'><strong>ἡ</strong></span> <span class='ocrx_word' id='word_1_454' title='bbox 1033 3843 1386 3914; x_wconf 87' lang='grc' dir='ltr'>ποθεινοτάτη</span> <span class='ocrx_word' id='word_1_455' title='bbox 1429 3843 1582 3914; x_wconf 81' lang='grc' dir='ltr'>φωνὴ</span> <span class='ocrx_word' id='word_1_456' title='bbox 1631 3844 1726 3897; x_wconf 77' lang='grc' dir='ltr'>καὶ</span> 
     </span>
    </p>
   </div>
   <div class='ocr_carea' id='block_1_68' title="bbox 142 3933 1726 4006">
    <p class='ocr_par' dir='ltr' id='par_1_68' title="bbox 142 3933 1726 4006">
     <span class='ocr_line' id='line_1_68' title="bbox 142 3933 1726 4006; baseline -0.001 -19"><span class='ocrx_word' id='word_1_457' title='bbox 142 3934 476 4006; x_wconf 31' lang='grc' dir='ltr'>γράμμαιτὸ</span> <span class='ocrx_word' id='word_1_458' title='bbox 507 3933 770 4004; x_wconf 82' lang='grc' dir='ltr'>σύνηθες;</span> <span class='ocrx_word' id='word_1_459' title='bbox 807 3935 859 3988; x_wconf 86' lang='grc' dir='ltr'><strong>τί</strong></span> <span class='ocrx_word' id='word_1_460' title='bbox 891 3934 947 3987; x_wconf 81' lang='grc' dir='ltr'><strong>δὲ</strong></span> <span class='ocrx_word' id='word_1_461' title='bbox 979 3935 1040 3987; x_wconf 76' lang='grc' dir='ltr'><strong>οὐ</strong></span> <span class='ocrx_word' id='word_1_462' title='bbox 1067 3934 1259 4006; x_wconf 82' lang='grc' dir='ltr'>παρὼν</span> <span class='ocrx_word' id='word_1_463' title='bbox 1285 3934 1539 4005; x_wconf 81' lang='grc' dir='ltr'>ἀμύνεις,</span> <span class='ocrx_word' id='word_1_464' title='bbox 1569 3935 1602 4004; x_wconf 81' lang='grc' dir='ltr'>ἢ</span> <span class='ocrx_word' id='word_1_465' title='bbox 1631 3934 1726 3987; x_wconf 75' lang='grc' dir='ltr'>καὶ</span> 
     </span>
    </p>
   </div>
   <div class='ocr_carea' id='block_1_69' title="bbox 143 4023 1726 4097">
    <p class='ocr_par' dir='ltr' id='par_1_69' title="bbox 143 4023 1726 4097">
     <span class='ocr_line' id='line_1_69' title="bbox 143 4023 1726 4097; baseline 0 -19"><span class='ocrx_word' id='word_1_466' title='bbox 143 4023 311 4078; x_wconf 83' lang='grc' dir='ltr'>ἀπὼν</span> <span class='ocrx_word' id='word_1_467' title='bbox 350 4025 777 4096; x_wconf 75' lang='grc' dir='ltr'>παρακελεύεις,</span> <span class='ocrx_word' id='word_1_468' title='bbox 830 4026 1069 4097; x_wconf 84' lang='grc' dir='ltr'>πολέμου</span> <span class='ocrx_word' id='word_1_469' title='bbox 1125 4026 1381 4080; x_wconf 87' lang='grc' dir='ltr'>τοσούτου</span> <span class='ocrx_word' id='word_1_470' title='bbox 1429 4024 1570 4079; x_wconf 80' lang='grc' dir='ltr'>κατά</span> <span class='ocrx_word' id='word_1_471' title='bbox 1626 4024 1726 4094; x_wconf 75' lang='grc' dir='ltr'>τῆς</span> 
     </span>
    </p>
   </div>
   <div class='ocr_carea' id='block_1_70' title="bbox 145 4110 1730 4186">
    <p class='ocr_par' dir='ltr' id='par_1_70' title="bbox 145 4110 1730 4186">
     <span class='ocr_line' id='line_1_70' title="bbox 145 4110 1730 4186; baseline -0.001 -19"><span class='ocrx_word' id='word_1_472' title='bbox 145 4112 434 4177; x_wconf 77' lang='grc' dir='ltr'>εὐσεϐείας</span> <span class='ocrx_word' id='word_1_473' title='bbox 465 4115 792 4186; x_wconf 77' lang='grc' dir='ltr'>ἐρρωγότος,</span> <span class='ocrx_word' id='word_1_474' title='bbox 833 4115 925 4168; x_wconf 79' lang='grc' dir='ltr'><strong>καὶ</strong></span> <span class='ocrx_word' id='word_1_475' title='bbox 959 4114 1114 4185; x_wconf 83' lang='grc' dir='ltr'>ἡμῶν</span> <span class='ocrx_word' id='word_1_476' title='bbox 1136 4110 1247 4168; x_wconf 78' lang='grc' dir='ltr'>οἷον</span> <span class='ocrx_word' id='word_1_477' title='bbox 1279 4117 1337 4167; x_wconf 84' lang='grc' dir='ltr'><strong>ἐν</strong></span> <span class='ocrx_word' id='word_1_478' title='bbox 1374 4114 1513 4185; x_wconf 78' lang='grc' dir='ltr'>μέσῃ</span> <span class='ocrx_word' id='word_1_479' title='bbox 1550 4130 1730 4186; x_wconf 87' lang='grc' dir='ltr'>παρα-</span> 
     </span>
    </p>
   </div>
   <div class='ocr_carea' id='block_1_71' title="bbox 144 4204 1729 4279">
    <p class='ocr_par' dir='ltr' id='par_1_71' title="bbox 144 4204 1729 4279">
     <span class='ocr_line' id='line_1_71' title="bbox 144 4204 1729 4279; baseline -0.003 -19"><span class='ocrx_word' id='word_1_480' title='bbox 144 4207 304 4273; x_wconf 76' lang='grc' dir='ltr'>τάξει</span> <span class='ocrx_word' id='word_1_481' title='bbox 340 4205 587 4276; x_wconf 84' lang='grc' dir='ltr'>βοώντων</span> <span class='ocrx_word' id='word_1_482' title='bbox 620 4207 756 4279; x_wconf 84' lang='grc' dir='ltr'>πρὸς</span> <span class='ocrx_word' id='word_1_483' title='bbox 786 4208 913 4271; x_wconf 86' lang='grc' dir='ltr'>τοὺς</span> <span class='ocrx_word' id='word_1_484' title='bbox 948 4207 1199 4278; x_wconf 81' lang='grc' dir='ltr'>ἑταίρους</span> <span class='ocrx_word' id='word_1_485' title='bbox 1244 4205 1334 4259; x_wconf 83' lang='grc' dir='ltr'>διὰ</span> <span class='ocrx_word' id='word_1_486' title='bbox 1374 4207 1473 4275; x_wconf 79' lang='grc' dir='ltr'><strong>τὴν</strong></span> <span class='ocrx_word' id='word_1_487' title='bbox 1518 4206 1584 4258; x_wconf 78' lang='grc' dir='ltr'><strong>ἐκ</strong></span> <span class='ocrx_word' id='word_1_488' title='bbox 1618 4204 1729 4257; x_wconf 84' lang='grc' dir='ltr'><strong>τῶν</strong></span> 
     </span>
    </p>
   </div>
   <div class='ocr_carea' id='block_1_72' title="bbox 149 4295 1727 4366">
    <p class='ocr_par' dir='ltr' id='par_1_72' title="bbox 149 4295 1727 4366">
     <span class='ocr_line' id='line_1_72' title="bbox 149 4295 1727 4366; baseline -0.003 -15"><span class='ocrx_word' id='word_1_489' title='bbox 149 4296 431 4366; x_wconf 79' lang='grc' dir='ltr'>πολεμίων</span> <span class='ocrx_word' id='word_1_490' title='bbox 482 4295 638 4366; x_wconf 86' lang='grc' dir='ltr'>βίαν;</span> <span class='ocrx_word' id='word_1_491' title='bbox 689 4298 758 4350; x_wconf 83' lang='grc' dir='ltr'><strong>Σὲ</strong></span> <span class='ocrx_word' id='word_1_492' title='bbox 798 4297 876 4360; x_wconf 83' lang='grc' dir='ltr'><strong>δὲ,</strong></span> <span class='ocrx_word' id='word_1_493' title='bbox 911 4295 1021 4349; x_wconf 86' lang='grc' dir='ltr'>οὐδ’</span> <span class='ocrx_word' id='word_1_494' title='bbox 1062 4297 1211 4359; x_wconf 86' lang='grc' dir='ltr'>ὅπως</span> <span class='ocrx_word' id='word_1_495' title='bbox 1264 4295 1332 4349; x_wconf 86' lang='grc' dir='ltr'>ἂν</span> <span class='ocrx_word' id='word_1_496' title='bbox 1383 4295 1727 4366; x_wconf 79' lang='grc' dir='ltr'>ζητήσωμεν,</span> 
     </span>
    </p>
   </div>
   <div class='ocr_carea' id='block_1_73' title="bbox 150 4382 1731 4462">
    <p class='ocr_par' dir='ltr' id='par_1_73' title="bbox 150 4382 1731 4462">
     <span class='ocr_line' id='line_1_73' title="bbox 150 4382 1731 4462; baseline -0.003 -18"><span class='ocrx_word' id='word_1_497' title='bbox 150 4391 387 4462; x_wconf 71' lang='grc' dir='ltr'>ἔχομεν’</span> <span class='ocrx_word' id='word_1_498' title='bbox 442 4392 563 4444; x_wconf 78' lang='grc' dir='ltr'>ἐπεὶ</span> <span class='ocrx_word' id='word_1_499' title='bbox 600 4391 734 4461; x_wconf 84' lang='grc' dir='ltr'>μηδὲ</span> <span class='ocrx_word' id='word_1_500' title='bbox 788 4382 850 4443; x_wconf 74' lang='grc' dir='ltr'>οὗ</span> <span class='ocrx_word' id='word_1_501' title='bbox 890 4391 1179 4461; x_wconf 78' lang='grc' dir='ltr'>τυγχάνεις</span> <span class='ocrx_word' id='word_1_502' title='bbox 1230 4389 1523 4461; x_wconf 87' lang='grc' dir='ltr'>διατρίϐων</span> <span class='ocrx_word' id='word_1_503' title='bbox 1577 4388 1731 4458; x_wconf 84' lang='grc' dir='ltr'>εὑρί-</span> 
     </span>
    </p>
   </div>
   <div class='ocr_carea' id='block_1_74' title="bbox 153 4479 1731 4554">
    <p class='ocr_par' dir='ltr' id='par_1_74' title="bbox 153 4479 1731 4554">
     <span class='ocr_line' id='line_1_74' title="bbox 153 4479 1731 4554; baseline -0.002 -19"><span class='ocrx_word' id='word_1_504' title='bbox 153 4498 381 4552; x_wconf 83' lang='grc' dir='ltr'>σκομεν.</span> <span class='ocrx_word' id='word_1_505' title='bbox 418 4482 557 4535; x_wconf 84' lang='grc' dir='ltr'>Ἀλλ’</span> <span class='ocrx_word' id='word_1_506' title='bbox 583 4481 826 4554; x_wconf 79' lang='grc' dir='ltr'>ἐζήτησα</span> <span class='ocrx_word' id='word_1_507' title='bbox 856 4482 955 4553; x_wconf 87' lang='grc' dir='ltr'><strong>μὲν</strong></span> <span class='ocrx_word' id='word_1_508' title='bbox 986 4483 1047 4536; x_wconf 83' lang='grc' dir='ltr'><strong>ἐν</strong></span> <span class='ocrx_word' id='word_1_509' title='bbox 1076 4484 1144 4553; x_wconf 83' lang='grc' dir='ltr'>τῇ</span> <span class='ocrx_word' id='word_1_510' title='bbox 1177 4479 1583 4542; x_wconf 82' lang='grc' dir='ltr'>Καππαδοκῶν,</span> <span class='ocrx_word' id='word_1_511' title='bbox 1607 4480 1731 4532; x_wconf 57' lang='grc' dir='ltr'><strong>ἐπεὶ¹</strong></span> 
     </span>
    </p>
   </div>
   <div class='ocr_carea' id='block_1_75' title="bbox 152 4572 1729 4644">
    <p class='ocr_par' dir='ltr' id='par_1_75' title="bbox 152 4572 1729 4644">
     <span class='ocr_line' id='line_1_75' title="bbox 152 4572 1729 4644; baseline -0.001 -18"><span class='ocrx_word' id='word_1_512' title='bbox 152 4574 250 4627; x_wconf 76' lang='grc' dir='ltr'><strong>καὶ</strong></span> <span class='ocrx_word' id='word_1_513' title='bbox 270 4572 446 4636; x_wconf 77' lang='grc' dir='ltr'>οὕτως</span> <span class='ocrx_word' id='word_1_514' title='bbox 476 4573 739 4643; x_wconf 77' lang='grc' dir='ltr'>ἧγγελλον</span> <span class='ocrx_word' id='word_1_515' title='bbox 774 4576 824 4629; x_wconf 79' lang='grc' dir='ltr'>οἱ</span> <span class='ocrx_word' id='word_1_516' title='bbox 850 4577 909 4627; x_wconf 90' lang='grc' dir='ltr'><strong>ἐν</strong></span> <span class='ocrx_word' id='word_1_517' title='bbox 960 4573 1148 4644; x_wconf 83' lang='grc' dir='ltr'>Πόντῳ</span> <span class='ocrx_word' id='word_1_518' title='bbox 1192 4590 1274 4626; x_wconf 91' lang='grc' dir='ltr'><strong>σοι</strong></span> <span class='ocrx_word' id='word_1_519' title='bbox 1327 4572 1729 4643; x_wconf 86' lang='grc' dir='ltr'>περιτυχόντες,</span> 
     </span>
    </p>
   </div>
   <div class='ocr_carea' id='block_1_76' title="bbox 152 4657 1734 4738">
    <p class='ocr_par' dir='ltr' id='par_1_76' title="bbox 152 4657 1734 4738">
     <span class='ocr_line' id='line_1_76' title="bbox 152 4657 1734 4738; baseline -0.003 -18"><span class='ocrx_word' id='word_1_520' title='bbox 152 4665 496 4738; x_wconf 73' lang='grc' dir='ltr'>ἐπηγγέλθαι</span> <span class='ocrx_word' id='word_1_521' title='bbox 526 4683 585 4720; x_wconf 88' lang='grc' dir='ltr'><strong>σε</strong></span> <span class='ocrx_word' id='word_1_522' title='bbox 612 4664 806 4719; x_wconf 81' lang='grc' dir='ltr'>θᾶττον</span> <span class='ocrx_word' id='word_1_523' title='bbox 838 4664 1129 4738; x_wconf 78' lang='grc' dir='ltr'>ἐπανήξειν</span> <span class='ocrx_word' id='word_1_524' title='bbox 1149 4682 1161 4695; x_wconf 92' lang='grc'><strong>·</strong></span> <span class='ocrx_word' id='word_1_525' title='bbox 1191 4665 1291 4736; x_wconf 81' lang='grc' dir='ltr'><strong>οὐχ</strong></span> <span class='ocrx_word' id='word_1_526' title='bbox 1327 4657 1486 4735; x_wconf 72' lang='grc' dir='ltr'>εὗρον</span> <span class='ocrx_word' id='word_1_527' title='bbox 1520 4664 1577 4717; x_wconf 82' lang='grc' dir='ltr'><strong>δὲ</strong></span> <span class='ocrx_word' id='word_1_528' title='bbox 1604 4662 1734 4716; x_wconf 79' lang='grc' dir='ltr'>ἔνθα</span> 
     </span>
    </p>
   </div>
   <div class='ocr_carea' id='block_1_77' title="bbox 151 4755 1733 4829">
    <p class='ocr_par' dir='ltr' id='par_1_77' title="bbox 151 4755 1733 4829">
     <span class='ocr_line' id='line_1_77' title="bbox 151 4755 1733 4829; baseline -0.002 -18"><span class='ocrx_word' id='word_1_529' title='bbox 151 4758 409 4829; x_wconf 76' lang='grc' dir='ltr'>ἧλπιζον.</span> <span class='ocrx_word' id='word_1_530' title='bbox 461 4757 575 4811; x_wconf 87' lang='grc' dir='ltr'>Νῦν</span> <span class='ocrx_word' id='word_1_531' title='bbox 615 4758 673 4811; x_wconf 80' lang='grc' dir='ltr'>δὲ</span> <span class='ocrx_word' id='word_1_532' title='bbox 721 4757 800 4811; x_wconf 77' lang='grc' dir='ltr'><strong>ἐτι</strong></span> <span class='ocrx_word' id='word_1_533' title='bbox 836 4774 895 4810; x_wconf 89' lang='grc' dir='ltr'><strong>σε</strong></span> <span class='ocrx_word' id='word_1_534' title='bbox 934 4758 1076 4812; x_wconf 86' lang='grc' dir='ltr'>κατὰ</span> <span class='ocrx_word' id='word_1_535' title='bbox 1123 4757 1218 4829; x_wconf 80' lang='grc' dir='ltr'>τὴν</span> <span class='ocrx_word' id='word_1_536' title='bbox 1266 4755 1437 4829; x_wconf 80' lang='grc' dir='ltr'>αὐτὴν</span> <span class='ocrx_word' id='word_1_537' title='bbox 1481 4756 1733 4824; x_wconf 86' lang='grc' dir='ltr'>διάγοντα</span> 
     </span>
    </p>
   </div>
   <div class='ocr_carea' id='block_1_78' title="bbox 155 4847 1737 4921">
    <p class='ocr_par' dir='ltr' id='par_1_78' title="bbox 155 4847 1737 4921">
     <span class='ocr_line' id='line_1_78' title="bbox 155 4847 1737 4921; baseline -0.002 -18"><span class='ocrx_word' id='word_1_538' title='bbox 155 4850 345 4921; x_wconf 79' lang='grc' dir='ltr'>χώραν</span> <span class='ocrx_word' id='word_1_539' title='bbox 381 4848 644 4912; x_wconf 82' lang='grc' dir='ltr'>ἀκούσας.</span> <span class='ocrx_word' id='word_1_540' title='bbox 686 4848 849 4913; x_wconf 78' lang='grc' dir='ltr'>εὐθὺς</span> <span class='ocrx_word' id='word_1_541' title='bbox 880 4849 959 4920; x_wconf 79' lang='grc' dir='ltr'>τῷ</span> <span class='ocrx_word' id='word_1_542' title='bbox 1003 4852 1213 4921; x_wconf 80' lang='grc' dir='ltr'>μηνυτῇ</span> <span class='ocrx_word' id='word_1_543' title='bbox 1266 4849 1361 4902; x_wconf 73' lang='grc' dir='ltr'>καὶ</span> <span class='ocrx_word' id='word_1_544' title='bbox 1408 4849 1472 4901; x_wconf 89' lang='grc' dir='ltr'><strong>τὸ</strong></span> <span class='ocrx_word' id='word_1_545' title='bbox 1501 4847 1737 4918; x_wconf 87' lang='grc' dir='ltr'>γράμμα</span> 
     </span>
    </p>
   </div>
   <div class='ocr_carea' id='block_1_79' title="bbox 155 4938 1737 5013">
    <p class='ocr_par' dir='ltr' id='par_1_79' title="bbox 155 4938 1737 5013">
     <span class='ocr_line' id='line_1_79' title="bbox 155 4938 1737 5013; baseline -0.003 -19"><span class='ocrx_word' id='word_1_546' title='bbox 155 4940 502 5012; x_wconf 78' lang='grc' dir='ltr'>ἐνεχείρησα.</span> <span class='ocrx_word' id='word_1_547' title='bbox 534 4941 708 5013; x_wconf 85' lang='grc' dir='ltr'>Ὅπερ</span> <span class='ocrx_word' id='word_1_548' title='bbox 745 4940 1058 5012; x_wconf 77' lang='grc' dir='ltr'>δεξάμενος,</span> <span class='ocrx_word' id='word_1_549' title='bbox 1105 4941 1180 5011; x_wconf 85' lang='grc' dir='ltr'>μὴ</span> <span class='ocrx_word' id='word_1_550' title='bbox 1211 4941 1305 4993; x_wconf 77' lang='grc' dir='ltr'><strong>καὶ</strong></span> <span class='ocrx_word' id='word_1_551' title='bbox 1334 4938 1428 4993; x_wconf 89' lang='grc' dir='ltr'><strong>τοῦ</strong></span> <span class='ocrx_word' id='word_1_552' title='bbox 1476 4938 1737 5008; x_wconf 86' lang='grc' dir='ltr'>ἀντιγρά-</span> 
     </span>
    </p>
   </div>
   <div class='ocr_carea' id='block_1_80' title="bbox 158 5029 1737 5109">
    <p class='ocr_par' dir='ltr' id='par_1_80' title="bbox 158 5029 1737 5109">
     <span class='ocr_line' id='line_1_80' title="bbox 158 5029 1737 5109; baseline -0.002 -24"><span class='ocrx_word' id='word_1_553' title='bbox 158 5048 284 5109; x_wconf 83' lang='grc' dir='ltr'>φειν</span> <span class='ocrx_word' id='word_1_554' title='bbox 306 5031 542 5103; x_wconf 69' lang='grc' dir='ltr'>ἀπόσχῃ,</span> <span class='ocrx_word' id='word_1_555' title='bbox 566 5031 643 5096; x_wconf 85' lang='grc' dir='ltr'>ὡς</span> <span class='ocrx_word' id='word_1_556' title='bbox 685 5032 781 5086; x_wconf 77' lang='grc' dir='ltr'><strong>καὶ</strong></span> <span class='ocrx_word' id='word_1_557' title='bbox 811 5032 1001 5086; x_wconf 76' lang='grc' dir='ltr'>τούτου</span> <span class='ocrx_word' id='word_1_558' title='bbox 1037 5030 1564 5103; x_wconf 87' lang='grc' dir='ltr'>συναποδημοῦντος.</span> <span class='ocrx_word' id='word_1_559' title='bbox 1598 5029 1737 5083; x_wconf 88' lang='grc' dir='ltr'>Ἴσθι</span> 
     </span>
    </p>
   </div>
   <div class='ocr_carea' id='block_1_81' title="bbox 1829 3833 3407 3902">
    <p class='ocr_par' dir='ltr' id='par_1_81' title="bbox 1829 3833 3407 3902">
     <span class='ocr_line' id='line_1_81' title="bbox 1829 3833 3407 3902; baseline -0.005 -7"><span class='ocrx_word' id='word_1_560' title='bbox 1829 3853 2004 3902; x_wconf 84' lang='lat' dir='ltr'><strong>eram,</strong></span> <span class='ocrx_word' id='word_1_561' title='bbox 2060 3838 2310 3902; x_wconf 87' lang='lat' dir='ltr'><strong>domine,</strong></span> <span class='ocrx_word' id='word_1_562' title='bbox 2358 3837 2451 3891; x_wconf 90' lang='lat' dir='ltr'><strong>ubi</strong></span> <span class='ocrx_word' id='word_1_563' title='bbox 2505 3850 2637 3891; x_wconf 87' lang='lat' dir='ltr'><strong>vero</strong></span> <span class='ocrx_word' id='word_1_564' title='bbox 2683 3833 3151 3888; x_wconf 86' lang='lat' dir='ltr'><strong>desideratissima</strong></span> <span class='ocrx_word' id='word_1_565' title='bbox 3186 3847 3318 3892; x_wconf 79' lang='lat' dir='ltr'><strong>vox,</strong></span> <span class='ocrx_word' id='word_1_566' title='bbox 3351 3837 3407 3887; x_wconf 82' lang='lat' dir='ltr'><strong>el.</strong></span> 
     </span>
    </p>
   </div>
   <div class='ocr_carea' id='block_1_82' title="bbox 1830 3924 3407 3994">
    <p class='ocr_par' dir='ltr' id='par_1_82' title="bbox 1830 3924 3407 3994">
     <span class='ocr_line' id='line_1_82' title="bbox 1830 3924 3407 3994; baseline -0.006 -8"><span class='ocrx_word' id='word_1_567' title='bbox 1830 3937 2109 3986; x_wconf 78' lang='lat' dir='ltr'><strong>consuetae</strong></span> <span class='ocrx_word' id='word_1_568' title='bbox 2146 3928 2383 3984; x_wconf 68' lang='lat' dir='ltr'><strong>litterae?</strong></span> <span class='ocrx_word' id='word_1_569' title='bbox 2430 3943 2526 3983; x_wconf 85' lang='lat' dir='ltr'><strong>cur</strong></span> <span class='ocrx_word' id='word_1_570' title='bbox 2556 3938 2737 3982; x_wconf 87' lang='lat' dir='ltr'><strong>autem</strong></span> <span class='ocrx_word' id='word_1_571' title='bbox 2781 3940 2888 3979; x_wconf 91' lang='lat' dir='ltr'><strong>non</strong></span> <span class='ocrx_word' id='word_1_572' title='bbox 2930 3940 3170 3994; x_wconf 67' lang='lat' dir='ltr'><strong>praesens</strong></span> <span class='ocrx_word' id='word_1_573' title='bbox 3212 3924 3407 3978; x_wconf 82' lang='lat' dir='ltr'><strong>defen-</strong></span> 
     </span>
    </p>
   </div>
   <div class='ocr_carea' id='block_1_83' title="bbox 1832 4014 3410 4087">
    <p class='ocr_par' dir='ltr' id='par_1_83' title="bbox 1832 4014 3410 4087">
     <span class='ocr_line' id='line_1_83' title="bbox 1832 4014 3410 4087; baseline -0.006 -9"><span class='ocrx_word' id='word_1_574' title='bbox 1832 4023 1940 4087; x_wconf 90' lang='lat' dir='ltr'><strong>dis,</strong></span> <span class='ocrx_word' id='word_1_575' title='bbox 1972 4029 2067 4076; x_wconf 90' lang='lat' dir='ltr'><strong>aut</strong></span> <span class='ocrx_word' id='word_1_576' title='bbox 2110 4021 2274 4075; x_wconf 85' lang='lat' dir='ltr'><strong>etiam</strong></span> <span class='ocrx_word' id='word_1_577' title='bbox 2320 4021 2517 4076; x_wconf 85' lang='lat' dir='ltr'><strong>absens</strong></span> <span class='ocrx_word' id='word_1_578' title='bbox 2558 4018 2869 4074; x_wconf 82' lang='lat' dir='ltr'><strong>cohortaris</strong></span> <span class='ocrx_word' id='word_1_579' title='bbox 2896 4056 2911 4082; x_wconf 95' lang='lat'><strong>,</strong></span> <span class='ocrx_word' id='word_1_580' title='bbox 2946 4027 3098 4070; x_wconf 91' lang='lat' dir='ltr'><strong>tanto</strong></span> <span class='ocrx_word' id='word_1_581' title='bbox 3128 4016 3271 4071; x_wconf 85' lang='lat' dir='ltr'><strong>bello</strong></span> <span class='ocrx_word' id='word_1_582' title='bbox 3310 4014 3410 4068; x_wconf 90' lang='lat' dir='ltr'><strong>ad-</strong></span> 
     </span>
    </p>
   </div>
   <div class='ocr_carea' id='block_1_84' title="bbox 1831 4106 3411 4181">
    <p class='ocr_par' dir='ltr' id='par_1_84' title="bbox 1831 4106 3411 4181">
     <span class='ocr_line' id='line_1_84' title="bbox 1831 4106 3411 4181; baseline -0.004 -14"><span class='ocrx_word' id='word_1_583' title='bbox 1831 4128 2026 4168; x_wconf 82' lang='lat' dir='ltr'><strong>versus</strong></span> <span class='ocrx_word' id='word_1_584' title='bbox 2080 4113 2336 4181; x_wconf 90' lang='lat' dir='ltr'><strong>pietatem</strong></span> <span class='ocrx_word' id='word_1_585' title='bbox 2394 4115 2756 4179; x_wconf 89' lang='lat' dir='ltr'><strong>erumpente,</strong></span> <span class='ocrx_word' id='word_1_586' title='bbox 2822 4108 3091 4177; x_wconf 87' lang='lat' dir='ltr'><strong>nobisque</strong></span> <span class='ocrx_word' id='word_1_587' title='bbox 3165 4108 3313 4159; x_wconf 81' lang='lat' dir='ltr'><strong>velut</strong></span> <span class='ocrx_word' id='word_1_588' title='bbox 3353 4106 3411 4161; x_wconf 91' lang='lat' dir='ltr'><strong>in</strong></span> 
     </span>
    </p>
   </div>
   <div class='ocr_carea' id='block_1_85' title="bbox 1833 4198 3411 4271">
    <p class='ocr_par' dir='ltr' id='par_1_85' title="bbox 1833 4198 3411 4271">
     <span class='ocr_line' id='line_1_85' title="bbox 1833 4198 3411 4271; baseline -0.004 -13"><span class='ocrx_word' id='word_1_589' title='bbox 1833 4205 2010 4258; x_wconf 87' lang='lat' dir='ltr'><strong>media</strong></span> <span class='ocrx_word' id='word_1_590' title='bbox 2054 4204 2170 4259; x_wconf 88' lang='lat' dir='ltr'><strong>acie</strong></span> <span class='ocrx_word' id='word_1_591' title='bbox 2215 4203 2581 4257; x_wconf 88' lang='lat' dir='ltr'><strong>clamantibus</strong></span> <span class='ocrx_word' id='word_1_592' title='bbox 2650 4201 2719 4256; x_wconf 91' lang='lat' dir='ltr'><strong>ad</strong></span> <span class='ocrx_word' id='word_1_593' title='bbox 2775 4200 2960 4254; x_wconf 87' lang='lat' dir='ltr'><strong>socios</strong></span> <span class='ocrx_word' id='word_1_594' title='bbox 2990 4239 3004 4264; x_wconf 90' lang='lat'><strong>,</strong></span> <span class='ocrx_word' id='word_1_595' title='bbox 3069 4208 3293 4271; x_wconf 85' lang='lat' dir='ltr'><strong>propter</strong></span> <span class='ocrx_word' id='word_1_596' title='bbox 3315 4198 3411 4252; x_wconf 88' lang='lat' dir='ltr'><strong>bo-</strong></span> 
     </span>
    </p>
   </div>
   <div class='ocr_carea' id='block_1_86' title="bbox 1836 4291 3411 4363">
    <p class='ocr_par' dir='ltr' id='par_1_86' title="bbox 1836 4291 3411 4363">
     <span class='ocr_line' id='line_1_86' title="bbox 1836 4291 3411 4363; baseline -0.005 -12"><span class='ocrx_word' id='word_1_597' title='bbox 1836 4297 2000 4352; x_wconf 90' lang='lat' dir='ltr'><strong>stium</strong></span> <span class='ocrx_word' id='word_1_598' title='bbox 2035 4295 2180 4350; x_wconf 88' lang='lat' dir='ltr'><strong>vim?</strong></span> <span class='ocrx_word' id='word_1_599' title='bbox 2212 4294 2287 4350; x_wconf 88' lang='lat' dir='ltr'><strong>&#39;l‘e</strong></span> <span class='ocrx_word' id='word_1_600' title='bbox 2327 4304 2531 4359; x_wconf 90' lang='lat' dir='ltr'><strong>autem,</strong></span> <span class='ocrx_word' id='word_1_601' title='bbox 2565 4308 2634 4349; x_wconf 90' lang='lat' dir='ltr'><strong>ne</strong></span> <span class='ocrx_word' id='word_1_602' title='bbox 2679 4293 2898 4363; x_wconf 87' lang='lat' dir='ltr'><strong>quidem</strong></span> <span class='ocrx_word' id='word_1_603' title='bbox 2927 4291 3200 4361; x_wconf 86' lang='lat' dir='ltr'><strong>quomodo</strong></span> <span class='ocrx_word' id='word_1_604' title='bbox 3261 4306 3411 4360; x_wconf 77' lang='lat' dir='ltr'><strong>qua:-</strong></span> 
     </span>
    </p>
   </div>
   <div class='ocr_carea' id='block_1_87' title="bbox 1838 4382 3411 4456">
    <p class='ocr_par' dir='ltr' id='par_1_87' title="bbox 1838 4382 3411 4456">
     <span class='ocr_line' id='line_1_87' title="bbox 1838 4382 3411 4456; baseline -0.004 -14"><span class='ocrx_word' id='word_1_605' title='bbox 1838 4387 1998 4442; x_wconf 89' lang='lat' dir='ltr'><strong>situri</strong></span> <span class='ocrx_word' id='word_1_606' title='bbox 2047 4387 2241 4448; x_wconf 67' lang='lat' dir='ltr'><strong>simus,</strong></span> <span class='ocrx_word' id='word_1_607' title='bbox 2286 4386 2685 4456; x_wconf 82' lang='lat' dir='ltr'><strong>intelligimus:</strong></span> <span class='ocrx_word' id='word_1_608' title='bbox 2715 4382 3158 4454; x_wconf 85' lang='lat' dir='ltr'><strong>quandoquidem</strong></span> <span class='ocrx_word' id='word_1_609' title='bbox 3200 4397 3305 4436; x_wconf 87' lang='lat' dir='ltr'><strong>nec</strong></span> <span class='ocrx_word' id='word_1_610' title='bbox 3325 4382 3411 4435; x_wconf 87' lang='lat' dir='ltr'><strong>in-</strong></span> 
     </span>
    </p>
   </div>
   <div class='ocr_carea' id='block_1_88' title="bbox 1840 4475 3414 4548">
    <p class='ocr_par' dir='ltr' id='par_1_88' title="bbox 1840 4475 3414 4548">
     <span class='ocr_line' id='line_1_88' title="bbox 1840 4475 3414 4548; baseline -0.005 -13"><span class='ocrx_word' id='word_1_611' title='bbox 1840 4480 2092 4535; x_wconf 73' lang='lat' dir='ltr'><strong>venimus</strong></span> <span class='ocrx_word' id='word_1_612' title='bbox 2127 4480 2305 4533; x_wconf 87' lang='lat' dir='ltr'><strong>locum</strong></span> <span class='ocrx_word' id='word_1_613' title='bbox 2334 4477 2500 4548; x_wconf 66' lang='grc'><strong>466</strong></span> <span class='ocrx_word' id='word_1_614' title='bbox 2530 4478 2585 4532; x_wconf 93' lang='lat' dir='ltr'><strong>in</strong></span> <span class='ocrx_word' id='word_1_615' title='bbox 2613 4492 2724 4546; x_wconf 91' lang='lat' dir='ltr'><strong>quo</strong></span> <span class='ocrx_word' id='word_1_616' title='bbox 2760 4477 3018 4531; x_wconf 84' lang='lat' dir='ltr'><strong>versaris.</strong></span> <span class='ocrx_word' id='word_1_617' title='bbox 3046 4475 3152 4530; x_wconf 88' lang='lat' dir='ltr'><strong>Sed</strong></span> <span class='ocrx_word' id='word_1_618' title='bbox 3184 4476 3414 4544; x_wconf 88' lang='lat' dir='ltr'><strong>conqui—</strong></span> 
     </span>
    </p>
   </div>
   <div class='ocr_carea' id='block_1_89' title="bbox 1838 4566 3415 4638">
    <p class='ocr_par' dir='ltr' id='par_1_89' title="bbox 1838 4566 3415 4638">
     <span class='ocr_line' id='line_1_89' title="bbox 1838 4566 3415 4638; baseline -0.004 -14"><span class='ocrx_word' id='word_1_619' title='bbox 1838 4567 1942 4624; x_wconf 85' lang='lat' dir='ltr'><strong>sivi</strong></span> <span class='ocrx_word' id='word_1_620' title='bbox 1985 4567 2207 4638; x_wconf 86' lang='lat' dir='ltr'><strong>quidem</strong></span> <span class='ocrx_word' id='word_1_621' title='bbox 2251 4569 2308 4621; x_wconf 92' lang='lat' dir='ltr'><strong>in</strong></span> <span class='ocrx_word' id='word_1_622' title='bbox 2337 4567 2680 4637; x_wconf 69' lang='lat' dir='ltr'><strong>Cappadocia</strong></span> <span class='ocrx_word' id='word_1_623' title='bbox 2705 4607 2721 4632; x_wconf 95' lang='lat'><strong>,</strong></span> <span class='ocrx_word' id='word_1_624' title='bbox 2764 4566 2889 4635; x_wconf 88' lang='lat' dir='ltr'><strong>quia</strong></span> <span class='ocrx_word' id='word_1_625' title='bbox 2918 4567 2999 4621; x_wconf 91' lang='lat' dir='ltr'><strong>sic</strong></span> <span class='ocrx_word' id='word_1_626' title='bbox 3027 4567 3415 4621; x_wconf 84' lang='lat' dir='ltr'><strong>nuntiaverant</strong></span> 
     </span>
    </p>
   </div>
   <div class='ocr_carea' id='block_1_90' title="bbox 1838 4656 3416 4732">
    <p class='ocr_par' dir='ltr' id='par_1_90' title="bbox 1838 4656 3416 4732">
     <span class='ocr_line' id='line_1_90' title="bbox 1838 4656 3416 4732; baseline -0.004 -18"><span class='ocrx_word' id='word_1_627' title='bbox 1838 4660 1933 4732; x_wconf 86' lang='lat' dir='ltr'><strong>qui</strong></span> <span class='ocrx_word' id='word_1_628' title='bbox 1987 4669 2039 4715; x_wconf 91' lang='lat' dir='ltr'><strong>te</strong></span> <span class='ocrx_word' id='word_1_629' title='bbox 2068 4660 2214 4715; x_wconf 88' lang='lat' dir='ltr'><strong>nacti</strong></span> <span class='ocrx_word' id='word_1_630' title='bbox 2251 4658 2467 4714; x_wconf 82' lang='lat' dir='ltr'><strong>fuerant</strong></span> <span class='ocrx_word' id='word_1_631' title='bbox 2494 4659 2550 4713; x_wconf 86' lang='lat' dir='ltr'><strong>in</strong></span> <span class='ocrx_word' id='word_1_632' title='bbox 2600 4656 2811 4724; x_wconf 85' lang='lat' dir='ltr'><strong>Ponto,</strong></span> <span class='ocrx_word' id='word_1_633' title='bbox 2858 4658 3177 4729; x_wconf 79' lang='lat' dir='ltr'><strong>promisisse</strong></span> <span class='ocrx_word' id='word_1_634' title='bbox 3225 4667 3279 4712; x_wconf 91' lang='lat' dir='ltr'><strong>te</strong></span> <span class='ocrx_word' id='word_1_635' title='bbox 3302 4657 3416 4710; x_wconf 89' lang='lat' dir='ltr'><strong>cito</strong></span> 
     </span>
    </p>
   </div>
   <div class='ocr_carea' id='block_1_91' title="bbox 1840 4746 3417 4820">
    <p class='ocr_par' dir='ltr' id='par_1_91' title="bbox 1840 4746 3417 4820">
     <span class='ocr_line' id='line_1_91' title="bbox 1840 4746 3417 4820; baseline -0.004 -13"><span class='ocrx_word' id='word_1_636' title='bbox 1840 4767 2185 4807; x_wconf 88' lang='lat' dir='ltr'><strong>reversurum</strong></span> <span class='ocrx_word' id='word_1_637' title='bbox 2217 4769 2230 4805; x_wconf 92' lang='lat'><strong>:</strong></span> <span class='ocrx_word' id='word_1_638' title='bbox 2283 4766 2384 4806; x_wconf 91' lang='lat' dir='ltr'><strong>nec</strong></span> <span class='ocrx_word' id='word_1_639' title='bbox 2421 4751 2599 4820; x_wconf 90' lang='lat' dir='ltr'><strong>reperi</strong></span> <span class='ocrx_word' id='word_1_640' title='bbox 2646 4750 2739 4805; x_wconf 89' lang='lat' dir='ltr'><strong>ubi</strong></span> <span class='ocrx_word' id='word_1_641' title='bbox 2770 4764 3138 4820; x_wconf 88' lang='lat' dir='ltr'><strong>speraveram.</strong></span> <span class='ocrx_word' id='word_1_642' title='bbox 3168 4746 3238 4801; x_wconf 88' lang='lat' dir='ltr'><strong>At</strong></span> <span class='ocrx_word' id='word_1_643' title='bbox 3268 4763 3417 4801; x_wconf 81' lang='lat' dir='ltr'><strong>nunc</strong></span> 
     </span>
    </p>
   </div>
   <div class='ocr_carea' id='block_1_92' title="bbox 1841 4842 3417 4912">
    <p class='ocr_par' dir='ltr' id='par_1_92' title="bbox 1841 4842 3417 4912">
     <span class='ocr_line' id='line_1_92' title="bbox 1841 4842 3417 4912; baseline -0.003 -14"><span class='ocrx_word' id='word_1_644' title='bbox 1841 4859 1966 4898; x_wconf 91' lang='lat' dir='ltr'><strong>cum</strong></span> <span class='ocrx_word' id='word_1_645' title='bbox 2019 4843 2287 4898; x_wconf 88' lang='lat' dir='ltr'><strong>audierim</strong></span> <span class='ocrx_word' id='word_1_646' title='bbox 2347 4852 2399 4896; x_wconf 89' lang='lat' dir='ltr'><strong>te</strong></span> <span class='ocrx_word' id='word_1_647' title='bbox 2454 4842 2633 4896; x_wconf 88' lang='lat' dir='ltr'><strong>adhuc</strong></span> <span class='ocrx_word' id='word_1_648' title='bbox 2686 4857 2751 4897; x_wconf 87' lang='lat' dir='ltr'><strong>ea</strong></span> <span class='ocrx_word' id='word_1_649' title='bbox 2802 4842 2857 4895; x_wconf 92' lang='lat' dir='ltr'><strong>in</strong></span> <span class='ocrx_word' id='word_1_650' title='bbox 2908 4843 3130 4912; x_wconf 88' lang='lat' dir='ltr'><strong>regione</strong></span> <span class='ocrx_word' id='word_1_651' title='bbox 3171 4854 3417 4894; x_wconf 83' lang='lat' dir='ltr'><strong>commo-</strong></span> 
     </span>
    </p>
   </div>
   <div class='ocr_carea' id='block_1_93' title="bbox 1842 4930 3417 5005">
    <p class='ocr_par' dir='ltr' id='par_1_93' title="bbox 1842 4930 3417 5005">
     <span class='ocr_line' id='line_1_93' title="bbox 1842 4930 3417 5005; baseline -0.005 -15"><span class='ocrx_word' id='word_1_652' title='bbox 1842 4936 1995 4999; x_wconf 89' lang='lat' dir='ltr'><strong>rari,</strong></span> <span class='ocrx_word' id='word_1_653' title='bbox 2033 4936 2219 5005; x_wconf 68' lang='lat' dir='ltr'><strong>statim</strong></span> <span class='ocrx_word' id='word_1_654' title='bbox 2257 4942 2312 4989; x_wconf 89' lang='lat' dir='ltr'><strong>et</strong></span> <span class='ocrx_word' id='word_1_655' title='bbox 2365 4933 2534 4988; x_wconf 79' lang='lat' dir='ltr'><strong>indici</strong></span> <span class='ocrx_word' id='word_1_656' title='bbox 2591 4933 2879 5004; x_wconf 87' lang='lat' dir='ltr'><strong>epistolam</strong></span> <span class='ocrx_word' id='word_1_657' title='bbox 2913 4931 3135 4986; x_wconf 84' lang='lat' dir='ltr'><strong>tradidi.</strong></span> <span class='ocrx_word' id='word_1_658' title='bbox 3167 4930 3286 4997; x_wconf 83' lang='lat' dir='ltr'><strong>Qua</strong></span> <span class='ocrx_word' id='word_1_659' title='bbox 3322 4946 3417 4983; x_wconf 90' lang='lat' dir='ltr'><strong>ac-</strong></span> 
     </span>
    </p>
   </div>
   <div class='ocr_carea' id='block_1_94' title="bbox 1843 5025 3416 5097">
    <p class='ocr_par' dir='ltr' id='par_1_94' title="bbox 1843 5025 3416 5097">
     <span class='ocr_line' id='line_1_94' title="bbox 1843 5025 3416 5097; baseline -0.004 -17"><span class='ocrx_word' id='word_1_660' title='bbox 1843 5034 2037 5097; x_wconf 87' lang='lat' dir='ltr'><strong>cepta,</strong></span> <span class='ocrx_word' id='word_1_661' title='bbox 2084 5042 2219 5080; x_wconf 88' lang='lat' dir='ltr'><strong>cave</strong></span> <span class='ocrx_word' id='word_1_662' title='bbox 2270 5040 2340 5080; x_wconf 92' lang='lat' dir='ltr'><strong>ne</strong></span> <span class='ocrx_word' id='word_1_663' title='bbox 2394 5040 2506 5080; x_wconf 88' lang='lat' dir='ltr'><strong>non</strong></span> <span class='ocrx_word' id='word_1_664' title='bbox 2568 5025 2846 5081; x_wconf 85' lang='lat' dir='ltr'><strong>rescribas</strong></span> <span class='ocrx_word' id='word_1_665' title='bbox 2873 5066 2890 5091; x_wconf 93' lang='lat'><strong>,</strong></span> <span class='ocrx_word' id='word_1_666' title='bbox 2940 5025 3085 5094; x_wconf 89' lang='lat' dir='ltr'><strong>quod</strong></span> <span class='ocrx_word' id='word_1_667' title='bbox 3124 5032 3180 5079; x_wconf 92' lang='lat' dir='ltr'><strong>et</strong></span> <span class='ocrx_word' id='word_1_668' title='bbox 3213 5025 3263 5079; x_wconf 89' lang='lat' dir='ltr'><strong>is</strong></span> <span class='ocrx_word' id='word_1_669' title='bbox 3307 5038 3416 5076; x_wconf 91' lang='lat' dir='ltr'><strong>una</strong></span> 
     </span>
    </p>
   </div>
   <div class='ocr_carea' id='block_1_95' title="bbox 154 5114 1746 5215">
    <p class='ocr_par' dir='ltr' id='par_1_95' title="bbox 154 5120 1737 5193">
     <span class='ocr_line' id='line_1_95' title="bbox 154 5120 1737 5193; baseline -0.004 -15"><span class='ocrx_word' id='word_1_670' title='bbox 154 5125 238 5187; x_wconf 87' lang='grc' dir='ltr'><strong>δὲ,</strong></span> <span class='ocrx_word' id='word_1_671' title='bbox 273 5122 351 5186; x_wconf 84' lang='grc' dir='ltr'>ὡς</span> <span class='ocrx_word' id='word_1_672' title='bbox 389 5125 447 5175; x_wconf 88' lang='grc' dir='ltr'><strong>ἐν</strong></span> <span class='ocrx_word' id='word_1_673' title='bbox 495 5122 570 5193; x_wconf 80' lang='grc' dir='ltr'>τῷ</span> <span class='ocrx_word' id='word_1_674' title='bbox 623 5122 825 5193; x_wconf 82' lang='grc' dir='ltr'>μεταξὺ</span> <span class='ocrx_word' id='word_1_675' title='bbox 858 5124 1079 5192; x_wconf 82' lang='grc' dir='ltr'>γέγονεν</span> <span class='ocrx_word' id='word_1_676' title='bbox 1127 5124 1442 5177; x_wconf 81' lang='grc' dir='ltr'>ἐπισκόπων</span> <span class='ocrx_word' id='word_1_677' title='bbox 1472 5120 1737 5191; x_wconf 84' lang='grc' dir='ltr'>ἐπιδημία</span> 
     </span>
    </p>
   </div>
   <div class='ocr_carea' id='block_1_96' title="bbox 1831 5114 3419 5215">
    <p class='ocr_par' dir='ltr' id='par_1_96' title="bbox 1844 5114 3419 5186">
     <span class='ocr_line' id='line_1_96' title="bbox 1844 5114 3419 5186; baseline -0.004 -16"><span class='ocrx_word' id='word_1_678' title='bbox 1844 5115 2240 5186; x_wconf 82' lang='lat' dir='ltr'><strong>peregrinetur.</strong></span> <span class='ocrx_word' id='word_1_679' title='bbox 2281 5114 2433 5169; x_wconf 90' lang='lat' dir='ltr'><strong>Scito</strong></span> <span class='ocrx_word' id='word_1_680' title='bbox 2477 5120 2661 5170; x_wconf 84' lang='lat' dir='ltr'><strong>autem</strong></span> <span class='ocrx_word' id='word_1_681' title='bbox 2693 5154 2709 5180; x_wconf 94' lang='lat'><strong>,</strong></span> <span class='ocrx_word' id='word_1_682' title='bbox 2760 5115 2905 5185; x_wconf 87' lang='lat' dir='ltr'><strong>quod</strong></span> <span class='ocrx_word' id='word_1_683' title='bbox 2954 5114 3243 5184; x_wconf 88' lang='lat' dir='ltr'><strong>interjecto</strong></span> <span class='ocrx_word' id='word_1_684' title='bbox 3279 5120 3419 5167; x_wconf 90' lang='lat' dir='ltr'><strong>tem-</strong></span> 
     </span>
    </p>
   </div>
   <div class='ocr_carea' id='block_1_97' title="bbox 156 5204 1746 5285">
    <p class='ocr_par' dir='ltr' id='par_1_97' title="bbox 156 5211 1738 5285">
     <span class='ocr_line' id='line_1_97' title="bbox 156 5211 1738 5285; baseline -0.004 -17"><span class='ocrx_word' id='word_1_685' title='bbox 156 5214 272 5268; x_wconf 77' lang='grc' dir='ltr'><strong>τῶν</strong></span> <span class='ocrx_word' id='word_1_686' title='bbox 310 5213 407 5267; x_wconf 86' lang='grc' dir='ltr'>ἀπ’</span> <span class='ocrx_word' id='word_1_687' title='bbox 436 5213 736 5282; x_wconf 79' lang='grc' dir='ltr'>Αίγύπτου,</span> <span class='ocrx_word' id='word_1_688' title='bbox 763 5216 857 5268; x_wconf 77' lang='grc' dir='ltr'>καὶ</span> <span class='ocrx_word' id='word_1_689' title='bbox 892 5214 1198 5285; x_wconf 83' lang='grc' dir='ltr'>γράμματα</span> <span class='ocrx_word' id='word_1_690' title='bbox 1227 5213 1440 5284; x_wconf 86' lang='grc' dir='ltr'>διεδόθη</span> <span class='ocrx_word' id='word_1_691' title='bbox 1471 5211 1738 5283; x_wconf 87' lang='grc' dir='ltr'>σύμφωνα</span> 
     </span>
    </p>
   </div>
   <div class='ocr_carea' id='block_1_98' title="bbox 1831 5204 3417 5285">
    <p class='ocr_par' dir='ltr' id='par_1_98' title="bbox 1843 5204 3417 5279">
     <span class='ocr_line' id='line_1_98' title="bbox 1843 5204 3417 5279; baseline -0.004 -18"><span class='ocrx_word' id='word_1_692' title='bbox 1843 5223 1974 5278; x_wconf 91' lang='lat' dir='ltr'><strong>pore</strong></span> <span class='ocrx_word' id='word_1_693' title='bbox 2033 5208 2373 5264; x_wconf 89' lang='lat' dir='ltr'><strong>advenerunt</strong></span> <span class='ocrx_word' id='word_1_694' title='bbox 2442 5206 2687 5278; x_wconf 89' lang='lat' dir='ltr'><strong>episcopi</strong></span> <span class='ocrx_word' id='word_1_695' title='bbox 2746 5205 2989 5279; x_wconf 57' lang='lat' dir='ltr'><strong>Egyptii</strong></span> <span class='ocrx_word' id='word_1_696' title='bbox 3019 5245 3036 5270; x_wconf 90' lang='lat'><strong>,</strong></span> <span class='ocrx_word' id='word_1_697' title='bbox 3097 5216 3152 5261; x_wconf 90' lang='lat' dir='ltr'><strong>et</strong></span> <span class='ocrx_word' id='word_1_698' title='bbox 3211 5204 3417 5273; x_wconf 83' lang='lat' dir='ltr'><strong>scripta</strong></span> 
     </span>
    </p>
   </div>
   <div class='ocr_carea' id='block_1_99' title="bbox 159 5303 1740 5376">
    <p class='ocr_par' dir='ltr' id='par_1_99' title="bbox 159 5303 1740 5376">
     <span class='ocr_line' id='line_1_99' title="bbox 159 5303 1740 5376; baseline -0.001 -17"><span class='ocrx_word' id='word_1_699' title='bbox 159 5303 418 5367; x_wconf 80' lang='grc' dir='ltr'>παλαιοῖς</span> <span class='ocrx_word' id='word_1_700' title='bbox 440 5306 784 5376; x_wconf 86' lang='grc' dir='ltr'>γράμμασιν,</span> <span class='ocrx_word' id='word_1_701' title='bbox 809 5309 922 5368; x_wconf 84' lang='grc' dir='ltr'>τοῖς</span> <span class='ocrx_word' id='word_1_702' title='bbox 950 5323 1008 5358; x_wconf 86' lang='grc' dir='ltr'><strong>τε</strong></span> <span class='ocrx_word' id='word_1_703' title='bbox 1040 5306 1207 5369; x_wconf 84' lang='grc' dir='ltr'>θείοις</span> <span class='ocrx_word' id='word_1_704' title='bbox 1249 5306 1453 5369; x_wconf 81' lang='grc' dir='ltr'>αὐτοῖς,</span> <span class='ocrx_word' id='word_1_705' title='bbox 1491 5304 1587 5359; x_wconf 77' lang='grc' dir='ltr'>καὶ</span> <span class='ocrx_word' id='word_1_706' title='bbox 1625 5307 1740 5368; x_wconf 85' lang='grc' dir='ltr'>τοῖς</span> 
     </span>
    </p>
   </div>
   <div class='ocr_carea' id='block_1_100' title="bbox 161 5393 1736 5467">
    <p class='ocr_par' dir='ltr' id='par_1_100' title="bbox 161 5393 1736 5467">
     <span class='ocr_line' id='line_1_100' title="bbox 161 5393 1736 5467; baseline -0.001 -18"><span class='ocrx_word' id='word_1_707' title='bbox 161 5393 289 5449; x_wconf 74' lang='grc' dir='ltr'>καθ’</span> <span class='ocrx_word' id='word_1_708' title='bbox 326 5394 638 5464; x_wconf 78' lang='grc' dir='ltr'>ὁμοφωνίαν</span> <span class='ocrx_word' id='word_1_709' title='bbox 687 5393 796 5448; x_wconf 83' lang='grc' dir='ltr'>τῶν</span> <span class='ocrx_word' id='word_1_710' title='bbox 856 5393 1014 5448; x_wconf 83' lang='grc' dir='ltr'>θείων</span> <span class='ocrx_word' id='word_1_711' title='bbox 1063 5397 1122 5449; x_wconf 84' lang='grc' dir='ltr'><strong>ἐν</strong></span> <span class='ocrx_word' id='word_1_712' title='bbox 1172 5395 1379 5466; x_wconf 80' lang='grc' dir='ltr'>Νικαίᾳ</span> <span class='ocrx_word' id='word_1_713' title='bbox 1425 5396 1736 5467; x_wconf 85' lang='grc' dir='ltr'>γραφεῖσιν.</span> 
     </span>
    </p>
   </div>
   <div class='ocr_carea' id='block_1_101' title="bbox 238 5570 748 5642">
    <p class='ocr_par' dir='ltr' id='par_1_101' title="bbox 238 5570 748 5642">
     <span class='ocr_line' id='line_1_101' title="bbox 238 5570 748 5642; baseline 0.006 -17"><span class='ocrx_word' id='word_1_714' title='bbox 238 5570 353 5642; x_wconf 76' lang='lat'><strong>(30)</strong></span> <span class='ocrx_word' id='word_1_715' title='bbox 390 5570 502 5642; x_wconf 66' lang='lat' dir='ltr'><strong>&#39;oe.</strong></span> <span class='ocrx_word' id='word_1_716' title='bbox 529 5572 601 5636; x_wconf 84' lang='lat' dir='ltr'><strong>K,</strong></span> <span class='ocrx_word' id='word_1_717' title='bbox 622 5570 748 5628; x_wconf 69' lang='lat'><strong>495.</strong></span> 
     </span>
    </p>
   </div>
   <div class='ocr_carea' id='block_1_102' title="bbox 236 5639 1413 5713">
    <p class='ocr_par' dir='ltr' id='par_1_102' title="bbox 236 5639 1413 5713">
     <span class='ocr_line' id='line_1_102' title="bbox 236 5639 1413 5713; baseline -0.003 -14"><span class='ocrx_word' id='word_1_718' title='bbox 236 5639 257 5669; x_wconf 67' lang='grc' dir='ltr'><strong>ί</strong></span> <span class='ocrx_word' id='word_1_719' title='bbox 289 5642 373 5699; x_wconf 78' lang='lat' dir='ltr'><strong>Ex</strong></span> <span class='ocrx_word' id='word_1_720' title='bbox 402 5640 730 5699; x_wconf 73' lang='lat' dir='ltr'><strong>Honumenl.</strong></span> <span class='ocrx_word' id='word_1_721' title='bbox 762 5640 911 5699; x_wconf 66' lang='lat' dir='ltr'><strong>Eccl.</strong></span> <span class='ocrx_word' id='word_1_722' title='bbox 954 5640 1048 5697; x_wconf 82' lang='lat' dir='ltr'><strong>Cr.</strong></span> <span class='ocrx_word' id='word_1_723' title='bbox 1078 5651 1119 5699; x_wconf 90' lang='lat' dir='ltr'><strong>t.</strong></span> <span class='ocrx_word' id='word_1_724' title='bbox 1153 5639 1218 5708; x_wconf 86' lang='lat' dir='ltr'><strong>II,</strong></span> <span class='ocrx_word' id='word_1_725' title='bbox 1246 5656 1303 5713; x_wconf 89' lang='lat' dir='ltr'><strong>p.</strong></span> <span class='ocrx_word' id='word_1_726' title='bbox 1326 5641 1413 5697; x_wconf 85' lang='lat'><strong>89.</strong></span> 
     </span>
    </p>
   </div>
   <div class='ocr_carea' id='block_1_103' title="bbox 1842 5295 3416 5369">
    <p class='ocr_par' dir='ltr' id='par_1_103' title="bbox 1842 5295 3416 5369">
     <span class='ocr_line' id='line_1_103' title="bbox 1842 5295 3416 5369; baseline -0.001 -18"><span class='ocrx_word' id='word_1_727' title='bbox 1842 5298 2084 5368; x_wconf 89' lang='lat' dir='ltr'><strong>antiquis</strong></span> <span class='ocrx_word' id='word_1_728' title='bbox 2151 5298 2370 5368; x_wconf 87' lang='lat' dir='ltr'><strong>scriptis</strong></span> <span class='ocrx_word' id='word_1_729' title='bbox 2438 5299 2831 5369; x_wconf 85' lang='lat' dir='ltr'><strong>congruentia,</strong></span> <span class='ocrx_word' id='word_1_730' title='bbox 2910 5313 3126 5353; x_wconf 87' lang='lat' dir='ltr'><strong>necnon</strong></span> <span class='ocrx_word' id='word_1_731' title='bbox 3210 5295 3416 5352; x_wconf 75' lang='lat' dir='ltr'><strong>divinis</strong></span> 
     </span>
    </p>
   </div>
   <div class='ocr_carea' id='block_1_104' title="bbox 1841 5390 3416 5464">
    <p class='ocr_par' dir='ltr' id='par_1_104' title="bbox 1841 5390 3416 5464">
     <span class='ocr_line' id='line_1_104' title="bbox 1841 5390 3416 5464; baseline -0.004 -14"><span class='ocrx_word' id='word_1_732' title='bbox 1841 5394 1997 5464; x_wconf 90' lang='lat' dir='ltr'><strong>ipsis,</strong></span> <span class='ocrx_word' id='word_1_733' title='bbox 2036 5392 2214 5463; x_wconf 87' lang='lat' dir='ltr'><strong>iisque</strong></span> <span class='ocrx_word' id='word_1_734' title='bbox 2242 5390 2367 5462; x_wconf 70' lang='lat' dir='ltr'><strong>quae</strong></span> <span class='ocrx_word' id='word_1_735' title='bbox 2405 5391 2800 5448; x_wconf 86' lang='lat' dir='ltr'><strong>convenienter</strong></span> <span class='ocrx_word' id='word_1_736' title='bbox 2852 5390 3057 5447; x_wconf 88' lang='lat' dir='ltr'><strong>divinis</strong></span> <span class='ocrx_word' id='word_1_737' title='bbox 3102 5390 3416 5460; x_wconf 80' lang='lat' dir='ltr'><strong>conscripta</strong></span> 
     </span>
    </p>
   </div>
   <div class='ocr_carea' id='block_1_105' title="bbox 1915 5570 2355 5644">
    <p class='ocr_par' dir='ltr' id='par_1_105' title="bbox 1915 5570 2355 5644">
     <span class='ocr_line' id='line_1_105' title="bbox 1915 5570 2355 5644; baseline 0 -17"><span class='ocrx_word' id='word_1_738' title='bbox 1915 5572 1958 5600; x_wconf 75' lang='grc' dir='ltr'><strong>·ο</strong></span> <span class='ocrx_word' id='word_1_739' title='bbox 1983 5570 2143 5640; x_wconf 84' lang='lat' dir='ltr'><strong>lbid.,</strong></span> <span class='ocrx_word' id='word_1_740' title='bbox 2178 5588 2231 5644; x_wconf 76' lang='grc' dir='ltr'><strong>ρ.</strong></span> <span class='ocrx_word' id='word_1_741' title='bbox 2264 5570 2355 5629; x_wconf 86' lang='lat'><strong>90.</strong></span> 
     </span>
    </p>
   </div>
  </div>
