3840 6226
414 229 553 285 ιιεη
1723 224 1781 281 S.
1825 224 2068 282 BASILII
2115 223 2334 283 IAGNI
3561 219 3718 276 “08

413 348 642 402 fuerunt
686 342 899 400 Νίσαια.
939 341 1262 400 Necessaria
1322 349 1504 399 autem
1534 336 1653 397 e'rat
1679 342 1929 398 eorumde

2196 341 2417 412 οαγκαία
2473 341 2528 394 δὲ
2572 334 2641 413 ἦν
2683 340 2802 412 μετ’
2842 338 3156 411 ἐξηγήσεως
3202 338 3312 393 τῶν
3344 336 3542 403 ,αὐτῶν
3601 339 3712 390 ἐπα

415 455 544 494 cum
596 435 983 508 erplanatione
1037 434 1328 504 repetitio,
1370 441 1593 505 propter
1636 433 1863 489 minime
1910 449 1931 487 ε

2196 436 2391 508 Ωιηψις,
2419 435 2507 488 διὰ
2555 436 2656 506 τὴν
2694 436 2806 514 οὐχ1
2835 434 2964 506 ὑγιῆ
3005 435 3115 488 τῶν
3153 434 3427 505 κειμένων
3473 433 3712 505 παρεξ-

415 544 543 584 nam
577 542 917 598 pravamque
945 533 1238 580 contextus
1262 525 1771 595 interpretationem
1792 564 1807 589 ,
1831 538 1931 594 qua

2195 546 2318 597 ισιν,
2352 528 2419 598 ἢν
2447 528 2665 599 εἰσῆγον
2695 529 2746 580 οἱ
2787 527 2955 581 πάλαι
3009 527 3112 598 μὲν
3159 526 3423 599 ἄντικρυς
3471 525 3711 581 ἀντιλὲ-

416 621 464 675 ii
533 619 955 676 introduxerant
1023 616 1116 687 qui
1166 623 1356 685 aperte
1412 615 1631 686 quidem
1688 616 1825 669 olim
1863 629 1929 670 co

2194 634 2310 681 τες,
2354 615 2451 671 νῦν
2484 617 2543 669 δὲ
2590 617 2690 688 τὴν
2723 615 3034 686 ἀντιλογίαν
3086 616 3401 689 ἐξηγήσεως
3442 618 3710 688 σχήματι

414 710 782 775 tradicebant,
835 723 985 763 nunc
1027 723 1158 763 vero
1202 708 1689 763 contradictionem
1730 706 1832 761 sub
1874 721 1930 775 sp

2197 707 2561 771 ιοδεύσαντεςο
2598 708 2729 762 ἔνθα
2751 704 2878 780 ἦνή
2915 708 3008 762 τοῦ
3038 709 3325 779 ὁμοουσίου
3370 709 3713 780 κακοῦργος

414 805 504 859 cie
552 802 921 860 enarrationis
977 801 1161 856 celant
1197 820 1210 855 :
1241 801 1333 856 ubi
1392 806 1511 855 erat
1554 799 1930 854 consubstanti

2194 800 2396 871 ιίρεσις,
2427 801 2505 863 ὡς
2541 802 2642 854 οὐκ
2667 801 2972 871 ὀφείλοντος
3002 801 3237 855 νοεῖσθαι
3267 804 3389 856 κατ’
3419 803 3710 875 οὐδεμίαν

414 895 588 950 litatis
614 894 855 962 maligna
897 893 1182 963 abrogatio
1212 929 1229 956 ,
1279 893 1438 962 quasi
1498 906 1609 945 non
1656 890 1879 945 deberet
1914 889 1929 942 i

2190 909 2330 964 mctv
2362 891 2684 964 Ἑλληνικήν
2706 909 2720 923 ο
2758 893 3137 965 ἀντεισαγωγὴ
3173 893 3230 948 δὲ
3264 893 3357 947 τοῦ
3385 893 3706 965 ὁμοουσίου

413 987 585 1058 telligi
638 987 794 1056 juxta
853 986 1020 1040 ullam
1077 983 1323 1039 Grzncam
1375 983 1842 1054 abnegationem;
1897 998 1929 1054 p

2206 984 2392 1054 ὅμοιον
2439 986 2561 1037 κατ’
2596 983 2804 1049 οὐσίαν,
2843 985 2982 1056 ὅπερ
3025 985 3391 1057 ἐπετηδεύθη,
3443 985 3709 1056 χυδαίως

418 1078 880 1135 consubstantiali
933 1085 1117 1131 autem
1179 1075 1636 1130 introducebatur
1682 1074 1862 1131 simile
1912 1090 1934 1129 ε

2194 1075 2417 1147 μασθὲν,
2446 1077 2541 1128 καὶ
2565 1075 2852 1146 κακοήθως
2884 1077 3104 1147 νοηθέν’
3135 1077 3322 1148 ἐπειδὴ
3348 1080 3380 1149 ή
3420 1079 3707 1149 ὁμοιότης

418 1169 661 1223 cundum
721 1168 1085 1223 substantiam
1143 1183 1158 1220 :
1218 1167 1365 1238 quod
1427 1167 1799 1237 excogitatum
1862 1175 1934 1221 est

2190 1184 2208 1220 ν
2251 1169 2310 1220 ὲν
2348 1166 2539 1237 οὐσίᾳ,
2584 1168 2703 1220 ἐστὶ
2752 1168 2863 1221 τῶν
2895 1169 3204 1222 οὐσιωδῶν·
3255 1170 3341 1223 ἵνα
3385 1170 3453 1242 δὴ
3503 1169 3706 1234 οὕτως

418 1258 651 1314 confuse
682 1259 1027 1313 nominatum
1057 1268 1114 1313 et
1164 1258 1436 1313 malitiose
1480 1258 1823 1312 intellectum
1868 1276 1881 1311 :
1923 1273 1934 1311 ε

2194 1260 2429 1329 οιωμὲνη
2478 1261 2637 1314 οὐσία
2665 1260 2872 1333 νοῆται,
2904 1256 3015 1325 οἷος
3065 1262 3131 1316 ἂν
3172 1264 3256 1335 εἴη
3302 1263 3396 1316 καὶ
3453 1262 3710 1334 ἀνδριὰς

418 1351 640 1421 quidem
688 1351 988 1407 similitudo
1015 1389 1030 1415 ,
1071 1366 1255 1405 rerum
1308 1358 1393 1405 est
1442 1365 1564 1420 qua;
1598 1357 1728 1404 sunt
1774 1350 1829 1402 in
1863 1348 1934 1402 sui

2186 1352 2237 1413 bc
2270 1351 2516 1421 βασιλέα.
2554 1352 2701 1424 Πρὸς
2749 1352 2890 1425 ἅπερ
2930 1353 3279 1425 ἀντεγράφη,
3313 1355 3374 1408 τὸ
3412 1355 3521 1408 ὑπὸ
3566 1354 3702 1408 τῶν

419 1443 623 1497 stantia
648 1480 663 1505 ,
715 1456 823 1496 non
858 1456 979 1511 qua:
1015 1440 1408 1495 substantiales
1464 1448 1595 1495 sunt
1631 1457 1644 1491 :
1691 1454 1802 1510 quo
1852 1440 1929 1493 sci

2186 1441 2341 1494 re6siv
2392 1443 2614 1496 εἰδότων
2670 1444 2765 1497 καὶ
2800 1444 3169 1516 βουλομένων,
3196 1448 3280 1501 ὃτι
3335 1448 3438 1519 οὐχ
3490 1449 3702 1520 ὅμοιον

416 1540 508 1587 cet
551 1533 632 1587 sic
677 1532 987 1587 substantia
1021 1531 1321 1587 assimilata
1370 1531 1805 1601 intelligeretur,
1858 1544 1929 1598 qu

2186 1532 2240 1603 ᾧ,
2274 1533 2410 1588 ἀλλὰ
2442 1534 2577 1589 Θεὸν
2618 1535 2770 1608 δηλοῖ
2796 1537 2858 1590 τὸ
2887 1537 3192 1608 ὁμοούσιον,
3216 1540 3293 1603 ὡς
3333 1539 3400 1594 ἂν
3427 1540 3702 1612 γέννημα

417 1625 490 1679 lis
519 1625 684 1678 fuerit
713 1624 863 1679 verbi
898 1624 1073 1695 gratia
1113 1630 1293 1679 statua
1328 1632 1584 1692 respectu
1627 1620 1933 1693 imperatori

2182 1626 2322 1694 ήσιον
2357 1626 2451 1677 καὶ
2478 1626 2577 1697 τῆς
2604 1626 2776 1698 αὐτῆς
2807 1628 2996 1693 οὐσίας
3028 1629 3108 1700 τῷ
3134 1630 3511 1701 γεγεννηκότι.
3544 1632 3698 1685 Συν-

416 1716 622 1771 Contra
669 1730 790 1786 quae
836 1717 1165 1785 rescriptum
1210 1722 1296 1770 est
1344 1714 1488 1785 quod
1547 1714 1615 1767 ab
1676 1713 1932 1767 hominib!

2182 1716 2347 1783 ήγετο
2395 1713 2452 1766 δὲ
2483 1715 2577 1768 καὶ
2626 1716 2687 1769 τὸ
2733 1716 2862 1788 περὶ
2904 1717 3254 1790 Πνεύματος,
3303 1719 3380 1782 ὡς
3423 1720 3534 1774 ὑπὸ
3570 1721 3698 1773 τῶν

417 1807 569 1877 pium
616 1806 815 1877 dogma
870 1806 1333 1877 cognoscentibus
1380 1812 1434 1859 et
1468 1804 1810 1859 sectantibus
1840 1811 1930 1857 ten

2182 1803 2358 1875 zépmv
2390 1806 2449 1857 ὲν
2485 1808 2550 1877 τῇ
2590 1808 2728 1878 αὐτῇ
2781 1808 2963 1861 πίστει
3012 1809 3091 1881 τῷ
3135 1810 3254 1881 Θεῷ
3294 1811 3391 1864 καὶ
3438 1812 3521 1882 τῷ
3566 1812 3698 1882 Υῖῷ

420 1908 534 1964 tur,
585 1899 807 1955 nomine
850 1898 1445 1955 consubstantialitatis
1479 1895 1676 1950 Filium
1723 1894 1936 1949 declara

2182 1892 2377 1964 μένου,
2411 1895 2494 1947 ὃτι
2546 1894 2692 1949 ἔστιν
2726 1897 2787 1950 ὲν
2832 1901 2899 1970 τῇ
2941 1900 3080 1970 αὐτῇ
3128 1899 3365 1971 θεότητι.
3406 1901 3525 1972 Τὴν
3589 1898 3698 1955 οὖν

418 2009 532 2048 non
569 1994 803 2050 similem
835 1993 967 2058 Deo,
1001 1993 1097 2048 sed
1131 1991 1325 2056 Deum,
1350 1999 1532 2061 utpote
1560 1989 1853 2061 genuinam
1878 2003 1934 2057 pr

2182 1999 2201 2044 ;
2248 1982 2532 2047 εὐσεϐείας
2583 1985 2791 2056 ταύτης
2843 1988 3177 2059 πρεσϐείαν,
3235 1993 3359 2045 τίνα
3418 1992 3572 2056 εἰκὸς
3618 1989 3698 2064 ἦν

418 2082 525 2137 lem
558 2082 916 2153 ejusdemque
963 2098 1089 2137 cum
1127 2081 1373 2152 genitore
1412 2079 1757 2135 substantiae.
1821 2074 1934 2129 Sim

2187 2090 2242 2125 τω
2273 2075 2535 2143 μετεῖναι,
2582 2076 2659 2139 ὼς
2700 2077 2792 2130 τὸν
2838 2080 3277 2147 σπουδαιότατον,
3316 2083 3435 2154 ἅμα
3469 2085 3554 2153 τῷ
3604 2084 3703 2137 δε-

417 2173 585 2230 etiam
636 2174 862 2228 allatum
912 2173 1018 2228 fuit
1065 2173 1212 2243 quod
1275 2170 1344 2225 ad
1397 2169 1661 2240 Spiritum
1719 2168 1931 2237 pertine

2190 2162 2277 2234 ςτῃ
2318 2180 2417 2232 μου
2456 2164 2761 2237 Γρηγορίῳ,
2794 2167 2852 2232 ὃς
2879 2168 2989 2221 οὐδ’
3016 2171 3180 2235 αὐτὸς
3218 2171 3522 2243 οὐδαμόθεν
3551 2175 3706 2245 γρά-

338 2294 343 2299 ~
419 2266 515 2335 qui
561 2265 819 2320 nimirum
882 2280 913 2319 a
948 2264 1204 2320 Patribus
1256 2264 1313 2317 in
1360 2263 1551 2317 eadem
1608 2259 1733 2313 ﬁdei
1787 2273 1850 2313 ex

2187 2270 2216 2315 ι,
2242 2253 2362 2305 οὐδὲ
2392 2256 2644 2324 σημαίνει
2666 2259 2921 2325 καθάπαξ
2942 2261 3095 2317 οὐδέν
3114 2283 3130 2331 ;
3152 2265 3426 2335 Ἔρρωσο,
3447 2265 3703 2320 δέσποτα

420 2357 570 2413 tione
621 2357 768 2411 Patri
829 2366 884 2413 et
939 2356 1078 2413 Filio
1137 2354 1474 2427 apponitur,
1533 2351 1664 2422 quia
1710 2350 1767 2403 in
1808 2348 1936 2401 eade

956 2356 1078 2413 F‘ilio
1137 2354 1474 2427 apponitur,
1533 2351 1664 2422 quia
1710 2350 1767 2403 in
1808 2348 1998 2401 eadem
2104 2345 2472 2404 ποθεινότατε.

417 2450 638 2504 exsistit
678 2449 983 2506 divinitate.
1035 2447 1208 2518 Hujus
1274 2448 1440 2518 igitur
1476 2446 1581 2514 piae
1613 2440 1902 2498 sententiae
1947 2430 2303 2509 legationem,
2371 2457 2536 2511 quem
2600 2442 2786 2498 decuit
2852 2445 2988 2501 adeo
3038 2448 3336 2519 persequi,
3377 2464 3444 2503 ac
3498 2457 3558 2505 te
3611 2450 3705 2503 vi—

420 2558 543 2597 rum
564 2543 1023 2607 laudatissimum,
1045 2557 1154 2598 una
1178 2557 1300 2596 cum
1321 2539 1542 2594 domino
1566 2551 1688 2592 meo
1712 2532 1997 2605 Gregorio,
2035 2531 2128 2601 qui
2164 2532 2369 2601 pariter
2431 2536 2585 2590 nullo
2628 2551 2695 2592 ex
2738 2537 2859 2594 loco
2895 2540 3107 2607 scribit,
3135 2556 3237 2596 nec
3270 2541 3357 2597 vel
3410 2541 3589 2597 semel
3627 2543 3704 2595 de

419 2637 677 2709 quapiam
706 2653 765 2693 re
794 2641 1082 2693 certiosem
1126 2635 1291 2690 fecit?
1318 2632 1481 2696 Vale,
1509 2632 1732 2687 domine
1763 2630 2001 2684 maxime
2034 2626 2440 2686 desiderabilis.

873 2747 1212 2805 EPISTOLA
1248 2745 1569 2803 CCCLXV'.

2615 2747 2965 2803 ΕΠΙΣΤΟΛΗ
3003 2750 3168 2806 ΤΞΕ’.

423 2869 487 2919 In
506 2883 694 2934 summa
719 2869 1040 2934 βορραάρεὶῃξ
1059 2869 1347 2934 calamitate,
1372 2882 1482 2918 cum
1504 2866 1641 2934 ﬂuvii
1662 2861 1911 2934 inundatio
1928 2873 2007 2934 res
2026 2859 2322 2934 necessarias
2350 2877 2380 2915 e
2408 2863 2580 2917 vicinis
2590 2866 2864 2934 provinciis
2896 2869 3134 2934 advehere
3154 2883 3249 2921 non
3268 2867 3466 2932 sineret,
3487 2876 3700 2933 rogatur

487 2922 805 2991 Theodosius,
821 2922 877 2980 ἰιι
895 2930 1113 2994 ﬂuvium,
1132 2930 1289 2994 pontis
1310 2922 1645 2981 commoditate
1675 2924 1911 2986 adhibita,
1928 2922 2072 2973 veluti
2095 2922 2310 2972 Rubrum
2330 2939 2465 2978 mare
2485 2922 2687 2992 pedibus
2705 2930 2924 2994 pervium
2944 2931 3131 2994 eﬁiciat.

633 3034 874 3090 Basilius
920 3052 1109 3105 magno
1140 3035 1449 3106 imperatori
1478 3032 1792 3089 Theodosio.
2032 3029 2077 3085 ο

2165 3030 2484 3098 Βασίλειος
2509 3033 2591 3100 τῷ
2614 3034 2858 3106 μεγάλῳ
2882 3037 3141 3101 ,βασιλεῖ
3161 3035 3273 3109 (5|)
3300 3038 3625 3092 Θεοδοσίω.

492 3145 789 3203 Calamitas
851 3148 1051 3202 accidit
1095 3149 1151 3201 in
1210 3147 1431 3217 regione
1485 3154 1717 3209 nostra,
1776 3157 1888 3196 non
1936 3154 2002 3195 ex

2181 3144 2354 3210 Πάθος
2394 3148 2675 3220 ἀπήντησε
2703 3154 2771 3222 τῇ
2810 3151 2933 3205 καθ’
2960 3152 3107 3222 ἡμᾶς
3137 3151 3292 3224 χώρᾳ
3310 3194 3327 3217 ,
3354 3153 3458 3205 οὐκ
3496 3169 3563 3205 εκ
3591 3168 3697 3205 σω-

424 3254 690 3310 corporeo
750 3256 881 3296 casu
916 3281 932 3305 ,
991 3241 1084 3297 sed
1145 3257 1210 3295 ex
1260 3254 1526 3309 aquarum
1573 3237 1813 3292 effluvio.
1851 3234 1934 3289 Un

2175 3239 2345 3309 ιτικῆς
2390 3243 2764 3312 περιπετείας,
2798 3244 2915 3297 ἀλλ’
2948 3245 3007 3311 ἐξ
3067 3244 3277 3298 ὑδάτων
3319 3246 3691 3316 ἐπιρρύσεως.

425 3344 606 3388 autem
678 3334 818 3399 hoc,
873 3334 1218 3403 patefaciam.
1284 3332 1522 3388 Plurima
1578 3331 1721 3386 nivis
1780 3331 1941 3387 emiss

2177 3329 2275 3382 ἑθεν
2323 3331 2379 3384 δὲ
2435 3332 2625 3400 τοῦτο,
2671 3335 2919 3406 δηλώσω.
2992 3337 3189 3405 Γέγονε
3242 3337 3523 3408 καταϐολὴ
3575 3338 3693 3406 χιό-

426 3425 569 3481 facta
593 3434 679 3482 est
730 3426 786 3481 in
815 3435 1063 3481 nostram
1092 3425 1373 3497 paludem.
1433 3425 1552 3492 Qua
1597 3425 1842 3480 nondum
1872 3440 1939 3480 co

2181 3440 2209 3475 ν
2234 3423 2345 3494 (52)
2382 3424 2550 3496 πολλὴ
2583 3429 2648 3497 τῇ
2682 3427 2805 3480 καθ’
2832 3430 2981 3499 ἡμᾶς
3006 3427 3194 3499 λίμνῃ.
3228 3430 3413 3498 Μήπω
3436 3428 3494 3480 δὲ
3520 3427 3695 3496 αὐτῆς

425 3521 600 3592 gelata
627 3560 643 3585 ,
673 3522 989 3591 supervenit
1039 3530 1237 3575 ventus
1272 3519 1485 3575 calidus
1507 3561 1521 3585 ,
1556 3520 1828 3591 simulque
1860 3533 1941 3573 cat

2176 3516 2619 3589 ιυσταλλωθείσης
2664 3521 2798 3591 (55),
2842 3521 3151 3591 ἐπιγίνεται
3199 3521 3420 3591 πνεῦμα
3463 3521 3692 3593 θερμὸν,

426 3610 681 3665 australis
748 3610 940 3665 imber.
1002 3608 1185 3676 Quare
1253 3610 1437 3665 subita
1493 3609 1852 3679 confertaque
1884 3623 1942 3663 or

2180 3609 2199 3662 l.
2222 3608 2428 3681 ὄμϐρος
2453 3611 2630 3676 νότιος
2664 3614 2968 3684 συμπίπτει
2994 3614 3133 3685 αὐτῇ
3164 3613 3304 3684 (54).
3341 3613 3575 3685 Ἀθρὸας
3600 3609 3696 3666 οὖν

427 3697 850 3768 quuefactione,
907 3699 1161 3756 immensi
1207 3699 1341 3754 moti
1384 3706 1513 3755 sunt
1578 3698 1776 3753 fluctus
1807 3737 1823 3760 ,
1881 3712 1943 3752 cu

2180 3700 2404 3771 νομὲνης
2433 3701 2532 3771 τῆς
2560 3702 2788 3775 τήξεως,
2830 3703 3127 3758 ἀνείκαστα
3166 3704 3393 3775 ἐκινήθη
3438 3706 3696 3776 ῥεύματα

431 3791 661 3859 perenni
710 3788 875 3845 ﬂuvio
944 3791 1191 3860 permisti
1224 3831 1240 3855 ,
1283 3805 1350 3845 ac
1416 3789 1784 3845 exundatione
1834 3804 1947 3858 eaq!

2180 3795 2317 3865 ννάῳ
2358 3795 2590 3867 ποταμῷ
2637 3795 3136 3868 συνεπιμιγνύμενα
3177 3796 3258 3868 τῷ
3298 3796 3443 3863 mm,
3479 3797 3696 3867 ὲναὺλῳ

428 3890 762 3950 personante
811 3892 1132 3952 superantes
1163 3891 1275 3936 tum
1328 3882 1572 3952 linguam
1608 3888 1724 3935 tum
1762 3881 1944 3934 oculut

2210 3882 2344 3947 ὄντι,
2393 3885 2790 3954 ὑπερϐαίνοντα
2830 3885 2941 3956 (55)
2987 3884 3207 3958 γλώσσῃ
3255 3888 3352 3939 καὶ
3400 3885 3692 3956 ὀφθαλμῷ.

430 3970 481 4026 Is
521 3981 605 4025 est
633 3972 725 4042 qui
759 3973 914 4028 nobis
949 3981 1096 4029 sorte
1128 3971 1322 4044 obtigit
1353 3973 1566 4028 vicinus
1598 3971 1820 4037 ﬂuvius,
1861 3987 1945 4026 ent

2181 3989 2277 4036 ιτος
2309 3975 2337 4026 ὁ
2360 3973 2540 4044 λαχὼν
2571 3977 2703 4046 ἡμῖν
2731 3974 2929 4044 γείτων
2972 3975 3246 4045 ποταμός·
3276 3974 3561 4038 nat-sgmx.
3593 3976 3697 4045 μὲν

430 4079 567 4120 nans
624 4064 843 4135 quidem
896 4080 961 4121 ex
1010 4065 1267 4121 Armenia
1300 4106 1316 4131 ,
1370 4064 1712 4120 descendens
1756 4079 1889 4119 vero
1939 4080 1946 4116 :

2200 4064 2303 4134 τῆς
2328 4065 2438 4118 τῶν
2467 4066 2788 4137 Ἀρμενίων,
2816 4065 3240 4138 ὲκϐιϐαζόμενος
3261 4067 3320 4120 δὲ
3346 4068 3405 4119 ὲν
3432 4070 3502 4138 τῇ
3532 4068 3700 4137 ἱερω-

431 4153 867 4209 sacratissimum
898 4155 1079 4209 lacum
1107 4153 1557 4221 Sebastenorum,
1592 4153 1650 4207 in
1688 4168 1852 4223 quem
1879 4169 1945 4208 ve

2182 4171 2246 4226 τῃ
2281 4155 2445 4227 λίμνῃ
2478 4155 2588 4210 τῶν
2627 4156 3011 4229 Σεϐαστηνῶν,
3054 4159 3135 4220 εἰς
3165 4157 3235 4229 ἢν
3279 4159 3327 4210 οἱ
3376 4155 3698 4227 φερώνυμοι

432 4245 738 4310 nominati,
806 4260 872 4300 ac
929 4247 1181 4317 generosi
1240 4246 1603 4317 quadraginta
1660 4244 1868 4300 Christi
1905 4260 1948 4299 m

2180 4249 2207 4301 .l.
2239 4251 2477 4317 γενναῖοι
2508 4248 2918 4321 τεσσαράκοντα
2947 4248 3042 4303 τοῦ
3070 4249 3308 4321 Χριστοῦ
3360 4250 3696 4321 στρατιῶται

432 4339 559 4392 lites
583 4377 599 4401 ,
642 4339 793 4407 gravi
836 4338 1004 4392 borea
1055 4337 1220 4393 ﬂante
1251 4338 1403 4392 inﬁxi
1443 4346 1589 4393 sunt.
1625 4339 1704 4393 Ac
1738 4337 1866 4393 inde
1891 4336 1948 4407 (at

2183 4337 2304 4407 ρέου
2331 4338 2505 4391 δεινοῦ
2535 4337 2867 4403 πνεύσαντος
2884 4338 2994 4411 (56)
3025 4341 3394 4411 ὲνεπάρησαν.
3421 4337 3699 4392 Κάκεῖθεν

433 4429 593 4482 mitte
623 4444 730 4495 me,
763 4428 967 4497 optime
1012 4429 1333 4498 imperator,
1360 4443 1486 4484 vera
1524 4426 1820 4497 dicentem)
1847 4426 1949 4499 46

2183 4426 2291 4493 ἑξαι
2347 4446 2414 4499 με
2446 4429 2508 4482 τὸ
2560 4428 2760 4500 ἀληθὲς
2808 4429 3068 4499 λέγοντα,
3117 4429 3411 4501 κράτιστε)
3451 4423 3610 4493 οὗτος
3666 4430 3699 4481 ὁ

434 4522 527 4576 tlle
559 4520 756 4578 ﬂuvius
807 4521 1156 4578 circumdans
1185 4537 1286 4577 nos
1316 4564 1332 4589 ,
1376 4523 1528 4577 velut
1596 4537 1728 4592 gens
1759 4522 1948 4592 quaada

2189 4519 2461 4590 ρικυκλῶν
2493 4521 2642 4591 ἡμᾶς
2672 4520 2863 4592 ὥσπερ
2901 4520 3052 4585 ἔθνος
3087 4521 3346 4591 πολέμιον
3379 4520 3493 4573 τῶν
3533 4519 3698 4590 φοϐε-

435 4614 663 4668 inimica
716 4620 770 4668 et
814 4613 1221 4679 formidabilis,
1266 4630 1377 4669 non
1418 4628 1611 4683 parum
1669 4628 1771 4667 nos
1818 4621 1951 4668 terre

2181 4608 2248 4671 iv,
2280 4607 2342 4660 οὐ
2394 4609 2606 4680 μικρῶς
2638 4611 2790 4679 ἡμᾶς
2824 4609 3067 4679 ἐκφοϐεῖ.
3109 4611 3244 4663 Hoc).
3274 4610 3386 4681 γάρ
3420 4609 3697 4680 μηδέποτε

435 4705 597 4760 Nullo
648 4707 795 4761 enim
854 4721 1097 4775 unquam
1154 4705 1239 4760 vel
1283 4680 1529 4775 tempore
1575 4704 1659 4758 vel
1713 4704 1877 4758 modo
1915 4718 1949 4772 p

2182 4700 2514 4772 εραιούμενος
2547 4699 2658 4770 (57)
2686 4702 2830 4755 κατά
2866 4718 2990 4754 τινα
3030 4702 3221 4773 χρόνον
3266 4701 3302 4773 ἢ
3332 4680 3558 4772 τρόπον,
3597 4700 3698 4765 τὰς

437 4797 600 4852 dibus
658 4795 1010 4868 permeabilis
1040 4837 1056 4861 ,
1108 4812 1218 4852 non
1268 4797 1535 4867 permittit
1569 4803 1630 4850 ut
1686 4809 1953 4850 necessar.

2184 4792 2417 4861 αγκαίας
2443 4794 2575 4864 ἡμῖν
2604 4794 2697 4845 καὶ
2721 4792 3019 4856 λυσιτελεῖς
3043 4793 3309 4864 πατρίδας
3336 4793 3398 4846 οὐ
3424 4795 3699 4863 συγχωρεῖ

437 4888 596 4944 nobis
628 4903 691 4943 ac
733 4890 896 4945 utiles
936 4888 1223 4958 regiones,
1276 4888 1631 4943 transveham
1680 4902 1887 4941 merces
1923 4900 1953 4939 ο

2181 4882 2456 4954 ακομίζειν
2506 4883 2575 4936 τὰ
2630 4884 3046 4956 ὲμπορευόμενα
3081 4883 3385 4954 ἐπιτήδεια.
3434 4883 3597 4952 Λέγω
3632 4883 3697 4953 δὴ

439 4986 719 5051 portunas.
758 4979 1070 5035 Galatarum
1099 5020 1114 5044 ,
1167 4980 1419 5050 inquam,
1476 4988 1531 5035 et
1578 4978 1955 5049 Paphlagonum

2184 4978 2227 5030 iv
2279 4977 2539 5030 Γαλατῶν
2600 4979 2695 5030 καὶ
2759 4976 3124 5046 Παφλαγόνων
3174 4977 3272 5030 καὶ
3342 4975 3700 5047 Ἑλλψνοςτον⁴

438 5083 491 5127 et
549 5071 1117 5143 Hellenopontiorum,
1173 5089 1271 5142 per
1317 5087 1454 5142 quas
1483 5080 1537 5127 et
1589 5089 1653 5127 ex
1685 5072 1884 5142 quibus
1912 5071 1954 5124 οἳ

2182 5085 2248 5121 ων
2282 5068 2416 5138 (58),
2440 5068 2508 5122 δι’
2537 5064 2612 5123 ὧν
2636 5069 2730 5121 καὶ
2765 5070 2824 5133 ἐξ
2852 5064 2926 5123 ὧν
2961 5069 3029 5122 τὰ
3062 5070 3336 5137 ἀναγκαῖα
3369 5070 3502 5138 ἡμῖν
3533 5069 3698 5139 πρόσ-

440 5162 670 5218 veniunt
717 5178 839 5233 quae
889 5164 1046 5220 nobis
1084 5175 1213 5219 sunt
1242 5165 1553 5219 necessaria
1574 5203 1588 5226 ,
1615 5164 1887 5234 praecipue
1915 5178 1956 5234 p:

2182 5176 2264 5225 ττι,
2298 5160 2587 5231 μάλισταὴ
2618 5159 2712 5213 τοῦ
2746 5160 2912 5232 ἄρτου
2939 5159 3215 5230 δαψίλεια·
3256 5159 3579 5232 κρυμὼδους
3605 5157 3698 5215 οὕ-

508 5313 641 5389 1E:
671 5315 910 5389 Monum.
943 5318 1087 5371 Eccl.
1123 5320 1216 5377 Gr.
1254 5331 1293 5374 t.
1327 5319 1391 5385 ll,
1418 5336 1472 5389 p.
1513 5320 1603 5376 97.

1469 5363 1472 5373 .
1513 5320 1603 5376 97.
2193 5314 2306 5389 (55)
2336 5316 2423 5389 Αί.
2457 5315 2878 5389 ὑπερϐάλλοντα.
2911 5313 2985 5389 In.

656 5388 744 5441 Al.
777 5388 855 5458 τῷ
890 5388 1036 5458 βασι)
1050 5393 1100 5441 εἰ
1131 5398 1361 5445 tantum.
1389 5384 1526 5448 COT.

1480 5406 1526 5448 r.
2186 5384 2295 5456 (56)
2329 5387 2419 5458 Al.
2451 5384 2894 5458 ἐπιπνεύσαντος.
2922 5386 2996 5440 In.

540 5455 633 5528 5?.)
664 5457 753 5528 At.
786 5455 980 5528 χιόνος.
997 5456 1084 5528 ιι).
2193 5455 2308 5528 (57)
2339 5457 2427 5528 Αί.
2463 5455 2820 5528 περώμενοςη
2845 5457 2918 5510 In.

780 5524 1103 5604 κρυστάλλῳ
1129 5529 1416 5604 παγείσης.
1450 5529 1526 5587 In.

1512 5572 1526 5587 .
2191 5524 2304 5599 (58)
2338 5527 2424 5585 Al.
2470 5524 2916 5600 Ἑλλησποντίων.
2949 5527 3023 5581 In.

517 5592 634 5666 (at)
664 5597 752 5655 At.
783 5592 950 5668 αἷῦτῷ.
979 5597 1057 5652 In.
