3840 6226
138 333 285 393 ιιδῦ

1026 332 1507 390 EPISTOLARUM
1547 329 1838 389 CLASSIS
1875 327 1963 384 Ill.
2003 325 2222 384 EPIST.
2254 321 2571 382 CCCLXV].

3272 322 3411 378 “10

140 470 247 523 σης
287 452 390 523 τῆς
437 450 755 524 περικύκλῳ
794 450 928 521 γῆς,
984 452 1079 505 καὶ
1119 453 1183 504 ὲκ
1232 450 1326 504 τοῦ
1373 451 1722 522 περιέχοντος

1835 446 1913 503 nis
1969 441 2356 501 abundantia:
2402 455 2528 495 cum
2576 435 2759 493 vicina
2809 433 3056 506 undique
3104 440 3254 488 terra
3310 434 3408 487 fri-

139 545 343 615 ἀέρος,
414 544 479 597 ὲκ
547 544 647 612 τῆς
710 540 1722 614 ἁστραποὸροντοχαλαζορειθροδαμά-

141 653 273 689 στου
305 635 417 705 (59)
454 634 626 707 ὀργῆς
654 635 1051 705 δεσμουμένης.
1085 636 1159 688 Ob
1197 634 1389 705 μικρὸν
1415 633 1472 686 δὲ
1510 632 1726 686 ἀπειλεί

136 727 242 779 καὶ
269 729 302 797 ἡ
328 726 424 780 τοῦ
448 727 680 796 πατρίου
712 725 910 794 ἄλγους
953 725 1178 796 Ἀργέου
1214 725 1500 795 ὑπεροψία.
1533 725 1605 777 Σὺ
1632 719 1726 778 οῦν

140 818 579 889 ἑκδυσωπηθεὶς,
616 818 901 890 κράτιστε,
936 817 1339 888 φιλοτιμεῖσθαι
1381 818 1607 889 θέλησον
1629 816 1727 888 τὴν

141 912 420 985 ὐπὸφορόν
450 930 545 966 σου
578 914 683 985 γῆν
702 930 715 942 ο
747 913 813 967 ἵν’
840 912 984 966 οὕτω
1020 912 1193 983 τούτῳ
1217 914 1274 964 ἐν
1305 911 1535 983 ἀφθονίᾳ
1562 911 1730 981 γεφύ-

143 1021 251 1075 ρας
280 1004 642 1074 περαιοῦσθαι
670 1002 1147 1075 ὲφαρμοσάμενος,
1180 1002 1361 1074 δείξῃς
1406 1002 1569 1054 αὐτὸν
1600 1003 1728 1055 νέαν

154 1095 429 1168 Ἐρυθρὰν
468 1095 860 1168 ὀδοιπόριστον.
892 1096 1002 1148 Καὶ
1034 1094 1143 1167 γὰρ
1192 1094 1271 1165 τῷ
1312 1093 1728 1164 πολυστενάκτῳ

141 1188 251 1259 βιῳ
298 1188 410 1260 (40)
462 1188 573 1241 τῶν
623 1187 894 1241 Ἰουδαίων
947 1186 1369 1258 σπλαγχνισθεὶς
1417 1187 1447 1237 ὁ
1500 1185 1726 1257 Κύριος,

136 1279 370 1342 τούτους
419 1278 675 1351 ἀϐρόχοις
722 1278 851 1331 ποσὶ
904 1276 1140 1348 βαδίζειν
1187 1276 1480 1347 εὐδόκησεν
1527 1276 1603 1338 ὡς
1640 1274 1730 1328 διὰ

141 1369 321 1442 ξηρᾶς
348 1373 405 1424 ὲν
437 1373 505 1441 τῇ
556 1370 814 1442 Ἐρυθρᾷ,
858 1368 1106 1433 δεδωκὼς
1155 1369 1342 1432 αὐτοῖς
1375 1371 1729 1440 προηγήτορα

137 1458 239 1510 τὸν
268 1458 493 1513 Maio-ea.
524 1459 700 1522 Πολὺς
731 1454 825 1513 οῦν
863 1459 997 1529 ἡμῖν
1030 1461 1058 1511 ὁ
1090 1458 1184 1512 τοῦ
1223 1458 1472 1527 ποταμοῦ
1506 1458 1727 1528 τρόπος,

136 1547 455 1620 ἀνθρώποις
480 1550 580 1620 μὲν
600 1551 826 1619 γέγονεν
854 1549 1076 1621 ὄλεθρος
1095 1567 1110 1581 ·
1132 1549 1245 1604 ἀνω
1261 1549 1320 1604 δὲ
1343 1549 1730 1617 πελαγίζοντος

138 1636 339 1704 αὐτοῦ,
380 1640 476 1692 καὶ
503 1641 680 1694 πᾶσαν
718 1639 1021 1712 χλοηφόρον
1067 1641 1171 1711 γῆν
1204 1639 1548 1704 ὲκθλίὁοντος
1568 1679 1584 1704 ,
1634 1640 1730 1694 καὶ

137 1730 213 1783 ὲκ
270 1730 366 1801 τῆς
416 1730 558 1795 ἰλύος
589 1732 933 1803 σκεπομένης
958 1732 1056 1802 τῆς
1087 1732 1348 1804 ἀρούρας,
1386 1730 1600 1802 ἀνάγκη
1644 1724 1727 1784 λιι

1825 538 1948 610 gida
2005 537 2121 600 sit,
2158 530 2322 605 atque
2369 549 2438 587 ex
2483 547 2611 585 aere
2655 529 2931 584 ambiente
2960 567 2976 592 ,
3033 542 3237 598 perque
3272 527 3408 580 iram

1825 632 2057 701 fulgure,
2090 627 2314 690 tonitru,
2372 625 2661 695 grandine,
2726 621 2950 676 ﬂumine
3023 616 3354 688 alﬂigentem
3390 657 3409 683 ,

1826 722 2107 792 colligata.
2168 716 2280 773 Nec
2309 732 2499 788 parum
2546 716 2710 769 etiam
2765 715 3004 767 minatur
3040 712 3203 782 patrii
3248 710 3408 765 dolo-

1826 813 1924 875 ris,
1961 811 2137 881 Argaei
2195 809 2399 863 montis
2444 806 2832 879 supercilium.
2885 803 2968 857 Tu
3000 803 3167 873 igitur
3214 817 3409 857 exora-

1826 913 1917 959 tus
1949 945 1963 968 ,
2002 901 2493 974 praestantissime,
2532 899 2672 953 bene
2716 894 2915 950 mereri
2960 895 3098 949 velis
3152 893 3219 948 de
3259 890 3408 946 terra

1829 996 1928 1050 tibi
1989 992 2322 1058 tributaria;
2386 999 2444 1046 ut
2499 991 2575 1045 ita
2645 986 2883 1043 eiliciens
2941 985 3166 1041 ﬂuvium
3222 984 3406 1054 pontis

1828 1086 2216 1141 commoditate
2264 1082 2445 1152 trajici
2471 1123 2486 1146 ,
2519 1079 2781 1135 ostendas
2813 1079 2965 1132 illum
3014 1086 3272 1148 tanquam
3309 1093 3408 1131 no-

1828 1195 1955 1235 vum
2013 1193 2166 1233 mare
2236 1175 2487 1229 Rubrum
2559 1173 2790 1244 pedibus
2866 1170 3135 1241 pervium.
3192 1167 3408 1223 Etenim

1828 1270 2104 1326 infelicem
2163 1267 2431 1338 valdeque
2496 1263 2894 1337 gemebundam
2962 1260 3271 1316 Judaaorum
3335 1260 3413 1313 vi-

1829 1371 1938 1417 tam
2007 1362 2302 1417 miseratus
2361 1358 2662 1419 Dominus,
2717 1371 2783 1410 ex
2841 1354 3086 1409 bonitate
3132 1367 3230 1406 sua
3311 1366 3408 1404 vo-

1828 1455 1932 1510 luit
2008 1461 2068 1508 ut
2144 1452 2183 1506 ii
2233 1450 2465 1522 pedibus
2525 1449 2688 1505 siccis
2752 1461 2850 1516 per
2913 1460 3063 1501 mare
3109 1442 3356 1497 Rubrum
3388 1479 3405 1504 ,

1828 1545 1986 1617 quasi
2052 1558 2150 1615 per
2223 1542 2431 1596 aridam
2464 1580 2480 1605 ,
2533 1539 2898 1603 incederent,
2955 1534 3156 1589 tradito
3213 1534 3409 1589 iisdem

1826 1638 1884 1692 in
1916 1637 2111 1693 ducem
2153 1634 2372 1689 itineris
2415 1631 2583 1687 Mose.
2645 1630 2834 1699 Itaque
2884 1628 3034 1683 varia
3083 1625 3232 1680 ﬂuvii
3267 1623 3412 1693 apud

1827 1744 1931 1783 nos
1987 1725 2260 1782 curricula
2286 1765 2302 1790 ,
2359 1722 2675 1778 hominibus
2719 1719 2938 1790 quidem
2998 1717 3149 1772 fuere
3193 1718 3406 1772 exitio:

141 1820 382 1892 μὼττειν
407 1821 501 1876 τὸν
530 1823 778 1895 ἀροτῆρα
810 1821 959 1893 βοῦν,
998 1824 1095 1878 καὶ
1136 1824 1315 1878 πάντα
1356 1824 1425 1878 τὰ
1457 1824 1726 1892 ὑποζύγια

1835 1820 1950 1891 ipso
2009 1824 2192 1874 autem
2251 1829 2491 1886 superne
2570 1813 2874 1868 inundaute
2906 1850 2921 1875 ,
2991 1811 3414 1879 univcrsamque

136 1912 247 1984 τῆς
285 1913 601 1987 περικύκλῳ
643 1916 769 1985 γῆς.
796 1915 910 1968 Καὶ
944 1917 994 1969 εἰ
1038 1916 1139 1986 μὲν
1168 1911 1238 1987 ἦν
1281 1914 1569 1986 ἄνθρωπος
1607 1915 1724 1968 ἀδι-

1835 1927 2031 1967 terram
2077 1924 2336 1982 pascuam
2399 1913 2667 1961 atterente
2699 1946 2715 1971 ,
2784 1919 2998 1961 necnon
3073 1904 3221 1957 arvis
3281 1902 3414 1956 limo

138 2005 280 2069 κῶν,
304 2005 404 2058 οὐκ
427 2004 495 2059 ἂν
515 2005 877 2077 ἐπαυσάμεθα
902 2009 1014 2071 τοῖς
1035 2006 1406 2079 δικαστηρίοις
1430 2005 1722 2078 χρώμενοι.

1835 2002 2063 2060 obtectis
2089 2040 2105 2064 ,
2152 2013 2383 2055 necesse
2416 2006 2500 2053 est
2529 2004 2590 2051 ut
2648 1996 2861 2052 esuriat
2887 2003 3074 2049 arator
3106 1992 3208 2048 bos
3238 2031 3253 2054 ,
3284 2006 3413 2046 cum

138 2097 251 2150 Τὸν
274 2096 331 2151 δὲ
356 2098 543 2169 νόμοις
565 2098 639 2169 μὴ
665 2098 986 2169 πειθόμενον
1013 2098 1269 2168 μέγιστον
1297 2099 1562 2169 ποταμὸν,
1585 2098 1638 2151 τί
1661 2097 1726 2151 ἂν

1835 2095 2059 2164 reliquis
2092 2091 2360 2163 jumentis
2416 2090 2589 2144 totius
2639 2087 2902 2158 regionis.
2953 2085 3021 2140 Et
3049 2099 3178 2139 vero
3212 2082 3259 2139 si
3312 2083 3416 2137 ho-

136 2190 255 2259 ἄρα
281 2190 391 2243 δέοι
428 2207 513 2254 τις
551 2190 1013 2263 ὲφαρμόσασθαι;
1048 2190 1139 2243 Σολ⁸
1180 2186 1274 2244 οῦν
1317 2188 1574 2260 εῦχεσθαι
1620 2191 1721 2259 δεῖ,

1835 2202 1920 2241 mo
1972 2185 2168 2241 fuisset
2240 2182 2337 2253 qui
2395 2181 2605 2236 bomini
2655 2179 2886 2236 fecisset
2950 2178 3205 2248 injuriam
3241 2217 3256 2241 ,
3303 2190 3414 2230 non

136 2282 429 2352 κράτιστε,
462 2283 541 2354 τῷ
585 2285 643 2337 ὲν
681 2285 779 2354 μιᾷ
806 2282 999 2353 καιροῦ
1033 2284 1174 2355 ῥοπῇ
1205 2283 1516 2337 ἀναστεῖλαι
1565 2281 1725 2336 δυνα-

1835 2277 2230 2335 destitissemus
2259 2273 2327 2328 ad
2360 2272 2657 2327 tribunalia
2686 2286 2800 2327 rem
2830 2266 3067 2325 diﬂ‘erre.
3104 2267 3264 2321 At'in
3300 2281 3416 2319 ma-

141 2374 297 2445 μένῳ
318 2375 412 2428 τὸν
440 2376 548 2428 τῶν
581 2374 879 2446 ὁδοιπόρων
906 2373 1170 2428 κίνδυνον.

1835 2369 2039 2423 simum
2070 2365 2292 2421 ﬂuvium
2321 2404 2337 2430 ,
2394 2363 2607 2434 legibus
2658 2376 3002 2433 nequaquam
3032 2361 3416 2427 obtemperan-

136 2476 254 2522 tem
281 2505 299 2529 ,
345 2466 606 2536 quidnam
639 2465 842 2535 aliquis
876 2464 1078 2527 poterit
1123 2464 1443 2519 adornaret
1471 2463 1739 2529 Quocirca
1768 2462 1837 2517 ad
1878 2470 1931 2515 te
1970 2473 2164 2530 preces
2201 2454 2514 2512 deferendae
2552 2464 2706 2524 sunt,
2738 2453 3147 2525 potentissime,
3170 2452 3264 2522 qui
3306 2465 3416 2507 uno

138 2564 409 2634 temporis
438 2571 740 2625 momento,
768 2562 1041 2615 viatorum
1081 2560 1383 2631 periculum
1406 2560 1603 2616 sistere
1628 2565 1803 2630 potes.

597 2676 943 2730 ΕΠΙΣΤΟΛΗ
981 2676 1161 2744 ΤΞςν.

2256 2668 2599 2726 EPISTOLA
2654 2664 2979 2723 CCCLXVI.

216 2785 759 2859 ADIONITIO.f—AEn
810 2789 990 2859 magni
1032 2788 1228 2843 Basilii
1267 2788 1673 2859 epistolam,”
1715 2784 2112 2859 prisco_codice
2164 2783 2370 2859 Veneto
2402 2780 2557 2859 LXI,
2597 2783 2639 2851 f.
2683 2780 2893 2859 324,__a
2938 2795 3021 2859 me
3068 2782 3419 2859 exscriptam,

136 2874 262 2929 quis
292 2859 417 2911 olim
456 2856 770 2932 clarissimis
802 2849 1006 2932 qguo'que
1033 2860 1160 2914 viris
1194 2849 1490 2932 Marciana:
1522 2849 2300 2932 bibligotltecmdescriptoribus
2327 2849 2769 2932 Zannetio'atque
2800 2849 3281 2932 dior-ellioninedita
3305 2853 3417 2932 visa

138 2877 262 2929 quis
292 2877 417 2911 omn
456 2877 770 2911 σιαηδδιηιιε
802 2877 904 2927 quo
943 2877 1006 2912 ue
1033 2877 1160 2914 viris
1194 2877 1490 2913 araretante
1522 2877 1850 2912 DlUllOHlecw
1889 2877 2300 2925 aescrtptarwus
2327 2877 2584 2906 ιιαηηϐιιυ
2615 2877 2769 2921 atque
2800 2877 2849 2903 Μ
2864 2877 3046 2913 uratur
3076 2877 3270 2903 mt'uu-u
3305 2877 3417 2904 mnu

138 2938 257 2992 est;
287 2937 440 2998 atque
458 2938 643 2998 rutrum
673 2877 961 2998 sitalicuzi
992 2930 1273 2998 postremis
1301 2930 1383 2982 Itis
1413 2929 1568 2982 annis
1594 2928 1761 2989 edita,
1788 2927 1919 2981 mihi
1947 2943 2052 2998 non
2073 2936 2302 2998 constat,
2334 2924 2425 2998 sed
2450 2923 2673 2998 cei-tein
2699 2920 3005 2998 plenissima
3039 2919 3282 2974 Garnerii
3306 2920 3419 2974 edi—

143 2991 291 3051 tione
316 2991 667 3067 desideratur.
713 2996 794 3050 Ea
823 2991 1076 3052 scribiiur
1105 2999 1173 3053 ad
1209 2997 1477 3053 Urbicium
1509 2999 1846 3060 monachum,
1889 2996 1958 3051 ad
1991 2997 2294 3067 quem‘alia:
2322 2996 2444 3067 duie
2473 2991 2929 3067 Basilii_epistolte
2960 3000 3190 3067 exstant,
3238 3006 3418 3067 nempe

144 3068 257 3138 123
281 3078 331 3121 et
360 3066 486 3131 269.,
516 3068 573 3121 in
613 3066 942 3121 Carneriana
969 3070 1217 3122 editione.
1262 3070 1642 3138 Argumentum
1686 3068 1979 3138 titulusque
2003 3060 2112 3138 est,
2145 3064 2220 3118 De
2265 3064 2627 3138 continentia.
2660 3060 2843 3132 Neque
2874 3077 2993 3138 vero
3032 3062 3287 3138 scriptum
3319 3064 3417 3138 lace

142 3137 489 3209 Basilianum
522 3138 722 3190 diutius
753 3155 846 3209 ego
888 3138 1164 3192 celandum
1195 3132 1448 3202 arbitror,
1473 3140 1769 3209 prtesertim
1792 3132 1914 3207 quia
1943 3135 2222 3209 Suidasac
2251 3134 2472 3209 Pliotius
2495 3134 2628 3209 nihil
2652 3133 2993 3209 pra:_stantius
3024 3142 3117 3185 aut
3140 3132 3417 3198 epistulari

140 3208 442 3263 characteri
477 3200 921 3261 accommodatius
954 3209 1150 3264 Basilii
1179 3210 1414 3279 epistolis
1437 3200 1552 3264 esse
1579 3200 1906 3276 iudicarunt.
1939 3208 2046 3262 MAI
2072 3204 2327 3260 Biblioth.
2354 3222 2471 3258 nov.
2498 3204 2676 3265 Patr.,
2710 3200 2831 3270 ΙΙΙ,
2857 3202 2985 3257 450.

144 3321 470 3386 Βασίλειος
488 3319 639 3389 πρὸς
671 3320 984 3389 Οὐρὸίκιον
1003 3321 1337 3391 μονάζοντα
1358 3323 1491 3391 περὶ
1521 3322 1731 3393 ἐγκρα-

1838 3319 1900 3377 S.
1936 3318 2135 3375 Basilii
2167 3317 2237 3373 ad
2278 3316 2551 3393 Urbicium
2582 3316 2894 3393 monachum
2928 3317 3154 3385 epistola
3192 3314 3255 3369 de
3288 3332 3416 3370 con-

845 3392 1032 3458 τείας.

221 3503 423 3570 Καλῶς
447 3507 642 3570 ποιεῖς,
682 3507 842 3577 ὅρους
873 3507 1010 3577 ἡμῖν
1053 3506 1232 3570 εὐθεῖς
1266 3505 1490 3577 ὁρίζων,
1530 3505 1621 3559 ἵνα
1652 3504 1727 3577 μὴ

148 3599 314 3669 μόνον
343 3599 669 3669 ἐγκράτειαν
699 3598 898 3669 ἴδωμεν
930 3597 1065 3668 (41),
1097 3597 1233 3651 ἀλλά
1270 3598 1366 3652 καὶ
1393 3597 1483 3652 τὸν
1519 3597 1729 3668 καρπὸν

147 3691 340 3759 αὐτῆς.
368 3690 556 3742 Ἔστιν
587 3684 682 3742 οὖν
723 3691 752 3743 ὁ
789 3690 1001 3761 καρπὸς
1046 3690 1239 3761 αὐτῆς,
1281 3688 1417 3742 Θεοῦ
1447 3688 1724 3759 μετουσία.

148 3784 227 3837 Τὸ
250 3784 362 3854 γὰρ
397 3783 472 3853 μὴ
499 3781 839 3854 φθείρεσθαι,
866 3780 1002 3835 Θεοῦ
1036 3782 1286 3852 μετέχειν
1324 3781 1503 3834 ἐστίν·
1540 3779 1729 3851 ὥσπερ

148 3874 214 3926 τὸ
238 3871 576 3943 φθείρεσθαι,
606 3870 723 3941 βίου
760 3871 1038 3942 μετουσία.
1083 3871 1411 3943 Ἐγκράτεια
1447 3872 1553 3942 γάρ
1580 3871 1728 3923 ἐστιν

151 3958 411 4030 σώματος
443 3959 692 4031 ἄρνησις,
742 3961 838 4014 καὶ
868 3959 1127 4031 ὁμολογία
1167 3960 1303 4031 πρὸς
1354 3961 1507 4015 Θεόν.
1571 3961 1730 4014 Ἀπο-

225 4073 245 4148 (
262 4077 363 4146 59)
457 4075 1723 4148 Ἀστραποϐροντοχαλαζορειθροδαμὰστου.

149 4146 293 4203 Cum
328 4155 439 4199 tota
467 4148 698 4215 epistola
737 4147 915 4200 Basilii
958 4149 1100 4217 stylo
1130 4156 1185 4201 et
1218 4148 1434 4215 ingenio
1464 4147 1725 4209 discolor,

149 4226 269 4271 tum
298 4219 533 4270 maxime
580 4218 681 4269 hoc
721 4219 1004 4284 plusquam
1044 4217 1423 4285 scsquipedale
1481 4218 1726 4270 verbum.

152 4286 315 4341 Unde
337 4300 442 4338 non
467 4286 738 4340 immerito
759 4285 1077 4345 Cotelerius,
1099 4289 1192 4354 qui
1213 4287 1350 4339 hanc
1372 4286 1655 4354 epistolam
1674 4288 1729 4340 in

151 4356 335 4411 lucem
350 4355 538 4419 edidit,
564 4354 1002 4409 tom.llblonum.
1038 4355 1182 4409 Eccl.
1220 4356 1438 4417 (ἕνωσιν,
1471 4357 1610 4409 lianc
1641 4370 1736 4424 ap-

153 4429 312 4496 ponit
342 4433 524 4478 notam
563 4441 616 4494 p.
649 4425 752 4478 559
785 4465 795 4474 .
849 4424 917 4478 In
948 4430 1118 4493 primo
1151 4442 1180 4480 e
1207 4425 1492 4488 codicibus,
1535 4426 1731 4496 inquit,

152 4476 414 4580 emunctae
455 4476 606 4580 naris
646 4497 860 4574 criticus
921 4476 1266 4580 ardnotaverat
1479 4476 1737 4580 επιστολῆ
1770 4476 1815 4535 D

154 4563 475 4637 a51q,_oi31:e
511 4564 619 4637 ἀπὸ
663 4562 1110 4637 τῶνᾳνοημάτων,
1145 4564 1268 4637 οὔτε
1317 4565 1424 4637 ἀπὸ
1452 4567 1569 4637 ’τῆς
1598 4562 1740 4636 φράέ

157 4629 300 4697 σεωέ
327 4634 500 4686 ἔοικεν
532 4629 669 4686 εἷναι
704 4632 798 4686 τοῦ
838 4629 1420 4703 ΜεγάλουΒαο-ιλείου.
1451 4629 1566 4689 Hoc
1606 4629 1690 4690 est
1720 4654 1733 4689 :

159 4704 281 4759 Ista
309 4704 557 4775 epistola,
591 4719 751 4773 neque
774 4720 837 4755 ex
871 4707 1061 4775 sensis,
1086 4722 1246 4775 neque
1267 4721 1330 4759 ea:
1350 4705 1580 4775 dictione
1600 4704 1728 4758 vide-

160 4786 250 4829 tur
275 4790 389 4828 esse
433 4772 616 4843 Magni
646 4774 854 4828 Basilii.
890 4774 1120 4829 Videtur
1162 4772 1345 4830 tamen
1391 4773 1739 4830 Tillemontio

158 4845 277 4899 haec
303 4845 531 4913 epistola
562 4843 815 4913 juvenem
846 4856 899 4900 et
925 4848 1198 4901 rhetorem
1225 4845 1481 4899 Basilium
1508 4860 1615 4899 non
1644 4847 1738 4899 de-

157 4911 433 4979 decuisse,
475 4921 529 4967 et
576 4911 964 4984 Theodosium,
1017 4918 1106 4969 cui
1156 4916 1417 4984 inscripta
1465 4923 1569 4977 est,
1626 4930 1738 4969 non

157 5000 417 5054 magnum
446 4984 604 5055 illum
625 4983 1006 5055 imperatorem
1030 4985 1301 5055 intelligit,
1321 4983 1416 5039 Sed
1447 4983 1732 5055 priesidem

160 5052 401 5125 aliquem
430 5052 805 5125 Cappadociae.
843 5053 1091 5123 iniquum
1118 5052 1250 5110 sane
1274 5062 1421 5110 esset
1459 5055 1514 5107 in
1539 5054 1739 5125 juvene

162 5122 435 5180 summam
471 5124 596 5193 styli
629 5122 953 5195 gravitatem
967 5126 1274 5195 requirere;
1296 5125 1400 5195 sed
1424 5122 1608 5195 tamen
1630 5122 1737 5177 Ba-

162 5196 291 5250 silio
310 5190 587 5265 nunquam
605 5190 699 5265 uel
700 5193 845 5247 uisse
859 5190 1181 5249 crediderim
1204 5194 1531 5265 pellucidum
1556 5208 1739 5262 quem-

161 5265 293 5320 dam
322 5263 586 5335 orationis
638 5264 889 5335 nitorem,
930 5267 1024 5334 qui
1070 5265 1169 5318 toti
1205 5263 1467 5335 epistolae
1511 5277 1739 5335 prorsus

159 5335 335 5389 deest.
366 5333 568 5387 Auctor
597 5333 841 5401 epistolae
867 5333 1457 5403 imperatorem'ipsum
1489 5333 1740 5388 Theodo-

162 5405 331 5468 sium,
358 5418 519 5472 quem
548 5411 859 5471 regnantem
880 5419 989 5457 non
1018 5405 1152 5459 vidit
1173 5403 1438 5472 Basilius.
1452 5403 1740 5458 manifeste

163 5470 483 5543 alloquitur,
516 5481 574 5524 ut
608 5470 752 5541 patet
792 5487 857 5543 ex
888 5474 976 5528 his
1018 5475 1200 5529 verbis
1227 5491 1241 5526 :
1273 5475 1345 5527 Σὺ
1382 5470 1474 5528 οῦν
1503 5472 1741 5526 ὲκδυσω-

164 5542 380 5616 πηοεὶς,
410 5542 686 5616 κράτιστε,
722 5542 1119 5616 φιλοτιμεῖσθαι
1152 5543 1374 5614 θέλησον
1406 5544 1502 5616 τὴν
1533 5544 1739 5616 ύπδφο-

165 5611 261 5685 ρόν
284 5630 379 5667 σου
396 5611 500 5685 γῆν
518 5629 533 5643 ο
660 5613 823 5679 igitur
842 5611 1113 5685 exoratus,
1135 5611 1589 5685 prtes'tantissitne,
1616 5613 1739 5685 bene

166 5681 359 5738 mereri
388 5681 514 5736 velis
559 5682 623 5735 de
672 5694 812 5735 terra
839 5684 937 5737 tibi
986 5683 1292 5739 tributaria.
1347 5682 1453 5738 Sed
1485 5681 1740 5752 'quod_de

166 5755 529 5826 quadraginta
558 5753 889 5824 martyribus
909 5754 1131 5825 dicitur,
1159 5770 1255 5811 eos
1287 5756 1343 5811 in
1369 5750 1619 5824 stagnum
1642 5750 1739 5807 Sc-

2503 3388 2742 3440 tinentia.

1906 3501 2076 3556 Recte
2101 3498 2259 3563 facis,
2279 3497 2463 3567 justos
2496 3495 2659 3550 nobis
2704 3493 2842 3549 ﬁnes
2889 3492 3181 3556 deﬁniens,
3215 3499 3275 3546 ut
3307 3507 3417 3545 non

1834 3592 2010 3648 solum
2037 3590 2455 3653 continentiam,
2484 3602 2677 3642 verum
2701 3586 2866 3640 etiam
2897 3585 3021 3654 ejus
3050 3584 3293 3639 fructum
3323 3598 3420 3637 eoo

1834 3697 2189 3754 gnoscamus.
2236 3680 2334 3736 Est
2365 3681 2532 3751 igitur
2563 3679 2780 3734 fructus
2810 3679 2953 3746 ejus,
2989 3676 3080 3733 Dei
3118 3676 3419 3746 participa-

1835 3776 1953 3830 tio:
1995 3773 2197 3829 etenim
2244 3786 2351 3826 non
2400 3769 2701 3839 corrumpi,
2748 3768 2977 3839 perinde
3017 3776 3102 3823 est
3144 3782 3208 3821 ac
3248 3765 3419 3820 Deum

1834 3866 2196 3938 participare;
2235 3862 2401 3920 sicuti
2452 3862 2759 3931 corrumpi,
2825 3859 3017 3914 mundi
3070 3857 3421 3929 participatio

1835 3968 1942 4016 est.
2024 3958 2373 4015 Continentia
2443 3956 2664 4027 negatio
2743 3954 2994 4024 corporis
3058 3965 3163 4020 est,
3221 3961 3276 4008 et
3324 3951 3420 4008 Dei

1829 4075 2207 4137 bastenorum,
2251 4073 2405 4144 gravi
2439 4071 2605 4127 ﬂante
2651 4073 2839 4136 borea,
2890 4072 3087 4144 inﬁxos
3130 4071 3320 4144 fuisse,
3364 4072 3422 4128 id

1831 4142 2276 4216 peregrinitatem
2325 4144 2490 4212 hujus
2543 4143 2975 4216 epistolaiiadeo
3008 4142 3318 4205 conﬁrmat,
3361 4154 3420 4197 ut

1831 4212 1999 4269 ii‘iirer
2021 4214 2446 4279 Tillemontium,
2469 4214 2562 4283 qui
2593 4218 2730 4267 lianc
2766 4212 3140 4283 diﬂicultatem
3172 4215 3424 4268 observa-

1840 4287 1938 4348 vil,
1964 4284 2215 4339 dubitare
2245 4282 2509 4352 potuisse,
2541 4292 2717 4337 utrum
2759 4282 2992 4338 Basilius
3034 4283 3277 4351 epistolae
3319 4298 3420 4337 au-

1843 4363 1962 4408 ctor
2007 4355 2189 4408 haberi
2224 4369 2396 4408 necne
2424 4353 2664 4408 deberet.
2701 4352 2834 4407 Cum
2875 4356 3018 4407 enim
3052 4353 3143 4424 illa
3189 4352 3256 4407 de
3286 4368 3424 4424 qua-

1842 4425 2093 4495 draginta
2123 4424 2453 4493 martyribus
2483 4423 2668 4495 opinio
2708 4425 3070 4495 recentiorum
3105 4420 3419 4495 Qnecoi'uin

1839 4491 2039 4558 estfut
2068 4494 2186 4563 ipse
2228 4491 2480 4563 observat
2510 4492 2910 4563 Tilleinontius,
2942 4491 3169 4563 tom._V,
3206 4509 3256 4561 p.
3295 4493 3420 4557 789,

1840 4572 1954 4618 tum
1980 4561 2109 4619 vero
2135 4562 2379 4634 Gregorii
2411 4561 2642 4634 Nysseni
2669 4571 2723 4616 et
2756 4561 2940 4634 Basilii
2975 4561 3301 4618 testimoniis
3330 4580 3423 4633 pe-

1839 4634 1987 4703 nitus
2013 4632 2294 4703 repugnai,
2329 4632 2562 4702 quorum
2596 4635 2732 4686 alter
2756 4632 3117 4702 quadraginta
3152 4632 3424 4703 martyres

1839 4702 1894 4757 in
1927 4702 2163 4773 balneis
2178 4703 2411 4773 publicis
2460 4703 2644 4770 frigori
2684 4702 2963 4771 expositos
2995 4702 3167 4756 fuisse
3212 4702 3423 4768 narrat,

1840 4782 1973 4827 tom.
2017 4772 2103 4836 Ill,
2138 4772 2193 4842 ρ.
2225 4774 2352 4840 5H,
2385 4772 2618 4827 Basilius
2646 4787 2780 4842 vero
2821 4787 2916 4826 eos
2955 4773 3007 4842 in
3051 4773 3184 4824 urbe
3227 4787 3421 4840 passos

1837 4858 1984 4906 esse,
2016 4860 2121 4896 non
2141 4841 2294 4912 ivero
2319 4844 2374 4897 in
2398 4851 2594 4912 stagno
2623 4841 2865 4912 declarat
2892 4859 2908 4896 :
2946 4841 3091 4894 Tunc
3124 4842 3308 4910 igitur,
3334 4845 3422 4897 in-

1836 4914 1977 4981 quit,
2016 4924 2148 4967 tom.
2184 4911 2248 4971 ll.
2284 4928 2338 4982 p.
2375 4911 2588 4974 152,7ea
2622 4913 2677 4964 in
2705 4911 2827 4965 illos
2873 4912 2985 4964 lata
3020 4913 3277 4965 sententia
3314 4923 3414 4975 est,

1837 4992 1896 5035 ut
1925 4987 2021 5035 sub
2054 4983 2141 5035 dio
2168 4990 2556 5050 pernoctarenl.
2597 4997 2716 5035 cum
2742 4991 3009 5051 stagnum,
3046 4984 3244 5034 circum
3279 4982 3421 5051 quod

1837 5053 2051 5106 condita
2077 5063 2190 5106 erat
2226 5054 2410 5105 ciuitas
2449 5052 2503 5104 in
2541 5067 2646 5121 qua
2679 5054 2851 5104 sancti
2901 5051 3259 5121 decertabant,
3281 5062 3417 5106 esset

1837 5123 1975 5176 velut
2002 5121 2243 5191 quazdam
2266 5121 2510 5190 planities
2537 5120 2859 5184 equitabilis,
2878 5120 3049 5190 glacie
3079 5121 3214 5173 illud
3238 5132 3418 5175 trans-

1838 5201 2094 5254 mutante,
2125 5207 2343 5261 cumque
2389 5192 2443 5244 id
2480 5208 2544 5244 ea:
2582 5191 2779 5261 {rigore
2809 5193 2878 5243 ad
2902 5192 3217 5245 continentis
3259 5207 3421 5245 natu-

1837 5278 1953 5329 ram
1980 5261 2270 5323 redactum,
2302 5275 2457 5329 super
2489 5261 2706 5313 dorsum
2729 5262 2830 5315 iter
2858 5261 3162 5314 accolarum
3197 5263 3415 5329 pedibus

1839 5341 2010 5384 tutum
2033 5330 2307 5400 praeberet,
2343 5340 2698 5400 prwtereaque
2735 5331 2885 5399 ﬂuvii
2920 5332 3011 5399 qui
3044 5332 3242 5401 jugi!er
3283 5332 3418 5401 ﬂue-

1838 5401 1988 5465 bant,
2032 5403 2202 5471 gtacie
2247 5401 2539 5463 constricti,
2567 5402 2844 5471 desiissent
2886 5417 3128 5464 manare,
3167 5412 3217 5456 et
3249 5418 3416 5470 aqua-

1839 5487 1957 5525 rum
1999 5469 2194 5524 natura
2227 5472 2439 5523 ntollior
2480 5472 2533 5523 in
2584 5469 2823 5538 lapidum
2863 5470 3115 5525 duritiem
3166 5469 3415 5527 cinrersa

1838 5551 1993 5604 esset,
2022 5557 2141 5593 cum
2178 5539 2396 5608 denique
2417 5556 2562 5593 acres
2592 5541 2759 5594 borea:
2782 5541 2947 5611 ﬂatus
2980 5543 3278 5597 animantia
3302 5560 3403 5598 om-

1840 5615 1931 5667 nia
1950 5620 2227 5682 urgerent
2242 5615 2311 5662 ad
2340 5620 2581 5682 mortem.

1913 5678 2150 5753 (ιογᾼι,
2182 5679 2276 5733 τὸν
2307 5680 2733 5753 πολυστένακτον
2763 5678 2895 5753 βίρν.
2923 5678 3058 5737 εοτ.

1919 5749 2031 5824 (41)
2063 5749 2331 5821 Ἰδωμεν.
2363 5750 2505 5823 Lege
2529 5749 2776 5822 εἰδῶμεν.
2807 5749 2966 5807 Eutr.
