3840 6226
418 270 545 324 ΠΗ

1728 261 1786 316 S.
1828 260 1911 314 BA
1921 257 2069 313 SlLll
2109 257 2320 313 MAGNI

3542 258 3690 312 1112

406 382 716 438 conl'cssw:
763 396 795 435 a
838 381 1033 453 quavis
1062 397 1121 438 rc
1150 380 1366 436 mortali
1396 387 1569 435 semet
1613 377 1903 441 abstrahit,
1939 384 1994 430 et

2118 397 2271 450 ἰαίνει
2304 396 2416 466 (46)
2445 414 2539 449 του
2567 395 2760 467 θνητοῦ
2799 395 3019 460 παντὸς,
3057 393 3246 465 ὥσπερ
3274 392 3439 464 σῶμα
3472 392 3692 463 ἔχουσα

410 478 588 531 instar
631 478 877 547 corporis
929 476 1092 531 habet
1139 474 1407 545 Spiritum
1446 473 1577 537 Dei,
1631 480 1686 528 et
1736 470 1848 526 Deo
1887 485 1991 525 nos

409 569 752 635 commiscet,
793 570 1143 625 azmulatione
1171 568 1417 638 qualibet
1464 574 1630 636 atque
1658 564 1866 619 invidia
1893 578 1991 617 ca-

412 676 561 717 rens.
596 660 731 715 Nam
751 662 843 732 qui
867 677 1070 732 corpus
1104 669 1270 725 amat,
1302 660 1394 714 alii
1423 658 1647 714 invidet.
1677 656 1782 723 Qui
1809 663 1992 709 autem

414 754 783 824 corruptionis
819 755 1073 809 morbum
1115 754 1171 808 in
1212 769 1308 808 cor
1357 767 1466 807 non
1513 750 1773 813 admittit,
1819 745 1993 802 labori

412 848 639 903 cuilibet
671 848 931 918 deinceps
970 845 1295 910 sustinendo
1326 862 1424 917 par
1451 854 1569 912 est;
1603 855 1658 900 et
1700 845 1826 898 licet
1866 856 1995 898 cor-

414 955 547 1012 pore
607 940 919 1006 occumbat,
972 938 1106 994 vivit
1154 937 1572 993 immortalitati.
1621 936 1735 992 lmo
1784 936 1831 992 si
1880 952 1993 993 rem

414 1034 653 1104 perfecte
669 1047 1087 1104 cognoscamus,
1107 1030 1445 1086 continentia
1460 1030 1679 1086 videtur
1690 1045 1811 1086 esse
1828 1029 1993 1096 Deus,

413 1127 510 1197 qui
536 1127 673 1181 nihil
703 1125 1067 1195 concupiscit,
1103 1124 1199 1179 sed
1227 1124 1412 1179 omnia
1445 1124 1501 1178 in
1526 1138 1585 1179 se
1610 1123 1796 1187 habet,
1831 1122 1997 1177 nihil-

416 1235 525 1289 que
557 1219 786 1289 appetit,
818 1232 920 1274 nec
951 1219 1066 1272 sive
1091 1217 1267 1272 oculis
1297 1217 1412 1274 sive
1434 1216 1660 1272 auribus
1683 1217 1995 1286 passionem

414 1311 726 1380 experitur;
757 1310 854 1365 sed
884 1310 1034 1364 nulla
1056 1325 1117 1365 re
1151 1310 1427 1381 indigens,
1451 1311 1648 1379 plenus
1679 1323 1996 1380 usquequa-

416 1417 522 1473 que
554 1409 660 1456 est.
691 1400 1146 1472 Concupiscentia
1173 1402 1398 1457 morbus
1419 1409 1505 1456 est
1528 1401 1753 1466 animae;
1787 1400 1999 1454 sanitas

416 1493 664 1564 ejusdem
694 1535 706 1558 ,
747 1493 1111 1548 continentia.
1159 1490 1549 1547 Verumtamen
1590 1490 1736 1545 haud
1781 1490 1838 1544 in
1888 1505 1996 1545 una

416 1586 600 1656 specie
635 1586 1031 1642 continentiam
1071 1591 1288 1655 oportet
1330 1591 1607 1654 spectare,
1642 1583 1809 1639 veluti
1849 1583 1999 1638 circa

416 1694 507 1734 res
535 1694 831 1745 venereas;
867 1677 963 1734 sed
990 1687 1045 1734 et
1074 1680 1130 1733 in
1164 1679 1271 1733 alia
1297 1694 1357 1733 re
1384 1678 1649 1749 qualibet,
1680 1694 1841 1749 quam
1877 1678 1996 1732 ani-

416 1785 505 1824 ma
542 1784 707 1840 prave
736 1771 962 1841 appetit,
997 1771 1331 1826 necessariis
1358 1785 1470 1824 non
1496 1778 1778 1825 contenta.
1806 1768 1997 1840 Gigni-

416 1870 509 1918 tur
538 1864 767 1929 invidia,
803 1867 872 1920 ob
903 1880 1097 1920 aurum
1119 1906 1132 1930 ,
1169 1875 1224 1921 et
1265 1866 1645 1936 improbitates
1673 1867 1995 1933 innumerae,

416 1954 489 2009 ob
511 1954 648 2010 alias
679 1956 1026 2026 cupiditates.
1054 1955 1174 2011 Jam
1199 1965 1254 2010 et
1289 1958 1554 2014 ebrietate
1575 1972 1789 2023 carere,
1819 1959 1998 2013 conti-

415 2046 603 2100 nentia
634 2056 752 2112 est;
789 2056 845 2100 et
877 2046 985 2102 cibi
1017 2048 1242 2118 crapula
1282 2063 1393 2102 non
1427 2048 1687 2118 dirumpi,
1714 2058 1769 2105 et
1797 2064 1999 2119 corpus

418 2155 579 2196 suum
615 2140 897 2202 cohibere,
930 2141 1267 2196 continentia
1300 2151 1406 2197 est.
1443 2142 1577 2197 Item
1605 2143 1789 2214 pravis
1819 2142 2000 2198 domi-

418 2230 540 2285 nari
576 2231 1025 2302 cogitationibus,
1066 2233 1282 2302 quoties
1327 2234 1567 2291 animam
1600 2235 1786 2290 turbat
1817 2235 2001 2305 aliqua

417 2324 714 2394 phantasia
748 2341 929 2395 neque
967 2326 1109 2380 bona
1142 2341 1321 2397 neque
1352 2327 1567 2383 veritati
1606 2328 1960 2382 consentiens
1982 2366 1998 2390 ,

418 2432 626 2488 corque
664 2418 721 2473 in
750 2433 922 2475 vanas
947 2419 1207 2476 distrahit
1237 2435 1424 2476 curas.
1456 2418 1695 2476 Prorsus
1730 2435 1833 2475 nos
1861 2420 2000 2475 libe-

418 2525 514 2567 ros
547 2519 775 2581 praasmt
804 2512 1165 2579 continentia,
1205 2498 1333 2583 quia
1377 2513 1540 2568 simul
1583 2514 1855 2568 medicina
1884 2513 1999 2568 vir-

417 2610 618 2675 tusque
638 2612 723 2659 est
746 2623 761 2658 :
788 2620 895 2676 non
918 2606 1063 2660 enim
1087 2607 1504 2675 temperantiam
1529 2606 1709 2671 docet,
1736 2606 1832 2662 sed
1856 2622 2001 2676 prae-

418 2694 533 2750 bet.
565 2695 754 2750 Gratia
788 2696 907 2761 Dei,
947 2697 1287 2751 continentia
1316 2707 1420 2753 est.
1462 2697 1622 2765 Jesus
1664 2699 1783 2770 ipsa
1825 2701 2003 2754 conti-

420 2789 609 2841 nentia
646 2788 800 2841 visus
836 2797 943 2852 est,
996 2802 1122 2842 cum
1170 2796 1317 2842 terra
1367 2789 1619 2859 marique
1654 2790 1825 2845 levior
1860 2790 1998 2846 fuit:

421 2891 549 2931 nam
583 2892 759 2947 neque
806 2868 969 2933 tellus
1016 2879 1170 2933 illum
1214 2879 1453 2948 portavit
1485 2896 1660 2950 neque
1687 2896 1870 2943 mare;
1906 2881 2002 2936 sed

422 2972 585 3027 sicuti
618 2987 768 3027 mare
791 2972 1046 3037 calcavit,
1079 2975 1155 3027 ita
1185 2974 1365 3027 telluri
1392 2977 1546 3028 oneri
1578 2989 1689 3028 non
1718 2973 1840 3029 fuit.
1868 2972 2001 3027 Nam

422 3065 471 3119 si
507 3080 576 3120 ex
609 3065 965 3135 corruptione
998 3080 1148 3121 mors
1195 3066 1444 3144 sequitur
1468 3109 1483 3133 ,
1518 3083 1583 3122 ex
1629 3068 2002 3136 corruptionis

423 3166 607 3213 autem
635 3158 1005 3224 immunitate,
1037 3158 1453 3226 immortalitas;
1487 3161 1677 3229 utique
1704 3157 1865 3216 Jesus
1891 3161 2008 3214 dei-

422 3255 593 3303 tatem
625 3249 798 3319 magis
837 3263 949 3318 prae
986 3263 1045 3304 se
1076 3249 1200 3303 tulit
1236 3266 1400 3320 quam
1442 3252 1828 3305 mortalitatem
1869 3252 2002 3323 (42).

423 3335 773 3392 Manducavit
791 3339 1038 3409 bihitque
1064 3340 1332 3412 singulari
1350 3343 1533 3406 modo,
1559 3343 1687 3413 quin
1711 3343 2006 3414 quidquam

424 3446 703 3486 comesum
735 3447 801 3487 ex
829 3448 889 3488 se
928 3432 1180 3489 redderet
1211 3434 1358 3505 (45):
1398 3443 1549 3489 tanta
1577 3437 1778 3506 quippe
1809 3437 1910 3490 fuit
1952 3437 2007 3491 in

423 3538 490 3577 eo
523 3523 873 3580 continentia:
900 3526 1004 3592 vis,
1042 3534 1102 3582 ut
1134 3527 1292 3583 cibus
1325 3528 1380 3582 in
1430 3545 1495 3584 eo
1536 3545 1645 3584 non
1686 3546 2008 3600 corrumpe-

427 3615 741 3684 retur,quia
762 3615 1046 3684 ipseJesus
1071 3618 1528 3686 corruptibilitate
1558 3620 1779 3674 carebat
1798 3620 1929 3690 (id).
1951 3620 2009 3676 Si

425 3702 592 3757 modo
640 3704 825 3774 aliqua
866 3706 1206 3760 continentia
1250 3707 1306 3760 in
1354 3709 1512 3764 nobis
1564 3709 1657 3771 sit,
1697 3710 2009 3779 superiores

426 3795 680 3851 omnibus
710 3812 923 3853 sumus.
960 3796 1095 3850 Nam
1145 3805 1200 3853 et
1237 3798 1462 3867 angelos
1495 3800 1823 3865 audivimus,
1857 3810 2010 3870 post-

427 3903 591 3954 quam
628 3888 1033 3944 incontinentes
1059 3900 1188 3944 sunt
1216 3889 1394 3945 eﬂ'ecti
1417 3930 1431 3954 ,
1462 3892 1604 3945 coelo
1632 3900 1852 3960 propter
1877 3908 2011 3945 con-

426 3978 824 4048 cupiscentiam
850 3981 1158 4051 praecipites
1181 3990 1368 4038 actos:
1397 3981 1529 4037 victi
1553 3989 1682 4037 sunt
1706 3983 1874 4047 enim,
1900 3998 2009 4037 non

426 4069 531 4140 ipsi
575 4085 671 4141 per
718 4086 777 4126 se
815 4071 1240 4128 descenderunt.
1283 4071 1425 4139 Quid
1476 4075 1618 4128 enim
1669 4075 1783 4129 illic
1827 4082 2011 4145 ageret

426 4162 655 4217 morbus
686 4162 796 4229 hic,
833 4164 880 4218 si
900 4164 1012 4235 (45)
1036 4164 1351 4234 hujusmodi
1387 4166 1582 4221 oculus
1612 4165 1810 4220 ibidem
1842 4166 2012 4219 exsti-

426 4256 626 4312 tisset?
647 4254 946 4326 Propterea
974 4257 1087 4312 dixi
1108 4277 1120 4312 ε
1141 4258 1553 4327 Aliquantulum
1586 4257 1935 4312 continentia:
1965 4258 2011 4312 si

429 4347 485 4401 in
517 4347 677 4402 nobis
726 4348 821 4412 sit,
869 4356 924 4403 et
975 4348 1239 4403 mundum
1288 4350 1511 4406 minime
1557 4350 1871 4421 diligamus,
1915 4352 2011 4407 sed

2096 490 2189 542 τοῦ
2217 490 2354 543 Θεοῦ
2380 490 2441 542 τὸ
2472 488 2695 560 Πνεῦμα
2714 505 2727 517 °
2767 488 2861 541 καὶ
2891 487 3010 558 Θεῷ
3037 485 3324 558 μίσγεσθαι
3349 489 3529 549 ποιεῖ,
3559 483 3689 538 οὔτε

2094 582 2254 653 ζῆλον
2291 582 2489 652 ἔχουσα
2522 580 2647 635 οὔτε
2690 580 2903 649 φθόνον.
2944 580 3002 633 ’0
3031 579 3139 651 γὰρ
3190 576 3330 649 ἐρῶν
3379 575 3691 646 σώματος,

2095 672 2270 743 ἐτέρῳ
2301 672 2666 742 διαφθονεῖται
2694 687 2706 700 ·
2754 672 2782 723 ὁ
2815 669 2872 721 δὲ
2921 668 2998 739 μὴ
3026 667 3394 739 κομισάμενος
3424 668 3515 729 είς
3556 682 3700 736 καρ-

2093 763 2212 817 δίαν
2242 764 2342 835 τῆς
2393 763 2599 833 φθορᾶς
2633 761 2735 834 τὴν
2776 761 2961 824 νόσον,
3010 758 3246 830 ἔρρωται
3294 756 3486 809 λοιπὸν
3538 756 3696 823 πόνῳ

2096 856 2283 918 παντὶ,
2311 856 2516 927 καίπερ
2544 853 2829 909 ἀποθανὼν
2860 853 2957 923 μὲν
2988 851 3066 923 τῷ
3105 850 3336 921 σώματι,
3370 848 3485 913 ζῶν
3517 848 3584 901 δὲ
3620 853 3694 917 τῇ

2095 948 2397 1020 ἀφθαρσίᾳ.
2426 947 2535 1001 Καί
2574 965 2663 1018 μοι
2695 944 2914 1008 τελείως
2945 943 3435 1015 καταμανθάνοντι,
3458 940 3694 1013 ἐγκρά-

2093 1059 2217 1097 τεια
2239 1042 2389 1095 δοκεῖ
2426 1041 2455 1092 ὁ
2487 1039 2621 1103 Θεὸς
2652 1034 2813 1103 εἶναι,
2852 1038 2934 1090 ὅτι
2968 1035 3195 1107 μηδενὸς
3224 1034 3508 1105 ἐπιθυμεῖ,
3548 1032 3696 1087 ἀλλὰ

2097 1138 2277 1191 πάντα
2306 1135 2421 1205 ἔχει
2445 1136 2503 1187 ὲν
2523 1132 2732 1203 ἐαυτῷο
2760 1132 2856 1186 καὶ
2876 1130 3090 1193 οὐδενὸς
3116 1128 3389 1201 ὀρέγεται,
3415 1126 3697 1196 οὐδὲἕχει

2097 1226 2272 1290 πάθος
2300 1225 2432 1296 περὶ
2458 1224 2586 1287 τοὺς
2608 1221 2941 1293 ὀφθαλμοὺς,
2975 1221 3098 1273 οὐδὲ
3126 1217 3342 1290 περὶτὰ
3360 1211 3477 1270 ὦτα
3495 1233 3515 1247 ο
3549 1216 3700 1269 ἀλλὰ

2098 1317 2354 1388 ἀνενδεὴς
2403 1315 2518 1381 ὣν,
2574 1313 2792 1386 πλήρης
2850 1313 2917 1367 δι’
2972 1311 3097 1366 ὅλου
3152 1310 3320 1364 ἐστίν.
3378 1307 3699 1377 Ἐπιθυμία

2097 1413 2252 1477 νόσος
2280 1410 2399 1464 ἐστὶ
2420 1409 2598 1480 ψυχῆς
2619 1424 2633 1439 ο
2676 1407 2834 1475 ὑγεία
2857 1405 2936 1469 δέ,
2968 1403 3286 1474 ἐγκράτεια.
3323 1400 3399 1454 UO
3430 1401 3607 1470 μόνον
3635 1399 3698 1452 δὲ

2099 1501 2229 1573 περ).
2262 1499 2320 1554 ἓν
2369 1495 2511 1562 εἶδος
2542 1498 2643 1567 τὴν
2679 1494 3011 1567 ἐγκράτειαν
3038 1493 3119 1546 δεῖ
3157 1492 3309 1564 όρᾷν,
3335 1485 3449 1542 οἷον
3495 1490 3698 1542 ἕνεκεν

2098 1591 2449 1665 ἀφροδισίων,
2471 1591 2611 1646 ἀλλὰ
2642 1590 2736 1645 καὶ
2766 1589 2895 1659 περὶ
2941 1587 3011 1640 τὰ
3038 1584 3175 1640 ἄλλα
3211 1584 3313 1637 ὅσα
3345 1580 3620 1651 ἐπιθυμεῖ
3663 1582 3696 1651 ἡ

2098 1684 2246 1756 ψυχὴ
2268 1682 2477 1749 κακῶς,
2499 1683 2599 1736 οὐκ
2628 1680 2941 1754 ἀρκουμένη
2963 1680 3074 1741 τοῖς
3096 1674 3416 1744 ἀναγκαίοις
3432 1691 3447 1704 ·
3470 1674 3698 1742 γίνεται

2099 1778 2290 1849 φθόνος
2328 1777 2417 1831 διὰ
2447 1775 2689 1849 χρυσίον,
2715 1776 2810 1829 καὶ
2838 1773 3152 1844 ἀδικήματα
3187 1769 3356 1841 μυρία
3382 1768 3451 1821 δι’
3483 1768 3695 1836 ἐτέρας

2098 1869 2414 1940 ἐπιθυμίας.
2438 1868 2548 1923 Καὶ
2578 1867 2639 1921 τὸ
2674 1867 2748 1939 μὴ
2781 1865 3020 1938 μεθύειν,
3048 1861 3347 1935 ἐγκράτειά
3372 1862 3528 1914 ἐστιν
3548 1876 3563 1888 ·
3594 1859 3695 1912 καὶ

2097 1964 2159 2017 τὸ
2209 1964 2284 2035 μὴ
2335 1960 2767 2033 διαρῤήγνυσθαι
2802 1955 3362 2030 ύπερεμπιπλάμενον
3398 1952 3541 2025 (47),
3582 1952 3700 2005 Καὶ

2099 2059 2160 2112 τὸ
2199 2059 2422 2130 κρατεῖν
2469 2054 2563 2109 τοῦ
2607 2052 2877 2125 σώματος,
2925 2047 3226 2123 ἐγκράτειά
3264 2048 3436 2109 ἐστιν,
3494 2045 3595 2097 καὶ
3636 2043 3701 2095 τὸ

2099 2147 2376 2220 κυριεύειν
2401 2144 2678 2216 λογισμῶν
2709 2140 2981 2213 πονηρῶν.
3008 2139 3249 2203 Ποσάκις
3285 2135 3561 2208 ἐτάραξεν
3587 2135 3699 2203 ψυ-

2100 2244 2202 2314 χὴν
2232 2242 2430 2306 ἔννοια,
2452 2240 2554 2293 ούκ
2584 2237 2764 2308 ἀγαθὴ
2789 2232 2923 2289 οὖσα
2943 2232 3069 2287 οὔτε
3090 2231 3317 2303 ἀληθὴς,
3345 2231 3442 2283 καὶ
3458 2228 3700 2300 καρδίαν

2101 2333 2355 2405 ἐμέρισεν
2384 2334 2464 2394 είς
2490 2330 2662 2383 πολλὰ
2690 2326 2996 2400 φροντίζειν
3013 2322 3206 2387 κενῶς.
3225 2323 3454 2383 Πάντως
3472 2318 3698 2372 ἐλευθεσ

2106 2427 2190 2493 ροῖ
2212 2426 2244 2495 ἡ
2269 2422 2589 2494 ἐγκράτεια,
2612 2420 2726 2491 ἆμα
2749 2415 3129 2491 θεραπεύουσα
3149 2415 3246 2468 καὶ
3265 2412 3495 2481 δύναμις
3516 2406 3660 2463 οὖσα
3680 2426 3693 2437 ·

2101 2517 2163 2571 ού
2200 2515 2310 2586 γὰρ
2349 2514 2594 2569 διδάσκει
2635 2510 3012 2583 σωφροσύνην,
3046 2506 3183 2561 ἀλλά
3225 2504 3478 2575 παρέχει.
3512 2504 3697 2573 Χάρις

2103 2610 2252 2664 ἐστὶν
2291 2606 2427 2660 Θεοῦ
2461 2600 3005 2676 ἐγκράτεια.’1ησοῦς
3032 2598 3333 2670 ἐγκράτεια
3367 2596 3571 2663 ἐφάνη,
3597 2592 3696 2645 καὶ

2102 2706 2172 2775 γῇ
2197 2703 2291 2756 καὶ
2313 2701 2557 2770 θαλάσσῃ
2588 2697 2787 2766 κοῦφος
2815 2694 3127 2764 γενόμενος.
3155 2688 3294 2743 Οὔτε
3322 2686 3431 2758 γάρ
3463 2686 3539 2756 γῆ
3569 2685 3695 2737 ἐϐά-

2105 2811 2300 2848 στασεν
2332 2792 2517 2854 αὑτὸν,
2544 2789 2670 2842 οὔτε
2722 2786 2933 2856 πελάγη
2955 2800 2970 2814 '
3026 2782 3140 2836 ἀλλ’
3171 2780 3361 2849 ὥσπερ
3414 2777 3695 2846 ἐπάτησεν

2104 2887 2403 2948 θάλασσαν,
2432 2883 2606 2948 οὕτως
2634 2882 2734 2934 οὐκ
2775 2881 3044 2950 ἐϐάρησεν
3082 2876 3182 2945 τὴν
3204 2874 3330 2943 γῆν.
3368 2872 3434 2924 Εἰ
3466 2871 3583 2940 γάρ
3628 2870 3693 2920 ἐκ

2104 2979 2198 3033 τοῦ
2232 2975 2555 3049 φθείρεσθαι
2596 2975 2658 3027 τὸ
2689 2970 3009 3034 ἀποθανεῖν,
3045 2970 3109 3021 ἐκ
3138 2967 3195 3020 δὲ
3227 2964 3322 3018 τοῦ
3360 2963 3573 3034 φθοράν
3615 2960 3692 3033 μὴ

2031 3085 2076 3148 C
2107 3073 2283 3143 ἔχειν,
2323 3071 2385 3124 τὸ
2440 3068 2516 3141 μὴ
2565 3065 2879 3128 ἀποθανεῖν,
2910 3062 3141 3132 θεότητα
3176 3061 3205 3113 ὁ
3245 3056 3456 3148 Ἰησοῦς
3502 3053 3692 3148 εἰργά-

2109 3165 2252 3229 ζετο,
2289 3163 2348 3216 ού
2398 3160 2726 3232 θνητότητα.
2756 3153 2984 3209 Ἦσθιεν
3020 3152 3114 3206 καὶ
3148 3150 3333 3203 ἔπινεν
3379 3147 3550 3209 ἰδίως.
3595 3146 3689 3196 sine

2107 3254 2394 3316 ἀποδιδοὺς
2413 3253 2482 3305 τά
2509 3248 2793 3321 βρώματα·
2813 3243 3051 3313 τοσαύτη
3081 3246 3137 3296 ἐν
3164 3240 3314 3311 αύτῷ
3334 3244 3367 3312 ἠ
3393 3239 3689 3309 ἐγκράτειι

2106 3347 2337 3415 δύναμις
2368 3340 2459 3415 ἦν,
2483 3341 2623 3395 ὥστε
2654 3340 2729 3411 μὴ
2757 3336 3029 3407 φθαρῆναι
3062 3334 3162 3405 τὴν
3185 3331 3393 3403 τροφὴν
3426 3332 3485 3382 ἐν
3520 3326 3686 3395 αὐτῷ,

2107 3438 2229 3491 ἐπεὶ
2259 3436 2321 3489 τὸ
2371 3432 2690 3506 φθείρεσθαι
2733 3430 2894 3493 αὐτὸς
2924 3429 3025 3481 οὐκ
3070 3421 3235 3496 εἶχεν.
3289 3422 3505 3490 Ὀλίγον
3548 3438 3601 3473 τι
3634 3423 3689 3472 ἐν

2106 3532 2242 3602 ἡμῖν
2280 3528 2376 3582 ἐάν
2491 3525 2824 3597 ἐγκράτεια,
2882 3519 3145 3591 ἀνώτεροι
3199 3517 3459 3571 ἁπάντων
3501 3513 3685 3584 ἐσμέν.

2109 3624 2218 3676 Καὶ
2268 3622 2379 3694 γάρ
2427 3619 2694 3690 ἀγγέλους
2737 3615 3053 3687 ἠκούσαμεν
3090 3612 3354 3681 ἀκρατεῖς
3407 3606 3688 3675 γεγονέναι

2111 3710 2601 3773 κατασπασθέντας
2648 3703 2879 3778 ούρανοῦ
2935 3703 3003 3757 δι’
3055 3699 3375 3770 ἐπιθυμίαν.
3415 3698 3689 3749 Ἐαλωςαν

2108 3805 2239 3878 γὰρ,
2273 3805 2395 3875 οὐχ).
2419 3802 2731 3873 κατέϐησαν
2754 3818 2766 3830 ·
2797 3798 2851 3851 τί
2888 3796 2998 3868 γάρ
3026 3795 3296 3865 ἔπραττεν
3330 3793 3456 3878 ἐκεῖ
3488 3788 3626 3856 αῦτη
3656 3789 3687 3857 ἡ

2109 3898 2283 3961 νόσος,
2318 3898 2368 3949 εί
2403 3897 2476 3967 μή
2525 3912 2611 3957 τις
2656 3894 2772 3946 ἐκεῖ
2826 3888 3067 3951 τοιοῦτος
3119 3883 3393 3954 ὀφθαλμὸς
3444 3877 3550 3952 iv;
3596 3880 3691 3931 Διὶ

2108 3990 2267 4044 τοῦτο
2291 3990 2425 4061 ἔφην
2443 4005 2455 4018 ·
2490 3986 2698 4055 Ὀλίγον
2731 3983 3058 4054 ἐγκράτειαν
3088 3978 3182 4032 ἐὰν
3210 3977 3445 4048 ἔχωμεν,
3480 3970 3687 4026 καὶτοῦ

2113 4083 2228 4154 βίου
2278 4081 2353 4153 μὴ
2398 4077 2759 4151 ἐρασθῶμεν,
2792 4074 2907 4128 ἀλλ’
2950 4071 3160 4126 αἰώνων
3210 4068 3319 4122 τῶν
3367 4065 3686 4137 ἁνωτέρων,

2111 4174 2229 4226 ἐκεῖ
2286 4165 2699 4242 εὑρεθησόμεθα
2764 4166 2898 4218 ὅπου
2952 4161 3351 4230 ἁναπέμπομεν
3392 4156 3488 4209 τὸν
3540 4156 3682 4210 νοῦν.

2110 4266 2267 4317 Δοκεῖ
2302 4262 2413 4334 γὰρ
2441 4259 2716 4331 ὀφθαλμὸν
2737 4253 2878 4309 εἶναι
2904 4255 3112 4315 τοῦτον,
3141 4252 3236 4305 τὸν
3257 4250 3325 4304 τὰ
3348 4249 3529 4319 ἀφανῆ
3560 4249 3685 4301 ἰδεῖν

2112 4356 2430 4425 δυνάμενον.
2462 4352 2574 4407 Καὶ
2614 4351 2724 4421 γὰρ
2774 4348 3034 4417 λέγεται·
3068 4344 3213 4407 Νοῦς
3257 4345 3389 4415 ὁρᾷ,
3416 4343 3512 4394 καὶ
3563 4340 3686 4405 νοῦς

426 4440 692 4495 coelestia
716 4440 939 4505 smcula,
976 4440 1088 4494 illic
1129 4441 1469 4495 inveniemur
1502 4456 1610 4511 quo
1648 4451 1879 4497 mentem
1928 4443 2002 4497 in-

2118 4449 2324 4504 ἀκούει.
2352 4444 2540 4500 Ταῦτά
2572 4461 2654 4496 σοι
2685 4440 2841 4509 ὀλίγα
2884 4436 3164 4497 δοκοῦντα,
3197 4432 3369 4487 πολλὰ
3399 4432 3651 4500 γέγραφα
3670 4445 3684 4458 ·

425 4532 788 4587 tenderimus.
822 4531 922 4586 Hic
961 4532 1105 4586 enim
1136 4531 1352 4587 videtur
1379 4548 1503 4588 esse
1544 4533 1758 4589 oculus.
1791 4533 1885 4603 qui
1926 4534 2009 4588 in-

428 4626 670 4681 visibilia
695 4642 924 4681 cernere
945 4634 1158 4696 potest;
1190 4642 1315 4679 nam
1339 4625 1501 4681 etiam
1526 4628 1687 4696 vulgo
1707 4626 1814 4681 dici
1837 4627 2004 4682 solet:

2116 4539 2199 4591 ὅτι
2232 4535 2439 4605 ἑκάστη
2467 4532 2633 4599 λέξις,
2666 4527 2790 4591 νοῦς
2824 4529 3002 4580 ἐστιν’
3030 4525 3124 4578 καὶ
3153 4521 3289 4576 οἶδα.
3308 4522 3390 4575 ὅτι
3426 4520 3690 4589 ἀναγνοὺς

2115 4628 2376 4699 αἰσθήσῃ.

429 4715 584 4772 Mens
634 4718 801 4778 videt,
847 4727 901 4773 et
937 4733 1092 4772 mens
1159 4719 1332 4773 audit.
1376 4717 1556 4772 Pauca
1627 4720 1722 4775 tibi
1773 4720 1890 4775 haec
1933 4722 2205 4786 videntur,
2264 4720 2362 4774 sed
2402 4716 2572 4771 multa
2598 4728 2700 4785 ego
2741 4712 2972 4782 scripsi:
3017 4718 3218 4765 etenim
3271 4706 3688 4776 unumquodque

430 4815 677 4874 verbum,
708 4829 903 4869 sensus
929 4813 1151 4883 quidam
1182 4821 1297 4879 est;
1331 4824 1497 4885 atque
1514 4815 1567 4869 id
1598 4817 1714 4871 scio
1744 4824 1796 4870 te
1819 4817 2087 4888 legentem
2117 4816 2237 4871 fore
2267 4813 2638 4886 cogniturum.

504 4997 615 5068 (4‘2)
637 4996 799 5050 Ludit
819 4993 1474 5068 quodammod_o_Ba_silius
1502 4994 1557 5068 in
1581 4995 1862 5068 vocabulis
1890 4995 2006 5049 θεό-

431 5062 1011 5139 τηταᾼίθι-θνητότητα,
1047 5064 1193 5133 quod
1220 5062 1409 5139 Latine
1432 5065 1549 5139 lieri
1580 5066 1790 5139 nequit.

508 5137 619 5206 (45)
658 5135 786 5190 Ητιά
821 5135 989 5203 super
1027 5150 1086 5206 re
1119 5135 1558 5206 reverentissime
1594 5136 2009 5205 theologiceque

436 5202 630 5261 scribit
658 5202 993 5261 Athanasius
1028 5202 1275 5274 corinthi
1305 5205 1597 5274 episcOpus
1624 5206 1677 5258 in
1705 5202 2009 5274 fragmento

436 5277 579 5345 quod
606 5292 706 5331 nos
723 5277 995 5330 edidimus
1012 5273 1127 5327 ΑΛ.
1149 5275 1308 5345 class.
1337 5272 1377 5327 t.
1404 5272 1471 5335 Χ,
1496 5272 1550 5344 p.
1578 5272 1836 5335 499-500.
1861 5277 2006 5342 quod

438 5344 628 5413 incipit
661 5366 674 5400 :
728 5346 1029 5416 Ζητοῦμεν,
1061 5347 1110 5395 εἰ
1142 5345 1174 5415 ἡ
1210 5344 1498 5416 πλήρωσις
1549 5346 1658 5416 τῶν
1708 5345 2009 5415 βρωμάτων

438 5419 528 5469 ἐπὶ
562 5413 802 5485 ἱριστοῦή
834 5413 1096 5483 ἐκέκτητο
1136 5413 1230 5466 καὶ
1264 5413 1511 5467 κένωσιν.
1549 5414 1676 5468 Erat
1709 5413 1861 5469 enim
1897 5417 2010 5469 haec

439 5503 656 5555 q-mque
685 5502 793 5539 una
836 5502 899 5541 ex
941 5485 1341 5552 objectionibus
1378 5487 1777 5540 haareticorum.
1817 5485 2010 5539 Belinit

441 5568 645 5618 auium,
682 5571 885 5625 corpus
912 5555 1115 5610 Christi
1150 5557 1249 5625 hac
1290 5557 1343 5608 in
1384 5571 1443 5609 rc
1479 5556 1648 5610 fuisse
1674 5556 1884 5625 metr-ris
1919 5573 2012 5610 su-

440 5630 646 5695 perius,
666 5626 826 5680 sicuti
850 5626 1012 5680 etiam
1033 5628 1085 5680 in
1113 5624 1326 5679 insolita
1360 5626 1661 5680 nativitate.
1681 5624 1863 5679 Utitur
1884 5643 2010 5694 quu-

444 5710 549 5768 que
575 5696 904 5752 Athanasius
924 5696 1174 5765 exemplo
1205 5697 1465 5752 trinitatis
1494 5697 1640 5751 illius
1672 5698 1811 5753 apud
1837 5699 2008 5751 Abra-

2110 4994 2331 5047 hamum
2362 4987 2729 5051 convivantis,
2760 5001 2937 5051 neque
2960 4994 3139 5039 tamen
3175 4980 3411 5035 naturali
3443 4982 3681 5033 necessi-

2111 5064 2207 5118 tati
2238 5060 2698 5131 obtemperantis;
2729 5052 2873 5131 quod
2901 5056 3028 5131 item
3055 5052 3362 5131 deflhristo
3377 5058 3501 5121 post
3516 5067 3682 5105 resut-

2110 5134 2409 5202 rectionem
2426 5122 2641 5185 'edente
2670 5122 3080 5202 intelligendum
3110 5122 3313 5202 dicit.”
3400 5189 3435 5202 Δ,
3506 5189 3539 5202 ν
3579 5190 3590 5200 ,
3634 5191 3646 5202 ,

2184 5203 2295 5272 (44)
2327 5200 2445 5255 Νοη
2469 5212 2684 5272 natura,
2718 5198 2813 5272 sed
2834 5189 3007 5272 g'ratia
3035 5201 3089 5248 et
3110 5189 3473 5272 inhabitantis
3489 5189 3677 5243 divini-

2112 5262 2242 5329 tatis
2256 5262 2782 5343 privilegioNidesis
2798 5262 3136 5343 opusSeveri
3151 5262 3477 5343 antiocheni
3502 5272 3675 5343 contra

2120 5329 2595 5408 incorrupticolas,
2628 5339 2770 5408 apud
2801 5329 2902 5408 nos
2934 5338 2991 5408 in
3025 5333 3316 5408 Spicilcgio
3351 5329 3583 5408 Rom_,_t.
3610 5329 3672 5384 Χ.

2191 5414 2301 5483 (45)
2324 5402 2529 5470 Grrece,
2565 5402 2615 5463 εἰ
2638 5402 2711 5479 μή
2737 5425 2838 5470 τις.
2867 5405 2975 5461 Sed
3006 5405 3080 5475 μή
3112 5403 3421 5458 redundare
3452 5402 3671 5463 videtur,

2117 5493 2435 5554 propterea
2462 5496 2588 5554 quae
2609 5486 2935 5554 sequuntur.

2215 5540 2303 5617 li6)
2346 5540 2705 5605 Ἀπόϐαίνειῖ
2743 5547 2878 5617 God.
2915 5543 3096 5617 prima
3129 5556 3290 5617 manu
3350 5540 3652 5617 ἀποσϐέννεν

2213 5612 2302 5691 4η
2335 5612 3026 5692 Ὑπερεμπιμπλάμεκον.
3063 5612 3245 5668 Prima
3260 5627 3428 5667 manu
3452 5613 3661 5710 πιμῖξὲ,

2124 5711 2300 5748 μενον.
