  <div class='ocr_page' id='page_1' title='image "/cluster/home/n/w/nwhite01/storage/ocr_20150623/32/nnc1.0046978879/645.png"; bbox 0 0 3840 6226; ppageno 0'>
   <div class='ocr_carea' id='block_1_1' title="bbox 450 306 587 367">
    <p class='ocr_par' dir='ltr' id='par_1_1' title="bbox 450 306 587 367">
     <span class='ocr_line' id='line_1_1' title="bbox 450 306 587 367; baseline 0.015 -2"><span class='ocrx_word' id='word_1_1' title='bbox 450 306 587 367; x_wconf 75' lang='lat' dir='ltr'>ms</span> 
     </span>
    </p>
   </div>
   <div class='ocr_carea' id='block_1_2' title="bbox 1362 312 2797 377">
    <p class='ocr_par' dir='ltr' id='par_1_2' title="bbox 1362 312 2797 377">
     <span class='ocr_line' id='line_1_2' title="bbox 1362 312 2797 377; baseline 0.005 -9"><span class='ocrx_word' id='word_1_2' title='bbox 1362 312 1723 370; x_wconf 77' lang='lat' dir='ltr'>APPENDIX.</span> <span class='ocrx_word' id='word_1_3' title='bbox 1754 346 1825 357; x_wconf 91' lang='lat'><strong><em>—</em></strong></span> <span class='ocrx_word' id='word_1_4' title='bbox 1863 315 2206 375; x_wconf 76' lang='lat' dir='ltr'>SYMEONIS</span> <span class='ocrx_word' id='word_1_5' title='bbox 2241 317 2797 377; x_wconf 61' lang='lat' dir='ltr'>METAPBBASTA.</span> 
     </span>
    </p>
   </div>
   <div class='ocr_carea' id='block_1_3' title="bbox 3484 314 3742 380">
    <p class='ocr_par' dir='ltr' id='par_1_3' title="bbox 3484 314 3742 380">
     <span class='ocr_line' id='line_1_3' title="bbox 3484 314 3742 380; baseline 0.012 -11"><span class='ocrx_word' id='word_1_6' title='bbox 3484 376 3491 380; x_wconf 45' lang='grc'>,</span> <span class='ocrx_word' id='word_1_7' title='bbox 3588 314 3742 372; x_wconf 70' lang='grc'>1116</span> 
     </span>
    </p>
   </div>
   <div class='ocr_carea' id='block_1_4' title="bbox 1029 676 2080 870">
    <p class='ocr_par' dir='ltr' id='par_1_4' title="bbox 1029 684 2080 865">
     <span class='ocr_line' id='line_1_4' title="bbox 1029 684 2080 865; baseline 0.007 -9"><span class='ocrx_word' id='word_1_8' title='bbox 1029 684 1849 865; x_wconf 81' lang='grc' dir='ltr'>ΗΘΙΚΟΙ</span> <span class='ocrx_word' id='word_1_9' title='bbox 1974 693 2080 863; x_wconf 80' lang='grc' dir='ltr'><em>Λ</em></span> 
     </span>
    </p>
   </div>
   <div class='ocr_carea' id='block_1_5' title="bbox 2161 676 3142 870">
    <p class='ocr_par' dir='ltr' id='par_1_5' title="bbox 2161 676 3142 870">
     <span class='ocr_line' id='line_1_5' title="bbox 2161 676 3142 870; baseline -0.002 -3"><span class='ocrx_word' id='word_1_10' title='bbox 2161 693 2681 870; x_wconf 83' lang='grc' dir='ltr'><strong>ΟΓΟΙ</strong></span> <span class='ocrx_word' id='word_1_11' title='bbox 2806 676 3142 865; x_wconf 82' lang='lat' dir='ltr'>KA&#39;</span> 
     </span>
    </p>
   </div>
   <div class='ocr_carea' id='block_1_6' title="bbox 1828 960 2339 1018">
    <p class='ocr_par' dir='ltr' id='par_1_6' title="bbox 1828 960 2339 1018">
     <span class='ocr_line' id='line_1_6' title="bbox 1828 960 2339 1018; baseline 0.002 -4"><span class='ocrx_word' id='word_1_12' title='bbox 1828 960 2252 1018; x_wconf 83' lang='grc' dir='ltr'>ΕΚΛΕΧΘΕΝΤ</span> <span class='ocrx_word' id='word_1_13' title='bbox 2253 964 2339 1017; x_wconf 85' lang='grc' dir='ltr'>ΕΣ</span> 
     </span>
    </p>
   </div>
   <div class='ocr_carea' id='block_1_7' title="bbox 768 1122 3413 1218">
    <p class='ocr_par' dir='ltr' id='par_1_7' title="bbox 768 1122 3413 1218">
     <span class='ocr_line' id='line_1_7' title="bbox 768 1122 3413 1218; baseline 0.002 -8"><span class='ocrx_word' id='word_1_14' title='bbox 768 1122 947 1210; x_wconf 82' lang='lat' dir='ltr'>AIA</span> <span class='ocrx_word' id='word_1_15' title='bbox 1000 1126 1460 1214; x_wconf 89' lang='grc' dir='ltr'>ΣΥΜΕΩΝ</span> <span class='ocrx_word' id='word_1_16' title='bbox 1514 1129 1741 1215; x_wconf 88' lang='grc' dir='ltr'>ΤΟΥ</span> <span class='ocrx_word' id='word_1_17' title='bbox 1805 1131 2436 1218; x_wconf 90' lang='grc' dir='ltr'>ΜΑΓΙΣΤΡΟΥ</span> <span class='ocrx_word' id='word_1_18' title='bbox 2482 1130 2676 1216; x_wconf 89' lang='grc' dir='ltr'>ΚΑΙ</span> <span class='ocrx_word' id='word_1_19' title='bbox 2730 1127 3413 1217; x_wconf 86' lang='grc' dir='ltr'>ΛΟΓΟΘΕΤΟΥ</span> 
     </span>
    </p>
   </div>
   <div class='ocr_carea' id='block_1_8' title="bbox 529 1303 3667 1436">
    <p class='ocr_par' dir='ltr' id='par_1_8' title="bbox 529 1303 3667 1436">
     <span class='ocr_line' id='line_1_8' title="bbox 529 1303 3667 1436; baseline 0.002 -80"><span class='ocrx_word' id='word_1_20' title='bbox 529 1303 631 1357; x_wconf 79' lang='grc' dir='ltr'><em>Ἐκ</em></span> <span class='ocrx_word' id='word_1_21' title='bbox 652 1303 866 1360; x_wconf 76' lang='grc' dir='ltr'><em>πασῶν</em></span> <span class='ocrx_word' id='word_1_22' title='bbox 894 1303 1012 1359; x_wconf 82' lang='grc' dir='ltr'>τῶν</span> <span class='ocrx_word' id='word_1_23' title='bbox 1047 1306 1457 1378; x_wconf 77' lang='grc' dir='ltr'>πραγματειῶν</span> <span class='ocrx_word' id='word_1_24' title='bbox 1488 1306 1596 1362; x_wconf 85' lang='grc' dir='ltr'><em>τοῦ</em></span> <span class='ocrx_word' id='word_1_25' title='bbox 1627 1309 1697 1364; x_wconf 82' lang='grc' dir='ltr'>ἐν</span> <span class='ocrx_word' id='word_1_26' title='bbox 1727 1310 2185 1436; x_wconf 56' lang='grc' dir='ltr'><em>ἀγαίοιςέΙατρὲἓ</em></span> <span class='ocrx_word' id='word_1_27' title='bbox 2209 1311 2378 1435; x_wconf 61' lang='grc' dir='ltr'><em>ἡιῖῶν</em></span> <span class='ocrx_word' id='word_1_28' title='bbox 2417 1311 2739 1365; x_wconf 67' lang='grc' dir='ltr'><em>Βασιλεία)</em></span> <span class='ocrx_word' id='word_1_29' title='bbox 2783 1309 3257 1380; x_wconf 77' lang='grc' dir='ltr'><em>ἀρχιεπισκόπου</em></span> <span class='ocrx_word' id='word_1_30' title='bbox 3288 1308 3667 1376; x_wconf 67' lang='grc' dir='ltr'><em>Καισαρείας</em></span> 
     </span>
     <span class='ocr_line' id='line_1_9' title="bbox 1786 1397 2377 1436; baseline 0.007 -3"><span class='ocrx_word' id='word_1_31' title='bbox 1786 1398 1898 1436; x_wconf 79' lang='grc' dir='ltr'><em>τη(-</em></span> <span class='ocrx_word' id='word_1_32' title='bbox 1975 1397 2105 1434; x_wconf 68' lang='lat' dir='ltr'>cum</span> <span class='ocrx_word' id='word_1_33' title='bbox 2186 1400 2256 1436; x_wconf 86' lang='grc' dir='ltr'>οκ</span> <span class='ocrx_word' id='word_1_34' title='bbox 2284 1400 2377 1436; x_wconf 80' lang='lat' dir='ltr'>ac.</span> 
     </span>
    </p>
   </div>
   <div class='ocr_carea' id='block_1_9' title="bbox 1786 1397 2377 1450">
    <p class='ocr_par' dir='ltr' id='par_1_9' title="bbox 1786 1397 2377 1450">
     <span class='ocr_line' id='line_1_10' title="bbox 1786 1397 2377 1450; baseline 0.007 -17"><span class='ocrx_word' id='word_1_35' title='bbox 1786 1398 1898 1450; x_wconf 81' lang='grc' dir='ltr'>της</span> <span class='ocrx_word' id='word_1_36' title='bbox 1926 1397 2377 1449; x_wconf 67' lang='grc' dir='ltr'><em>ααππασοκιας.</em></span> 
     </span>
    </p>
   </div>
   <div class='ocr_carea' id='block_1_10' title="bbox 885 1705 3300 1855">
    <p class='ocr_par' dir='ltr' id='par_1_10' title="bbox 885 1705 3300 1855">
     <span class='ocr_line' id='line_1_11' title="bbox 885 1705 3300 1855; baseline -0.001 -23"><span class='ocrx_word' id='word_1_37' title='bbox 885 1705 1718 1833; x_wconf 81' lang='lat' dir='ltr'>SERMONES</span> <span class='ocrx_word' id='word_1_38' title='bbox 1810 1706 2442 1838; x_wconf 84' lang='lat' dir='ltr'><strong>VIGINTI</strong></span> <span class='ocrx_word' id='word_1_39' title='bbox 2541 1706 3300 1855; x_wconf 79' lang='lat' dir='ltr'>QUATUOR</span> 
     </span>
    </p>
   </div>
   <div class='ocr_carea' id='block_1_11' title="bbox 1691 1954 2463 2046">
    <p class='ocr_par' dir='ltr' id='par_1_11' title="bbox 1691 1954 2463 2046">
     <span class='ocr_line' id='line_1_12' title="bbox 1691 1954 2463 2046; baseline 0.003 -4"><span class='ocrx_word' id='word_1_40' title='bbox 1691 1956 1837 2044; x_wconf 92' lang='lat' dir='ltr'><strong>DE</strong></span> <span class='ocrx_word' id='word_1_41' title='bbox 1928 1954 2463 2046; x_wconf 81' lang='lat' dir='ltr'>MOBIBUS</span> 
     </span>
    </p>
   </div>
   <div class='ocr_carea' id='block_1_12' title="bbox 538 2142 3661 2225">
    <p class='ocr_par' dir='ltr' id='par_1_12' title="bbox 538 2142 3661 2225">
     <span class='ocr_line' id='line_1_13' title="bbox 538 2142 3661 2225; baseline 0.001 -17"><span class='ocrx_word' id='word_1_42' title='bbox 538 2146 657 2208; x_wconf 85' lang='lat' dir='ltr'>Per</span> <span class='ocrx_word' id='word_1_43' title='bbox 686 2144 1065 2208; x_wconf 87' lang='lat' dir='ltr'>Svmeonem</span> <span class='ocrx_word' id='word_1_44' title='bbox 1091 2144 1451 2225; x_wconf 82' lang='lat' dir='ltr'>Magistrum</span> <span class='ocrx_word' id='word_1_45' title='bbox 1467 2151 1547 2225; x_wconf 66' lang='lat' dir='ltr'>et</span> <span class='ocrx_word' id='word_1_46' title='bbox 1573 2143 1983 2225; x_wconf 81' lang='lat' dir='ltr'>Logothetam</span> <span class='ocrx_word' id='word_1_47' title='bbox 2002 2142 2219 2225; x_wconf 81' lang='lat' dir='ltr'>selecti</span> <span class='ocrx_word' id='word_1_48' title='bbox 2246 2161 2323 2205; x_wconf 81' lang='lat' dir='ltr'>ex</span> <span class='ocrx_word' id='word_1_49' title='bbox 2353 2144 2646 2225; x_wconf 86' lang='lat' dir='ltr'>omnibus</span> <span class='ocrx_word' id='word_1_50' title='bbox 2675 2144 2980 2225; x_wconf 86' lang='lat' dir='ltr'>operibus</span> <span class='ocrx_word' id='word_1_51' title='bbox 3005 2145 3203 2208; x_wconf 81' lang='lat' dir='ltr'>sancti</span> <span class='ocrx_word' id='word_1_52' title='bbox 3222 2146 3422 2208; x_wconf 83' lang='lat' dir='ltr'>Patris</span> <span class='ocrx_word' id='word_1_53' title='bbox 3451 2147 3661 2210; x_wconf 82' lang='lat' dir='ltr'>nostri</span> 
     </span>
    </p>
   </div>
   <div class='ocr_carea' id='block_1_13' title="bbox 1344 2221 2834 2305">
    <p class='ocr_par' dir='ltr' id='par_1_13' title="bbox 1344 2221 2834 2305">
     <span class='ocr_line' id='line_1_14' title="bbox 1344 2221 2834 2305; baseline 0.002 -21"><span class='ocrx_word' id='word_1_54' title='bbox 1344 2221 1552 2284; x_wconf 82' lang='lat' dir='ltr'>Basilii</span> <span class='ocrx_word' id='word_1_55' title='bbox 1581 2222 2044 2302; x_wconf 80' lang='lat' dir='ltr'>archiepiscopi</span> <span class='ocrx_word' id='word_1_56' title='bbox 2072 2223 2367 2286; x_wconf 70' lang='lat' dir='ltr'>Caesarem</span> <span class='ocrx_word' id='word_1_57' title='bbox 2399 2221 2834 2305; x_wconf 69' lang='lat' dir='ltr'>Cappadociae.</span> 
     </span>
    </p>
   </div>
   <div class='ocr_carea' id='block_1_14' title="bbox 700 2533 1791 2610">
    <p class='ocr_par' dir='ltr' id='par_1_14' title="bbox 700 2533 1791 2610">
     <span class='ocr_line' id='line_1_15' title="bbox 700 2533 1791 2610; baseline 0.002 -20"><span class='ocrx_word' id='word_1_58' title='bbox 700 2537 868 2610; x_wconf 65' lang='lat' dir='ltr'>m</span> <span class='ocrx_word' id='word_1_59' title='bbox 906 2536 1002 2590; x_wconf 84' lang='lat' dir='ltr'><em>DE</em></span> <span class='ocrx_word' id='word_1_60' title='bbox 1058 2533 1383 2590; x_wconf 82' lang='lat' dir='ltr'>VIRTUTE</span> <span class='ocrx_word' id='word_1_61' title='bbox 1427 2534 1514 2590; x_wconf 84' lang='lat' dir='ltr'>ET</span> <span class='ocrx_word' id='word_1_62' title='bbox 1558 2535 1791 2594; x_wconf 81' lang='lat' dir='ltr'>VITIO.</span> 
     </span>
    </p>
   </div>
   <div class='ocr_carea' id='block_1_15' title="bbox 1088 2647 1416 2705">
    <p class='ocr_par' dir='ltr' id='par_1_15' title="bbox 1088 2647 1416 2705">
     <span class='ocr_line' id='line_1_16' title="bbox 1088 2647 1416 2705; baseline 0.003 -2"><span class='ocrx_word' id='word_1_63' title='bbox 1088 2647 1324 2705; x_wconf 77' lang='lat' dir='ltr'>SEBMO</span> <span class='ocrx_word' id='word_1_64' title='bbox 1373 2648 1416 2704; x_wconf 87' lang='lat' dir='ltr'>l.</span> 
     </span>
    </p>
   </div>
   <div class='ocr_carea' id='block_1_16' title="bbox 536 2761 2046 2837">
    <p class='ocr_par' dir='ltr' id='par_1_16' title="bbox 536 2761 2046 2837">
     <span class='ocr_line' id='line_1_17' title="bbox 536 2761 2046 2837; baseline 0.004 -19"><span class='ocrx_word' id='word_1_65' title='bbox 536 2765 586 2818; x_wconf 78' lang='lat' dir='ltr'>i.</span> <span class='ocrx_word' id='word_1_66' title='bbox 626 2764 701 2835; x_wconf 87' lang='grc' dir='ltr'>(Ι)</span> <span class='ocrx_word' id='word_1_67' title='bbox 741 2763 999 2818; x_wconf 86' lang='lat' dir='ltr'>Dominus</span> <span class='ocrx_word' id='word_1_68' title='bbox 1033 2770 1222 2817; x_wconf 81' lang='lat' dir='ltr'>noster</span> <span class='ocrx_word' id='word_1_69' title='bbox 1258 2761 1421 2819; x_wconf 82' lang='lat' dir='ltr'>Jcsus</span> <span class='ocrx_word' id='word_1_70' title='bbox 1470 2764 1727 2822; x_wconf 79' lang='lat' dir='ltr'>Christus</span> <span class='ocrx_word' id='word_1_71' title='bbox 1779 2768 2046 2837; x_wconf 76' lang='lat' dir='ltr'>apostolis</span> 
     </span>
    </p>
   </div>
   <div class='ocr_carea' id='block_1_17' title="bbox 468 2856 2045 2930">
    <p class='ocr_par' dir='ltr' id='par_1_17' title="bbox 468 2856 2045 2930">
     <span class='ocr_line' id='line_1_18' title="bbox 468 2856 2045 2930; baseline 0.002 -17"><span class='ocrx_word' id='word_1_72' title='bbox 468 2858 601 2919; x_wconf 85' lang='lat' dir='ltr'>suis,</span> <span class='ocrx_word' id='word_1_73' title='bbox 648 2856 863 2924; x_wconf 77' lang='lat' dir='ltr'>Euntes,</span> <span class='ocrx_word' id='word_1_74' title='bbox 916 2858 1112 2926; x_wconf 85' lang='lat' dir='ltr'>inquit,</span> <span class='ocrx_word' id='word_1_75' title='bbox 1144 2856 1323 2911; x_wconf 82' lang='lat' dir='ltr'>docete</span> <span class='ocrx_word' id='word_1_76' title='bbox 1354 2874 1532 2912; x_wconf 75' lang='lat' dir='ltr'>omnes</span> <span class='ocrx_word' id='word_1_77' title='bbox 1574 2869 1769 2930; x_wconf 81' lang='lat' dir='ltr'>gentes,</span> <span class='ocrx_word' id='word_1_78' title='bbox 1804 2860 2045 2917; x_wconf 77' lang='lat' dir='ltr'>docentes</span> 
     </span>
    </p>
   </div>
   <div class='ocr_carea' id='block_1_18' title="bbox 469 2949 2047 3018">
    <p class='ocr_par' dir='ltr' id='par_1_18' title="bbox 469 2949 2047 3018">
     <span class='ocr_line' id='line_1_19' title="bbox 469 2949 2047 3018; baseline 0.004 -16"><span class='ocrx_word' id='word_1_79' title='bbox 469 2952 607 3018; x_wconf 79' lang='lat' dir='ltr'>ipsos</span> <span class='ocrx_word' id='word_1_80' title='bbox 633 2950 673 3016; x_wconf 88' lang='grc'><em>¹,</em></span> <span class='ocrx_word' id='word_1_81' title='bbox 733 2964 842 3003; x_wconf 84' lang='grc' dir='ltr'><em>ιιοη</em></span> <span class='ocrx_word' id='word_1_82' title='bbox 886 2949 1000 3003; x_wconf 67' lang='lat' dir='ltr'>hanc</span> <span class='ocrx_word' id='word_1_83' title='bbox 1038 2949 1257 3018; x_wconf 87' lang='lat' dir='ltr'>quidem</span> <span class='ocrx_word' id='word_1_84' title='bbox 1297 2950 1612 3012; x_wconf 85' lang='lat' dir='ltr'>observare,</span> <span class='ocrx_word' id='word_1_85' title='bbox 1652 2952 1744 3007; x_wconf 88' lang='lat' dir='ltr'>illa</span> <span class='ocrx_word' id='word_1_86' title='bbox 1776 2967 1909 3008; x_wconf 86' lang='lat' dir='ltr'>vero</span> <span class='ocrx_word' id='word_1_87' title='bbox 1952 2969 2047 3009; x_wconf 52' lang='lat' dir='ltr'>ne.</span> 
     </span>
    </p>
   </div>
   <div class='ocr_carea' id='block_1_19' title="bbox 469 3039 2049 3111">
    <p class='ocr_par' dir='ltr' id='par_1_19' title="bbox 469 3039 2049 3111">
     <span class='ocr_line' id='line_1_20' title="bbox 469 3039 2049 3111; baseline 0.004 -19"><span class='ocrx_word' id='word_1_88' title='bbox 469 3041 670 3110; x_wconf 62' lang='lat' dir='ltr'>gligere</span> <span class='ocrx_word' id='word_1_89' title='bbox 702 3060 715 3095; x_wconf 91' lang='lat'><strong>:</strong></span> <span class='ocrx_word' id='word_1_90' title='bbox 750 3039 845 3094; x_wconf 85' lang='lat' dir='ltr'>sed</span> <span class='ocrx_word' id='word_1_91' title='bbox 873 3056 1082 3094; x_wconf 80' lang='lat' dir='ltr'>servare</span> <span class='ocrx_word' id='word_1_92' title='bbox 1112 3042 1291 3095; x_wconf 82' lang='lat' dir='ltr'>omnia</span> <span class='ocrx_word' id='word_1_93' title='bbox 1318 3057 1636 3111; x_wconf 70' lang='lat' dir='ltr'>quacunque</span> <span class='ocrx_word' id='word_1_94' title='bbox 1676 3043 1926 3098; x_wconf 81' lang='lat' dir='ltr'>mandavi</span> <span class='ocrx_word' id='word_1_95' title='bbox 1966 3060 2049 3099; x_wconf 77' lang='lat' dir='ltr'>vo-</span> 
     </span>
    </p>
   </div>
   <div class='ocr_carea' id='block_1_20' title="bbox 469 3131 2049 3204">
    <p class='ocr_par' dir='ltr' id='par_1_20' title="bbox 469 3131 2049 3204">
     <span class='ocr_line' id='line_1_21' title="bbox 469 3131 2049 3204; baseline 0.004 -19"><span class='ocrx_word' id='word_1_96' title='bbox 469 3132 549 3186; x_wconf 76' lang='lat' dir='ltr'>bis</span> <span class='ocrx_word' id='word_1_97' title='bbox 581 3132 625 3195; x_wconf 90' lang='grc'><em>¹,</em></span> <span class='ocrx_word' id='word_1_98' title='bbox 681 3131 733 3184; x_wconf 86' lang='lat' dir='ltr'>id</span> <span class='ocrx_word' id='word_1_99' title='bbox 758 3141 862 3197; x_wconf 82' lang='lat' dir='ltr'>est,</span> <span class='ocrx_word' id='word_1_100' title='bbox 888 3146 956 3185; x_wconf 90' lang='lat' dir='ltr'>ne</span> <span class='ocrx_word' id='word_1_101' title='bbox 982 3132 1266 3185; x_wconf 89' lang='lat' dir='ltr'>minimum</span> <span class='ocrx_word' id='word_1_102' title='bbox 1303 3132 1521 3202; x_wconf 85' lang='lat' dir='ltr'>quidem</span> <span class='ocrx_word' id='word_1_103' title='bbox 1548 3148 1739 3188; x_wconf 87' lang='lat' dir='ltr'>eorum</span> <span class='ocrx_word' id='word_1_104' title='bbox 1771 3136 2049 3204; x_wconf 68' lang='lat' dir='ltr'>praeterire</span> 
     </span>
    </p>
   </div>
   <div class='ocr_carea' id='block_1_21' title="bbox 468 3208 2050 3296">
    <p class='ocr_par' dir='ltr' id='par_1_21' title="bbox 468 3208 2050 3296">
     <span class='ocr_line' id='line_1_22' title="bbox 468 3208 2050 3296; baseline 0.006 -21"><span class='ocrx_word' id='word_1_105' title='bbox 468 3239 589 3292; x_wconf 75' lang='lat' dir='ltr'>qua:</span> <span class='ocrx_word' id='word_1_106' title='bbox 617 3224 936 3293; x_wconf 65' lang='lat' dir='ltr'>praescripta</span> <span class='ocrx_word' id='word_1_107' title='bbox 977 3232 1126 3279; x_wconf 91' lang='lat' dir='ltr'>sunt.</span> <span class='ocrx_word' id='word_1_108' title='bbox 1165 3223 1241 3296; x_wconf 74' lang='lat'>(2)</span> <span class='ocrx_word' id='word_1_109' title='bbox 1270 3223 1484 3279; x_wconf 87' lang='lat' dir='ltr'>Etenim</span> <span class='ocrx_word' id='word_1_110' title='bbox 1519 3208 1563 3281; x_wconf 84' lang='lat' dir='ltr'>si</span> <span class='ocrx_word' id='word_1_111' title='bbox 1598 3241 1710 3280; x_wconf 92' lang='lat' dir='ltr'>non</span> <span class='ocrx_word' id='word_1_112' title='bbox 1735 3228 1921 3281; x_wconf 88' lang='lat' dir='ltr'>omnia</span> <span class='ocrx_word' id='word_1_113' title='bbox 1960 3244 2050 3284; x_wconf 84' lang='lat' dir='ltr'>cs-</span> 
     </span>
    </p>
   </div>
   <div class='ocr_carea' id='block_1_22' title="bbox 471 3315 2046 3389">
    <p class='ocr_par' dir='ltr' id='par_1_22' title="bbox 471 3315 2046 3389">
     <span class='ocr_line' id='line_1_23' title="bbox 471 3315 2046 3389; baseline 0.001 -18"><span class='ocrx_word' id='word_1_114' title='bbox 471 3322 592 3371; x_wconf 86' lang='lat' dir='ltr'>sent</span> <span class='ocrx_word' id='word_1_115' title='bbox 632 3315 793 3370; x_wconf 89' lang='lat' dir='ltr'>nobis</span> <span class='ocrx_word' id='word_1_116' title='bbox 826 3317 1141 3371; x_wconf 84' lang='lat' dir='ltr'>necessaria</span> <span class='ocrx_word' id='word_1_117' title='bbox 1185 3316 1251 3371; x_wconf 90' lang='lat' dir='ltr'>ad</span> <span class='ocrx_word' id='word_1_118' title='bbox 1298 3316 1495 3372; x_wconf 89' lang='lat' dir='ltr'>salutis</span> <span class='ocrx_word' id='word_1_119' title='bbox 1537 3319 1901 3389; x_wconf 83' lang='lat' dir='ltr'>propositum,</span> <span class='ocrx_word' id='word_1_120' title='bbox 1939 3334 2046 3373; x_wconf 91' lang='lat' dir='ltr'>non</span> 
     </span>
    </p>
   </div>
   <div class='ocr_carea' id='block_1_23' title="bbox 468 3405 2049 3478">
    <p class='ocr_par' dir='ltr' id='par_1_23' title="bbox 468 3405 2049 3478">
     <span class='ocr_line' id='line_1_24' title="bbox 468 3405 2049 3478; baseline 0.001 -18"><span class='ocrx_word' id='word_1_121' title='bbox 468 3405 658 3476; x_wconf 83' lang='lat' dir='ltr'>utique</span> <span class='ocrx_word' id='word_1_122' title='bbox 688 3407 871 3461; x_wconf 84' lang='lat' dir='ltr'>omnia</span> <span class='ocrx_word' id='word_1_123' title='bbox 914 3407 1170 3462; x_wconf 88' lang='lat' dir='ltr'>mandata</span> <span class='ocrx_word' id='word_1_124' title='bbox 1202 3406 1442 3463; x_wconf 81' lang='lat' dir='ltr'>fuissent</span> <span class='ocrx_word' id='word_1_125' title='bbox 1481 3408 1796 3478; x_wconf 87' lang='lat' dir='ltr'>conscripta</span> <span class='ocrx_word' id='word_1_126' title='bbox 1829 3426 1842 3462; x_wconf 93' lang='lat'>:</span> <span class='ocrx_word' id='word_1_127' title='bbox 1872 3423 2049 3478; x_wconf 87' lang='lat' dir='ltr'>neque</span> 
     </span>
    </p>
   </div>
   <div class='ocr_carea' id='block_1_24' title="bbox 468 3496 2047 3562">
    <p class='ocr_par' dir='ltr' id='par_1_24' title="bbox 468 3496 2047 3562">
     <span class='ocr_line' id='line_1_25' title="bbox 468 3496 2047 3562; baseline 0.003 -11"><span class='ocrx_word' id='word_1_128' title='bbox 468 3496 667 3552; x_wconf 80' lang='lat' dir='ltr'>fuisset</span> <span class='ocrx_word' id='word_1_129' title='bbox 696 3499 993 3562; x_wconf 81' lang='lat' dir='ltr'>sancitum,</span> <span class='ocrx_word' id='word_1_130' title='bbox 1023 3507 1083 3551; x_wconf 87' lang='lat' dir='ltr'>ut</span> <span class='ocrx_word' id='word_1_131' title='bbox 1112 3500 1427 3554; x_wconf 87' lang='lat' dir='ltr'>necessario</span> <span class='ocrx_word' id='word_1_132' title='bbox 1461 3510 1814 3554; x_wconf 84' lang='lat' dir='ltr'>servarentur</span> <span class='ocrx_word' id='word_1_133' title='bbox 1841 3501 2047 3557; x_wconf 88' lang='lat' dir='ltr'>omnia.</span> 
     </span>
    </p>
   </div>
   <div class='ocr_carea' id='block_1_25' title="bbox 470 3589 2051 3660">
    <p class='ocr_par' dir='ltr' id='par_1_25' title="bbox 470 3589 2051 3660">
     <span class='ocr_line' id='line_1_26' title="bbox 470 3589 2051 3660; baseline 0.003 -15"><span class='ocrx_word' id='word_1_134' title='bbox 470 3589 548 3660; x_wconf 77' lang='grc'>(5)</span> <span class='ocrx_word' id='word_1_135' title='bbox 578 3589 691 3644; x_wconf 88' lang='lat' dir='ltr'>Nos</span> <span class='ocrx_word' id='word_1_136' title='bbox 735 3605 868 3644; x_wconf 72' lang='lat' dir='ltr'>vero</span> <span class='ocrx_word' id='word_1_137' title='bbox 903 3590 948 3645; x_wconf 89' lang='lat' dir='ltr'>si</span> <span class='ocrx_word' id='word_1_138' title='bbox 981 3590 1064 3645; x_wconf 86' lang='lat' dir='ltr'>vel</span> <span class='ocrx_word' id='word_1_139' title='bbox 1101 3590 1323 3645; x_wconf 91' lang='lat' dir='ltr'>unicum</span> <span class='ocrx_word' id='word_1_140' title='bbox 1372 3591 1690 3646; x_wconf 87' lang='lat' dir='ltr'>mandatum</span> <span class='ocrx_word' id='word_1_141' title='bbox 1740 3591 2051 3649; x_wconf 79' lang='lat' dir='ltr'>confecisse</span> 
     </span>
    </p>
   </div>
   <div class='ocr_carea' id='block_1_26' title="bbox 470 3682 2046 3751">
    <p class='ocr_par' dir='ltr' id='par_1_26' title="bbox 470 3682 2046 3751">
     <span class='ocr_line' id='line_1_27' title="bbox 470 3682 2046 3751; baseline 0.003 -15"><span class='ocrx_word' id='word_1_142' title='bbox 470 3697 573 3736; x_wconf 90' lang='lat' dir='ltr'>nos</span> <span class='ocrx_word' id='word_1_143' title='bbox 623 3682 952 3736; x_wconf 85' lang='lat' dir='ltr'>arbitremur</span> <span class='ocrx_word' id='word_1_144' title='bbox 989 3683 1190 3751; x_wconf 87' lang='lat' dir='ltr'>(neque</span> <span class='ocrx_word' id='word_1_145' title='bbox 1234 3686 1381 3737; x_wconf 89' lang='lat' dir='ltr'>enim</span> <span class='ocrx_word' id='word_1_146' title='bbox 1435 3684 1742 3739; x_wconf 81' lang='lat' dir='ltr'>confecisse</span> <span class='ocrx_word' id='word_1_147' title='bbox 1773 3684 2046 3741; x_wconf 78' lang='lat' dir='ltr'>dixerim:</span> 
     </span>
    </p>
   </div>
   <div class='ocr_carea' id='block_1_27' title="bbox 471 3771 2051 3841">
    <p class='ocr_par' dir='ltr' id='par_1_27' title="bbox 471 3771 2051 3841">
     <span class='ocr_line' id='line_1_28' title="bbox 471 3771 2051 3841; baseline 0.003 -14"><span class='ocrx_word' id='word_1_148' title='bbox 471 3771 657 3827; x_wconf 86' lang='lat' dir='ltr'>omnia</span> <span class='ocrx_word' id='word_1_149' title='bbox 703 3772 975 3841; x_wconf 85' lang='lat' dir='ltr'>siquidem</span> <span class='ocrx_word' id='word_1_150' title='bbox 1010 3774 1153 3827; x_wconf 91' lang='lat' dir='ltr'>inter</span> <span class='ocrx_word' id='word_1_151' title='bbox 1186 3789 1245 3827; x_wconf 90' lang='lat' dir='ltr'>se</span> <span class='ocrx_word' id='word_1_152' title='bbox 1293 3773 1568 3828; x_wconf 64' lang='lat' dir='ltr'>cohaerent</span> <span class='ocrx_word' id='word_1_153' title='bbox 1601 3774 1903 3830; x_wconf 89' lang='lat' dir='ltr'>secundum</span> <span class='ocrx_word' id='word_1_154' title='bbox 1958 3792 2051 3833; x_wconf 87' lang='lat' dir='ltr'>sa-</span> 
     </span>
    </p>
   </div>
   <div class='ocr_carea' id='block_1_28' title="bbox 473 3863 2051 3934">
    <p class='ocr_par' dir='ltr' id='par_1_28' title="bbox 473 3863 2051 3934">
     <span class='ocr_line' id='line_1_29' title="bbox 473 3863 2051 3934; baseline 0.003 -17"><span class='ocrx_word' id='word_1_155' title='bbox 473 3879 599 3917; x_wconf 86' lang='lat' dir='ltr'>nam</span> <span class='ocrx_word' id='word_1_156' title='bbox 632 3864 784 3933; x_wconf 87' lang='lat' dir='ltr'>scopi</span> <span class='ocrx_word' id='word_1_157' title='bbox 813 3863 880 3918; x_wconf 87' lang='lat' dir='ltr'>ad</span> <span class='ocrx_word' id='word_1_158' title='bbox 908 3879 1070 3934; x_wconf 89' lang='lat' dir='ltr'>quem</span> <span class='ocrx_word' id='word_1_159' title='bbox 1101 3864 1331 3918; x_wconf 85' lang='lat' dir='ltr'>tendunt</span> <span class='ocrx_word' id='word_1_160' title='bbox 1376 3868 1668 3927; x_wconf 86' lang='lat' dir='ltr'>rationem,</span> <span class='ocrx_word' id='word_1_161' title='bbox 1706 3867 1787 3920; x_wconf 87' lang='lat' dir='ltr'>sic</span> <span class='ocrx_word' id='word_1_162' title='bbox 1832 3875 1895 3921; x_wconf 92' lang='lat' dir='ltr'>ut</span> <span class='ocrx_word' id='word_1_163' title='bbox 1940 3883 2051 3922; x_wconf 93' lang='lat' dir='ltr'>uno</span> 
     </span>
    </p>
   </div>
   <div class='ocr_carea' id='block_1_29' title="bbox 472 3954 2053 4025">
    <p class='ocr_par' dir='ltr' id='par_1_29' title="bbox 472 3954 2053 4025">
     <span class='ocr_line' id='line_1_30' title="bbox 472 3954 2053 4025; baseline 0 -16"><span class='ocrx_word' id='word_1_164' title='bbox 472 3954 722 4009; x_wconf 83' lang='lat' dir='ltr'>exsoluto</span> <span class='ocrx_word' id='word_1_165' title='bbox 772 3968 994 4009; x_wconf 88' lang='lat' dir='ltr'>necesse</span> <span class='ocrx_word' id='word_1_166' title='bbox 1018 3955 1092 4009; x_wconf 89' lang='lat' dir='ltr'>sit</span> <span class='ocrx_word' id='word_1_167' title='bbox 1120 3954 1225 4007; x_wconf 85' lang='lat' dir='ltr'>alia</span> <span class='ocrx_word' id='word_1_168' title='bbox 1252 3955 1414 4008; x_wconf 87' lang='lat' dir='ltr'>etiam</span> <span class='ocrx_word' id='word_1_169' title='bbox 1449 3955 1614 4008; x_wconf 83' lang='lat' dir='ltr'>simul</span> <span class='ocrx_word' id='word_1_170' title='bbox 1652 3955 1906 4025; x_wconf 87' lang='lat' dir='ltr'>exsolvi),</span> <span class='ocrx_word' id='word_1_171' title='bbox 1945 3971 2053 4011; x_wconf 91' lang='lat' dir='ltr'>non</span> 
     </span>
    </p>
   </div>
   <div class='ocr_carea' id='block_1_30' title="bbox 472 4046 2056 4117">
    <p class='ocr_par' dir='ltr' id='par_1_30' title="bbox 472 4046 2056 4117">
     <span class='ocr_line' id='line_1_31' title="bbox 472 4046 2056 4117; baseline 0.003 -19"><span class='ocrx_word' id='word_1_172' title='bbox 472 4046 545 4100; x_wconf 92' lang='lat' dir='ltr'>ob</span> <span class='ocrx_word' id='word_1_173' title='bbox 577 4060 639 4100; x_wconf 88' lang='lat' dir='ltr'>ea</span> <span class='ocrx_word' id='word_1_174' title='bbox 670 4061 792 4116; x_wconf 65' lang='lat' dir='ltr'>quae</span> <span class='ocrx_word' id='word_1_175' title='bbox 842 4046 1297 4115; x_wconf 65' lang='lat' dir='ltr'>praetermisimus</span> <span class='ocrx_word' id='word_1_176' title='bbox 1337 4046 1471 4099; x_wconf 83' lang='lat' dir='ltr'>iram</span> <span class='ocrx_word' id='word_1_177' title='bbox 1522 4054 1929 4117; x_wconf 81' lang='lat' dir='ltr'>exspectamus,</span> <span class='ocrx_word' id='word_1_178' title='bbox 1961 4048 2056 4102; x_wconf 88' lang='lat' dir='ltr'>sed</span> 
     </span>
    </p>
   </div>
   <div class='ocr_carea' id='block_1_31' title="bbox 473 4136 2056 4210">
    <p class='ocr_par' dir='ltr' id='par_1_31' title="bbox 473 4136 2056 4210">
     <span class='ocr_line' id='line_1_32' title="bbox 473 4136 2056 4210; baseline 0.002 -19"><span class='ocrx_word' id='word_1_179' title='bbox 473 4146 703 4208; x_wconf 87' lang='lat' dir='ltr'>pr0pter</span> <span class='ocrx_word' id='word_1_180' title='bbox 752 4138 889 4192; x_wconf 88' lang='lat' dir='ltr'>illud</span> <span class='ocrx_word' id='word_1_181' title='bbox 948 4136 1095 4207; x_wconf 89' lang='lat' dir='ltr'>quod</span> <span class='ocrx_word' id='word_1_182' title='bbox 1153 4139 1404 4193; x_wconf 83' lang='lat' dir='ltr'>videmur</span> <span class='ocrx_word' id='word_1_183' title='bbox 1460 4140 1776 4210; x_wconf 81' lang='lat' dir='ltr'>peregisse,</span> <span class='ocrx_word' id='word_1_184' title='bbox 1835 4139 2056 4208; x_wconf 83' lang='lat' dir='ltr'>praemia</span> 
     </span>
    </p>
   </div>
   <div class='ocr_carea' id='block_1_32' title="bbox 476 4229 2060 4302">
    <p class='ocr_par' dir='ltr' id='par_1_32' title="bbox 476 4229 2060 4302">
     <span class='ocr_line' id='line_1_33' title="bbox 476 4229 2060 4302; baseline 0.001 -20"><span class='ocrx_word' id='word_1_185' title='bbox 476 4230 862 4302; x_wconf 78' lang='lat' dir='ltr'>praestolamur</span> <span class='ocrx_word' id='word_1_186' title='bbox 892 4249 905 4285; x_wconf 91' lang='lat'><strong>:</strong></span> <span class='ocrx_word' id='word_1_187' title='bbox 934 4230 1075 4285; x_wconf 90' lang='lat' dir='ltr'>haud</span> <span class='ocrx_word' id='word_1_188' title='bbox 1108 4231 1346 4285; x_wconf 86' lang='lat' dir='ltr'>scientes</span> <span class='ocrx_word' id='word_1_189' title='bbox 1376 4246 1524 4294; x_wconf 91' lang='lat' dir='ltr'>eum,</span> <span class='ocrx_word' id='word_1_190' title='bbox 1556 4233 1649 4300; x_wconf 90' lang='lat' dir='ltr'>qui</span> <span class='ocrx_word' id='word_1_191' title='bbox 1672 4246 1736 4286; x_wconf 79' lang='lat' dir='ltr'>ex</span> <span class='ocrx_word' id='word_1_192' title='bbox 1763 4229 1951 4285; x_wconf 86' lang='lat' dir='ltr'>decem</span> <span class='ocrx_word' id='word_1_193' title='bbox 1979 4238 2060 4284; x_wconf 88' lang='lat' dir='ltr'>ta-</span> 
     </span>
    </p>
   </div>
   <div class='ocr_carea' id='block_1_33' title="bbox 480 4322 2059 4377">
    <p class='ocr_par' dir='ltr' id='par_1_33' title="bbox 480 4322 2059 4377">
     <span class='ocr_line' id='line_1_34' title="bbox 480 4322 2059 4377; baseline 0.001 -1"><span class='ocrx_word' id='word_1_194' title='bbox 480 4324 643 4377; x_wconf 88' lang='lat' dir='ltr'>lentis</span> <span class='ocrx_word' id='word_1_195' title='bbox 682 4322 788 4377; x_wconf 85' lang='lat' dir='ltr'>sibi</span> <span class='ocrx_word' id='word_1_196' title='bbox 838 4322 1153 4377; x_wconf 89' lang='lat' dir='ltr'>commissis</span> <span class='ocrx_word' id='word_1_197' title='bbox 1199 4338 1368 4376; x_wconf 88' lang='lat' dir='ltr'>unum</span> <span class='ocrx_word' id='word_1_198' title='bbox 1408 4330 1504 4376; x_wconf 84' lang='lat' dir='ltr'>aut</span> <span class='ocrx_word' id='word_1_199' title='bbox 1546 4322 1778 4376; x_wconf 87' lang='lat' dir='ltr'>alterum</span> <span class='ocrx_word' id='word_1_200' title='bbox 1812 4322 2059 4377; x_wconf 86' lang='lat' dir='ltr'>retinue-</span> 
     </span>
    </p>
   </div>
   <div class='ocr_carea' id='block_1_34' title="bbox 478 4413 2058 4483">
    <p class='ocr_par' dir='ltr' id='par_1_34' title="bbox 478 4413 2058 4483">
     <span class='ocr_line' id='line_1_35' title="bbox 478 4413 2058 4483; baseline -0.001 -15"><span class='ocrx_word' id='word_1_201' title='bbox 478 4415 572 4480; x_wconf 86' lang='lat' dir='ltr'>rit,</span> <span class='ocrx_word' id='word_1_202' title='bbox 610 4413 822 4483; x_wconf 88' lang='lat' dir='ltr'>reliqua</span> <span class='ocrx_word' id='word_1_203' title='bbox 855 4429 985 4468; x_wconf 88' lang='lat' dir='ltr'>vero</span> <span class='ocrx_word' id='word_1_204' title='bbox 1025 4413 1349 4477; x_wconf 82' lang='lat' dir='ltr'>reddiderit,</span> <span class='ocrx_word' id='word_1_205' title='bbox 1385 4429 1491 4467; x_wconf 89' lang='lat' dir='ltr'>non</span> <span class='ocrx_word' id='word_1_206' title='bbox 1531 4413 1763 4483; x_wconf 90' lang='lat' dir='ltr'>probum</span> <span class='ocrx_word' id='word_1_207' title='bbox 1801 4413 1873 4467; x_wconf 88' lang='lat' dir='ltr'>ob</span> <span class='ocrx_word' id='word_1_208' title='bbox 1901 4413 2058 4482; x_wconf 85' lang='lat' dir='ltr'>plura</span> 
     </span>
    </p>
   </div>
   <div class='ocr_carea' id='block_1_35' title="bbox 477 4498 2059 4577">
    <p class='ocr_par' dir='ltr' id='par_1_35' title="bbox 477 4498 2059 4577">
     <span class='ocr_line' id='line_1_36' title="bbox 477 4498 2059 4577; baseline -0.001 -18"><span class='ocrx_word' id='word_1_209' title='bbox 477 4498 756 4576; x_wconf 77' lang='lat' dir='ltr'>persoluta</span> <span class='ocrx_word' id='word_1_210' title='bbox 794 4506 1037 4577; x_wconf 77' lang='lat' dir='ltr'>agnosci,</span> <span class='ocrx_word' id='word_1_211' title='bbox 1085 4505 1180 4562; x_wconf 89' lang='lat' dir='ltr'>sed</span> <span class='ocrx_word' id='word_1_212' title='bbox 1231 4505 1543 4576; x_wconf 87' lang='lat' dir='ltr'>improbum</span> <span class='ocrx_word' id='word_1_213' title='bbox 1585 4514 1641 4560; x_wconf 88' lang='lat' dir='ltr'>et</span> <span class='ocrx_word' id='word_1_214' title='bbox 1685 4520 1939 4575; x_wconf 87' lang='lat' dir='ltr'>rapacem</span> <span class='ocrx_word' id='word_1_215' title='bbox 1987 4505 2059 4559; x_wconf 92' lang='lat' dir='ltr'>ob</span> 
     </span>
    </p>
   </div>
   <div class='ocr_carea' id='block_1_36' title="bbox 478 4597 2061 4670">
    <p class='ocr_par' dir='ltr' id='par_1_36' title="bbox 478 4597 2061 4670">
     <span class='ocr_line' id='line_1_37' title="bbox 478 4597 2061 4670; baseline -0.002 -17"><span class='ocrx_word' id='word_1_216' title='bbox 478 4614 777 4669; x_wconf 86' lang='lat' dir='ltr'>paucorum</span> <span class='ocrx_word' id='word_1_217' title='bbox 811 4599 1175 4669; x_wconf 88' lang='lat' dir='ltr'>direptionem</span> <span class='ocrx_word' id='word_1_218' title='bbox 1219 4599 1395 4670; x_wconf 79' lang='lat' dir='ltr'>argui.</span> <span class='ocrx_word' id='word_1_219' title='bbox 1427 4599 1568 4664; x_wconf 85' lang='lat' dir='ltr'>Quid</span> <span class='ocrx_word' id='word_1_220' title='bbox 1598 4606 1779 4652; x_wconf 86' lang='lat' dir='ltr'>autem</span> <span class='ocrx_word' id='word_1_221' title='bbox 1824 4598 1948 4652; x_wconf 90' lang='lat' dir='ltr'>dico</span> <span class='ocrx_word' id='word_1_222' title='bbox 1975 4597 2061 4651; x_wconf 82' lang='lat' dir='ltr'>di-</span> 
     </span>
    </p>
   </div>
   <div class='ocr_carea' id='block_1_37' title="bbox 477 4687 2059 4760">
    <p class='ocr_par' dir='ltr' id='par_1_37' title="bbox 477 4687 2059 4760">
     <span class='ocr_line' id='line_1_38' title="bbox 477 4687 2059 4760; baseline 0.001 -18"><span class='ocrx_word' id='word_1_223' title='bbox 477 4689 815 4757; x_wconf 85' lang='lat' dir='ltr'>reptionem?</span> <span class='ocrx_word' id='word_1_224' title='bbox 838 4690 1278 4760; x_wconf 85' lang='lat' dir='ltr'>quandoquidem</span> <span class='ocrx_word' id='word_1_225' title='bbox 1321 4691 1368 4746; x_wconf 91' lang='lat' dir='ltr'>is</span> <span class='ocrx_word' id='word_1_226' title='bbox 1403 4690 1494 4744; x_wconf 89' lang='lat' dir='ltr'>cui</span> <span class='ocrx_word' id='word_1_227' title='bbox 1532 4688 1910 4744; x_wconf 83' lang='lat' dir='ltr'>concreditum</span> <span class='ocrx_word' id='word_1_228' title='bbox 1939 4687 2059 4743; x_wconf 85' lang='lat' dir='ltr'>fue-</span> 
     </span>
    </p>
   </div>
   <div class='ocr_carea' id='block_1_38' title="bbox 477 4780 2055 4852">
    <p class='ocr_par' dir='ltr' id='par_1_38' title="bbox 477 4780 2055 4852">
     <span class='ocr_line' id='line_1_39' title="bbox 477 4780 2055 4852; baseline 0 -18"><span class='ocrx_word' id='word_1_229' title='bbox 477 4790 564 4835; x_wconf 87' lang='lat' dir='ltr'>rat</span> <span class='ocrx_word' id='word_1_230' title='bbox 598 4782 859 4836; x_wconf 90' lang='lat' dir='ltr'>talentum</span> <span class='ocrx_word' id='word_1_231' title='bbox 904 4796 1096 4847; x_wconf 91' lang='lat' dir='ltr'>unum,</span> <span class='ocrx_word' id='word_1_232' title='bbox 1141 4796 1205 4836; x_wconf 88' lang='lat' dir='ltr'>ac</span> <span class='ocrx_word' id='word_1_233' title='bbox 1237 4781 1434 4837; x_wconf 92' lang='lat' dir='ltr'>deinde</span> <span class='ocrx_word' id='word_1_234' title='bbox 1464 4782 1518 4836; x_wconf 90' lang='lat' dir='ltr'>id</span> <span class='ocrx_word' id='word_1_235' title='bbox 1547 4780 1696 4852; x_wconf 85' lang='lat' dir='ltr'>quod</span> <span class='ocrx_word' id='word_1_236' title='bbox 1742 4788 2055 4851; x_wconf 88' lang='lat' dir='ltr'>acceperat,</span> 
     </span>
    </p>
   </div>
   <div class='ocr_carea' id='block_1_39' title="bbox 478 4871 2059 4943">
    <p class='ocr_par' dir='ltr' id='par_1_39' title="bbox 478 4871 2059 4943">
     <span class='ocr_line' id='line_1_40' title="bbox 478 4871 2059 4943; baseline -0.001 -17"><span class='ocrx_word' id='word_1_237' title='bbox 478 4873 751 4942; x_wconf 78' lang='lat' dir='ltr'>integrum</span> <span class='ocrx_word' id='word_1_238' title='bbox 805 4885 867 4927; x_wconf 84' lang='lat' dir='ltr'>ac</span> <span class='ocrx_word' id='word_1_239' title='bbox 930 4873 1197 4927; x_wconf 90' lang='lat' dir='ltr'>intactum</span> <span class='ocrx_word' id='word_1_240' title='bbox 1246 4871 1509 4937; x_wconf 85' lang='lat' dir='ltr'>reddidit,</span> <span class='ocrx_word' id='word_1_241' title='bbox 1562 4879 1854 4943; x_wconf 86' lang='lat' dir='ltr'>propterea</span> <span class='ocrx_word' id='word_1_242' title='bbox 1912 4872 2059 4941; x_wconf 82' lang='lat' dir='ltr'>quod</span> 
     </span>
    </p>
   </div>
   <div class='ocr_carea' id='block_1_40' title="bbox 480 4961 2062 5027">
    <p class='ocr_par' dir='ltr' id='par_1_40' title="bbox 480 4961 2062 5027">
     <span class='ocr_line' id='line_1_41' title="bbox 480 4961 2062 5027; baseline -0.001 -11"><span class='ocrx_word' id='word_1_243' title='bbox 480 4962 741 5017; x_wconf 85' lang='lat' dir='ltr'>traditum</span> <span class='ocrx_word' id='word_1_244' title='bbox 771 4964 1034 5019; x_wconf 88' lang='lat' dir='ltr'>talentum</span> <span class='ocrx_word' id='word_1_245' title='bbox 1078 4962 1266 5020; x_wconf 79' lang='lat' dir='ltr'>fenore</span> <span class='ocrx_word' id='word_1_246' title='bbox 1314 4978 1423 5019; x_wconf 90' lang='lat' dir='ltr'>non</span> <span class='ocrx_word' id='word_1_247' title='bbox 1462 4965 1696 5027; x_wconf 79' lang='lat' dir='ltr'>auxerit,</span> <span class='ocrx_word' id='word_1_248' title='bbox 1727 4961 2062 5017; x_wconf 87' lang='lat' dir='ltr'>condemna-</span> 
     </span>
    </p>
   </div>
   <div class='ocr_carea' id='block_1_41' title="bbox 481 5054 2060 5127">
    <p class='ocr_par' dir='ltr' id='par_1_41' title="bbox 481 5054 2060 5127">
     <span class='ocr_line' id='line_1_42' title="bbox 481 5054 2060 5127; baseline -0.001 -20"><span class='ocrx_word' id='word_1_249' title='bbox 481 5055 614 5108; x_wconf 69' lang='lat' dir='ltr'>tur‘</span> <span class='ocrx_word' id='word_1_250' title='bbox 642 5074 656 5110; x_wconf 85' lang='lat'><strong>:</strong></span> <span class='ocrx_word' id='word_1_251' title='bbox 689 5066 744 5111; x_wconf 90' lang='lat' dir='ltr'>et</span> <span class='ocrx_word' id='word_1_252' title='bbox 770 5056 864 5125; x_wconf 88' lang='lat' dir='ltr'>qui</span> <span class='ocrx_word' id='word_1_253' title='bbox 904 5070 1002 5125; x_wconf 89' lang='lat' dir='ltr'>per</span> <span class='ocrx_word' id='word_1_254' title='bbox 1032 5055 1356 5111; x_wconf 87' lang='lat' dir='ltr'>decennium</span> <span class='ocrx_word' id='word_1_255' title='bbox 1402 5064 1614 5127; x_wconf 86' lang='lat' dir='ltr'>patrem</span> <span class='ocrx_word' id='word_1_256' title='bbox 1656 5054 1965 5117; x_wconf 78' lang='lat' dir='ltr'>honoravit,</span> <span class='ocrx_word' id='word_1_257' title='bbox 2004 5059 2060 5107; x_wconf 93' lang='lat' dir='ltr'>et</span> 
     </span>
    </p>
   </div>
   <div class='ocr_carea' id='block_1_42' title="bbox 482 5145 2059 5216">
    <p class='ocr_par' dir='ltr' id='par_1_42' title="bbox 482 5145 2059 5216">
     <span class='ocr_line' id='line_1_43' title="bbox 482 5145 2059 5216; baseline -0.001 -16"><span class='ocrx_word' id='word_1_258' title='bbox 482 5154 667 5215; x_wconf 87' lang='lat' dir='ltr'>postea</span> <span class='ocrx_word' id='word_1_259' title='bbox 697 5162 861 5201; x_wconf 88' lang='lat' dir='ltr'>unam</span> <span class='ocrx_word' id='word_1_260' title='bbox 890 5147 1156 5201; x_wconf 83' lang='lat' dir='ltr'>duntaxat</span> <span class='ocrx_word' id='word_1_261' title='bbox 1183 5147 1396 5216; x_wconf 81' lang='lat' dir='ltr'>plagam</span> <span class='ocrx_word' id='word_1_262' title='bbox 1421 5147 1674 5211; x_wconf 86' lang='lat' dir='ltr'>incussit,</span> <span class='ocrx_word' id='word_1_263' title='bbox 1709 5161 1816 5199; x_wconf 88' lang='lat' dir='ltr'>non</span> <span class='ocrx_word' id='word_1_264' title='bbox 1848 5152 1909 5199; x_wconf 92' lang='lat' dir='ltr'>ut</span> <span class='ocrx_word' id='word_1_265' title='bbox 1935 5145 2059 5214; x_wconf 91' lang='lat' dir='ltr'>pius</span> 
     </span>
    </p>
   </div>
   <div class='ocr_carea' id='block_1_43' title="bbox 478 5236 2060 5303">
    <p class='ocr_par' dir='ltr' id='par_1_43' title="bbox 478 5236 2060 5303">
     <span class='ocr_line' id='line_1_44' title="bbox 478 5236 2060 5303; baseline -0.001 -10"><span class='ocrx_word' id='word_1_266' title='bbox 478 5246 533 5293; x_wconf 90' lang='lat' dir='ltr'>et</span> <span class='ocrx_word' id='word_1_267' title='bbox 563 5238 840 5294; x_wconf 84' lang='lat' dir='ltr'>beneﬁcus</span> <span class='ocrx_word' id='word_1_268' title='bbox 871 5239 1080 5294; x_wconf 90' lang='lat' dir='ltr'>honore</span> <span class='ocrx_word' id='word_1_269' title='bbox 1111 5238 1367 5303; x_wconf 71' lang='lat' dir='ltr'>adicitur,</span> <span class='ocrx_word' id='word_1_270' title='bbox 1400 5237 1495 5294; x_wconf 87' lang='lat' dir='ltr'>sed</span> <span class='ocrx_word' id='word_1_271' title='bbox 1533 5246 1595 5292; x_wconf 92' lang='lat' dir='ltr'>ut</span> <span class='ocrx_word' id='word_1_272' title='bbox 1630 5236 1900 5293; x_wconf 73' lang='lat' dir='ltr'>parricida</span> <span class='ocrx_word' id='word_1_273' title='bbox 1928 5250 2060 5291; x_wconf 89' lang='lat' dir='ltr'>con-</span> 
     </span>
    </p>
   </div>
   <div class='ocr_carea' id='block_1_44' title="bbox 2065 2551 2117 2607">
    <p class='ocr_par' dir='ltr' id='par_1_44' title="bbox 2065 2551 2117 2607">
     <span class='ocr_line' id='line_1_45' title="bbox 2065 2551 2117 2607; baseline 0 0"><span class='ocrx_word' id='word_1_274' title='bbox 2065 2551 2117 2607; x_wconf 81' lang='grc' dir='ltr'><strong>Α</strong></span> 
     </span>
    </p>
   </div>
   <div class='ocr_carea' id='block_1_45' title="bbox 2420 2544 3455 2600">
    <p class='ocr_par' dir='ltr' id='par_1_45' title="bbox 2420 2544 3455 2600">
     <span class='ocr_line' id='line_1_46' title="bbox 2420 2544 3455 2600; baseline 0.001 -3"><span class='ocrx_word' id='word_1_275' title='bbox 2420 2546 2603 2599; x_wconf 83' lang='grc' dir='ltr'><em>ΠΕΡΙ</em></span> <span class='ocrx_word' id='word_1_276' title='bbox 2651 2544 2939 2598; x_wconf 79' lang='grc' dir='ltr'>ΑΡΕΤΗΣ</span> <span class='ocrx_word' id='word_1_277' title='bbox 2986 2547 3116 2600; x_wconf 82' lang='lat' dir='ltr'>KAI</span> <span class='ocrx_word' id='word_1_278' title='bbox 3162 2547 3455 2600; x_wconf 79' lang='grc' dir='ltr'>ΚΑΚΙΑΣ.</span> 
     </span>
    </p>
   </div>
   <div class='ocr_carea' id='block_1_46' title="bbox 2771 2658 3102 2713">
    <p class='ocr_par' dir='ltr' id='par_1_46' title="bbox 2771 2658 3102 2713">
     <span class='ocr_line' id='line_1_47' title="bbox 2771 2658 3102 2713; baseline -0.003 0"><span class='ocrx_word' id='word_1_279' title='bbox 2771 2658 2989 2713; x_wconf 82' lang='grc' dir='ltr'><strong>ΛΟΓΟΣ</strong></span> <span class='ocrx_word' id='word_1_280' title='bbox 3022 2660 3102 2712; x_wconf 81' lang='lat' dir='ltr'>A&#39;.</span> 
     </span>
    </p>
   </div>
   <div class='ocr_carea' id='block_1_47' title="bbox 2221 2768 3732 2841">
    <p class='ocr_par' dir='ltr' id='par_1_47' title="bbox 2221 2768 3732 2841">
     <span class='ocr_line' id='line_1_48' title="bbox 2221 2768 3732 2841; baseline 0 -17"><span class='ocrx_word' id='word_1_281' title='bbox 2221 2771 2271 2824; x_wconf 80' lang='grc' dir='ltr'><strong>Ι.</strong></span> <span class='ocrx_word' id='word_1_282' title='bbox 2321 2770 2379 2823; x_wconf 85' lang='lat'>&#39;0</span> <span class='ocrx_word' id='word_1_283' title='bbox 2411 2768 2509 2840; x_wconf 82' lang='grc' dir='ltr'>μὲν</span> <span class='ocrx_word' id='word_1_284' title='bbox 2534 2768 2739 2840; x_wconf 85' lang='grc' dir='ltr'><em>Κύριος</em></span> <span class='ocrx_word' id='word_1_285' title='bbox 2759 2768 2918 2841; x_wconf 86' lang='grc' dir='ltr'><em>ἡμῶν</em></span> <span class='ocrx_word' id='word_1_286' title='bbox 2955 2769 3163 2840; x_wconf 82' lang='grc' dir='ltr'><em>Ἰησοῦς</em></span> <span class='ocrx_word' id='word_1_287' title='bbox 3188 2769 3423 2840; x_wconf 78' lang='grc' dir='ltr'><em>Χριστὸς</em></span> <span class='ocrx_word' id='word_1_288' title='bbox 3454 2774 3569 2833; x_wconf 78' lang='grc' dir='ltr'><em>τοῖς</em></span> <span class='ocrx_word' id='word_1_289' title='bbox 3597 2773 3732 2824; x_wconf 84' lang='grc' dir='ltr'><em>ἀπο-</em></span> 
     </span>
    </p>
   </div>
   <div class='ocr_carea' id='block_1_48' title="bbox 2150 2861 3735 2932">
    <p class='ocr_par' dir='ltr' id='par_1_48' title="bbox 2150 2861 3735 2932">
     <span class='ocr_line' id='line_1_49' title="bbox 2150 2861 3735 2932; baseline -0.001 -16"><span class='ocrx_word' id='word_1_290' title='bbox 2150 2862 2373 2927; x_wconf 80' lang='grc' dir='ltr'>στόλοις,</span> <span class='ocrx_word' id='word_1_291' title='bbox 2412 2862 2830 2929; x_wconf 82' lang='grc' dir='ltr'>Πορευθέντες,</span> <span class='ocrx_word' id='word_1_292' title='bbox 2870 2861 3023 2932; x_wconf 80' lang='grc' dir='ltr'><em>φησὶ,</em></span> <span class='ocrx_word' id='word_1_293' title='bbox 3055 2861 3473 2930; x_wconf 83' lang='grc' dir='ltr'>μαθητεύσατε</span> <span class='ocrx_word' id='word_1_294' title='bbox 3533 2862 3735 2915; x_wconf 70' lang='grc' dir='ltr'><em>πάντα</em></span> 
     </span>
    </p>
   </div>
   <div class='ocr_carea' id='block_1_49' title="bbox 2147 2952 3729 3024">
    <p class='ocr_par' dir='ltr' id='par_1_49' title="bbox 2147 2952 3729 3024">
     <span class='ocr_line' id='line_1_50' title="bbox 2147 2952 3729 3024; baseline -0.004 -14"><span class='ocrx_word' id='word_1_295' title='bbox 2147 2957 2220 3010; x_wconf 84' lang='grc' dir='ltr'><em>τὰ</em></span> <span class='ocrx_word' id='word_1_296' title='bbox 2240 2955 2406 3024; x_wconf 75' lang='grc' dir='ltr'><em>ἔθνη,</em></span> <span class='ocrx_word' id='word_1_297' title='bbox 2440 2953 2832 3019; x_wconf 79' lang='grc' dir='ltr'><em>διδάσκοντες</em></span> <span class='ocrx_word' id='word_1_298' title='bbox 2858 2952 3103 3018; x_wconf 83' lang='grc' dir='ltr'><em>αὐτοὺς,</em></span> <span class='ocrx_word' id='word_1_299' title='bbox 3128 2952 3249 3021; x_wconf 71' lang='grc' dir='ltr'>οὐχὶ</span> <span class='ocrx_word' id='word_1_300' title='bbox 3275 2952 3344 3005; x_wconf 82' lang='grc' dir='ltr'>τά</span> <span class='ocrx_word' id='word_1_301' title='bbox 3381 2953 3480 3022; x_wconf 78' lang='grc' dir='ltr'><em>μὲν</em></span> <span class='ocrx_word' id='word_1_302' title='bbox 3520 2957 3729 3024; x_wconf 76' lang='grc' dir='ltr'><em>τηρεῖν,</em></span> 
     </span>
    </p>
   </div>
   <div class='ocr_carea' id='block_1_50' title="bbox 2147 3041 3729 3116">
    <p class='ocr_par' dir='ltr' id='par_1_50' title="bbox 2147 3041 3729 3116">
     <span class='ocr_line' id='line_1_51' title="bbox 2147 3041 3729 3116; baseline -0.003 -14"><span class='ocrx_word' id='word_1_303' title='bbox 2147 3049 2257 3102; x_wconf 85' lang='grc' dir='ltr'>τῶν</span> <span class='ocrx_word' id='word_1_304' title='bbox 2281 3047 2338 3100; x_wconf 86' lang='grc' dir='ltr'><em>δὲ</em></span> <span class='ocrx_word' id='word_1_305' title='bbox 2360 3044 2601 3116; x_wconf 82' lang='grc' dir='ltr'>ἀμελεῖν,</span> <span class='ocrx_word' id='word_1_306' title='bbox 2627 3044 2763 3097; x_wconf 85' lang='grc' dir='ltr'><em>ἀλλὰ</em></span> <span class='ocrx_word' id='word_1_307' title='bbox 2790 3042 2988 3112; x_wconf 80' lang='grc' dir='ltr'>τηρεῖν</span> <span class='ocrx_word' id='word_1_308' title='bbox 3033 3041 3231 3097; x_wconf 80' lang='grc' dir='ltr'><em>πάντα</em></span> <span class='ocrx_word' id='word_1_309' title='bbox 3272 3043 3390 3096; x_wconf 80' lang='grc' dir='ltr'><em>ὅσα</em></span> <span class='ocrx_word' id='word_1_310' title='bbox 3430 3042 3729 3098; x_wconf 64' lang='grc' dir='ltr'><em>ἐνετειλά-</em></span> 
     </span>
    </p>
   </div>
   <div class='ocr_carea' id='block_1_51' title="bbox 2143 3135 3731 3211">
    <p class='ocr_par' dir='ltr' id='par_1_51' title="bbox 2143 3135 3731 3211">
     <span class='ocr_line' id='line_1_52' title="bbox 2143 3135 3731 3211; baseline -0.004 -17"><span class='ocrx_word' id='word_1_311' title='bbox 2143 3157 2269 3211; x_wconf 76' lang='grc' dir='ltr'>μην</span> <span class='ocrx_word' id='word_1_312' title='bbox 2299 3137 2462 3208; x_wconf 81' lang='grc' dir='ltr'><em>ὑμῖν,</em></span> <span class='ocrx_word' id='word_1_313' title='bbox 2494 3136 2740 3191; x_wconf 81' lang='grc' dir='ltr'>τουτέστι</span> <span class='ocrx_word' id='word_1_314' title='bbox 2796 3136 2930 3207; x_wconf 76' lang='grc' dir='ltr'><em>μηδὲ</em></span> <span class='ocrx_word' id='word_1_315' title='bbox 2975 3135 3170 3206; x_wconf 87' lang='grc' dir='ltr'><em>μικρόν</em></span> <span class='ocrx_word' id='word_1_316' title='bbox 3214 3153 3265 3188; x_wconf 91' lang='grc' dir='ltr'>τι</span> <span class='ocrx_word' id='word_1_317' title='bbox 3316 3138 3577 3206; x_wconf 81' lang='grc' dir='ltr'><em>παρεῖναι</em></span> <span class='ocrx_word' id='word_1_318' title='bbox 3627 3135 3731 3187; x_wconf 84' lang='grc' dir='ltr'>τῶν</span> 
     </span>
    </p>
   </div>
   <div class='ocr_carea' id='block_1_52' title="bbox 2149 3225 3733 3299">
    <p class='ocr_par' dir='ltr' id='par_1_52' title="bbox 2149 3225 3733 3299">
     <span class='ocr_line' id='line_1_53' title="bbox 2149 3225 3733 3299; baseline -0.003 -16"><span class='ocrx_word' id='word_1_319' title='bbox 2149 3229 2607 3299; x_wconf 72' lang='grc' dir='ltr'>διατεταγμένων.</span> <span class='ocrx_word' id='word_1_320' title='bbox 2633 3229 2697 3281; x_wconf 81' lang='grc' dir='ltr'><strong>Εἰ</strong></span> <span class='ocrx_word' id='word_1_321' title='bbox 2728 3227 2836 3298; x_wconf 86' lang='grc' dir='ltr'><em>γὰρ</em></span> <span class='ocrx_word' id='word_1_322' title='bbox 2864 3225 2939 3297; x_wconf 84' lang='grc' dir='ltr'><em>μὴ</em></span> <span class='ocrx_word' id='word_1_323' title='bbox 2971 3225 3147 3280; x_wconf 88' lang='grc' dir='ltr'><em>πάντα</em></span> <span class='ocrx_word' id='word_1_324' title='bbox 3181 3228 3314 3296; x_wconf 85' lang='grc' dir='ltr'>ἡμῖν</span> <span class='ocrx_word' id='word_1_325' title='bbox 3349 3225 3479 3296; x_wconf 80' lang='grc' dir='ltr'><em>τρδς</em></span> <span class='ocrx_word' id='word_1_326' title='bbox 3518 3226 3610 3279; x_wconf 82' lang='grc' dir='ltr'>τὸν</span> <span class='ocrx_word' id='word_1_327' title='bbox 3635 3226 3733 3296; x_wconf 74' lang='grc' dir='ltr'><em>τῆς</em></span> 
     </span>
    </p>
   </div>
   <div class='ocr_carea' id='block_1_53' title="bbox 2154 3313 3731 3393">
    <p class='ocr_par' dir='ltr' id='par_1_53' title="bbox 2154 3313 3731 3393">
     <span class='ocr_line' id='line_1_54' title="bbox 2154 3313 3731 3393; baseline -0.003 -18"><span class='ocrx_word' id='word_1_328' title='bbox 2154 3321 2422 3393; x_wconf 82' lang='grc' dir='ltr'>σωτηρίας</span> <span class='ocrx_word' id='word_1_329' title='bbox 2461 3320 2663 3374; x_wconf 79' lang='grc' dir='ltr'><em>σκοπὸν</em></span> <span class='ocrx_word' id='word_1_330' title='bbox 2723 3320 2996 3388; x_wconf 85' lang='grc' dir='ltr'><em>ἀναγκαῖα</em></span> <span class='ocrx_word' id='word_1_331' title='bbox 3039 3313 3130 3388; x_wconf 80' lang='grc' dir='ltr'><em>ἦν,</em></span> <span class='ocrx_word' id='word_1_332' title='bbox 3172 3316 3287 3371; x_wconf 70' lang='grc' dir='ltr'><em>οὔτ’</em></span> <span class='ocrx_word' id='word_1_333' title='bbox 3315 3317 3383 3371; x_wconf 80' lang='grc' dir='ltr'>ἂν</span> <span class='ocrx_word' id='word_1_334' title='bbox 3408 3317 3731 3390; x_wconf 71' lang='grc' dir='ltr'>ἐγράφησαν</span> 
     </span>
    </p>
   </div>
   <div class='ocr_carea' id='block_1_54' title="bbox 2153 3408 3730 3480">
    <p class='ocr_par' dir='ltr' id='par_1_54' title="bbox 2153 3408 3730 3480">
     <span class='ocr_line' id='line_1_55' title="bbox 2153 3408 3730 3480; baseline -0.003 -14"><span class='ocrx_word' id='word_1_335' title='bbox 2153 3414 2324 3466; x_wconf 72' lang='grc' dir='ltr'><em>πᾶσαι</em></span> <span class='ocrx_word' id='word_1_336' title='bbox 2353 3413 2409 3465; x_wconf 86' lang='grc' dir='ltr'><em>αἱ</em></span> <span class='ocrx_word' id='word_1_337' title='bbox 2443 3411 2674 3478; x_wconf 77' lang='grc' dir='ltr'><em>ἐντολαὶ,</em></span> <span class='ocrx_word' id='word_1_338' title='bbox 2710 3409 2823 3465; x_wconf 78' lang='grc' dir='ltr'><em>οὔτ’</em></span> <span class='ocrx_word' id='word_1_339' title='bbox 2866 3409 2932 3463; x_wconf 81' lang='grc' dir='ltr'>ἂν</span> <span class='ocrx_word' id='word_1_340' title='bbox 2973 3409 3151 3474; x_wconf 85' lang='grc' dir='ltr'><em>πάσας</em></span> <span class='ocrx_word' id='word_1_341' title='bbox 3181 3408 3525 3480; x_wconf 83' lang='grc' dir='ltr'><em>φυλαχθῆναι</em></span> <span class='ocrx_word' id='word_1_342' title='bbox 3554 3409 3730 3479; x_wconf 84' lang='grc' dir='ltr'><em>διηγο-</em></span> 
     </span>
    </p>
   </div>
   <div class='ocr_carea' id='block_1_55' title="bbox 2156 3500 3729 3577">
    <p class='ocr_par' dir='ltr' id='par_1_55' title="bbox 2156 3500 3729 3577">
     <span class='ocr_line' id='line_1_56' title="bbox 2156 3500 3729 3577; baseline -0.003 -19"><span class='ocrx_word' id='word_1_343' title='bbox 2156 3505 2342 3577; x_wconf 83' lang='grc' dir='ltr'><em>ρεύθη.</em></span> <span class='ocrx_word' id='word_1_344' title='bbox 2385 3507 2573 3575; x_wconf 82' lang='grc' dir='ltr'>Ἡμεῖς</span> <span class='ocrx_word' id='word_1_345' title='bbox 2604 3504 2660 3558; x_wconf 84' lang='grc' dir='ltr'><em>δὲ</em></span> <span class='ocrx_word' id='word_1_346' title='bbox 2694 3502 2821 3575; x_wconf 87' lang='grc' dir='ltr'><em>μίαν</em></span> <span class='ocrx_word' id='word_1_347' title='bbox 2848 3519 2951 3556; x_wconf 79' lang='grc' dir='ltr'><em>που</em></span> <span class='ocrx_word' id='word_1_348' title='bbox 2979 3501 3087 3556; x_wconf 85' lang='grc' dir='ltr'>τῶν</span> <span class='ocrx_word' id='word_1_349' title='bbox 3112 3500 3344 3555; x_wconf 80' lang='grc' dir='ltr'>ἐντολῶν</span> <span class='ocrx_word' id='word_1_350' title='bbox 3372 3502 3729 3573; x_wconf 75' lang='grc' dir='ltr'>πεποιηκέναι</span> 
     </span>
    </p>
   </div>
   <div class='ocr_carea' id='block_1_56' title="bbox 2152 3593 3725 3669">
    <p class='ocr_par' dir='ltr' id='par_1_56' title="bbox 2152 3593 3725 3669">
     <span class='ocr_line' id='line_1_57' title="bbox 2152 3593 3725 3669; baseline -0.006 -17"><span class='ocrx_word' id='word_1_351' title='bbox 2152 3599 2471 3669; x_wconf 83' lang='grc' dir='ltr'><em>νομίσαντες</em></span> <span class='ocrx_word' id='word_1_352' title='bbox 2496 3598 2579 3668; x_wconf 81' lang='grc' dir='ltr'>(οὐ</span> <span class='ocrx_word' id='word_1_353' title='bbox 2602 3596 2712 3668; x_wconf 79' lang='grc' dir='ltr'><em>γὰρ</em></span> <span class='ocrx_word' id='word_1_354' title='bbox 2747 3595 2813 3649; x_wconf 85' lang='grc' dir='ltr'>ἂν</span> <span class='ocrx_word' id='word_1_355' title='bbox 2847 3593 3011 3666; x_wconf 75' lang='grc' dir='ltr'><em>φαίην</em></span> <span class='ocrx_word' id='word_1_356' title='bbox 3038 3594 3122 3647; x_wconf 82' lang='grc' dir='ltr'><em>ὅτι</em></span> <span class='ocrx_word' id='word_1_357' title='bbox 3164 3596 3496 3666; x_wconf 80' lang='grc' dir='ltr'>ποιήσαντες</span> <span class='ocrx_word' id='word_1_358' title='bbox 3517 3612 3533 3625; x_wconf 92' lang='grc'><strong>·</strong></span> <span class='ocrx_word' id='word_1_359' title='bbox 3567 3596 3725 3648; x_wconf 79' lang='grc' dir='ltr'><em>πᾶσαι</em></span> 
     </span>
    </p>
   </div>
   <div class='ocr_carea' id='block_1_57' title="bbox 2153 3686 3728 3763">
    <p class='ocr_par' dir='ltr' id='par_1_57' title="bbox 2153 3686 3728 3763">
     <span class='ocr_line' id='line_1_58' title="bbox 2153 3686 3728 3763; baseline -0.003 -18"><span class='ocrx_word' id='word_1_360' title='bbox 2153 3693 2262 3763; x_wconf 78' lang='grc' dir='ltr'><em>γὰρ</em></span> <span class='ocrx_word' id='word_1_361' title='bbox 2290 3690 2532 3762; x_wconf 87' lang='grc' dir='ltr'><em>ἀλλήλων</em></span> <span class='ocrx_word' id='word_1_362' title='bbox 2560 3688 2797 3760; x_wconf 81' lang='grc' dir='ltr'><em>ἔχονται,</em></span> <span class='ocrx_word' id='word_1_363' title='bbox 2836 3686 2979 3741; x_wconf 86' lang='grc' dir='ltr'>κατά</span> <span class='ocrx_word' id='word_1_364' title='bbox 3006 3687 3098 3740; x_wconf 84' lang='grc' dir='ltr'><em>τὸν</em></span> <span class='ocrx_word' id='word_1_365' title='bbox 3131 3686 3258 3757; x_wconf 80' lang='grc' dir='ltr'>ὑγιῆ</span> <span class='ocrx_word' id='word_1_366' title='bbox 3288 3686 3385 3739; x_wconf 80' lang='grc' dir='ltr'><em>τοῦ</em></span> <span class='ocrx_word' id='word_1_367' title='bbox 3419 3686 3630 3740; x_wconf 76' lang='grc' dir='ltr'><em>σκοποῦ</em></span> <span class='ocrx_word' id='word_1_368' title='bbox 3656 3687 3728 3755; x_wconf 75' lang='grc' dir='ltr'>(ι)</span> 
     </span>
    </p>
   </div>
   <div class='ocr_carea' id='block_1_58' title="bbox 2153 3775 3730 3848">
    <p class='ocr_par' dir='ltr' id='par_1_58' title="bbox 2153 3775 3730 3848">
     <span class='ocr_line' id='line_1_59' title="bbox 2153 3775 3730 3848; baseline -0.001 -17"><span class='ocrx_word' id='word_1_369' title='bbox 2153 3777 2329 3847; x_wconf 86' lang='grc' dir='ltr'><em>λόγον,</em></span> <span class='ocrx_word' id='word_1_370' title='bbox 2362 3777 2436 3841; x_wconf 85' lang='grc' dir='ltr'><em>ὡς</em></span> <span class='ocrx_word' id='word_1_371' title='bbox 2461 3779 2518 3830; x_wconf 83' lang='grc' dir='ltr'>ὲν</span> <span class='ocrx_word' id='word_1_372' title='bbox 2554 3780 2621 3848; x_wconf 77' lang='grc' dir='ltr'><em>τῇ</em></span> <span class='ocrx_word' id='word_1_373' title='bbox 2665 3776 2816 3830; x_wconf 78' lang='grc' dir='ltr'><em>λύσει</em></span> <span class='ocrx_word' id='word_1_374' title='bbox 2856 3776 2956 3846; x_wconf 81' lang='grc' dir='ltr'><em>τῆς</em></span> <span class='ocrx_word' id='word_1_375' title='bbox 2995 3777 3127 3846; x_wconf 83' lang='grc' dir='ltr'><em>μιᾶς</em></span> <span class='ocrx_word' id='word_1_376' title='bbox 3157 3775 3253 3828; x_wconf 82' lang='grc' dir='ltr'><em>καὶ</em></span> <span class='ocrx_word' id='word_1_377' title='bbox 3294 3775 3398 3838; x_wconf 85' lang='grc' dir='ltr'><em>τὰς</em></span> <span class='ocrx_word' id='word_1_378' title='bbox 3442 3775 3641 3841; x_wconf 70' lang='grc' dir='ltr'><em>λοιπὰς</em></span> <span class='ocrx_word' id='word_1_379' title='bbox 3680 3776 3730 3830; x_wconf 78' lang='grc' dir='ltr'>ἐξ</span> 
     </span>
    </p>
   </div>
   <div class='ocr_carea' id='block_1_59' title="bbox 2087 3865 3730 3953">
    <p class='ocr_par' dir='ltr' id='par_1_59' title="bbox 2087 3865 3730 3953">
     <span class='ocr_line' id='line_1_60' title="bbox 2087 3865 3730 3953; baseline -0.004 -30"><span class='ocrx_word' id='word_1_380' title='bbox 2087 3899 2127 3953; x_wconf 75' lang='grc' dir='ltr'>Β</span> <span class='ocrx_word' id='word_1_381' title='bbox 2156 3870 2401 3941; x_wconf 83' lang='grc' dir='ltr'>ἀνάγκης</span> <span class='ocrx_word' id='word_1_382' title='bbox 2439 3867 2955 3937; x_wconf 84' lang='grc' dir='ltr'><em>συγκαταλύεσθαι),</em></span> <span class='ocrx_word' id='word_1_383' title='bbox 3014 3866 3114 3919; x_wconf 85' lang='grc' dir='ltr'><em>οὐκ</em></span> <span class='ocrx_word' id='word_1_384' title='bbox 3155 3865 3250 3919; x_wconf 76' lang='grc' dir='ltr'>ἐπὶ</span> <span class='ocrx_word' id='word_1_385' title='bbox 3295 3869 3412 3931; x_wconf 85' lang='grc' dir='ltr'><em>τοῖς</em></span> <span class='ocrx_word' id='word_1_386' title='bbox 3445 3869 3730 3939; x_wconf 82' lang='grc' dir='ltr'><em>παρεθείσι</em></span> 
     </span>
    </p>
   </div>
   <div class='ocr_carea' id='block_1_60' title="bbox 2157 3956 3730 4034">
    <p class='ocr_par' dir='ltr' id='par_1_60' title="bbox 2157 3956 3730 4034">
     <span class='ocr_line' id='line_1_61' title="bbox 2157 3956 3730 4034; baseline -0.001 -19"><span class='ocrx_word' id='word_1_387' title='bbox 2157 3962 2256 4033; x_wconf 82' lang='grc' dir='ltr'><em>τὴν</em></span> <span class='ocrx_word' id='word_1_388' title='bbox 2293 3962 2464 4034; x_wconf 80' lang='grc' dir='ltr'><em>ὀργὴν</em></span> <span class='ocrx_word' id='word_1_389' title='bbox 2495 3959 2848 4031; x_wconf 81' lang='grc' dir='ltr'><em>ὲκδεχόμεθα,</em></span> <span class='ocrx_word' id='word_1_390' title='bbox 2892 3957 3007 4012; x_wconf 89' lang='grc' dir='ltr'><em>ἀλλ’</em></span> <span class='ocrx_word' id='word_1_391' title='bbox 3065 3957 3159 4009; x_wconf 77' lang='grc' dir='ltr'>ἐπὶ</span> <span class='ocrx_word' id='word_1_392' title='bbox 3205 3956 3284 4028; x_wconf 86' lang='grc' dir='ltr'><em>τῷ</em></span> <span class='ocrx_word' id='word_1_393' title='bbox 3337 3960 3730 4031; x_wconf 75' lang='grc' dir='ltr'><em>κατορθωθέντο</em></span> 
     </span>
    </p>
   </div>
   <div class='ocr_carea' id='block_1_61' title="bbox 2156 4034 3734 4121">
    <p class='ocr_par' dir='ltr' id='par_1_61' title="bbox 2156 4034 3734 4121">
     <span class='ocr_line' id='line_1_62' title="bbox 2156 4034 3734 4121; baseline 0 -17"><span class='ocrx_word' id='word_1_394' title='bbox 2156 4050 2314 4121; x_wconf 83' lang='grc' dir='ltr'><em>δῆθεν</em></span> <span class='ocrx_word' id='word_1_395' title='bbox 2340 4049 2438 4114; x_wconf 80' lang='grc' dir='ltr'><em>τὰς</em></span> <span class='ocrx_word' id='word_1_396' title='bbox 2462 4050 2629 4120; x_wconf 82' lang='grc' dir='ltr'><em>τιμὰς</em></span> <span class='ocrx_word' id='word_1_397' title='bbox 2658 4034 2998 4120; x_wconf 80' lang='grc' dir='ltr'>ἀναμένομεν</span> <span class='ocrx_word' id='word_1_398' title='bbox 3023 4067 3036 4080; x_wconf 90' lang='grc'><strong>·</strong></span> <span class='ocrx_word' id='word_1_399' title='bbox 3070 4049 3172 4103; x_wconf 82' lang='grc' dir='ltr'><em>οὐκ</em></span> <span class='ocrx_word' id='word_1_400' title='bbox 3208 4048 3433 4114; x_wconf 78' lang='grc' dir='ltr'><em>εἰδότες,</em></span> <span class='ocrx_word' id='word_1_401' title='bbox 3491 4048 3572 4114; x_wconf 82' lang='grc' dir='ltr'><em>ὡς</em></span> <span class='ocrx_word' id='word_1_402' title='bbox 3609 4052 3641 4103; x_wconf 83' lang='grc' dir='ltr'><strong><em>ὁ</em></strong></span> <span class='ocrx_word' id='word_1_403' title='bbox 3675 4052 3734 4104; x_wconf 77' lang='grc' dir='ltr'><em>ἐκ</em></span> 
     </span>
    </p>
   </div>
   <div class='ocr_carea' id='block_1_62' title="bbox 2157 4139 3732 4212">
    <p class='ocr_par' dir='ltr' id='par_1_62' title="bbox 2157 4139 3732 4212">
     <span class='ocr_line' id='line_1_63' title="bbox 2157 4139 3732 4212; baseline 0.001 -18"><span class='ocrx_word' id='word_1_404' title='bbox 2157 4141 2265 4194; x_wconf 86' lang='grc' dir='ltr'>τῶν</span> <span class='ocrx_word' id='word_1_405' title='bbox 2315 4141 2450 4195; x_wconf 87' lang='grc' dir='ltr'><em>δέκα</em></span> <span class='ocrx_word' id='word_1_406' title='bbox 2476 4140 2758 4194; x_wconf 81' lang='grc' dir='ltr'>ταλάντων</span> <span class='ocrx_word' id='word_1_407' title='bbox 2806 4139 2908 4209; x_wconf 84' lang='grc' dir='ltr'><em>τῆς</em></span> <span class='ocrx_word' id='word_1_408' title='bbox 2951 4140 3425 4212; x_wconf 79' lang='grc' dir='ltr'>παρακαταθήκης</span> <span class='ocrx_word' id='word_1_409' title='bbox 3473 4140 3535 4194; x_wconf 78' lang='grc' dir='ltr'>ἕν</span> <span class='ocrx_word' id='word_1_410' title='bbox 3577 4145 3732 4211; x_wconf 79' lang='grc' dir='ltr'><em>πουῆ</em></span> 
     </span>
    </p>
   </div>
   <div class='ocr_carea' id='block_1_63' title="bbox 2157 4229 3735 4302">
    <p class='ocr_par' dir='ltr' id='par_1_63' title="bbox 2157 4229 3735 4302">
     <span class='ocr_line' id='line_1_64' title="bbox 2157 4229 3735 4302; baseline -0.001 -16"><span class='ocrx_word' id='word_1_411' title='bbox 2157 4232 2250 4286; x_wconf 87' lang='grc' dir='ltr'><em>δύο</em></span> <span class='ocrx_word' id='word_1_412' title='bbox 2287 4230 2600 4302; x_wconf 85' lang='grc' dir='ltr'><em>κατασχὼν,</em></span> <span class='ocrx_word' id='word_1_413' title='bbox 2645 4230 2716 4284; x_wconf 87' lang='grc' dir='ltr'><em>τὰ</em></span> <span class='ocrx_word' id='word_1_414' title='bbox 2763 4230 2820 4283; x_wconf 84' lang='grc' dir='ltr'><em>δὲ</em></span> <span class='ocrx_word' id='word_1_415' title='bbox 2865 4229 3026 4283; x_wconf 82' lang='grc' dir='ltr'><em>λοιπά</em></span> <span class='ocrx_word' id='word_1_416' title='bbox 3063 4230 3347 4293; x_wconf 85' lang='grc' dir='ltr'><em>ἀποτίσας,</em></span> <span class='ocrx_word' id='word_1_417' title='bbox 3375 4230 3500 4301; x_wconf 75' lang='grc' dir='ltr'>οὐχὶ</span> <span class='ocrx_word' id='word_1_418' title='bbox 3538 4232 3735 4300; x_wconf 71' lang='grc' dir='ltr'><em>εὐγνώο</em></span> 
     </span>
    </p>
   </div>
   <div class='ocr_carea' id='block_1_64' title="bbox 2165 4321 3731 4396">
    <p class='ocr_par' dir='ltr' id='par_1_64' title="bbox 2165 4321 3731 4396">
     <span class='ocr_line' id='line_1_65' title="bbox 2165 4321 3731 4396; baseline -0.003 -17"><span class='ocrx_word' id='word_1_419' title='bbox 2165 4342 2281 4396; x_wconf 89' lang='grc' dir='ltr'>μων</span> <span class='ocrx_word' id='word_1_420' title='bbox 2308 4323 2399 4378; x_wconf 85' lang='grc' dir='ltr'><em>διὰ</em></span> <span class='ocrx_word' id='word_1_421' title='bbox 2427 4324 2526 4396; x_wconf 86' lang='grc' dir='ltr'><em>τὴν</em></span> <span class='ocrx_word' id='word_1_422' title='bbox 2553 4322 2803 4377; x_wconf 85' lang='grc' dir='ltr'><em>ἁπότισιν</em></span> <span class='ocrx_word' id='word_1_423' title='bbox 2823 4321 2931 4375; x_wconf 86' lang='grc' dir='ltr'>τῶν</span> <span class='ocrx_word' id='word_1_424' title='bbox 2958 4321 3221 4375; x_wconf 81' lang='grc' dir='ltr'><em>πλειόνων</em></span> <span class='ocrx_word' id='word_1_425' title='bbox 3248 4321 3601 4391; x_wconf 71' lang='grc' dir='ltr'>γνωρίζεται,</span> <span class='ocrx_word' id='word_1_426' title='bbox 3625 4322 3731 4376; x_wconf 79' lang='grc' dir='ltr'><em>ἀλλ’</em></span> 
     </span>
    </p>
   </div>
   <div class='ocr_carea' id='block_1_65' title="bbox 2160 4397 3734 4482">
    <p class='ocr_par' dir='ltr' id='par_1_65' title="bbox 2160 4397 3734 4482">
     <span class='ocr_line' id='line_1_66' title="bbox 2160 4397 3734 4482; baseline -0.002 -15"><span class='ocrx_word' id='word_1_427' title='bbox 2160 4415 2343 4476; x_wconf 84' lang='grc' dir='ltr'><em>ἄδικος</em></span> <span class='ocrx_word' id='word_1_428' title='bbox 2372 4397 2467 4467; x_wconf 72' lang='grc' dir='ltr'><em>καὶ</em></span> <span class='ocrx_word' id='word_1_429' title='bbox 2497 4411 2826 4482; x_wconf 84' lang='grc' dir='ltr'><em>πλεονέκτης</em></span> <span class='ocrx_word' id='word_1_430' title='bbox 2867 4411 2961 4465; x_wconf 76' lang='grc' dir='ltr'>ἐπὶ</span> <span class='ocrx_word' id='word_1_431' title='bbox 3007 4413 3073 4481; x_wconf 82' lang='grc' dir='ltr'><em>τῇ</em></span> <span class='ocrx_word' id='word_1_432' title='bbox 3127 4410 3235 4463; x_wconf 85' lang='grc' dir='ltr'>τῶν</span> <span class='ocrx_word' id='word_1_433' title='bbox 3276 4409 3581 4464; x_wconf 80' lang='grc' dir='ltr'><em>ἐλαττόνων</em></span> <span class='ocrx_word' id='word_1_434' title='bbox 3611 4412 3734 4465; x_wconf 82' lang='grc' dir='ltr'><em>ἀπο-</em></span> 
     </span>
    </p>
   </div>
   <div class='ocr_carea' id='block_1_66' title="bbox 2163 4502 3728 4579">
    <p class='ocr_par' dir='ltr' id='par_1_66' title="bbox 2163 4502 3728 4579">
     <span class='ocr_line' id='line_1_67' title="bbox 2163 4502 3728 4579; baseline -0.001 -20"><span class='ocrx_word' id='word_1_435' title='bbox 2163 4508 2415 4579; x_wconf 81' lang='grc' dir='ltr'><em>στερήσει</em></span> <span class='ocrx_word' id='word_1_436' title='bbox 2494 4504 2797 4575; x_wconf 73' lang='grc' dir='ltr'><em>ἐλέγχεται.</em></span> <span class='ocrx_word' id='word_1_437' title='bbox 2864 4503 2931 4556; x_wconf 89' lang='grc' dir='ltr'><em>Τι</em></span> <span class='ocrx_word' id='word_1_438' title='bbox 2995 4503 3055 4556; x_wconf 85' lang='grc' dir='ltr'><em>δὲ</em></span> <span class='ocrx_word' id='word_1_439' title='bbox 3122 4502 3268 4571; x_wconf 83' lang='grc' dir='ltr'><em>λέγω</em></span> <span class='ocrx_word' id='word_1_440' title='bbox 3322 4504 3728 4577; x_wconf 74' lang='grc' dir='ltr'><em>ἁποστερήτεις</em></span> 
     </span>
    </p>
   </div>
   <div class='ocr_carea' id='block_1_67' title="bbox 2158 4589 3731 4658">
    <p class='ocr_par' dir='ltr' id='par_1_67' title="bbox 2158 4589 3731 4658">
     <span class='ocr_line' id='line_1_68' title="bbox 2158 4589 3731 4658; baseline -0.001 -7"><span class='ocrx_word' id='word_1_441' title='bbox 2158 4597 2322 4652; x_wconf 86' lang='grc' dir='ltr'><em>ὁπότε</em></span> <span class='ocrx_word' id='word_1_442' title='bbox 2370 4599 2399 4651; x_wconf 86' lang='grc' dir='ltr'><strong>ὁ</strong></span> <span class='ocrx_word' id='word_1_443' title='bbox 2436 4596 2499 4650; x_wconf 82' lang='grc' dir='ltr'><em>τὸ</em></span> <span class='ocrx_word' id='word_1_444' title='bbox 2549 4595 2607 4649; x_wconf 85' lang='grc' dir='ltr'>ἓν</span> <span class='ocrx_word' id='word_1_445' title='bbox 2650 4595 2910 4650; x_wconf 83' lang='grc' dir='ltr'><em>τάλαντον</em></span> <span class='ocrx_word' id='word_1_446' title='bbox 2953 4594 3288 4658; x_wconf 79' lang='grc' dir='ltr'><em>πιστευθεὶς,</em></span> <span class='ocrx_word' id='word_1_447' title='bbox 3336 4589 3460 4647; x_wconf 83' lang='grc' dir='ltr'><em>εἶτα</em></span> <span class='ocrx_word' id='word_1_448' title='bbox 3513 4596 3731 4658; x_wconf 75' lang='grc' dir='ltr'><em>ἀποδοὺς</em></span> 
     </span>
    </p>
   </div>
   <div class='ocr_carea' id='block_1_68' title="bbox 2160 4683 3725 4757">
    <p class='ocr_par' dir='ltr' id='par_1_68' title="bbox 2160 4683 3725 4757">
     <span class='ocr_line' id='line_1_69' title="bbox 2160 4683 3725 4757; baseline -0.001 -18"><span class='ocrx_word' id='word_1_449' title='bbox 2160 4688 2338 4739; x_wconf 76' lang='grc' dir='ltr'><em>ἐκεῖνο</em></span> <span class='ocrx_word' id='word_1_450' title='bbox 2376 4684 2510 4740; x_wconf 80' lang='grc' dir='ltr'><em>αὐτὸ</em></span> <span class='ocrx_word' id='word_1_451' title='bbox 2549 4684 2844 4757; x_wconf 85' lang='grc' dir='ltr'><em>ὁλόκληρον</em></span> <span class='ocrx_word' id='word_1_452' title='bbox 2881 4684 2977 4739; x_wconf 77' lang='grc' dir='ltr'><em>καὶ</em></span> <span class='ocrx_word' id='word_1_453' title='bbox 3033 4684 3292 4755; x_wconf 83' lang='grc' dir='ltr'><em>ἀκέραιον</em></span> <span class='ocrx_word' id='word_1_454' title='bbox 3326 4683 3356 4736; x_wconf 84' lang='grc' dir='ltr'><strong>ὃ</strong></span> <span class='ocrx_word' id='word_1_455' title='bbox 3405 4684 3725 4751; x_wconf 77' lang='grc' dir='ltr'><em>ὑπεδέξατο,</em></span> 
     </span>
    </p>
   </div>
   <div class='ocr_carea' id='block_1_69' title="bbox 2160 4774 3723 4849">
    <p class='ocr_par' dir='ltr' id='par_1_69' title="bbox 2160 4774 3723 4849">
     <span class='ocr_line' id='line_1_70' title="bbox 2160 4774 3723 4849; baseline -0.002 -18"><span class='ocrx_word' id='word_1_456' title='bbox 2160 4779 2241 4831; x_wconf 82' lang='grc' dir='ltr'><em>ὅτι</em></span> <span class='ocrx_word' id='word_1_457' title='bbox 2288 4777 2365 4849; x_wconf 84' lang='grc' dir='ltr'><em>μὴ</em></span> <span class='ocrx_word' id='word_1_458' title='bbox 2406 4774 2846 4848; x_wconf 87' lang='grc' dir='ltr'><em>προσειργάσατο</em></span> <span class='ocrx_word' id='word_1_459' title='bbox 2884 4774 2964 4847; x_wconf 84' lang='grc' dir='ltr'><em>τῷ</em></span> <span class='ocrx_word' id='word_1_460' title='bbox 2997 4774 3241 4838; x_wconf 80' lang='grc' dir='ltr'><em>δοθέντι,</em></span> <span class='ocrx_word' id='word_1_461' title='bbox 3304 4774 3684 4846; x_wconf 81' lang='grc' dir='ltr'><em>κατακρίνεται</em></span> <span class='ocrx_word' id='word_1_462' title='bbox 3712 4792 3723 4801; x_wconf 80' lang='grc'><em>’</em></span> 
     </span>
    </p>
   </div>
   <div class='ocr_carea' id='block_1_70' title="bbox 2161 4866 3728 4939">
    <p class='ocr_par' dir='ltr' id='par_1_70' title="bbox 2161 4866 3728 4939">
     <span class='ocr_line' id='line_1_71' title="bbox 2161 4866 3728 4939; baseline -0.001 -17"><span class='ocrx_word' id='word_1_463' title='bbox 2161 4868 2256 4923; x_wconf 75' lang='grc' dir='ltr'><em>καὶ</em></span> <span class='ocrx_word' id='word_1_464' title='bbox 2285 4870 2314 4922; x_wconf 84' lang='grc' dir='ltr'>ὁ</span> <span class='ocrx_word' id='word_1_465' title='bbox 2341 4867 2473 4921; x_wconf 86' lang='grc' dir='ltr'><em>δέκα</em></span> <span class='ocrx_word' id='word_1_466' title='bbox 2500 4866 2594 4938; x_wconf 80' lang='grc' dir='ltr'><em>ἔτη</em></span> <span class='ocrx_word' id='word_1_467' title='bbox 2618 4867 2708 4921; x_wconf 81' lang='grc' dir='ltr'>τὸν</span> <span class='ocrx_word' id='word_1_468' title='bbox 2751 4868 2965 4939; x_wconf 84' lang='grc' dir='ltr'><em>πατέρα</em></span> <span class='ocrx_word' id='word_1_469' title='bbox 3010 4868 3269 4938; x_wconf 84' lang='grc' dir='ltr'><em>τιμήσας,</em></span> <span class='ocrx_word' id='word_1_470' title='bbox 3326 4866 3456 4934; x_wconf 82' lang='grc' dir='ltr'><em>μίαν</em></span> <span class='ocrx_word' id='word_1_471' title='bbox 3514 4867 3571 4921; x_wconf 83' lang='grc' dir='ltr'><em>δὲ</em></span> <span class='ocrx_word' id='word_1_472' title='bbox 3602 4868 3728 4939; x_wconf 53' lang='lat'>2:11;-</span> 
     </span>
    </p>
   </div>
   <div class='ocr_carea' id='block_1_71' title="bbox 2159 4957 3728 5030">
    <p class='ocr_par' dir='ltr' id='par_1_71' title="bbox 2159 4957 3728 5030">
     <span class='ocr_line' id='line_1_72' title="bbox 2159 4957 3728 5030; baseline -0.001 -18"><span class='ocrx_word' id='word_1_473' title='bbox 2159 4958 2262 5030; x_wconf 78' lang='grc' dir='ltr'><em>γὴν</em></span> <span class='ocrx_word' id='word_1_474' title='bbox 2296 4958 2521 5030; x_wconf 75' lang='grc' dir='ltr'><em>ὕστερον</em></span> <span class='ocrx_word' id='word_1_475' title='bbox 2557 4957 2811 5029; x_wconf 78' lang='grc' dir='ltr'><em>ὲμὸαλὼν</em></span> <span class='ocrx_word' id='word_1_476' title='bbox 2850 4957 3042 5029; x_wconf 85' lang='grc' dir='ltr'><em>μόνην,</em></span> <span class='ocrx_word' id='word_1_477' title='bbox 3085 4957 3185 5029; x_wconf 85' lang='grc' dir='ltr'>οὐχ</span> <span class='ocrx_word' id='word_1_478' title='bbox 3214 4957 3291 5020; x_wconf 83' lang='grc' dir='ltr'><em>ὡς</em></span> <span class='ocrx_word' id='word_1_479' title='bbox 3333 4958 3629 5030; x_wconf 82' lang='grc' dir='ltr'><em>εὐεργέτης</em></span> <span class='ocrx_word' id='word_1_480' title='bbox 3658 4975 3728 5011; x_wconf 75' lang='grc' dir='ltr'><em>τι-</em></span> 
     </span>
    </p>
   </div>
   <div class='ocr_carea' id='block_1_72' title="bbox 2164 5050 3727 5124">
    <p class='ocr_par' dir='ltr' id='par_1_72' title="bbox 2164 5050 3727 5124">
     <span class='ocr_line' id='line_1_73' title="bbox 2164 5050 3727 5124; baseline -0.003 -17"><span class='ocrx_word' id='word_1_481' title='bbox 2164 5054 2352 5123; x_wconf 82' lang='grc' dir='ltr'><em>μᾶται,</em></span> <span class='ocrx_word' id='word_1_482' title='bbox 2397 5052 2511 5106; x_wconf 86' lang='grc' dir='ltr'><em>ἀλλ’</em></span> <span class='ocrx_word' id='word_1_483' title='bbox 2552 5050 2629 5115; x_wconf 87' lang='grc' dir='ltr'><em>ὡς</em></span> <span class='ocrx_word' id='word_1_484' title='bbox 2663 5051 2996 5124; x_wconf 83' lang='grc' dir='ltr'><em>πατραλοίας</em></span> <span class='ocrx_word' id='word_1_485' title='bbox 3034 5050 3485 5114; x_wconf 77' lang='grc' dir='ltr'><em>καταδικάζεται.</em></span> <span class='ocrx_word' id='word_1_486' title='bbox 3536 5052 3592 5105; x_wconf 88' lang='lat'>&#39;0</span> <span class='ocrx_word' id='word_1_487' title='bbox 3624 5051 3727 5103; x_wconf 80' lang='grc' dir='ltr'><em>τοί·-</em></span> 
     </span>
    </p>
   </div>
   <div class='ocr_carea' id='block_1_73' title="bbox 2161 5137 3726 5217">
    <p class='ocr_par' dir='ltr' id='par_1_73' title="bbox 2161 5137 3726 5217">
     <span class='ocr_line' id='line_1_74' title="bbox 2161 5137 3726 5217; baseline -0.004 -18"><span class='ocrx_word' id='word_1_488' title='bbox 2161 5162 2256 5200; x_wconf 87' lang='grc' dir='ltr'>νυν</span> <span class='ocrx_word' id='word_1_489' title='bbox 2293 5146 2353 5199; x_wconf 82' lang='grc' dir='ltr'>ὲν</span> <span class='ocrx_word' id='word_1_490' title='bbox 2388 5148 2642 5217; x_wconf 82' lang='grc' dir='ltr'><em>προκοπῇ</em></span> <span class='ocrx_word' id='word_1_491' title='bbox 2689 5144 2980 5215; x_wconf 87' lang='grc' dir='ltr'><em>γενόμενος</em></span> <span class='ocrx_word' id='word_1_492' title='bbox 3011 5142 3231 5212; x_wconf 82' lang='grc' dir='ltr'><em>ἀγαθῶν</em></span> <span class='ocrx_word' id='word_1_493' title='bbox 3264 5141 3465 5211; x_wconf 75' lang='grc' dir='ltr'><em>ἔργων,</em></span> <span class='ocrx_word' id='word_1_494' title='bbox 3495 5137 3610 5195; x_wconf 75' lang='grc' dir='ltr'><em>εἶτα</em></span> <span class='ocrx_word' id='word_1_495' title='bbox 3637 5158 3726 5193; x_wconf 81' lang='grc' dir='ltr'><em>πα-</em></span> 
     </span>
    </p>
   </div>
   <div class='ocr_carea' id='block_1_74' title="bbox 2163 5232 3725 5313">
    <p class='ocr_par' dir='ltr' id='par_1_74' title="bbox 2163 5232 3725 5313">
     <span class='ocr_line' id='line_1_75' title="bbox 2163 5232 3725 5313; baseline -0.003 -25"><span class='ocrx_word' id='word_1_496' title='bbox 2163 5234 2526 5307; x_wconf 77' lang='grc' dir='ltr'><em>λινδρομήσας</em></span> <span class='ocrx_word' id='word_1_497' title='bbox 2547 5234 2686 5307; x_wconf 84' lang='grc' dir='ltr'><em>πρὸς</em></span> <span class='ocrx_word' id='word_1_498' title='bbox 2718 5233 3084 5313; x_wconf 35' lang='grc' dir='ltr'><em>τὴνιάρχαίαν</em></span> <span class='ocrx_word' id='word_1_499' title='bbox 3128 5232 3443 5304; x_wconf 79' lang='grc' dir='ltr'><em>συνήθειαν,</em></span> <span class='ocrx_word' id='word_1_500' title='bbox 3473 5232 3535 5286; x_wconf 82' lang='grc' dir='ltr'><em>οὺ</em></span> <span class='ocrx_word' id='word_1_501' title='bbox 3583 5232 3725 5304; x_wconf 74' lang='grc' dir='ltr'><em>μόνον</em></span> 
     </span>
    </p>
   </div>
   <div class='ocr_carea' id='block_1_75' title="bbox 557 5387 2238 5460">
    <p class='ocr_par' dir='ltr' id='par_1_75' title="bbox 557 5387 2238 5460">
     <span class='ocr_line' id='line_1_76' title="bbox 557 5387 2238 5460; baseline -0.001 -13"><span class='ocrx_word' id='word_1_502' title='bbox 557 5394 574 5425; x_wconf 79' lang='grc'><strong>¹</strong></span> <span class='ocrx_word' id='word_1_503' title='bbox 599 5392 793 5450; x_wconf 78' lang='lat' dir='ltr'>Matth.</span> <span class='ocrx_word' id='word_1_504' title='bbox 824 5408 1020 5459; x_wconf 75' lang='lat' dir='ltr'>xxvm,</span> <span class='ocrx_word' id='word_1_505' title='bbox 1057 5393 1145 5451; x_wconf 81' lang='lat' dir='ltr'>l9.</span> <span class='ocrx_word' id='word_1_506' title='bbox 1219 5394 1241 5426; x_wconf 83' lang='grc'>¹</span> <span class='ocrx_word' id='word_1_507' title='bbox 1263 5391 1397 5451; x_wconf 88' lang='lat' dir='ltr'>ibid.</span> <span class='ocrx_word' id='word_1_508' title='bbox 1427 5391 1528 5449; x_wconf 74' lang='lat'>20.</span> <span class='ocrx_word' id='word_1_509' title='bbox 1606 5393 1629 5425; x_wconf 88' lang='grc'><em>³</em></span> <span class='ocrx_word' id='word_1_510' title='bbox 1651 5390 1846 5451; x_wconf 84' lang='lat' dir='ltr'>Matth.</span> <span class='ocrx_word' id='word_1_511' title='bbox 1876 5405 2005 5460; x_wconf 78' lang='lat' dir='ltr'>xxv,</span> <span class='ocrx_word' id='word_1_512' title='bbox 2043 5387 2238 5446; x_wconf 68' lang='lat'>24-50.</span> 
     </span>
    </p>
   </div>
   <div class='ocr_carea' id='block_1_76' title="bbox 554 5546 1203 5616">
    <p class='ocr_par' dir='ltr' id='par_1_76' title="bbox 554 5546 1203 5616">
     <span class='ocr_line' id='line_1_77' title="bbox 554 5546 1203 5616; baseline 0.006 -17"><span class='ocrx_word' id='word_1_513' title='bbox 554 5546 631 5616; x_wconf 79' lang='lat' dir='ltr'>(i)</span> <span class='ocrx_word' id='word_1_514' title='bbox 670 5546 747 5616; x_wconf 80' lang='lat' dir='ltr'>Ex</span> <span class='ocrx_word' id='word_1_515' title='bbox 777 5547 1051 5616; x_wconf 87' lang='lat' dir='ltr'>asceticis,</span> <span class='ocrx_word' id='word_1_516' title='bbox 1079 5547 1203 5604; x_wconf 74' lang='lat'>328.</span> 
     </span>
    </p>
   </div>
   <div class='ocr_carea' id='block_1_77' title="bbox 566 5615 986 5683">
    <p class='ocr_par' dir='ltr' id='par_1_77' title="bbox 566 5615 986 5683">
     <span class='ocr_line' id='line_1_78' title="bbox 566 5615 986 5683; baseline 0.007 -15"><span class='ocrx_word' id='word_1_517' title='bbox 566 5615 635 5683; x_wconf 72' lang='lat'>[2)</span> <span class='ocrx_word' id='word_1_518' title='bbox 672 5615 829 5679; x_wconf 83' lang='lat' dir='ltr'>lbid.,</span> <span class='ocrx_word' id='word_1_519' title='bbox 860 5616 986 5671; x_wconf 74' lang='grc'>529.</span> 
     </span>
    </p>
   </div>
   <div class='ocr_carea' id='block_1_78' title="bbox 556 5635 969 5759">
    <p class='ocr_par' dir='ltr' id='par_1_78' title="bbox 556 5635 969 5759">
     <span class='ocr_line' id='line_1_79' title="bbox 580 5635 964 5683; baseline 0.008 -15"><span class='ocrx_word' id='word_1_520' title='bbox 580 5635 635 5683; x_wconf 74' lang='lat'>2)</span> <span class='ocrx_word' id='word_1_521' title='bbox 672 5635 829 5679; x_wconf 82' lang='lat' dir='ltr'>iniu.,</span> <span class='ocrx_word' id='word_1_522' title='bbox 860 5635 964 5671; x_wconf 70' lang='lat' dir='ltr'>ozu</span> 
     </span>
     <span class='ocr_line' id='line_1_80' title="bbox 556 5635 969 5759; baseline 0.005 -18"><span class='ocrx_word' id='word_1_523' title='bbox 556 5635 635 5759; x_wconf 47' lang='lat' dir='ltr'>is)</span> <span class='ocrx_word' id='word_1_524' title='bbox 663 5686 823 5754; x_wconf 82' lang='lat' dir='ltr'>lbid.,</span> <span class='ocrx_word' id='word_1_525' title='bbox 847 5688 969 5743; x_wconf 71' lang='grc'>528.</span> 
     </span>
    </p>
   </div>
   <div class='ocr_carea' id='block_1_79' title="bbox 2233 5539 3722 5614">
    <p class='ocr_par' dir='ltr' id='par_1_79' title="bbox 2233 5539 3722 5614">
     <span class='ocr_line' id='line_1_81' title="bbox 2233 5539 3722 5614; baseline 0.001 -17"><span class='ocrx_word' id='word_1_526' title='bbox 2233 5542 2310 5614; x_wconf 67' lang='grc'>(4)</span> <span class='ocrx_word' id='word_1_527' title='bbox 2350 5541 2461 5597; x_wconf 84' lang='grc' dir='ltr'><em>Τοῦ</em></span> <span class='ocrx_word' id='word_1_528' title='bbox 2489 5558 2745 5597; x_wconf 81' lang='grc' dir='ltr'><em>σκοπου.</em></span> <span class='ocrx_word' id='word_1_529' title='bbox 2780 5539 2965 5610; x_wconf 81' lang='lat' dir='ltr'>Longe</span> <span class='ocrx_word' id='word_1_530' title='bbox 3005 5539 3340 5607; x_wconf 72' lang='lat' dir='ltr'>praeferenda</span> <span class='ocrx_word' id='word_1_531' title='bbox 3380 5539 3595 5614; x_wconf 71' lang='lat' dir='ltr'>videtur</span> <span class='ocrx_word' id='word_1_532' title='bbox 3622 5543 3722 5614; x_wconf 62' lang='lat' dir='ltr'>hac</span> 
     </span>
    </p>
   </div>
   <div class='ocr_carea' id='block_1_80' title="bbox 2163 5612 3721 5738">
    <p class='ocr_par' dir='ltr' id='par_1_80' title="bbox 2163 5612 3721 5738">
     <span class='ocr_line' id='line_1_82' title="bbox 2163 5612 3721 5737; baseline -0.003 -68"><span class='ocrx_word' id='word_1_533' title='bbox 2163 5612 2435 5737; x_wconf 52' lang='lat' dir='ltr'>scripzura</span> <span class='ocrx_word' id='word_1_534' title='bbox 2494 5614 2545 5671; x_wconf 86' lang='lat' dir='ltr'>ei</span> <span class='ocrx_word' id='word_1_535' title='bbox 2594 5629 2759 5684; x_wconf 81' lang='lat' dir='ltr'>quam</span> <span class='ocrx_word' id='word_1_536' title='bbox 2811 5614 3029 5671; x_wconf 68' lang='lat' dir='ltr'>exhibet</span> <span class='ocrx_word' id='word_1_537' title='bbox 3085 5620 3396 5678; x_wconf 77' lang='lat' dir='ltr'>contextus,</span> <span class='ocrx_word' id='word_1_538' title='bbox 3452 5612 3548 5667; x_wconf 84' lang='grc' dir='ltr'><em>τοῦ</em></span> <span class='ocrx_word' id='word_1_539' title='bbox 3583 5613 3721 5683; x_wconf 59' lang='grc' dir='ltr'><em>λόγου</em></span> 
     </span>
     <span class='ocr_line' id='line_1_83' title="bbox 2167 5699 2384 5738; baseline -0.005 -1"><span class='ocrx_word' id='word_1_540' title='bbox 2167 5700 2266 5738; x_wconf 72' lang='lat' dir='ltr'>exc</span> <span class='ocrx_word' id='word_1_541' title='bbox 2337 5699 2384 5737; x_wconf 88' lang='grc' dir='ltr'>ν.</span> 
     </span>
    </p>
   </div>
  </div>
