3840 6226
109 298 254 354 ΗΠ

1105 300 1342 358 SERMO
1380 301 1424 358 l.
1461 331 1532 342 ——
1569 299 1660 354 DE
1698 299 2006 357 VIBTUTE
2051 300 2136 355 ET
2176 298 2391 355 VlTlO.

3245 295 3384 348 “l8

105 413 205 466 τὸν
225 414 319 466 ἐπὶ
339 399 459 478 ’τοῖς
483 415 988 487 προπεπονημένοις
1023 417 1213 487 μισθὸν
1238 415 1539 487 ἐζημιώθη,
1562 415 1697 468 ἀλλὰ.

1811 417 2108 472 lemnatur.
2143 417 2220 488 (6)
2258 415 2363 482 Qui
2393 431 2524 485 ergo
2565 415 2619 468 in
2647 413 2808 469 bonis
2838 412 3100 482 operibus
3131 428 3385 484 progreso

108 506 209 558 καὶ
243 506 548 578 βαρυτέρας
586 508 829 575 ἀξιοῦται
868 508 968 578 τῆς
1002 509 1402 581 κατακρίσεως,
1453 509 1532 561 ὅτι
1572 524 1700 575 γευ-

109 598 349 666 σάμενος
379 600 544 652 καλὸν
571 601 707 654 Θεοῦ
753 604 922 672 ῥῆμα,
959 602 1055 655 καὶ
1109 602 1364 671 γνώσεως
1393 602 1695 672 μυστηρίου

106 689 385 755 ἀξιωθεὶς,
406 691 583 746 πάντα
599 694 923 765 προέδωκεν,
941 695 1100 765 ἡδονῇ
1125 694 1353 767 βραχείᾳ
1368 692 1692 757 δελεασθείς.

1807 524 1927 564 sum
1961 508 2113 574 fecit,
2144 509 2344 562 deinde
2373 521 2502 561 vero
2525 506 2592 560 ad
2623 504 3076 559 consuetudinem
3104 505 3382 572 antiquam

1804 600 2118 662 revertitur,
2165 615 2279 652 non
2313 598 2559 668 priorum
2605 597 2768 651 modo
2799 596 3046 650 laborum
3077 593 3384 649 mercedem

1800 692 2020 753 amittit,
2050 691 2146 746 sed
2173 690 2337 744 etiam
2373 690 2676 760 graviorem
2707 686 3220 743 condemnationem
3252 686 3379 740 sub-

107 783 194 849 it;
250 786 404 853 quod
471 801 597 840 cum
637 787 730 841 Dei
783 789 1009 842 verbum
1060 789 1262 844 bonum
1307 789 1700 858 degustaverit,
1751 787 2111 857 mysteriique
2174 786 2488 857 cognitione
2548 786 2806 856 dignatus
2848 786 2942 847 sit,
2984 782 3220 855 perdidit
3267 796 3384 836 om-

106 879 230 942 nia,
261 880 411 934 brevi
441 882 722 952 voluptate
763 884 1063 938 inescatus.

185 973 240 1026 2.
275 974 402 1026 Δέον
429 971 522 1027 οὖν
551 978 718 1046 ἡμᾶς,
759 976 915 1050 εἴπερ
966 978 1246 1048 ἐθέλοιμεν
1295 977 1548 1046 ἀσφαλῶς
1598 993 1696 1047 την

106 1065 481 1138 ὑποκειμένην
513 1068 630 1120 ὁδὸν
674 1068 767 1121 τοῦ
817 1069 930 1138 βίου
984 1070 1320 1140 διαδραμεῖν,
1375 1069 1470 1122 καὶ
1515 1085 1696 1139 παρα-

109 1161 314 1231 στῆσαι
337 1160 556 1232 Χριστῷ
583 1163 684 1232 τὴν
709 1161 887 1233 ψυχήν
908 1180 964 1216 τε
989 1162 1121 1233 ὁμοῦ
1167 1163 1261 1216 xai
1296 1161 1358 1215 τὸ
1395 1161 1554 1232 σῶμα
1599 1161 1700 1231 τῆς

106 1252 307 1306 ἐκτῶν
340 1253 670 1324 τραυμάτων
694 1254 956 1324 αἰσχύνης
989 1254 1273 1327 ἐλεύθερα,
1307 1255 1403 1306 καὶ
1447 1253 1575 1315 τοὺς
1606 1253 1700 1304 ἐπὶ

105 1349 180 1416 τῇ
209 1346 334 1416 νίκῃ
377 1345 673 1412 στεφάνους
733 1345 939 1410 λαϐεῖν,
992 1346 1364 1417 ἐγρηγορότας
1415 1344 1700 1416 περιάγειν

107 1437 207 1490 ἀεὶ
251 1438 380 1500 τοὺς
435 1438 532 1508 τῆς
587 1437 767 1507 ψυχῆς
814 1437 1145 1508 ὀφθαλμοὺς,
1205 1439 1302 1492 καὶ
1358 1438 1535 1492 πάντα
1593 1437 1698 1489 ὑπ-

105 1530 366 1582 οπτεύειν
399 1530 499 1583 ὅσα
536 1529 766 1600 τερπνὰ,
815 1530 907 1583 καὶ
959 1529 1148 1599 μηδενὶ
1201 1528 1569 1600 προσερείδειν
1600 1527 1700 1596 τὴν

107 1623 349 1684 ἔννοιαν,
388 1621 520 1692 μηδέ
562 1622 611 1674 εἱ
646 1620 849 1692 χρυσὸς
896 1619 1138 1690 φαίνοιτο
1194 1619 1360 1692 χύδην
1398 1618 1697 1691 προκείμε-

1868 969 1924 1024 2.
1937 968 2101 1041 470
2121 969 2197 1039 (7)
2221 968 2410 1038 Itaque
2430 967 2476 1022 si
2500 967 2662 1022 modo
2677 966 2906 1022 velimus
2917 965 3248 1021 substratam
3261 966 3386 1021 vitae

1799 1063 1942 1114 viam
1975 1069 2094 1115 tuto
2127 1075 2471 1130 percurrere,
2509 1066 2674 1129 atque
2703 1059 2942 1112 animam
2984 1057 3146 1110 simul
3179 1066 3234 1110 et
3261 1073 3386 1111 cor-

1804 1168 1907 1224 pus
1939 1157 2224 1207 vulnerum
2255 1153 2595 1222 turpitudine
2626 1151 2890 1204 immunia
2911 1148 3108 1202 oll‘erre
3140 1150 3382 1216 Christo,

1804 1257 2150 1312 coronasque
2196 1242 2268 1297 ob
2319 1241 2606 1296 victoriam
2656 1241 2906 1309 accipere
2952 1259 2965 1294 :
3007 1246 3224 1308 Oportet
3284 1257 3384 1295 nos

1805 1334 1974 1386 animi
2017 1333 2209 1387 oculos
2262 1347 2478 1402 semper
2538 1331 2900 1401 undecunque
2943 1331 3235 1401 vigilantes
3275 1331 3384 1385 cir-

1805 1439 2114 1495 cumagere,
2159 1434 2212 1480 et
2248 1433 2504 1494 suspecta
2541 1424 2742 1478 habere
2773 1438 3116 1493 quacunque
3139 1423 3386 1492 jucunda

1806 1526 1956 1581 sunt,
1985 1533 2086 1572 nec
2112 1524 2351 1572 mentem
2381 1518 2439 1570 in
2477 1517 2586 1571 ulla
2615 1532 2674 1571 re
2702 1517 2976 1584 ejusmodi
3008 1516 3282 1588 deligere;
3315 1533 3385 1572 ne

1805 1611 1854 1666 si
1885 1625 2078 1664 aurum
2106 1609 2328 1680 quidem
2373 1610 2620 1664 videatur
2664 1608 2785 1664 fuse
2827 1624 3107 1678 sparsum,
3147 1608 3292 1678 quod
3325 1613 3383 1665 in

106 1733 226 1780 νος,
263 1715 480 1784 ’ἐτοιμος
524 1715 604 1778 εἰς
627 1714 726 1776 τὰς
768 1711 876 1766 τῶν
932 1712 1269 1783 βουλομένων
1311 1715 1500 1782 χεῖρας
1527 1709 1701 1764 ἐλθεῖν

1811 1701 2146 1771 cupientium
2205 1715 2402 1755 manus
2455 1700 2641 1754 venire
2695 1707 2946 1768 paratum
3014 1701 3086 1754 sit
3140 1698 3384 1770 (Divitia:

108 1805 412 1877 (Πλοῦτος
441 1805 571 1878 γὰρ,
602 1806 788 1877 φησὶν,
836 1803 946 1858 ἐὰν
983 1803 1118 1873 ῥέῃ,
1169 1803 1255 1873 μὴ
1303 1803 1701 1872 προστίθεσθε

107 1898 373 1966 καρδίᾳ)·
408 1898 543 1968 μηδὲ
570 1900 616 1950 εἰ
643 1897 718 1966 γῆ
751 1895 1125 1967 βλαστάνουσα
1153 1896 1334 1948 πᾶσαν
1364 1881 1444 1963 (1)
1464 1893 1696 1964 τρυφὴν,

108 1989 213 2042 καὶ
249 1989 557 2052 πολυτελεῖς
603 1988 925 2042 δεικνύουσα
971 1987 1179 2058 σκηνάς
1214 1985 1232 2055 (
1264 1984 1452 2055 Ἡμῶν
1494 1985 1601 2054 γὰρ
1632 1985 1701 2037 τὸ

108 2080 450 2149 πολίτευμα
474 2081 543 2132 ἐν
571 2078 824 2147 οὐρανῷ,
855 2079 925 2143 ἐξ
951 2073 1024 2134 οὗ
1055 2078 1153 2131 καὶ
1184 2075 1431 2144 Σωτῆρα
1453 2074 1703 2130 ἀπεκδε-

109 2177 344 2245 χόμεθα
364 2174 655 2245 Χριστόν)
679 2192 692 2204 ·
742 2174 875 2245 μηδὲ
908 2175 957 2226 εί
997 2175 1230 2244 χορεῖαι,
1263 2173 1356 2226 καὶ
1382 2170 1580 2241 κῶμοι,
1607 2170 1702 2223 καὶ

114 2269 308 2338 μέθαι,
345 2269 439 2321 καὶ
496 2267 932 2338 καταυλούμεναι
992 2264 1264 2337 τράπεζαι
1324 2265 1702 2333 (Ματαιότης

109 2358 247 2430 γὰρ.
283 2361 436 2430 φησὶ,
476 2359 911 2428 ματαιοτήτων,
955 2357 1030 2412 τὰ
1078 2357 1276 2411 πάντα
1330 2358 1696 2428 ματαιότης)’

114 2452 258 2522 μηδὲ
321 2453 369 2504 εξ
429 2453 696 2523 σωμάτων
757 2451 929 2522 κάλλη
989 2450 1324 2522 προτείνοιτο
1380 2448 1455 2520 (2)
1476 2490 1490 2514 ,
1550 2449 1705 2522 παρὰ

112 2543 374 2613 πονηρῶν
403 2543 591 2613 ψυχῶν
636 2543 989 2614 ἐνοικούμενα
1023 2542 1192 2613 (Ἀπὸ
1235 2539 1558 2610 προσώπου
1594 2541 1704 2612 γὰρ

112 2635 407 2705 γυναικὸς
435 2636 516 2700 ὠς
541 2636 661 2690 ἀπὸ
706 2635 1034 2704 προσώπου
1068 2635 1259 2704 ὄφεως
1294 2635 1499 2705 φεῦγε,
1537 2635 1704 2706 φησὶν

112 2729 143 2778 ὁ
176 2726 395 2795 σοφός)
425 2727 559 2797 μηδέ
594 2729 642 2780 εἰ
675 2727 984 2780 δυναστεῖαι
1017 2727 1092 2798 (5)
1125 2729 1218 2781 καὶ
1246 2728 1583 2799 τυραννίδες,
1610 2728 1704 2782 xai

112 2819 432 2890 δορυφόρων
460 2820 493 2890 ἦ
524 2818 771 2874 κολάκων
805 2821 995 2891 ἐσμοὶ,
1037 2821 1172 2892 μηδὲ
1204 2823 1252 2873 εἰ
1284 2819 1475 2892 θρόνος
1501 2821 1705 2892 ὑψηλὸς

114 2912 215 2964 καὶ
238 2911 508 2982 λαμπρὸς,
543 2913 845 2978 ὑποζεύξας
870 2913 994 2984 ἔθνη
1020 2914 1115 2966 καὶ
1147 2913 1330 2977 πόλεις
1350 2915 1430 2976 εἰς
1461 2913 1704 2967 δουλείαν

115 3002 409 3057 ἀκούσιον·
438 3002 613 3057 Πᾶσα
637 3004 746 3074 γὰρ
777 3004 933 3072 σὰρξ
966 3005 1201 3073 χόρτος,
1231 3005 1329 3058 καὶ
1363 3005 1531 3060 πᾶσα
1557 3005 1705 3069 δόξα

116 3091 432 3161 ἀνθρώπου
461 3093 540 3158 ώς
574 3093 756 3159 ἄνθος
788 3094 1006 3161 χόρτου
1028 3111 1040 3122 ·
1077 3093 1380 3161 ἐξηράνθη
1408 3097 1440 3147 ὁ
1468 3095 1703 3162 χόρτος,

117 3187 220 3238 καὶ
254 3183 322 3238 τὸ
359 3185 539 3250 ἄνθος
583 3185 857 3249 ἐξέπεσε.
910 3185 1133 3249 Τούτοις
1161 3185 1271 3257 γὰρ
1319 3187 1383 3258 δὴ
1432 3188 1565 3239 πᾶσι
1597 3189 1709 3250 τοῖς

117 3275 263 3330 οὕτω
296 3279 546 3348 τερπνοῖς
587 3278 614 3329 ὁ
656 3277 832 3341 κοινὸς
876 3277 1216 3346 ὑποκάθηται
1257 3277 1550 3348 δυσμενὴς,
1578 3279 1710 3330 ἁνα-

119 3368 305 3439 μένων
336 3368 462 3419 πότε
512 3366 588 3438 (4)
638 3371 748 3430 τοῖς
807 3369 1108 3438 ὁρωμένοις
1155 3367 1562 3432 δελεασθέντες,
1607 3371 1708 3440 τῆς

121 3457 223 3526 μὲν
255 3455 469 3518 εὐθείας
495 3455 859 3527 ἐκτραπῶμεν
907 3456 1049 3521 ὀδοῦ,
1093 3457 1229 3526 πρὸς
1271 3457 1328 3509 δέ
1369 3457 1461 3512 τὸν
1498 3459 1707 3511 ἐκείνου

119 3548 278 3616 λόχον
310 3548 534 3610 ἑαυτοὺς
555 3546 954 3618 ἀποκλίνωμεν.
991 3548 1103 3600 Καὶ
1131 3549 1249 3612 δέος
1274 3548 1432 3611 πολὺ,
1468 3551 1542 3621 μή
1572 3567 1706 3602 ποτε

120 3637 570 3708 προσδραμόντες
599 3638 928 3706 ἀφυλάκτως
963 3640 1169 3703 αὐτοῖς,
1215 3642 1312 3693 καὶ
1358 3640 1459 3711 τὴν
1499 3643 1564 3694 ἐκ
1610 3642 1709 3712 τῆς

121 3729 478 3793 ἀπολαύσεως
534 3729 726 3800 τέρψιν
781 3729 934 3782 οὐδὲν
1007 3731 1348 3802 ἡγησάμενοι
1412 3731 1706 3803 βλαϐερὸν,

122 3820 576 3891 ἐγκεκρυμμένον
596 3824 662 3893 τῇ
691 3820 887 3894 πρώτῃ
925 3822 1112 3890 γεύσει
1140 3823 1200 3876 τὸ
1224 3823 1318 3877 τοῦ
1357 3823 1602 3877 διαϐόλου
1631 3825 1706 3896 (5)

123 3911 482 3982 καταπίωμεν
525 3911 852 3983 ἄγκιστρον
907 3909 1024 3966 εἶτα
1083 3913 1189 3967 ὑπὸ
1234 3913 1451 3980 τούτου,
1491 3915 1560 3969 τὰ
1610 3915 1709 3986 μὲν

123 4003 368 4065 ἑκόντες,
408 4001 478 4055 τὰ
505 4002 562 4055 δέ
613 4002 860 4068 ἄκοντες,
916 4005 1301 4076 προσδεθῶμεν
1353 4007 1558 4071 αὐτοῖς,
1614 4007 1709 4061 καὶ

121 4095 264 4165 πρὸς
284 4095 344 4146 τὸ
366 4093 593 4166 φοϐερὸν
613 4095 706 4149 τοῦ
730 4095 926 4168 λῃστοῦ
951 4096 1317 4166 καταγώγιον,
1341 4098 1433 4152 τὸν
1456 4098 1706 4164 θάνατον,

122 4185 382 4255 λάθωμεν
411 4185 761 4250 ἐλκυσθέντες
805 4187 909 4239 ὑπὸ
945 4187 1054 4240 τῶν
1082 4188 1306 4259 ἡδονῶν.
1361 4189 1430 4241 Αἱ
1469 4189 1569 4259 μὲν
1600 4189 1709 4260 γὰρ

122 4279 348 4348 ἀρεταὶ,
400 4279 528 4330 ὅταν
579 4277 639 4343 ἐξ
695 4279 1010 4350 ἐπιμελείας
1054 4279 1366 4348 συναφθῶσι
1409 4282 1476 4350 τῇ
1526 4279 1706 4348 φύσει,

1800 1793 1969 1857 enim,
1991 1793 2188 1863 inquit,
2207 1793 2252 1846 si
2271 1793 2508 1864 amuant,
2533 1791 2694 1845 nolite
2711 1808 2799 1844 cor
2820 1807 3076 1861 apponere
3093 1790 3150 1862 ⁸)
3171 1809 3185 1857 ;
3209 1808 3383 1862 neque

1802 1885 1848 1940 si
1886 1883 2130 1954 proferat
2155 1895 2301 1939 terra
2331 1884 2559 1938 delicias
2600 1898 2793 1938 omnes
2843 1899 2908 1936 ac
2949 1894 3270 1953 sumptuosa
3302 1893 3384 1936 ta-

1801 1976 2094 2030 bernacula
2123 1973 2291 2048 (Nam
2334 1986 2519 2030 nostra
2546 1979 2869 2030 conversatio
2899 1976 2953 2028 in
2976 1978 3103 2029 caelo
3124 1985 3222 2040 est,
3247 1975 3384 2029 unde

1801 2069 1962 2122 etiam
2005 2069 2336 2124 Salvatorem
2381 2079 2742 2137 exspectamus
2789 2066 3059 2123 Christum
3083 2069 3164 2137 ');
3208 2083 3384 2138 neque

1802 2160 1848 2214 si
1878 2159 2113 2225 choreae,
2139 2169 2192 2214 et
2221 2158 2676 2222 comessationes,
2706 2165 2761 2212 et
2789 2157 3102 2223 ebrietates,
3134 2167 3188 2210 et
3227 2173 3382 2211 men-

1804 2267 1878 2306 sae
1918 2251 2177 2304 tibiarum
2208 2249 2448 2305 modulis
2483 2259 2810 2305 resonantes
2835 2261 3215 2320 proponantur
3249 2248 3384 2320 (Va-

1803 2344 1942 2398 nitas
1973 2344 2131 2406 enim,
2164 2342 2362 2411 inquit,
2389 2343 2705 2406 vanilatum,
2741 2343 2923 2396 omnia
2951 2343 3159 2395 vanitas
3177 2342 3252 2414 ⁸);
3288 2358 3386 2396 ne-

1803 2449 1911 2504 que
1939 2433 1986 2488 si
2035 2432 2336 2486 oﬂ‘crantur
2372 2446 2602 2501 corpora
2633 2430 2899 2494 formosa,
2931 2432 2987 2486 in
3019 2431 3222 2500 quibus
3266 2432 3384 2486 ani-

1803 2541 1907 2580 mae
1937 2540 2118 2596 pravae
2152 2525 2460 2578 inhabitant
2485 2525 2550 2594 (Α
2584 2523 2722 2592 facie
2747 2524 2895 2578 enim
2924 2524 3162 2578 mulieris
3187 2523 3322 2578 velut
3352 2542 3386 2578 a

1805 2617 1942 2686 facie
1968 2617 2222 2687 serpentis
2251 2617 2392 2687 fuge,
2421 2615 2600 2685 inquit
2635 2613 2871 2685 Sapiens
2896 2616 2975 2685 7);
3009 2629 3186 2684 neque
3215 2615 3261 2668 si
3290 2629 3386 2682 po—

1805 2719 2049 2766 tentatus
2081 2709 2526 2779 dominatusque,
2561 2724 2626 2762 ac
2671 2707 2968 2762 satellitum
3009 2715 3102 2760 aut
3137 2707 3386 2761 adulato-

1805 2821 1927 2858 rum
1980 2813 2194 2866 turmaa,
2245 2819 2422 2874 neque
2461 2803 2508 2858 si
2557 2803 2909 2872 promittatur
2959 2801 3102 2855 altus
3153 2798 3386 2855 thronus

1806 2903 1970 2965 atque
2012 2894 2354 2963 splendidus,
2387 2901 2577 2964 gentes
2609 2908 2674 2947 ac
2705 2892 2958 2946 civitates
2991 2891 3241 2946 servituti
3273 2907 3383 2946 non

1807 2984 2129 3038 voluntariae
2159 2985 2456 3053 subjiciens
2489 3003 2501 3038 :
2541 2983 2725 3038 Omnis
2771 2982 2916 3037 enim
2952 2998 3077 3035 caro
3102 2982 3302 3049 fenum,
3337 2994 3388 3036 et

1809 3075 1977 3128 omnis
2026 3075 2199 3145 gloria
2235 3073 2461 3127 hominis
2506 3074 2659 3143 quasi
2698 3073 2798 3141 ﬂos
2828 3073 2934 3142 feni
2962 3087 2980 3125 :
3005 3073 3148 3125 aruit
3186 3072 3384 3140 fenum,

1807 3172 1857 3218 et
1891 3165 1988 3233 ﬂos
2023 3165 2271 3218 cecidit“.
2310 3163 2524 3218 Etenim
2562 3165 2666 3219 sub
2701 3163 2786 3220 his
2838 3166 3092 3220 omnibus
3137 3167 3272 3221 adeo
3303 3165 3390 3237 iu-

1809 3253 2007 3310 cundis
2066 3255 2377 3310 communis
2424 3256 2516 3308 ille
2565 3255 2742 3308 hostis
2793 3255 3005 3318 latitat,
3062 3265 3390 3326 exspectans

1809 3347 2115 3416 ecquando,
2151 3347 2318 3402 rebus
2341 3346 2653 3415 conspectis
2680 3345 2868 3408 illecti,
2895 3362 2924 3397 a
2952 3354 3102 3400 recta
3135 3347 3389 3401 deﬂeas--

1809 3454 1932 3494 mus
1957 3439 2066 3502 via,
2095 3453 2160 3493 ac
2188 3439 2446 3508 nosipsos
2483 3438 2540 3490 in
2568 3436 2716 3490 illius
2748 3436 2978 3492 insidias
3002 3437 3385 3506 conjiciamus.

1811 3527 2123 3594 Quinetiam
2162 3517 2513 3583 metuendum
2538 3527 2695 3582 valde
2732 3537 2834 3592 est,
2871 3533 3158 3599 nequando
3179 3529 3245 3583 ad
3276 3531 3388 3585 haec

1811 3623 2038 3677 incaute
2069 3630 2445 3682 accurrentes,
2479 3636 2542 3674 ac
2570 3619 2887 3690 pert‘ruendi
2924 3623 3254 3691 voluptatem
3289 3625 3391 3675 mi-

1810 3713 1960 3768 nime
1988 3713 2210 3766 noxiam
2235 3712 2510 3776 arbitrati,
2541 3710 2744 3764 diaboli
2777 3709 2996 3763 hamum
3022 3711 3392 3781 deglutiamus

1809 3805 1865 3859 in
1915 3805 2092 3874 primo
2143 3812 2307 3875 gustu
2362 3803 2696 3858 occultatum
2733 3821 2746 3857 :
2782 3802 3002 3865 deinde,
3054 3817 3124 3856 ne
3179 3802 3248 3857 ab
3287 3803 3389 3857 hoc

1810 3896 1996 3961 tracti,
2026 3894 2225 3966 partim
2260 3895 2512 3960 libentes,
2542 3892 2744 3963 partim
2775 3893 2930 3946 inviti
2961 3893 3047 3947 his
3076 3892 3242 3948 rebus
3267 3893 3389 3946 alli-

1809 4003 2021 4058 gemur,
2055 3986 2460 4056 inscientesque
2494 3999 2524 4037 a
2553 3983 2928 4053 voluptatibus
2959 3984 3024 4038 ad
3055 3985 3389 4039 horrendum

1810 4077 2039 4133 latronis
2087 4077 2384 4148 lepitium
2424 4074 2730 4136 trahamur,
2760 4073 2827 4128 ad
2877 4081 3108 4128 mortem
3157 4074 3387 4128 scilicet.

1811 4169 1888 4242 (8)
1933 4169 2068 4224 Nam
2102 4170 2352 4235 virtutes,
2391 4183 2516 4222 cum
2548 4183 2615 4222 ex
2651 4168 2833 4222 studio
2867 4176 2921 4222 et
2949 4167 3228 4237 diligentia
3253 4183 3390 4220 t-on-

1807 4264 2116 4334 junguntur
2143 4278 2266 4316 cum
2292 4269 2508 4326 natura,
2540 4269 2727 4315 nostra
2755 4260 2890 4314 ﬁunt
2925 4261 3233 4331 possessio,
3259 4275 3393 4315 nos-

123 4369 374 4440 ἡμέτερα
417 4371 668 4440 κτήματα
703 4371 934 4438 γίνεται,
988 4372 1082 4424 καὶ
1126 4370 1250 4424 οῦτε
1307 4372 1400 4424 ἐπὶ
1450 4371 1555 4441 γῆς
1611 4388 1704 4442 μο-

1814 4373 1922 4427 que
1972 4371 2073 4411 nec
2107 4355 2164 4409 in
2203 4363 2350 4409 terra
2385 4353 2698 4410 laborantes
2743 4354 2996 4409 deserere
3031 4354 3240 4418 volunt,
3281 4352 3390 4406 nisi

124 4459 390 4530 χθοῦντας
423 4461 569 4531 ἡμᾶς
600 4461 997 4532 ἀπολιμπάνειν
1040 4462 1312 4516 ἐθέλουσιν
1345 4462 1432 4533 (ἣν
1475 4461 1548 4533 μὴ
1576 4462 1704 4533 πρὸς

1814 4465 1908 4505 eas
1932 4465 2028 4518 per
2048 4448 2158 4502 vim
2203 4447 2346 4501 ultro
2377 4445 2749 4516 fugaverimus
2777 4444 2926 4499 vitiis
2958 4443 3307 4509 introductis,
3337 4449 3393 4496 et

127 4553 251 4623 βίαν
279 4553 450 4617 αὐτὰς
474 4553 688 4617 ἑκόντες
712 4553 1098 4626 άποδιώξωμεν
1131 4557 1252 4618 ταῖς
1283 4556 1394 4608 τῶν
1453 4555 1710 4626 χειρόνων

126 4643 517 4712 ἐπαγωγαῖς),
569 4643 747 4696 ἐκεῖσέ
790 4659 850 4695 τε
904 4642 1275 4713 ἐπειγομένων
1323 4642 1707 4713 προτρέχουσι,

128 4732 223 4786 καὶ
281 4735 395 4794 τοῖς
443 4732 696 4801 ἀγγέλοις
750 4734 876 4796 τοὺς
921 4734 1300 4805 κτησαμένους
1356 4733 1708 4799 συνάπτουσι,

126 4823 222 4875 καὶ
276 4822 550 4893 λάμπουσι
598 4823 665 4876 δι’
704 4822 900 4886 αἰῶνος
955 4823 1059 4876 ὑπὸ
1113 4825 1226 4886 τοῖς
1275 4821 1370 4875 τοῦ
1429 4821 1712 4886 κτίσαντος

125 4913 444 4984 ὀφθαλμοῖς.
471 4913 708 4977 Πλοῦτος
748 4915 825 4981 δὲ,
859 4914 954 4968 καὶ
994 4914 1299 4978 δυναστεία,
1338 4913 1434 4967 καὶ
1471 4912 1709 4984 περιφά-

126 5025 269 5075 νεια,
307 5009 400 5061 xai
427 5007 630 5079 τρυφὴ,
676 5009 772 5062 καὶ
826 5007 936 5072 πᾶς
981 5010 1009 5061 ό
1052 5006 1292 5072 τοιοῦτος
1324 5006 1500 5078 ὄχλος,
1531 5008 1560 5059 ὁ
1586 5004 1708 5059 καθ’

238 5163 388 5218 Psal.
421 5179 535 5230 ιιι,
574 5164 633 5217 il
648 5204 661 5218 .

199 5318 280 5386 (Ι)
308 5318 543 5371 Πᾶσαν.
599 5317 754 5372 Hanc
783 5333 973 5372 vocem
1023 5316 1202 5372 addidi
1253 5333 1321 5372 ex
1357 5325 1614 5373 contextu
1658 5325 1712 5371 et

128 5390 326 5442 codice
358 5387 530 5458 Regio
577 5389 735 5450 1999.,
787 5404 897 5458 quo
929 5390 1228 5456 sa’pissime
1273 5401 1511 5444 utemur.
1561 5389 1714 5442 Alter

129 5459 302 5521 enim,
340 5461 432 5526 qui
465 5467 549 5511 est
590 5458 745 5520 1910,
788 5475 894 5512 non
927 5474 1122 5527 magno
1152 5460 1277 5512 usui
1310 5458 1429 5512 fuit.

204 5530 282 5599 (2)
309 5530 715 5650 ίΠροτείνοιτο.
737 5528 816 5583 lta
845 5529 967 5584 cod.
990 5526 1126 5601 Reg.
1151 5537 1206 5584 et
1233 5536 1541 5584 contextus.
1570 5526 1713 5582 Editi

204 5615 303 5650 ποτε
329 5616 428 5650 νοι.

133 5615 428 5652 ποοτεινοι.

179 5619 785 5738 ρῗῒξῐιέῒδιψαστεῖαι.
824 5669 1025 5723 Vocula
1059 5667 1241 5723 addita
1274 5683 1338 5723 ex
1373 5675 1630 5723 contextu
1657 5675 1710 5721 et

138 5751 372 5810 utroque
418 5741 622 5796 codice.
659 5742 784 5796 Mox
830 5747 1114 5796 contextus
1159 5741 1238 5804 εἰς
1275 5738 1514 5792 δουλείαν
1551 5738 1708 5792 ἐκού-

737 5163 760 5195 ⁸
782 5162 1022 5234 Philipp.
1054 5179 1138 5228 ιιι,
1173 5163 1266 5219 20.
1341 5161 1362 5194 ⁶
1386 5161 1564 5217 Eccle.
1594 5177 1632 5227 ι,
1665 5161 1722 5216 2.

1813 4540 1881 4595 ad
1918 4538 2158 4593 futuram
2199 4539 2368 4592 vitam
2402 4536 2725 4592 festinantes
2754 4540 3120 4604 praecurrunt,
3146 4541 3199 4585 et
3226 4531 3394 4585 collo-

1810 4639 1938 4688 cant
1967 4635 2112 4686 inter
2144 4631 2369 4700 angelos
2398 4645 2558 4684 suum
2591 4641 2991 4700 possessorem,
3028 4636 3082 4680 et
3127 4625 3229 4679 sub
3261 4638 3393 4677 con-

1811 4724 2006 4780 ditoris
2048 4723 2226 4779 oculis
2282 4729 2548 4777 aeternum
2596 4720 2824 4789 fulgent.
2876 4717 3091 4776 Divitiae
3139 4731 3290 4780 vero,
3341 4723 3394 4770 et

1815 4823 2155 4888 potentatus,
2185 4821 2240 4869 et
2271 4813 2563 4877 claritudo,
2603 4823 2659 4868 et
2690 4813 2921 4877 delicize,
2943 4821 2996 4865 et
3029 4811 3208 4865 omnis
3242 4809 3391 4879 ejus-

1816 4909 1965 4964 modi
1994 4909 2153 4964 turba
2185 4907 2430 4978 quotidie
2458 4923 2555 4978 per
2592 4915 2839 4962 nostram
2884 4904 3251 4976 insipientiam
3296 4917 3396 4956 au-

1816 5019 2068 5078 gescens,
2097 5018 2275 5073 neque
2305 5000 2552 5055 introivit
2580 4999 2868 5054 nobiscum
2905 4998 2960 5052 in
2998 4998 3183 5064 vitam,
3219 5010 3396 5066 neque

1795 5162 1816 5193 ⁷
1841 5159 2014 5215 Eccli.
2049 5173 2164 5224 χιιι,
2194 5157 2250 5211 2.
2327 5156 2350 5188 ⁸
2373 5159 2482 5213 Isa.
2514 5171 2602 5220 ιι,
2634 5156 2687 5211 6.

1821 5333 1956 5377 σιον,
1981 5315 2222 5369 servituti
2251 5313 2565 5367 voluntaria:
2591 5310 2892 5379 subjiciens.

1897 5383 2369 5457 (4)}Ho’ze._Minus_
2379 5393 2523 5457 recte
2537 5378 2870 5438 recentiores
2889 5380 3154 5457 editiones
3180 5378 3233 5430 εἴ
3246 5393 3392 5431 ποτε.

1890 5451 2312 5528 (ὅγριαςῗόλου.
2351 5453 2528 5528 Minus
2559 5461 2702 5528 recte
2739 5461 3028 5528 cantemus
3059 5451 3229 5503 δόλου.

1889 5521 1967 5596 (6)
1999 5526 2074 5579 Ex
2108 5525 2298 5578 homil.
2329 5541 2441 5589 xw,
2477 5526 2539 5596 in
2557 5523 2809 5596 ebriosos,
2840 5521 2962 5576 122.

1891 5585 1966 5668 (7)
2006 5596 2083 5651 Ex
2119 5596 2304 5668 homil‘.
2333 5585 2457 5668 λιιι,
2506 5593 2657 5660 Quod
2702 5592 2855 5647 rebus
2898 5591 3178 5646 mundanis
3215 5585 3398 5644 adha-

1819 5665 2037 5724 renditm
2067 5682 2172 5719 non
2195 5667 2286 5726 sit,
2325 5665 2444 5719 165.

1888 5739 1964 5812 (8)
1999 5737 2158 5804 lbid.,
2194 5736 2344 5802 Quod
2384 5736 2554 5806 rebus,
2580 5743 2712 5800 etc.,
2750 5733 2871 5789 167.
