3840 6226
459 306 594 362 ιιιθ

1360 303 1721 359 APPENDlX.
1750 334 1820 344 —
1859 300 2203 360 SYMEONIS
2237 297 2801 357 METAPHRASTIE.

3588 296 3745 351 “20

455 436 578 472 cunt
609 418 732 474 ullis
755 431 994 487 unquam
1017 417 1151 471 abiit
1183 435 1195 470 :
1231 415 1326 471 sed
1361 420 1414 471 in
1449 433 1779 489 unoquoque
1809 417 2031 472 homine
2056 458 2069 488 Α

2173 416 2345 488 μέραν
2377 417 2441 469 ὲκ
2481 416 2581 487 τῆς
2629 415 2904 486 ἡμετέρας
2947 413 3132 477 ἀνοίας
3175 413 3573 485 αὐξανόμενος,
3609 412 3743 467 οὔτε

459 512 623 562 fixum
664 516 718 560 et
747 515 923 560 ratum
963 513 1167 569 manet,
1207 505 1353 576 quod
1404 508 1535 561 olim
1583 524 1613 562 a
1649 508 1801 577 justo
1831 507 2036 563 dictum

455 606 541 652 est
575 616 588 651 :
621 595 813 651 Nudus
844 612 1082 666 egressus
1112 613 1230 650 sunt
1259 612 1324 650 ea:
1352 607 1502 651 utero
1537 599 1726 653 matris
1754 614 1902 660 metu,
1941 613 2039 651 nu-

454 692 555 745 dus
596 691 757 745 etiam
809 698 1041 745 revertar
1063 689 1107 744 '.
1142 688 1217 760 (l)
1252 688 1445 743 Utrum
1497 689 1666 759 igitur
1697 690 1799 744 tibi
1850 689 2038 743 utilius

457 782 850 851 temporariam
888 782 1089 853 eligere
1126 783 1487 851 voluptatem,
1515 791 1570 836 et
1604 798 1700 852 per
1725 797 1845 836 eam
1890 780 2039 834 acci-

459 886 587 941 pere
616 880 876 925 aeternam
906 880 1138 926 mortem
1178 888 1192 924 :
1217 888 1285 925 an
1320 873 1524 925 virtute
1553 872 1850 927 excolenda
1882 871 2039 927 labo-

460 977 551 1017 res
573 970 626 1016 et
652 977 927 1018 aerumnas
956 963 1233 1032 amplecti,
1277 971 1331 1017 et
1362 963 1511 1018 illius
1549 977 1653 1033 Ope
1689 963 1856 1016 vitam
1895 972 2044 1017 auer-

460 1068 586 1106 nam
618 1055 918 1123 consequi?
948 1054 1024 1125 (2)
1056 1053 1191 1107 Nam
1225 1053 1474 1123 corporis
1522 1053 1764 1124 pondera
1800 1069 1866 1108 ex
1891 1054 2043 1107 truti-

462 1163 547 1202 na:
573 1148 864 1203 momentis
885 1148 1223 1202 arstimamus
1254 1164 1267 1200 :
1296 1147 1391 1201 scd
1419 1161 1540 1216 quae
1572 1147 1626 1200 in
1653 1146 1762 1199 vita
1791 1146 2041 1216 eligenda

463 1249 615 1306 sunt,
669 1240 844 1294 libero
876 1241 1073 1294 animae
1101 1239 1334 1293 arbitrio
1377 1241 1721 1295 secernimns
1756 1257 1768 1292 :
1800 1236 1946 1310 quod
1988 1245 2044 1317 et

466 1341 726 1389 stateram
758 1331 1042 1403 Scriptura
1075 1332 1413 1392 nominavit:
1447 1332 1650 1402 quippe
1690 1332 1819 1400 quia
1857 1344 2043 1401 requa-

467 1425 573 1478 lem
599 1422 667 1476 ad
708 1432 1001 1492 utrumque
1027 1420 1188 1493 47],
1223 1421 1633 1475 inclinationem
1680 1422 1924 1490 recipere
1951 1435 2042 1490 po-

466 1522 593 1570 test.
623 1513 696 1586 (3)
728 1513 973 1584 Exempli
1006 1528 1194 1577 causa,
1242 1513 1503 1569 scortatio
1541 1520 1595 1567 et
1616 1512 1876 1581 pudicitia
1901 1510 2043 1580 apud

465 1616 521 1661 te
541 1605 878 1676 judicantur,
908 1613 963 1660 et
990 1606 1209 1660 excelsa
1250 1614 1344 1658 tua
1394 1620 1550 1660 mens
1595 1604 1869 1681 ejusmodi
1894 1604 2044 1675 judi-

467 1698 556 1751 cio
586 1697 691 1752 sibi
718 1698 1013 1752 commisso
1043 1696 1340 1767 praesidet;
1385 1704 1550 1765 atque
1580 1698 1861 1766 voluptate
1893 1711 2047 1751 scor-

2140 508 2493 581 συμπροῆλθε
2537 508 2674 579 πρὸς
2715 508 2807 559 τὸν
2861 506 2977 576 βίον
3021 507 3175 576 ἡμῖν,
3227 504 3350 559 οὔτε
3404 504 3746 574 ουναπῆλθὲ

2137 615 2312 653 τισινο
2343 598 2479 653 ἀλλὰ
2510 598 2571 651 τὸ
2597 598 2674 668 τῷ
2696 597 2891 668 δικαίῳ
2931 596 3099 669 πιξλαι
3142 595 3327 668 ῥηθὲν,
3373 597 3467 649 ἐπὶ
3523 596 3745 661 παντὸς

2138 690 2235 746 ἀνθ
2244 670 2426 762 ρῶπου
2454 691 2669 760 πέπηγε
2701 690 2795 743 καὶ
2821 678 3041 760 κρατεῗο
3068 692 3118 743 Γ
3120 689 3311 758 υμνὸς
3348 688 3638 756 ἐξῆλθον
3672 690 3744 741 ἐκ

2139 784 2370 849 κοιλίας
2408 782 2637 852 μητρός
2684 800 2824 851 μου,
2855 781 3084 851 γυμνὸς
3138 780 3235 835 καὶ
3283 781 3741 848 ἀπελεύσομαι.

2141 874 2205 927 Τί
2232 870 2326 928 οὖν
2351 891 2433 927 σοι
2466 873 2943 945 λυσιτελέστερον;
2988 873 3086 944 τὴν
3125 873 3459 945 πρόσκαιρον
3505 873 3743 926 ἑλέσθαι

2141 965 2306 1036 ζωὴν,
2339 965 2435 1019 καὶ
2459 966 2527 1019 δι’
2550 966 2721 1036 αὐτῆς
2752 967 2829 1034 (7)
2860 964 2950 1018 τὸν
2978 964 3194 1018 αἰώνιον
3232 965 3419 1018 λαϐεῖν
3461 964 3739 1022 θάνατον.

2140 1056 2298 1127 ἣτὴν
2321 1058 2380 1109 ὲν
2406 1059 2472 1127 τῇ
2504 1057 2738 1127 ἀσκήσει
2790 1056 2887 1127 τῆς
2936 1057 3138 1127 ἀρετῆς
3171 1056 3425 1126 ἑλόμενον
3474 1056 3744 1108 κακοπά-

2142 1148 2315 1211 θειαν,
2348 1146 2521 1219 ταύτῃ
2553 1146 2797 1220 προξένῳ
2826 1147 3131 1218 χρήσασθαι
3159 1147 3257 1217 τῆς
3278 1147 3501 1200 αἱωιίου
3542 1146 3737 1216 ζωῆςς

2141 1239 2224 1293 Τά
2254 1240 2352 1310 μὲν
2384 1239 2494 1311 γὰρ
2511 1238 2606 1292 τοῦ
2637 1239 2887 1310 σώματος
2915 1240 3077 1311 βάρη,
3102 1242 3224 1302 ταῖς
3252 1240 3345 1293 ἐπὶ
3388 1239 3493 1309 τῆς
3520 1239 3739 1309 τρυτά-

2142 1346 2240 1401 νης
2274 1332 2468 1400 ῥοπαῖς
2500 1328 2900 1400 δοκιμάζομεν·
2942 1330 3014 1382 τὰ
3061 1331 3119 1383 δὲ
3166 1330 3260 1383 τοῦ
3302 1330 3418 1401 βίου
3466 1330 3739 1395 ὲκλεκτὰ,

2141 1424 2222 1496 τῷ
2255 1424 2585 1494 αὑτεξουσίῳ
2612 1424 2712 1494 τῆς
2734 1424 2913 1493 ψυχῆς
2944 1423 3288 1496 διακρίνομεν
3310 1441 3322 1453 ·
3358 1424 3387 1476 ὃ
3423 1424 3526 1476 καὶ
3566 1421 3740 1492 ζυγὸν

2142 1517 2425 1588 ὠνόμασεν
2454 1518 2487 1588 ἡ
2516 1515 2728 1587 Γραφὴ,
2753 1516 2842 1568 διά
2874 1517 2935 1569 τὸ
2974 1515 3096 1586 ἴσην
3123 1515 3381 1569 δύνασθαι
3424 1515 3742 1586 λαμϐάνειν

2142 1607 2242 1679 τὴν
2266 1608 2438 1681 ῥοπὴν
2466 1609 2552 1678 ἐφ’
2582 1608 2841 1679 ἑκάτερα.
2886 1602 3011 1660 Οίόν
3044 1624 3098 1660 τι
3134 1608 3310 1675 λέγω,
3364 1609 3604 1679 πορνεία
3646 1609 3741 1660 καὶ

2148 1698 2472 1771 σωφροσύνη
2511 1699 2665 1772 παρὰ
2698 1700 2780 1752 σοὶ
2804 1699 3071 1769 κρίνεται,
3120 1699 3213 1751 καὶ
3254 1698 3458 1768 ὑψηλὸς
3487 1698 3742 1770 προκαθο

465 1789 663 1844 tatioui
696 1789 933 1854 favente,
969 1789 1134 1843 timor
1164 1789 1258 1843 Dei
1289 1789 1572 1858 suppetias
1602 1789 1751 1843 venit
1781 1789 2047 1845 castimo-

2171 1791 2328 1858 ιζεταί
2351 1808 2434 1846 σοι
2462 1793 2491 1845 6
2513 1792 2656 1856 νοῦς.
2690 1792 3125 1863 πεπιστευμένος
3148 1792 3208 1845 τὺ
3238 1791 3621 1863 δικαστήριον·
3647 1792 3744 1845 καὶ

468 1883 592 1936 nise.
626 1879 779 1946 Quod
814 1881 860 1935 si
891 1881 1150 1934 damnato
1180 1888 1425 1950 peccato,
1450 1880 1737 1934 victoriam
1767 1880 2045 1950 pudicitia;

467 1968 710 2031 dederis,
738 1972 801 2031 de
834 1986 891 2024 re
911 1971 1238 2024 sententiam
1266 1977 1473 2024 rectam
1505 1970 1714 2036 tulisti;
1746 1971 1831 2025 sin
1863 1978 2043 2025 autem

470 2060 539 2116 ad
573 2061 906 2130 voluptatem
938 2061 1234 2124 inclinans,
1271 2061 1667 2130 prteferendum
1697 2076 1820 2115 esse
1854 2073 2047 2130 pecca-

470 2160 587 2206 tum
637 2153 982 2221 pronunties,
1035 2152 1318 2220 ubliquunt
1371 2151 1546 2207 fecisti
1599 2152 1890 2215 judicium,
1944 2152 2045 2207 ob-

471 2243 673 2297 noxius
710 2243 888 2297 factus
916 2242 1284 2297 exsecrationi
1316 2242 1460 2310 ejus,
1489 2243 1580 2311 qui
1607 2243 1745 2296 dixit
1773 2262 1786 2297 :
1823 2242 1932 2306 Vae,
1959 2243 2049 2312 qui

470 2334 649 2387 dicitis
679 2350 925 2387 amarum
958 2334 1132 2399 dulce,
1159 2342 1208 2387 et
1238 2332 1390 2387 dulce
1432 2349 1678 2386 amarum
1697 2350 1716 2387 :
1743 2335 1831 2404 qui
1865 2333 2049 2388 dicitis

470 2427 640 2479 lucem
693 2425 953 2492 tenebras,
1003 2434 1055 2479 et
1105 2425 1342 2479 tenebras
1391 2424 1558 2478 lucem
1598 2425 1660 2478 “'.
1697 2425 1773 2496 (ι)
1820 2425 2050 2491 Quando

471 2516 639 2586 igitur
670 2515 899 2587 singula:
922 2518 1153 2571 virtutes
1182 2532 1308 2569 cum
1341 2516 1577 2586 singulis
1612 2517 1760 2572 vitiis
1780 2517 2049 2587 judicium

474 2608 734 2671 subeunt,
786 2615 916 2662 tunc
962 2608 1295 2679 judiciorum
1345 2608 1727 2663 rectitudinem
1778 2611 2052 2665 ostendito

475 2699 532 2754 in
579 2701 797 2754 occulto
844 2701 1038 2754 anima:
1091 2709 1202 2753 tuae
1257 2699 1553 2765 tribunali,
1612 2712 2053 2773 praeceptumque

474 2789 634 2860 quasi
681 2806 1017 2845 assessorem
1074 2791 1340 2847 adhibens
1371 2792 1492 2857 tibi,
1543 2793 1728 2848 odium
1765 2795 1820 2849 in
1862 2796 2053 2864 nequi-

475 2885 610 2936 tiam
661 2891 813 2938 tnum
851 2892 1310 2950 commonstrato,
1350 2900 1617 2942 aversans
1648 2896 1899 2957 peccata,
1942 2888 2055 2940 vir.

479 2986 625 3032 tutes
653 2976 968 3047 praeferens.
999 2974 1056 3031 Si
1089 2977 1235 3031 enim
1270 2976 1407 3032 facis
1437 2986 1497 3032 ut
1527 2980 1582 3032 in
1623 2979 1850 3050 singulis
1883 2981 2052 3035 actio-

478 3071 642 3125 nibus
677 3071 895 3123 vincaut
934 3069 1074 3139 apud
1123 3078 1176 3124 te
1221 3069 1469 3134 meliora,
1506 3072 1697 3125 beatus
1737 3071 1848 3126 eris
1879 3068 1945 3124 In
1971 3071 2057 3125 die

2149 1886 2182 1955 ή
2216 1884 2314 1953 μὲν
2345 1883 2506 1955 ἡδονὴ
2541 1885 2832 1955 συνηγορεϊ
2870 1885 2936 1954 τῇ
2994 1882 3239 1954 πορνείᾳ.
3282 1883 3310 1934 6
3338 1881 3396 1934 δὲ
3432 1881 3605 1950 φόϐος
3648 1881 3743 1934 τοῦ

2149 1974 2285 2029 Θεοῦ
2312 1978 2379 2047 τῇ
2408 1975 2731 2046 σωφροσύνῃ
2761 1975 3093 2029 συνίσταται.
3150 1972 3276 2026 Ἐἀν
3308 1973 3409 2043 μὲν
3438 1968 3539 2026 οὖν
3570 1990 3749 2026 κειται

2146 2067 2380 2140 δικάσῃς
2411 2065 2509 2137 τὴν
2542 2065 2838 2138 ἁμαρτίαν,
2875 2065 2982 2135 δῷς
3025 2064 3082 2118 δὲ
3118 2064 3337 2133 νικῆσαι
3378 2064 3480 2133 τὴν
3527 2080 3747 2133 σωφρο-

2153 2158 2341 2230 σύνην,
2373 2158 2586 2211 εὐθεῖαν
2616 2159 2857 2229 ἐποιήσω
2894 2157 2993 2227 τὴν
3037 2156 3217 2227 κρίσιν
3249 2156 3343 2208 τοῦ
3374 2157 3742 2226 πράγματος·

2153 2249 2246 2304 ὲάν
2276 2250 2334 2304 δὲ
2357 2253 2423 2321 τῇ
2454 2250 2615 2322 ἡδονῇ
2644 2249 2769 2312 δοὺς
2805 2248 2904 2317 τὴν
2937 2247 3129 2320 ῥοπὴν,
3165 2248 3573 2317 προτιμοτέραν
3608 2247 3746 2299 ἀπο-

2155 2344 2328 2413 φήνῃς
2376 2341 2476 2413 τὴν
2529 2340 2826 2412 ἁμαρτίαν,
2878 2338 3090 2392 σκολιὸν
3134 2338 3373 2408 ἐποιήσω
3421 2337 3483 2389 τὸ
3543 2339 3745 2408 κρῖμα.

2154 2431 2409 2495 ὑπόδικος
2443 2431 2735 2501 γενόμενος
2772 2432 2839 2501 τῇ
2879 2430 2988 2499 ἀρᾷ
3024 2427 3120 2481 τοῦ
3154 2427 3434 2491 εἰπόντος·
3476 2428 3653 2490 οὐαὶ,
3694 2430 3747 2480 οι

2154 2524 2435 2595 λέγοντες
2461 2524 2527 2577 τὸ
2558 2523 2775 2592 πικρὸν
2804 2521 3019 2593 γλυκὺ,
3052 2520 3153 2574 καὶ
3180 2519 3247 2573 τὸ
3275 2520 3471 2588 γλυκὺ
3499 2520 3743 2585 πικρόν*

2154 2621 2209 2671 ot
2227 2617 2505 2685 λέγοντες
2536 2615 2603 2668 τὸ
2646 2613 2772 2684 φῶς
2799 2614 3045 2679 σκότος.
3089 2613 3190 2665 καὶ
3229 2611 3296 2664 τὸ
3342 2612 3568 2676 σκότος
3593 2606 3742 2677 φῶς.

2169 2709 2321 2761 Ἐπεὶ
2349 2702 2441 2760 οὖν
2468 2708 2617 2759 πᾶσα
2642 2705 2813 2778 ἀρετὴ
2839 2705 2976 2777 πρὸς
3005 2706 3186 2757 πᾶσαν
3217 2702 3417 2756 κακίαν
3436 2700 3747 2762 διαδικάζε-

2156 2814 2270 2860 ται,
2309 2796 2430 2849 τότε
2459 2794 2522 2867 δὴ
2548 2794 2810 2859 ἐπίδειξαι
2841 2793 2938 2864 τὴν
2986 2792 3261 2864 εὐθύτητα
3297 2792 3406 2844 τῶν
3454 2789 3746 2861 κριμάτων

2159 2891 2216 2941 ὲν
2248 2886 2324 2957 τῷ
2351 2884 2578 2961 κρυπτῷ
2611 2902 2703 2938 σου
2743 2887 2842 2955 τῆς
2875 2883 3054 2955 ψυχῆς
3098 2881 3387 2954 κριτηρίῳ,
3450 2880 3548 2933 καὶ
3583 2878 3745 2932 οἱονεὶ

2161 2979 2432 3050 πάρεδρον
2460 2976 2673 3048 σεαυτῷ
2710 2976 2810 3046 τὴν
2849 2973 3067 3045 ἐντολὴν
3128 2974 3524 3043 ποιησάμενος,
3572 2970 3745 3035 δεῖξον

2159 3071 2221 3124 τὸ
2249 3069 2634 3142 μισοπόνηρον,
2665 3065 3141 3140 ἀποστρεφόμενος
3172 3065 3272 3135 μὲν
3312 3065 3409 3127 τὰς
3444 3063 3741 3134 ἁμαρτίας,

481 3161 599 3221 illa,
625 3176 746 3213 cum
764 3158 1031 3229 judicabit
1060 3157 1315 3213 Dominus
1349 3158 1556 3212 occulta
1582 3158 1848 3212 hominum
1877 3176 2060 3214 secun-

2171 3160 2479 3232 ὑπερτιμῶν
2519 3160 2578 3213 δὲ
2621 3159 2722 3222 τὰς
2759 3157 2976 3230 ἀρετάς.
3031 3157 3157 3211 Ἐὰν
3211 3155 3322 3227 γὰρ
3371 3157 3458 3222 ἐφ’
3507 3155 3741 3221 ἑκάστης

478 3252 609 3305 dum
641 3252 963 3320 evangelium
994 3261 1233 3306 nostrum
1259 3252 1336 3319 ¹¹;
1368 3260 1444 3314 et,
1471 3250 1894 3318 Cogitationibut
1926 3254 2061 3307 inter

483 3360 537 3397 se
560 3353 609 3396 et
635 3342 1028 3402 accusantibus,
1064 3350 1155 3394 aut
1184 3349 1235 3395 et
1277 3339 1672 3411 defendentibus
1698 3341 1762 3404 ¹²,
1805 3356 1914 3394 non
1968 3343 2063 3396 ab-

482 3433 590 3491 ibis
636 3433 1030 3488 condemnatus
1063 3436 1205 3502 qttod
1242 3431 1309 3486 ad
1345 3432 1489 3485 mala
1530 3432 1882 3487 inclinaveris
1914 3451 1928 3487 :
1968 3433 2063 3489 sed

479 3525 710 3596 justiti-.1:
753 3525 973 3579 coronis
1013 3523 1377 3587 honorabere,
1432 3522 1631 3592 quibus
1666 3524 1919 3577 virtutem
1969 3539 2064 3592 per

484 3631 700 3672 onmem
727 3622 872 3669 tuam
900 3614 1065 3668 vitam
1089 3614 1458 3670 coronaveris.
1488 3612 1564 3685 (5)
1598 3611 2063 3679 Quemadmodum

483 3709 630 3764 enim
654 3708 971 3779 sagittarius
997 3708 1241 3778 jaculum
1273 3707 1341 3762 ad
1377 3722 1605 3778 scopum
1635 3706 1847 3778 dirigit,
1889 3709 1935 3762 si
1969 3722 2065 3762 ne-

483 3814 593 3869 que
642 3798 934 3861 excedens,
977 3812 1157 3866 neque
1201 3796 1484 3861 deﬁciens,
1542 3812 1721 3867 neque
1765 3796 1822 3851 in
1863 3798 2066 3853 alteru-

488 3901 630 3946 tram
665 3903 873 3960 partem
903 3889 1184 3945 declinans
1213 3890 1434 3944 aberrat
1465 3907 1479 3943 :
1513 3888 1596 3943 sic
1616 3889 1783 3958 judex
1810 3887 1970 3944 debet
1996 3890 2065 3944 ad

488 3981 544 4035 id
587 3983 731 4051 quod
775 3980 987 4050 justum
1044 3989 1130 4036 est
1179 3981 1498 4045 collineare,
1555 3997 1657 4035 nec
1708 3997 2065 4051 personarum

487 4072 696 4127 habens
726 4074 990 4127 rationem
1027 4070 1344 4142 (Personam
1376 4073 1518 4126 enim
1551 4071 1604 4125 in
1631 4072 1836 4141 judicio
1869 4090 2067 4144 cogno-

486 4180 631 4217 scere
662 4162 855 4217 bonum
893 4173 1100 4218 nonest
1128 4163 1218 4234 u),
1266 4179 1443 4234 neque
1473 4165 1838 4234 propensione
1874 4179 2065 4235 agens,

484 4256 584 4310 sed
628 4264 835 4311 rectam
885 4256 1222 4325 minimeque
1273 4256 1564 4310 distortum
1612 4256 1793 4312 ferens
1848 4267 2069 4312 senten-

487 4349 644 4402 tiam.
675 4347 742 4403 Et
771 4363 896 4403 cum
923 4347 1034 4402 duo
1058 4349 1126 4401 ab
1153 4348 1273 4418 ipso
1294 4347 1629 4418 judicenlur,
1662 4365 1896 4419 quorum
1931 4351 2068 4405 alter

487 4441 612 4509 plus
642 4455 817 4509 :equo,
845 4440 983 4494 alter
1026 4438 1210 4493 minus
1242 4439 1460 4504 habeat,
1494 4439 1654 4494 debet
1681 4439 1847 4510 judex
1874 4440 2065 4495 ambos

488 4532 634 4586 inter
676 4547 734 4586 se
766 4546 1072 4601 exaequare,
1111 4539 1165 4586 et
1212 4537 1426 4585 tantum
1476 4530 1657 4586 aufert
1704 4532 1756 4587 ei
1800 4532 1895 4602 qui
1943 4532 2064 4602 plus

488 4623 625 4678 satis
649 4623 832 4687 habet,
860 4632 1123 4693 quantum
1147 4624 1196 4678 ei
1221 4624 1313 4693 qui
1340 4623 1596 4693 injuriam
1621 4625 1850 4693 accepit,
1874 4625 2066 4680 deesse

490 4715 867 4784 deprehendit.

2162 3252 2415 3325 πράξεως
2446 3253 2602 3323 νικᾷν
2638 3252 2872 3322 ποιήσῃς
2899 3248 3054 3321 παρὰ
3086 3249 3168 3301 σοὶ
3213 3248 3283 3301 τὰ
3328 3245 3600 3315 βελτίονα,
3645 3263 3743 3314 μαο

2162 3347 2350 3415 κάριος
2390 3343 2490 3416 ἔσῃ
2529 3343 2630 3396 Ἐν
2670 3341 2746 3410 τῇ
2778 3339 2969 3409 ἡμέρᾳ
3012 3339 3233 3406 ἐκείνῃ,
3280 3337 3428 3390 ὅταν
3478 3337 3659 3404 κρίνῃ
3711 3340 3742 3389 ό

2165 3435 2307 3502 Θεὸς
2335 3435 2407 3489 τὰ
2440 3433 2678 3502 κρυπτὰ
2713 3429 2834 3486 τῶν
2852 3429 3177 3498 ἀνθρώπων
3206 3428 3358 3482 κατὰ
3382 3429 3450 3481 τὸ
3487 3426 3743 3496 Eii-arre-

2162 3530 2298 3582 λιον
2318 3524 2514 3596 ήμῶνο
2548 3524 2663 3589 καὶ,
2687 3521 2928 3586 Μεταξὺ
2968 3518 3259 3585 ἀλλήλων
3282 3517 3404 3571 τῶν
3438 3515 3739 3587 λογισμῶν

2164 3617 2673 3687 κατηγορούντων,
2699 3614 2737 3684 ἢ
2765 3613 2863 3667 καί
2888 3609 3419 3681 ἀπολογουμένων,
3449 3611 3552 3662 οὐκ
3580 3609 3736 3679 ἀπέρ-

2164 3727 2234 3781 χῃ
2273 3705 2797 3778 καταδεδικασμένος
2823 3705 2911 3759 διὰ
2946 3702 3045 3775 τὴν
3072 3701 3209 3774 πρὸς
3235 3700 3306 3754 τὰ
3338 3700 3522 3769 φαῦλα
3554 3700 3736 3771 ῥοπὴν,

2165 3799 2303 3853 ἀλλά
2328 3801 2442 3863 τοῖς
2467 3798 2569 3868 τῆς
2595 3795 2944 3866 δικαιοσύνης
2986 3792 3264 3865 τιμηθήσῃ
3308 3792 3618 3861 στεφάνοις,
3665 3786 3740 3853 οἷς

2167 3896 2320 3967 ποιρά
2353 3895 2533 3949 πάντα
2558 3909 2660 3948 σου
2690 3893 2781 3947 τὸν
2804 3890 2919 3963 βίον
2961 3888 3060 3960 τὴν
3110 3887 3314 3959 ἀρετὴν
3341 3887 3739 3955 ἐστεφάνωσας.

2167 3989 2378 4059 Ὠσπερ
2408 3986 2516 4058 γὰρ
2545 3987 2574 4038 ὁ
2596 3985 2819 4053 τοξότης
2848 3982 2984 4055 πρὸς
3016 3980 3108 4034 τὸν
3142 3978 3345 4031 σκοπὸν
3366 3977 3661 4031 ἀπευθύνει
3686 3977 3743 4028 τὸ

2168 4079 2344 4149 βέλος,
2378 4076 2503 4130 οὕτε
2550 4074 2896 4147 ὑπερϐολαῖς,
2939 4071 3062 4125 οὔτε
3091 4070 3416 4140 ἐλλείψεσιν,
3466 4066 3591 4121 οὗτε
3630 4071 3742 4129 ταῖς

2167 4173 2250 4239 ἐφ’
2280 4170 2515 4241 ἑκάτερα
2560 4167 2939 4238 παρατροπαῖς
2981 4161 3312 4217 ἀποπλανῷν
3357 4160 3457 4231 τὴν
3499 4158 3738 4225 τοξείανο

2166 4263 2337 4326 οὕτως
2365 4264 2394 4314 6
2427 4259 2619 4333 κριτὴς
2644 4256 2963 4327 ὀφείλειτοῦ
2989 4254 3199 4309 δικαίου
3227 4249 3739 4321 καταστοχάζεσθαι,

2166 4354 2291 4409 οὔτε
2316 4353 2581 4425 πρόσωπα
2606 4350 2898 4421 λαμϐάνων
2931 4345 3266 4419 (Γνωρίζειν
3288 4347 3401 4413 γὰρ
3428 4345 3746 4411 πρόσωπον

2167 4446 2237 4499 ἐν
2273 4444 2467 4511 κρίσει
2505 4445 2577 4497 οὐ
2626 4441 2861 4507 καλὸν),
2902 4438 3025 4492 οὔτε
3086 4437 3257 4491 ποιῶν
3303 4435 3447 4489 κατά
3491 4433 3743 4505 πρόσκλι-

2171 4553 2255 4590 σιν
2293 4535 2390 4605 (8),
2439 4532 2553 4587 ἀλλ’
2587 4532 2803 4595 εὐθείας
2830 4532 2925 4584 καὶ
2953 4527 3348 4598 ἀδιαστρόφους
3377 4526 3629 4597 ἐκφέρων
3650 4523 3745 4587 τὰς

2170 4627 2399 4698 κρίσεις.
2449 4625 2562 4678 Καὶ
2610 4623 2703 4676 δύο
2753 4622 3087 4694 κρινομένων
3134 4620 3265 4691 παρ’
3321 4616 3502 4688 αὑτῷ,
3550 4615 3643 4669 τοῦ
3684 4632 3742 4669 τε

2173 4716 2639 4780 πλεονεκτοῦντος,
2676 4715 2771 4767 καὶ
2810 4711 2906 4766 τοῦ
2930 4712 2991 4765 τὸ
3021 4711 3240 4765 ἔλαττον
3276 4709 3513 4780 ἔχοντος,
3550 4704 3740 4774 ὀφείλει

490 4809 653 4872 αὐτὸς
678 4808 928 4862 ἵστασθαι
959 4807 1232 4862 ὲπανισῷν
1286 4809 1483 4872 αὐτοὺς
1545 4808 1681 4881 πρὸς
1717 4807 1997 4880 ἀλλήλους,
2052 4811 2146 4863 καὶ
2178 4811 2432 4865 τοσοῦτον
2471 4807 2721 4881 ἀφαιρῶν
2778 4805 2872 4860 τοῦ
2915 4803 3291 4876 ὑπερέχοντος,
3344 4802 3468 4856 ὖσον
3506 4796 3739 4854 ἐλαττού-

494 4915 654 4970 μενον
693 4898 939 4969 εὑρίσκει
969 4899 1062 4952 τὸν
1094 4898 1465 4970 ἀδικούμενον.

560 4993 617 5048 5.
659 4993 734 5064 (6)
764 4992 900 5047 Nam
934 4995 1310 5064 possessiones
1355 4993 1578 5062 reliquae
1617 5008 1725 5046 non
1768 4976 1900 5047 sunt
1939 5007 2066 5062 pos-

493 5099 771 5141 sessorum
806 5084 978 5155 magis
1007 5100 1171 5155 quam
1213 5084 1588 5155 quorumlibet
1621 5097 1716 5138 cas
1760 5082 2065 5152 adipiscen-

584 5237 730 5295 ’Job
780 5255 820 5305 ι,
848 5239 939 5295 2i.
1018 5240 1062 5272 ¹⁰
1086 5240 1193 5297 lsa.
1230 5257 1282 5303 v,
1313 5240 1407 5295 ‘20.
1486 5242 1527 5273 “
1551 5239 1710 5296 Rom.
1744 5254 1809 5305 ιι,
1839 5238 1926 5294 l0.

672 5392 968 5475 _ltomil.
1002 5395 1055 5448 iu
1081 5410 1161 5464 ps.
1206 5412 1317 5461 ut,
1351 5395 1463 5452 l97.

565 5465 649 5672 Et):
672 5462 976 5657 E‘ighomil.
1010 5537 1064 5590 in
1091 5537 1319 5607 princip.
1357 5535 1629 5603 Proverb.,
1666 5534 1787 5590 l06.

572 5673 645 5738 (5)
678 5673 810 5728 Ibid.
852 5674 966 5729 105.

2242 4990 2295 5043 5.
2343 4987 2427 5041 Τά
2466 4986 2564 5057 μὲν
2612 4986 2723 5057 γάρ
2773 4985 2908 5040 ἄλλα
2940 4984 3049 5037 τῶν
3083 4982 3398 5055 κτημάτων,
3448 4983 3509 5035 οὑ
3552 4982 3739 5053 μᾶλλον

2170 5078 2279 5134 τῶν
2329 5080 2560 5151 ἐχόντων
2611 5076 2646 5149 ἢ
2697 5078 2792 5131 καὶ
2848 5073 3155 5129 οὑτινοσοῦν
3210 5071 3319 5127 τῶν
3386 5074 3738 5143 ἐπιτυχόντων

2023 5239 2068 5271 ¹²
2094 5236 2229 5292 ibid.
2266 5235 2357 5290 15.
2434 5233 2478 5266 ¹³
2503 5231 2664 5287 Prov.
2701 5247 2850 5299 xstv,
2882 5229 2974 5285 23.

2243 5390 2321 5462 (6)
2349 5387 2431 5462 Ex,
2461 5403 2628 5462 Serm.
2665 5385 3001 5462 D_e_tegendis
3041 5384 3189 5462 libris
3222 5383 3669 5462 gentiimm,_ii7.

2244 5453 2435 5533 (7)44?
2456 5457 2667 5527 αὐτῆς.
2704 5457 2796 5533 Sic
2821 5453 3045 5533 uterque
3073 5453 3267 5533 eodeni:
3302 5453 3446 5509 Editi
3471 5454 3535 5508 δι’
3559 5455 3728 5524 αὐτὴν.

2174 5525 2310 5587 Μόί
2334 5531 2386 5584 ἰη
2424 5525 2678 5583 contextu
2708 5528 2824 5599 τῆς
2837 5525 3058 5599 αἰωνίου
3082 5526 3314 5595 τρυφῆς.

2247 5599 2324 5672 (8)
2364 5593 2771 5672 Πρροςκλιονιιν.⁷
2792 5595 2884 5650 Sic
2918 5596 2979 5672 in
3011 5593 3451 5672 contesttrrecte
3489 5593 3725 5672 emenda-

2179 5665 2290 5727 tum
2306 5665 2416 5726 est.
2435 5668 2573 5723 Editi
2596 5666 2909 5736 πρόκλησιν.
2935 5666 3176 5724 Uterque
3198 5665 3367 5720 codex
3395 5665 3723 5730 πρόσκλησιν.
