3840 6226
122 263 152 317 1
179 263 283 317 In“
1144 256 1379 311 SERMO
1417 256 1455 310 l.
1497 287 1568 296 ——
1609 254 1745 311 DE‘

1849 251 2039 309 TUTE
2077 250 2164 308 ET
2207 250 2414 306 VlTlO.
3294 254 3433 308 ιιεε

124 379 315 432 ἐστὶν
362 379 552 449 ὥσπερ
589 378 645 429 ἐν
673 377 860 447 παιδιᾷ
896 374 1097 436 κύϐων,
1143 375 1270 446 τῇδε
1307 376 1530 428 κάκεῖσε
1571 391 1739 446 μετα-

1849 374 2015 435 tium,
2039 370 2242 440 quippe
2275 385 2399 425 cum
2434 369 2582 423 velut
2614 369 2666 422 in
2703 376 3037 424 tesserarum
3081 366 3212 421 ludo
3243 366 3350 423 huc
3379 379 3433 423 et

126 469 494 539 ϐαλλόμεναα
542 469 679 538 μόνη
716 467 773 520 δὲ
818 466 1111 538 κτημάτων
1145 468 1178 536 ή
1223 466 1390 536 ἁρετὴ
1448 466 1744 536 ἀναφαίρε-

1849 464 1978 517 illuc
2026 463 2452 517 transferantur.
2498 460 2688 516 Virtus
2731 469 2914 515 autem
2950 475 3019 515 ex
3059 461 3432 531 possessioni-

129 577 284 622 τον,
353 559 450 612 καὶ
502 559 666 624 ζῶντι
724 558 822 611 καὶ
883 557 1271 625 τελευτήσαντι
1329 554 1741 627 παραμένουσι.

129 652 322 707 ὀθεν
345 637 411 723 δὴ
432 653 526 706 καὶ
559 651 735 705 Σόλων
770 668 861 723 μοι
887 652 1035 704 δοκεῖ
1060 649 1196 721 πρὸς
1222 649 1349 711 τοὺς
1377 648 1643 720 εὐπόρους
1668 650 1747 702 εἰ-

132 747 282 798 πεῖν
305 743 389 808 τὸ,

591 852 785 923 Ἡμεῖς
809 851 1016 917 αὐτοῖς
1038 854 1109 906 οὐ
1137 851 1568 923 διαμειψόμεθα

137 924 272 993 Τῆς
296 923 521 992 ἀρετῆς
552 919 662 978 τὸνἰ
705 924 1006 978 πλοῦτον·
1039 922 1167 976 ἐπεὶ
1200 919 1268 976 τὸ
1310 925 1430 991 μὲν
1482 919 1747 1044 enimio?

255 1063 541 1132 Χρήματα
570 1061 624 1114 δ’
648 1061 975 1131 ἀνθρώπων
1002 1061 1225 1116 ἄλλοτε
1256 1061 1452 1128 ἄλλος
1475 989 1742 1131 ἔχείῗῑὶεὶ,

135 1178 243 1231 Διὸ
283 1178 485 1247 ἀρετῆς
541 1178 669 1247 ὑμῖν
709 1176 1092 1247 ἐπιμελητέον,
1145 1171 1190 1230 ὧ
1234 1176 1535 1248 ἄνθρωποι,
1582 1175 1616 1247 ἢ
1651 1175 1745 1230 καὶ

138 1271 525 1341 ναυαγήσαντι
563 1271 973 1338 συνεκνήχεται,
1018 1271 1111 1323 καὶ
1146 1270 1239 1322 ἐπὶ
1280 1270 1382 1340 τῆς
1415 1270 1613 1340 χέρσου
1651 1286 1743 1337 γε-

137 1362 382 1431 νόμενον
414 1360 621 1431 γυμνὸν
660 1359 986 1433 τιμιώτερον
1023 1360 1295 1426 ἀποδείξει
1341 1359 1450 1413 τῶν
1495 1359 1745 1430 εὐδαιμό-

137 1470 281 1505 νων.
316 1454 425 1504 Καὶ
450 1451 590 1505 οὕτω
630 1450 937 1522 βιώσωμεν,
978 1452 1053 1516 ὡς
1102 1453 1374 1522 μηδέποτε
1416 1451 1484 1505 τὰ
1541 1451 1744 1521 παρελ-

139 1544 318 1597 θόντα
350 1545 636 1615 κρείττονα
679 1538 819 1597 εἶναι
850 1543 960 1597 τῶν
999 1543 1331 1615 μελλόντων’
1364 1541 1532 1611 Μηδὲ
1569 1544 1744 1597 εἴπω-

132 1652 288 1704 μεν,
323 1634 412 1688 ὅτι
436 1638 496 1688 al
520 1633 732 1703 ἡμέραι
760 1639 819 1690 αἱ
851 1635 1144 1705 πρότερον
1166 1635 1382 1706 ἀγαθαὶ
1407 1631 1571 1706 ἦσαν
1591 1634 1743 1705 ὑπὲρ

1847 555 1950 610 bus
1991 557 2108 611 sola
2155 566 2236 609 est
2284 571 2406 624 qua:
2450 562 2690 622 nequeat
2734 553 2963 617 auferri,
3025 559 3079 606 et
3115 552 3321 607 viventi
3369 568 3435 608 ac

1846 653 2067 699 mortuo
2094 660 2206 698 non
2239 645 2401 698 desit.
2432 642 2585 698 Unde
2612 653 2667 698 et
2694 642 2860 699 Solon
2888 643 3023 697 mihi
3055 643 3272 699 videtur
3298 641 3448 698 illud

1846 735 1916 789 ad
1952 735 2153 790 divites
2175 734 2360 789 dicere

2142 848 2400 902 Virtutem
2439 864 2542 900 non
2571 847 2697 900 mihi
2724 846 2925 904 divitiis

1916 917 2233 975 Permutare
2262 920 2418 983 libet;
2455 934 2680 989 namque
2713 919 2823 973 lucc
2854 920 3097 975 consistit
3130 921 3186 975 in
3241 937 3426 988 arvum,

2013 1051 2227 1108 Divitiw
2253 1053 2442 1108 cedunt
2471 1069 2617 1105 nunc
2640 1052 2757 1118 tibi,
2791 1071 2930 1109 nunc
2958 1056 3076 1110 alii.

1846 1165 1924 1236 (l)
1962 1164 2142 1231 Quare
2190 1166 2439 1220 habenda
2481 1178 2564 1221 est
2610 1167 2787 1227 vobis.
2816 1182 2849 1221 ο
2888 1168 3161 1236 homines,
3210 1170 3434 1226 virtutis

1846 1273 2002 1321 cura,
2039 1274 2161 1328 quae
2189 1269 2241 1312 et
2266 1275 2374 1313 una
2410 1275 2533 1313 cum
2580 1260 2870 1332 naufragio
2893 1269 3097 1329 enatat,
3130 1269 3183 1316 et
3225 1262 3433 1316 nudum

1846 1348 1903 1402 in
1936 1358 2139 1404 terram
2172 1351 2408 1418 ejectum
2451 1352 2703 1409 felicibus
2737 1354 2926 1408 reddet
2955 1355 3432 1409 venerabiliorem.

1847 1441 1924 1509 (2)
1967 1441 2145 1512 Atque
2179 1444 2252 1496 ita
2283 1444 2447 1498 vitam
2485 1446 2860 1509 instituamus,
2902 1458 2962 1500 ut
2994 1462 3116 1517 quae
3154 1448 3436 1518 praeterie-

1845 1542 1995 1594 runt,
2029 1551 2311 1604 nunquam
2341 1538 2570 1592 meliora
2597 1538 2710 1593 sint
2743 1540 3104 1609 sequentibus
3137 1559 3149 1594 :
3178 1540 3261 1596 Ne
3291 1542 3437 1594 dixe-

1845 1625 1943 1688 ris,
1988 1627 2116 1696 quia
2168 1628 2279 1681 dies
2323 1629 2525 1696 priores
2580 1640 2731 1684 erant
2787 1631 2912 1685 boni
2955 1648 3113 1701 super
3151 1634 3332 1688 hos“.
3374 1632 3432 1688 Si

141 1730 401 1795 ταύτας.
449 1727 575 1781 Ἐὰν
597 1727 708 1798 γὰρ
753 1728 812 1781 αἱ
851 1728 1192 1799 προάγουσαι
1241 1728 1449 1801 ἡμέραι
1507 1727 1745 1799 βελτίους

1849 1716 1992 1770 enim
2029 1716 2148 1773 dies
2187 1719 2402 1788 priores
2435 1721 2842 1789 posterioribus
2871 1732 3003 1779 sunt
3039 1725 3318 1789 meliores,
3347 1727 3432 1780 di-

141 1815 257 1874 ὧσι
300 1820 408 1872 τῶν
452 1819 588 1890 μετὰ
615 1820 807 1883 ταῦτα,
862 1819 1189 1892 λεχθήσεται
1241 1821 1410 1892 ἡμῖν’
1471 1821 1745 1874 Τοσαῦτα

141 1911 402 1966 ἐπάθετε
445 1910 600 1980 εικῆ,
639 1913 1077 1984 ἀμαυρουμένων
1118 1910 1228 1965 τῶν
1279 1911 1463 1965 καλῶν
1509 1912 1614 1966 ὑπὸ
1646 1914 1746 1984 τῆς

143 2004 213 2055 ἐν
244 2006 359 2066 τοῖς
378 2001 602 2073 ὕστερον
635 2002 913 2074 ἀμελείας.
946 2003 1161 2074 Ὥσπερ
1182 2003 1291 2075 γὰρ
1312 2004 1341 2056 6
1370 2003 1747 2076 τελειούμενος

141 2096 266 2158 τοῖς
294 2092 605 2165 ἔμπροσθεν
636 2094 1029 2157 ἐπεκτείνεται,
1051 2093 1226 2158 οὕτως
1250 2097 1279 2148 6
1308 2095 1640 2167 ἁμαρτάνων
1667 2097 1746 2160 εἰς

141 2186 215 2239 τὸ
248 2188 479 2241 κατόπιν
524 2186 859 2252 ἀναποδίζει.
891 2188 989 2251 Τίς
1027 2187 1082 2240 δὲ
1122 2188 1326 2258 μείζων
1373 2188 1574 2250 κακίας
1618 2188 1749 2241 ἁπό-

143 2277 338 2344 δειξις,
374 2278 406 2349 ἦ
441 2282 473 2350 ή
506 2278 601 2332 τοῦ
632 2278 837 2346 ἀγαθοῦ
879 2279 1300 2348 ἐγκατάλειψις;
1332 2280 1440 2333 Καὶ
1481 2280 1746 2351 πονηρίας

144 2368 454 2441 ὑπερϐολὴ,
477 2370 538 2421 τὸ
571 2369 870 2441 παροξῦναι
923 2370 1012 2423 τὸν
1064 2370 1268 2438 ἀγαυὸν
1317 2371 1410 2424 κα).
1439 2372 1637 2441 πρᾶον.
1672 2371 1745 2423 Τὸ

148 2459 268 2530 γὰρ
326 2459 556 2530 ἔσχατον
610 2460 669 2514 ἐν
724 2460 980 2532 πονηρίᾳ,
1039 2461 1136 2514 καὶ
1188 2459 1327 2531 πρὸς
1386 2461 1550 2514 ἑαυτό
1597 2464 1746 2515 ἐστιν

149 2547 486 2620 ἀσύμφωνον
505 2567 518 2581 ·
548 2550 643 2604 καὶ
665 2549 809 2604 ἔοικε
831 2551 891 2604 τὸ
922 2551 1111 2615 κακὸν,
1147 2551 1207 2604 οὐ
1250 2552 1327 2622 τῷ
1368 2551 1558 2623 ἀγαθῷ
1587 2552 1739 2606 ἐναν⁹

151 2640 403 2695 τιοῦσθαι
443 2640 621 2712 μόνον.
649 2641 787 2695 ἀλλὰ
825 2643 921 2696 καὶ
953 2644 1088 2697 αὐτὸ
1139 2642 1339 2713 ἐαυτῷ.
1391 2645 1600 2716 Ὥσπερ
1653 2640 1747 2698 οὖν

151 2734 386 2803 ἡττᾶται
410 2735 602 2798 σκότος
627 2737 691 2806 τῇ
717 2733 810 2788 τοῦ
842 2734 1020 2804 φωτὸς
1054 2736 1354 2806 παρουσίᾳ,
1383 2739 1478 2789 καὶ
1527 2739 1744 2790 νικᾶται

154 2823 313 2886 νόσος
339 2826 406 2895 τῇ
439 2823 541 2895 τῆς
569 2825 759 2894 ὑγείας
796 2824 1079 2897 ἐπιδημίᾳ,
1129 2825 1228 2879 καὶ
1273 2828 1307 2897 ἡ
1361 2827 1483 2880 κατ’
1538 2828 1743 2899 ἀρετὴν

154 2915 411 2987 προκοπὴ
440 2916 535 2969 ἐπὶ
572 2915 636 2968 τὸ
673 2915 856 2986 μεῖζον
886 2916 995 2968 ἀπὸ
1031 2914 1141 2969 τῶν
1182 2915 1483 2970 ἐλαττόνων
1518 2921 1617 2988 τὴν
1650 2916 1746 2969 αὖ·

155 3006 317 3077 ξησιν
345 3006 493 3076 ἔχει·
525 3006 669 3059 οὕτω
710 3008 805 3061 καὶ
836 3009 870 3079 ἡ
916 3008 1015 3077 τῆς
1048 3009 1247 3072 κακίας
1292 3008 1451 3079 χύσις
1490 3009 1598 3062 ἀπὸ
1638 3010 1744 3063 τῶν

1849 1815 2006 1861 cetur
2040 1808 2198 1863 nobis
2233 1828 2246 1864 :
2282 1808 2457 1864 Tanta
2484 1813 2634 1880 passi
2675 1814 2799 1867 estis
2833 1815 2944 1868 sine
2974 1830 3136 1868 causa
3163 1815 3246 1869 u‘?
3275 1816 3434 1871 bonis

1848 1900 1915 1954 ad
1953 1901 2188 1955 nihilum
2236 1903 2478 1960 redactis
2525 1920 2635 1974 prae
2679 1906 3046 1977 subsequente
3080 1909 3430 1978 negligi-mia.

1850 1993 1925 2063 (5)
1962 1992 2434 2071 Quemadmodum
2485 1999 2630 2051 enim
2678 1998 2727 2052 is
2769 1999 2864 2069 qui
2923 1999 2991 2053 ad
3039 2000 3433 2069 perfectionem

1846 2082 2155 2147 contendit,
2189 2083 2244 2137 in
2271 2086 2546 2140 anteriora
2573 2088 2921 2156 progreditur
2951 2109 2960 2141 :
2989 2089 3065 2142 ita
3093 2090 3187 2158 qui
3215 2098 3431 2159 peccat,

1845 2172 2009 2244 472
2038 2184 2181 2228 retro
2207 2176 2397 2245 pedem
2441 2176 2628 2232 refert.
2676 2178 2751 2249 (4)
2797 2178 3084 2244 Quodnam
3112 2190 3293 2234 autem
3325 2197 3437 2235 ma-

1841 2265 1936 2335 jus
1981 2267 2203 2320 malilia'
2237 2278 2648 2337 argumentum,
2692 2283 2857 2338 quam
2906 2284 2936 2322 a
2977 2269 3121 2324 bono
3162 2269 3437 2324 deiicere?

1849 2356 2135 2412 Summum
2170 2368 2271 2413 est
2302 2361 2614 2428 pravitatis,
2653 2362 2853 2414 bonum
2892 2374 2957 2415 ac
2989 2361 3173 2414 mitem
3203 2375 3438 2431 exaspe-

1846 2465 1992 2504 rare.
2044 2450 2200 2516 Quod
2245 2453 2388 2505 enim
2442 2452 2499 2505 in
2554 2453 2907 2521 improbitate
2964 2459 3268 2506 extremum
3312 2465 3395 2507 est
3415 2478 3457 2515 ,-

1848 2540 1990 2595 idem
2039 2543 2203 2595 etiam
2254 2558 2439 2599 secum
2477 2544 2652 2613 ipsum
2709 2555 2934 2614 pugnat.
2978 2544 3054 2616 (5)
3090 2544 3238 2598 δοίη-ι
3287 2549 3436 2600 enim

1848 2632 2050 2686 malum
2068 2648 2173 2687 non
2198 2634 2375 2687 solum
2402 2634 2567 2697 bono,
2594 2635 2689 2689 sed
2709 2636 2875 2688 etiam
2895 2636 3221 2704 sibimetipsi
3243 2635 3436 2690 adver-

1847 2725 1980 2780 sari.
2009 2724 2481 2791 Quemadmodum
2514 2727 2686 2798 igitur
2705 2729 3004 2784 vincuntur
3037 2729 3274 2782 tenebrae
3295 2728 3436 2782 lucis

1846 2819 2162 2887 praesentia,
2197 2827 2600 2890 superaturque
2635 2821 2862 2875 morbus
2887 2819 3142 2874 sanitatis
3174 2820 3435 2884 adventu,

1848 2910 1926 2981 (6)
1964 2928 2027 2965 ac
2051 2928 2379 2982 progressus
2413 2913 2467 2967 in
2494 2915 2713 2978 virtute,
2737 2930 2768 2968 a
2792 2914 3100 2968 minoribus
3129 2914 3195 2967 ad
3227 2916 3435 2983 majora

1847 3005 1998 3073 capit
2053 3007 2599 3060 incrementumzita
2650 3008 2871 3062 malitias
2921 3008 3116 3062 effusio
3175 3023 3205 3061 a
3254 3009 3437 3077 parvis

156 3098 564 3169 ὑποδεεστέρων
589 3098 698 3151 τῶν
727 3099 786 3165 ἐξ
817 3099 994 3172 ἀρχῆς
1026 3101 1122 3153 ἐπὶ
1162 3100 1225 3153 τὸ
1251 3101 1549 3170 ἀνήκεστον
1582 3101 1744 3170 φέρε-

1849 3095 2123 3158 initiis,ad
2144 3098 2346 3167 aliquid
2381 3099 2781 3155 immedicabile
2803 3099 3131 3155 devolvitur.
3153 3100 3228 3173 (7)
3265 3099 3438 3156 Porro

155 3208 272 3246 ται.
302 3190 473 3262 Ἀρχὴ
498 3191 556 3244 δὲ
587 3191 725 3263 πρὸς
753 3191 851 3264 τὴν
881 3192 1148 3263 ἀνάληψιν
1175 3191 1284 3245 τῶν
1309 3191 1512 3251 καλῶν,
1561 3194 1593 3262 ἡ
1629 3195 1749 3245 ἁνα-

156 3282 401 3355 χώρησις
433 3282 544 3336 τῶν
586 3283 795 3339 κακῶν.
852 3285 1187 3338 Ἕκκλινον
1231 3283 1362 3354 γὰρ,
1409 3285 1593 3353 φησὶν,
1628 3284 1747 3337 ἀπὸ

157 3373 374 3438 κακοῦ,
412 3375 513 3428 καὶ
555 3375 821 3442 ποίησον
864 3376 1110 3446 ἀγαθόν.
1144 3379 1207 3430 Εἰ
1248 3378 1356 3450 γὰρ
1392 3377 1553 3441 εὐθὺς
1590 3395 1752 3448 προσ.

159 3466 323 3519 ἑϐαλέ
351 3483 432 3519 σοι
453 3467 525 3519 τὰ
556 3468 761 3533 τέλεια,
796 3469 1130 3539 ἀπώκνησας
1163 3470 1229 3524 ἂν
1263 3471 1400 3540 πρὸς
1431 3471 1528 3540 τὴν
1571 3471 1749 3540 ἐγχεί-

164 3571 323 3627 ρησιν
340 3572 353 3586 ·
375 3555 491 3609 νυν)⁸
524 3556 581 3609 δὲ
604 3559 719 3621 τοῖς
765 3557 1183 3629 εὐληπτοτέροις
1211 3576 1271 3612 σε
1298 3559 1629 3629 προσεθίζει,
1664 3560 1748 3612 ivx

160 3646 587 3722 κατατολμήσῃς
607 3648 717 3701 τῶν
750 3648 971 3718 ἐφεξῆς.
1014 3650 1108 3712 Ὠς
1134 3649 1243 3723 γὰρ
1272 3652 1367 3704 ἐπὶ
1401 3651 1503 3721 τῆς
1550 3652 1749 3723 κλίμα-

160 3755 258 3802 κος
285 3737 474 3810 πρώτη
499 3739 786 3804 ἀνάϐασις,
814 3742 849 3811 ἡ
878 3741 979 3811 τῆς
1009 3742 1114 3811 γῆς
1145 3741 1495 3813 ἀναχώρησις
1514 3760 1527 3773 ·
1573 3741 1748 3806 οὕτως

161 3829 256 3881 ἐπὶ
284 3829 382 3900 τῆς
402 3830 543 3883 κατὰ
569 3830 701 3884 Θεὸν
733 3831 1030 3896 πολιτείας,
1049 3832 1194 3905 ἀρχὴ
1228 3837 1538 3906 προκοπῆς,
1580 3837 1609 3888 ὁ
1636 3836 1746 3889 τῶν

161 3916 350 3972 κακῶν
379 3921 682 3991 χωρισμός.
724 3922 869 3986 Ἕως
904 3923 1005 3991 μὲν
1058 3918 1152 3977 οὖν
1181 3925 1376 3996 νήπιός
1420 3926 1571 3977 ἐστιν
1609 3926 1744 3981 ἕκα-

167 4027 293 4074 στος
320 4011 497 4082 ἡμῶν,
525 4013 584 4066 τὸ
615 4015 673 4068 ἐν
702 4015 780 4086 τῷ
809 4017 1039 4089 παρόντι
1076 4017 1171 4089 ἡδὺ
1220 4019 1454 4084 διώκων,
1489 4020 1746 4089 οὐδεμίαν

160 4098 258 4153 τοῦ
288 4100 573 4171 μέλλοντος
605 4105 934 4177 κηδεμονίαν
966 4111 1230 4162 ποιεῖται’
1267 4110 1408 4182 ἀνὴρ
1435 4111 1494 4164 δὲ
1521 4112 1747 4183 γενόμε-

163 4207 276 4254 νος,
310 4193 447 4263 μετὰ
490 4194 582 4251 τὸν
624 4198 972 4269 ἀπαρτισμὸν
1012 4199 1121 4253 τῶν
1168 4202 1407 4268 ἐννοιῶν,
1447 4197 1559 4256 οἷον
1614 4204 1747 4275 ὁρᾷν

163 4284 313 4338 δοκεῖ
337 4284 430 4340 τὸν
449 4285 560 4357 βίον
585 4289 736 4361 αὐτῷ
765 4291 1081 4364 σχιζόμενον
1114 4294 1251 4365 πρὸς
1288 4295 1491 4368 ἀρετὴν
1523 4297 1617 4350 καὶ
1648 4315 1749 4351 κα-

165 4376 291 4430 κίαν
309 4393 324 4406 ·
365 4378 459 4431 καὶ
484 4380 686 4434 πυκνὸν
717 4382 853 4453 πρὸς
875 4384 1137 4456 ἑκάτερον
1158 4386 1220 4438 τὸ
1249 4386 1407 4457 ὄμμα
1439 4388 1540 4458 τῆς
1564 4387 1746 4460 ψυχῆς

1849 3186 2178 3256 principium
2225 3190 2494 3242 bonorum
2545 3190 3010 3259 acquirendorum
3060 3199 3147 3245 est
3181 3207 3438 3253 recessus

1849 3278 2064 3330 ainalo.
2100 3277 2320 3331 Declina
2368 3296 2401 3331 a
2454 3279 2618 3342 malo,
2666 3281 2867 3349 inquit,
2918 3289 2968 3334 et
3015 3280 3103 3350 [ac
3153 3279 3434 3334 bonum“.

1851 3367 1928 3440 (8)
1967 3370 2177 3425 Etenim
2210 3373 2254 3426 si
2285 3374 2467 3427 statim
2498 3389 2562 3427 ea
2585 3388 2707 3443 quae
2739 3386 2867 3428 sunt
2895 3374 3156 3444 perfecta,
3181 3374 3277 3428 tibi
3308 3390 3438 3444 pro.

1848 3466 2146 3536 posuisset,
2182 3468 2249 3520 ad
2273 3483 2335 3521 ea
2363 3468 2620 3521 tentanda
2647 3468 2849 3524 fuisses
2873 3470 3260 3537 cunctantior;
3290 3484 3439 3525 nunc

1849 3567 2030 3612 autem
2053 3559 2396 3612 facilioribus
2413 3559 2796 3624 teassuefacit,
2820 3570 2878 3613 ut
2894 3560 2962 3614 ad
2979 3576 3043 3615 ea
3056 3576 3177 3630 qua:
3194 3576 3437 3630 sequun-

1849 3646 2196 3716 tur,aggredi
2224 3647 2450 3702 audeas.
2479 3647 2552 3718 (9)
2572 3647 3040 3713 Quemadmodum
3056 3651 3271 3705 enimin
3289 3653 3437 3706 scala

1848 3738 2060 3806 primus
2091 3739 2316 3808 gradus,
2353 3755 2606 3796 recessus
2640 3742 2710 3797 ab
2742 3742 2909 3797 humo
2951 3749 3034 3798 est
3063 3760 3076 3798 :
3108 3742 3184 3797 ita
3212 3743 3272 3798 in
3311 3744 3438 3801 vita:

1849 3834 2153 3886 secundum
2192 3832 2363 3888 Deum
2405 3833 2681 3896 instituto,
2723 3834 3006 3904 profectus
3043 3834 3287 3900 initium,
3323 3834 3436 3891 disp

1848 3937 2040 3977 cessus
2070 3937 2099 3975 a
2129 3923 2271 3977 malo
2304 3931 2410 3979 est.
2429 3924 2542 3996 (10)
2570 3924 2705 3979 Dum
2736 3926 2903 3995 igitur
2933 3925 3316 3997 unusquisque
3340 3942 3413 3981 no

1849 4025 2022 4068 strum
2050 4030 2185 4084 puer
2221 4024 2327 4082 est,
2363 4016 2420 4071 id
2445 4018 2593 4088 quod
2624 4018 3108 4088 adestjucuudum
3148 4022 3433 4090 persequi-

1848 4112 1959 4170 tur,
1990 4123 2165 4177 neque
2197 4108 2361 4164 habet
2393 4110 2560 4163 ullam
2593 4109 2905 4165 futurorum
2946 4111 3303 4182 curam;jam
3337 4127 3429 4167 au-

1849 4205 1956 4253 tem
2002 4199 2086 4253 vir
2114 4199 2319 4269 factus,
2357 4210 2485 4273 post
2527 4203 2728 4273 judicii
2775 4202 3195 4275 perfectionem,
3255 4205 3432 4261 videre

1849 4288 1955 4342 sibi
1996 4289 2214 4346 videtur
2259 4291 2488 4348 bifidum
2520 4295 2647 4349 vita:
2681 4295 2787 4350 iter
2833 4293 2900 4349 ad
2947 4296 3205 4350 virtutem
3252 4302 3307 4350 et
3356 4297 3438 4350 vi-

1852 4380 2013 4446 tium,
2045 4397 2110 4437 ac
2146 4400 2291 4456 saspe
2323 4387 2547 4441 oculum
2592 4387 2760 4442 animi
2793 4386 2847 4441 in
2880 4394 3178 4456 utrumque
3206 4401 3438 4441 conver-

168 4469 577 4541 μεταστρέφων,
605 4473 925 4544 παράλληλα
974 4476 1148 4547 κρίνει
1191 4475 1260 4529 τὰ
1304 4479 1552 4550 ἐκατέρῳ
1580 4496 1745 4550 προσ⁴

1858 4482 2002 4538 tens,
2026 4478 2400 4546 comparando
2433 4477 2704 4548 dijudicat
2730 4494 2852 4549 quae
2878 4479 3098 4550 utrique
3132 4479 3344 4534 insunt.
3372 4478 3439 4532 Et

165 4559 315 4614 όντα.
339 4561 450 4617 Καὶ
469 4563 499 4614 6
523 4563 623 4634 μὲν
650 4564 759 4618 τῶν
797 4566 1132 4638 ἁμαρτωλῶν
1163 4567 1277 4638 βίος
1303 4569 1482 4623 πάντα
1509 4570 1745 4624 δείκνυσι

1851 4575 2210 4635 peccatorum
2234 4570 2457 4640 quidem
2487 4572 2598 4626 vita
2619 4572 2805 4625 omnia
2831 4572 3073 4627 ostendit
3099 4573 3154 4626 in
3180 4572 3438 4642 praesenti

165 4652 237 4705 τὰ
271 4651 365 4706 τοῦ
395 4655 663 4727 παρόντος
691 4656 887 4722 αἰῶνος
918 4659 1130 4730 τερπνά
1151 4676 1165 4686 ·
1205 4663 1234 4714 6
1273 4660 1331 4714 δὲ
1367 4660 1478 4714 τῶν
1521 4661 1745 4717 δικαίων

1852 4661 2057 4715 saeculo
2099 4661 2386 4731 jucunda:
2413 4663 2691 4733 justorum
2744 4680 2897 4730 vero,
2942 4666 3059 4721 sola
3116 4664 3287 4719 futuri
3336 4666 3438 4718 aevi

171 4741 309 4812 μόνα
331 4743 617 4814 ὑποφαίνει
636 4744 706 4798 τὰ
724 4745 817 4799 τοῦ
860 4747 1144 4818 μέλλοντος
1170 4748 1370 4817 ἀγαθά.
1422 4750 1533 4802 Καὶ
1565 4752 1597 4822 ἡ
1645 4752 1745 4822 μὲν

1850 4746 1995 4801 bona
2051 4759 2469 4808 commonstrat.
2537 4752 2606 4806 Et
2660 4762 2811 4809 certe
2871 4755 3259 4810 salvandorum
3315 4760 3441 4820 via,

166 4832 277 4886 τῶν
300 4833 620 4905 σωζομένων
648 4837 787 4903 ὁδὸς,
811 4839 933 4891 ὅσον
971 4840 1113 4894 καλὰ
1141 4842 1481 4910 ὑπισχνεῖται
1517 4842 1588 4896 τὰ
1615 4844 1743 4914 μέλ-

1850 4848 2060 4908 quanto
2091 4843 2405 4911 pulchriora
2433 4845 2722 4914 pollicetur
2758 4846 2966 4910 futura,
3010 4853 3163 4900 tanto
3199 4845 3437 4900 laborio-

166 4921 348 4986 λοντα,
368 4924 620 4979 τοσοῦτον
649 4928 880 4981 ἐπίπονα
908 4930 1208 5001 παρέχεται
1234 4931 1302 4984 τὰ
1328 4933 1572 5003 παρόντα
1591 4949 1604 4963 ο
1636 4934 1665 4984 6
1689 4933 1745 4986 δὲ

1857 4933 2003 4986 siora
2036 4933 2257 4987 exhibet
2285 4936 2574 5003 praesentia
2608 4955 2620 4990 :
2652 4936 2765 5007 (H)
2787 4936 3033 5005 jucunda
3059 4943 3239 4990 autem
3270 4944 3326 4990 et
3355 4936 3440 4989 iu-

168 5014 301 5084 ἡδὺς
350 5015 444 5069 καὶ
488 5016 786 5082 ἀκόλαστος
842 5017 955 5088 βίος
999 5020 1120 5090 οὐχὶ
1181 5021 1637 5092 προσδοκωμένην
1671 5024 1745 5086 είς

1859 5031 2176 5094 temperans
2208 5027 2319 5080 vita
2363 5043 2471 5082 non
2511 5036 2885 5099 exspectatam
2925 5029 2979 5083 in
3008 5037 3312 5098 posterum,
3342 5027 3439 5083 sed

245 5168 289 5199 “
312 5168 489 5225 Eccle.
525 5187 621 5237 vn,
652 5172 738 5226 11.
818 5173 861 5207 ¹⁵
884 5173 1062 5227 Galat.
1099 5191 1182 5239 III,
1221 5176 1272 5229 4.
1354 5177 1397 5208 ⁸⁸
1421 5175 1571 5233 Psal.
1609 5194 1798 5245 xxxvn,
1827 5178 1918 5233 27.

351 5324 440 5408 Ex
467 5342 635 5380 scrm.
665 5326 740 5380 De
766 5328 995 5408 legendis
1020 5329 1170 5408 libris
1205 5331 1503 5401 gentilium,
1531 5332 1655 5387 177.

242 5394 318 5467 (2)
351 5394 426 5467 Ex
450 5408 741 5452 comment.
772 5394 831 5452 iri
853 5396 993 5462 Isa.,
1030 5399 1152 5456 389.

243 5464 319 5549 (ὅ)
349 5465 491 5549 1b.“!-

242 5538 318 5749 ἐξ
345 5536 591 5690 Ιέίὲίψιε
624 5608 793 5667 codex
823 5611 1027 5667 indicat
1056 5610 1354 5668 Autirrhet.

299 5684 318 5749 )
346 5676 422 5731 15x
451 5690 746 5736 comment.
782 5683 835 5737 in
866 5682 1003 5747 Isa.,
1041 5682 1166 5737 588.

299 5684 318 5749 )
346 5676 422 5731 Ex
451 5690 746 5736 comment.
782 5683 835 5737 in
866 5682 1003 5747 Isa.,
1041 5682 1166 5737 588.

1930 5336 2006 5411 (7)
2036 5337 2115 5411 Es
2143 5339 2329 5411 bomil.
2362 5341 2413 5393 in
2443 5341 2581 5411 psal.
2612 5357 2651 5408 I,
2676 5340 2766 5397 93.

1930 5409 2007 5478 (8)
2041 5408 2183 5478 ῨΙΙ)ἱ‹1.

1929 5477 2002 5549 (9)
2036 5477 2172 5549 Ibid-

1873 5540 1879 5551 ί
1927 5540 2042 5627 et»
2073 5548 2240 5627 eis.
2270 5550 2360 5605 es.

1928 5619 2038 5690 (tt)
2072 5619 2206 5674 Ibid.
