3840 6226
106 327 261 383 ΗΞῦ

1104 322 1338 376 διιιιιιυ
1374 334 1415 375 ι.
1443 350 1509 362 --
1553 321 1640 374 DE
1683 318 1997 375 VIRTU'I'IL
2033 317 2114 370 E’l
2168 315 2371 370 γιτιο.

3250 311 3382 369 “26

102 446 259 501 δυσί
293 444 518 511 κυρίοις
547 440 894 495 δουλεύειν
930 455 1026 493 και
1069 438 1262 492 πάλιν·
1315 438 1398 492 Οὐ
1434 437 1701 492 δύνασθε

1817 435 1986 490 lixit:
2024 432 2195 488 Nemo
2239 439 2412 501 potest
2461 428 2667 484 duobus
2714 428 2944 483 dominis
2983 428 3274 491 servire“;
3328 436 3384 483 et

106 535 243 603 Θεῷ
262 536 574 589 δουλεύειν
600 534 698 587 καὶ
728 529 999 602 μαμωνᾷ.
1045 528 1183 584 Οὔτε
1208 528 1317 600 γὰρ
1354 528 1521 600 ἄλλης
1553 529 1698 592 τινὸς

106 629 337 699 ἐντολῆς
369 628 620 698 τήρησιν,
651 623 775 678 οὔτε
800 623 969 694 αὐτὴν
994 620 1094 693 τὴν
1125 620 1264 693 πρὸς
1291 620 1423 673 Θεὸν
1456 620 1698 692 ἀγάπην,

103 720 241 775 οὔτε
266 719 367 789 τὴν
395 717 532 791 πρὸς
556 717 686 780 τοὺς
724 714 952 786 πλησίον
1005 711 1285 784 δυνάμεθα
1330 710 1696 782 κατορθῶσαι,

103 814 304 869 ἄλλοτε
356 812 484 883 περὶ
559 810 696 866 ἄλλα
746 812 868 872 ταῖς
914 808 1175 870 διανοίαις
1225 804 1698 876 ἀποπλανώμενοι.

105 901 256 956 Οὔτε
286 902 394 972 γὰρ
428 898 625 971 τέχνην
654 898 688 969 ἢ
725 898 1039 969 ἐπιστήμην
1079 895 1325 968 ἀκριϐῶς
1373 893 1701 948 καταλαϐεῖν

102 992 358 1059 δυνατὸν,
393 990 583 1044 ἄλλοτε
627 989 715 1043 ἐπ’
757 988 924 1059 ἀλλην
959 985 1381 1058 μεταϐαίνοντα*
1420 982 1545 1037 οὔτε
1594 983 1702 1054 μὴν

108 1085 250 1154 μιᾶς
278 1079 682 1154 περιγενέσθαι,
728 1078 803 1150 μὴ
831 1079 900 1133 τὰ
935 1079 1112 1131 οἰκεῖα
1145 1075 1241 1129 τοῦ
1278 1075 1466 1138 τέλους
1499 1073 1702 1146 γνωρί-

108 1191 309 1230 σαντα.
343 1176 434 1227 Δεῖ
465 1172 575 1243 γὰρ
606 1170 932 1235 ἀκολούθους
964 1164 1104 1223 εἷναι
1135 1168 1214 1240 τῷ
1240 1166 1428 1238 σκοπῷ
1465 1167 1563 1241 καί
1602 1164 1703 1230 τὰς

105 1267 367 1340 πράξεις,
398 1264 474 1328 ὡς
509 1264 720 1327 οὐδενὸς
750 1261 861 1315 τῶν
902 1260 1045 1315 κατά
1085 1260 1242 1329 λόγον
1271 1259 1360 1313 διὰ
1402 1257 1514 1311 τῶν
1558 1258 1705 1311 ἀνοι-

104 1362 283 1412 κείων
318 1354 772 1426 κατορθουμένου.
820 1352 974 1405 Ἐπεὶ
1001 1350 1128 1404 οὔτε
1165 1348 1524 1421 χαλκευτικῆς
1551 1347 1704 1410 τέλος

104 1450 205 1502 διὰ
232 1447 344 1501 τῶν
391 1445 567 1516 ἔργων
610 1445 710 1515 τῆς
752 1442 1056 1514 κεραμείας
1102 1440 1485 1512 περιγενέσθαι
1531 1437 1705 1507 πέφυ-

106 1559 236 1604 κεν,
274 1538 398 1593 οὔτε
427 1536 707 1607 ἀθλητικοὶ
730 1534 985 1605 στέφανοι
1015 1535 1079 1588 ἐκ
1125 1533 1227 1603 τῆς
1260 1532 1388 1603 περὶ
1426 1530 1488 1584 τὸ
1520 1530 1705 1585 αὐλεῖν

109 1632 360 1704 σπουδῆς
395 1626 816 1700 κατορθοῦνται·
872 1626 986 1680 ἀλλ’
1015 1624 1231 1693 ἑκάστῳ
1270 1623 1418 1676 τέλει
1456 1623 1653 1685 οἰκεῖος
1676 1621 1706 1673 ὁ

108 1727 285 1789 πόνος
307 1724 403 1778 καὶ
440 1719 793 1793 συναρμόζων
833 1715 1193 1789 ὲπιζητεῖται.
1227 1716 1440 1787 Ὠσπερ
1484 1709 1578 1768 οὖν
1610 1712 1707 1767 καὶ

1799 541 1996 582 rursus
2030 544 2043 580 :
2072 523 2197 578 Non
2242 523 2462 592 potestis
2507 520 2612 575 Deo
2652 521 2845 575 servire
2887 528 2938 574 et
2983 518 3380 573 mammatae“.

1799 618 1877 691 (5)
1922 616 2058 671 Nam
2091 630 2193 670 nec
2233 614 2382 669 aliud
2407 613 2643 684 quodvis
2672 612 2989 666 mandatum
3016 624 3257 674 servare,
3291 624 3385 667 ne-

1797 723 1906 778 que
1935 706 2105 763 Deum
2128 712 2223 760 aut
2250 705 2563 776 proximum
2585 703 2812 773 diligere
2842 715 3162 773 possumus,
3198 702 3246 757 si
3277 700 3385 754 huc

1797 799 2009 855 etilluc
2047 804 2231 853 mente
2271 796 2613 868 divagemur.
2642 794 2830 867 Neque
2870 795 3017 850 enim
3067 801 3241 849 artem
3292 801 3388 847 aut

1800 891 2091 947 scientiam
2119 890 2292 961 probe
2316 890 2517 946 callere
2542 895 2744 959 potest,
2772 887 2868 958 qui
2896 887 2966 941 ab
2993 886 3101 941 alia
3130 886 3196 939 ad
3221 885 3386 939 aliam

1799 983 2001 1039 transit
2031 1004 2044 1037 :
2073 997 2253 1053 neque
2290 996 2457 1037 unam
2480 980 2647 1035 etiam
2682 993 3027 1050 comparare,
3054 978 3148 1049 qui
3179 992 3243 1033 ea
3266 992 3388 1047 qua!

1799 1075 2023 1146 propria
2061 1075 2188 1128 linis
2217 1082 2369 1137 sunt,
2398 1074 2635 1144 ignorat.
2668 1071 2777 1126 Par
2820 1086 3061 1140 namque
3096 1077 3182 1125 est
3215 1070 3387 1124 actio-

1802 1181 1902 1223 nes
1937 1167 2005 1222 ad
2030 1182 2259 1238 scopum
2291 1175 2348 1222 et
2389 1166 2550 1221 ﬁnem
2585 1166 2859 1235 quadrare
2892 1181 2905 1217 :
2944 1162 3219 1234 siquidem
3251 1162 3388 1216 nihil

1801 1257 1947 1326 quod
1971 1265 2182 1311 rectum
2213 1257 2307 1323 sit,
2340 1256 2430 1309 via
2454 1256 2635 1325 inepta
2661 1261 2714 1309 et
2752 1253 3137 1323 incongrueuti
3169 1253 3387 1322 peragi-

1801 1358 1912 1404 tur.
1940 1347 2074 1402 Nam
2098 1361 2277 1417 neque
2308 1347 2444 1400 artis
2479 1345 2688 1399 αξιοι-ἰῶ
2721 1343 2845 1399 ﬁnis
2874 1359 2972 1414 per
3001 1343 3199 1412 ﬁglinze
3223 1360 3389 1415 opera

1804 1440 2015 1512 acquiri
2068 1441 2458 1508 soletzneque
2509 1453 2606 1507 per
2659 1437 2911 1492 sedulum
2966 1436 3112 1490 tibiae
3165 1444 3388 1492 cantum

1803 1542 2075 1605 parantur
2107 1532 2381 1588 athleticaa
2418 1544 2663 1593 coronae,
2707 1529 2802 1584 sed
2835 1528 3133 1597 unicuique
3169 1527 3261 1581 tini
3294 1543 3392 1598 pe-

1806 1627 2035 1683 culiaris
2091 1640 2157 1680 ac
2205 1625 2437 1680 idoneus
2492 1623 2653 1677 labor
2707 1621 3030 1691 requiritur.
3085 1617 3179 1675 Sic
3223 1621 3387 1675 etiam

1807 1719 2130 1776 exercitatio
2157 1733 2280 1789 qua:
2303 1717 2361 1771 ﬁt
2388 1716 2458 1772 ad
2495 1713 2826 1785 placendum
2854 1712 2968 1768 Deo
2993 1711 3152 1781 juxta
3183 1711 3391 1767 Christi

107 1822 149 1891 ὴ
207 1818 440 1887 ἄσκησις
483 1815 582 1883 τῆς
651 1810 794 1865 κατὰ
835 1810 898 1864 τὸ
944 1808 1277 1879 Εὑαγγέλιον
1324 1806 1421 1860 τοῦ
1466 1801 1704 1877 Χριστοῦ

1817 1812 2189 1885 Evangelium,
2233 1810 2543 1866 recedendo
2580 1824 2610 1863 a
2663 1807 3132 1864 sollicitudinibus
3178 1805 3390 1871 mundi,

110 1910 261 1983 πρὸς
294 1908 428 1962 Θεὸν
467 1906 898 1978 εὐαρεστήσεως,
934 1904 992 1955 ἐν
1017 1905 1082 1974 τῇ
1114 1901 1457 1971 ἀναχωρήσει
1476 1897 1585 1951 τῶν
1611 1913 1708 1967 με·

113 2004 331 2078 ριμνῶν
354 2001 449 2057 τοῦ
482 2002 711 2072 κόσμου,
740 1999 836 2054 καὶ
856 2000 923 2070 τῇ
951 1990 1205 2052 παοτελεῖ
1227 1992 1578 2061 ἀλλοτριώσει
1598 1990 1708 2045 τῶν

116 2093 532 2167 περιπασμῶν
588 2090 967 2165 κατορθοῦται.
1028 2088 1272 2160 Δυθῆναι
1331 2081 1425 2142 οῦν
1473 2085 1555 2139 δεῖ
1600 2084 1710 2138 τῶν

111 2190 337 2261 δεσμῶν
368 2189 467 2260 τῆς
507 2186 884 2259 προσπαθείας
917 2182 1012 2238 τοῦ
1049 2183 1186 2255 βίου,
1226 2181 1382 2251 τόνγε
1442 2177 1712 2250 ἀληθινῶς

111 2282 434 2337 ἀκολουθεῖν
471 2279 731 2352 μέλλοντα
750 2277 830 2349 τῷ
864 2277 986 2348 Θεῷ
1005 2293 1021 2308 ο
1059 2273 1217 2329 τοῦτο
1269 2273 1325 2327 δὲ
1363 2273 1465 2327 οὐκ
1512 2270 1708 2333 ἄλλως,

112 2373 153 2444 ἢ
187 2373 277 2427 διὰ
315 2371 613 2436 παντελοῦς
664 2371 1088 2442 ἀναχωρήσεως,
1127 2367 1223 2419 καὶ
1251 2364 1421 2436 λήθης
1470 2362 1579 2417 τῶν
1609 2379 1713 2415 πα·-

112 2464 293 2518 λαιῶν
319 2463 468 2534 ἠθῶν
510 2461 893 2535 κατορθοῦται.
938 2460 1028 2525 Ὠς
1070 2461 1118 2512 εί
1153 2458 1227 2531 μὴ
1271 2455 1713 2525 ἀποξενώσαιμεν

115 2559 352 2620 ἑαυτοὺς
375 2557 466 2609 καὶ
500 2555 817 2624 συγγενείας
847 2553 1115 2625 σαρκικῆς
1138 2551 1234 2604 καὶ
1256 2548 1541 2611 κοινωνίας
1570 2547 1711 2618 βίου,

114 2648 287 2703 οἱονεὶ
319 2648 456 2719 πρὸς
487 2647 674 2717 ἓτερον
720 2645 927 2715 κόσμον
974 2643 1064 2697 διά
1112 2643 1210 2714 τῆς
1264 2641 1504 2711 σχέσεως
1544 2654 1713 2709 μετα-

119 2741 421 2806 ϐαίνοντες,
451 2741 730 2810 ἀμήχανον
772 2738 925 2808 ἡμᾶς
962 2733 1350 2806 περιγενέσθαι
1381 2729 1475 2784 τοῦ
1507 2729 1713 2785 σκοποῦ

119 2837 227 2907 τῆς
266 2834 400 2907 πρὸς
441 2833 573 2887 Θεὸν
616 2832 1049 2902 εὐαρεστήσεως.
1109 2828 1167 2880 '0
1220 2826 1399 2879 τοίνυν
1442 2823 1580 2895 πρὸς
1616 2821 1715 2894 τὴν

122 2929 426 2999 ἀγγελικὴν
447 2926 605 2990 ἀξίαν
631 2922 1094 2997 μεταταξάμενος,
1130 2921 1179 2973 εί
1218 2921 1332 2982 τοῖς
1358 2916 1716 2990 ἀνθρωπίνοις

122 3012 488 3090 ὲμμολύνοιτο
516 3016 767 3079 πάθεσιν,
806 3012 990 3085 ὅμοιός
1029 3013 1144 3064 ἐστι
1190 3010 1325 3081 δορᾷ
1372 3006 1712 3079 παρδάλεως,

1808 1918 1862 1964 et
1892 1907 2041 1962 omni
2066 1920 2296 1977 prorsus
2326 1901 2657 1958 removenda
2681 1899 2882 1956 mentis
2916 1900 3239 1971 evagatione
3266 1914 3394 1969 per-

1811 1998 2016 2052 ﬁcitur.
2062 1994 2140 2065 (4)
2192 1994 2456 2065 Quisquis
2485 1994 2651 2064 igitur
2685 2006 2813 2047 vere
2859 1989 3028 2045 Deum
3062 1992 3216 2061 sequi
3253 1991 3389 2054 vult,

1808 2088 2049 2144 vinculis
2100 2087 2451 2142 aii'ectionum
2499 2087 2627 2141 vitae
2670 2083 2837 2153 hujus
2882 2084 3130 2139 solvatur
3169 2098 3395 2138 necesse

1809 2192 1895 2240 est
1928 2202 1941 2238 :
1977 2182 2029 2236 id
2065 2188 2245 2236 autem
2272 2179 2380 2233 nisi
2406 2193 2504 2248 per
2525 2178 2797 2247 integrum
2832 2192 3109 2233 secessum
3151 2191 3395 2230 morum-

1810 2289 1918 2344 que
1945 2281 2195 2328 veterum
2248 2270 2580 2325 oblivionem
2617 2270 2805 2340 perlici
2840 2285 2949 2324 non
2980 2276 3181 2341 potest.
3212 2268 3397 2334 Quare

1812 2365 1921 2420 nisi
1953 2380 2052 2420 nos
2077 2362 2182 2433 ipsi
2216 2370 2271 2419 et
2301 2377 2332 2416 a
2381 2362 2707 2433 cognatione
2733 2361 2941 2416 carnali
2970 2367 3024 2415 et
3066 2375 3096 2414 a
3134 2361 3391 2416 societate

1811 2459 1938 2513 vita:
1966 2456 2382 2518 removerimus,
2411 2454 2582 2509 veluti
2618 2453 2687 2508 ad
2726 2454 2962 2509 alterum
3001 2451 3267 2506 mundum
3299 2465 3396 2521 per

1813 2550 1983 2604 animi
2032 2545 2411 2602 habitudinem
2463 2545 2955 2616 transmigrantes,
3011 2558 3237 2614 secpum
3296 2557 3396 2596 no-

1814 2651 1990 2698 strum
2048 2640 2319 2711 attingere
2363 2653 2472 2693 non
2508 2653 2827 2709 possumus,
2863 2636 2976 2691 Deo
3028 2635 3284 2691 videlicet
3336 2642 3397 2688 ut

1814 2734 2150 2804 placeamus.
2191 2730 2267 2801 (5)
2302 2729 2671 2796 Quamobrem
2702 2729 2796 2799 qui
2834 2728 3147 2784 institutum
3187 2725 3398 2796 angelis
3486 2723 3490 2727 ’

1814 2823 2022 2894 aequale
2055 2824 2343 2892 amplexus
2371 2829 2478 2886 est,
2519 2823 2565 2877 si
2596 2819 2857 2876 humanis
2885 2821 3034 2876 vitiis
3057 2819 3395 2890 inquinetur.

1817 2917 2014 2973 similis
2042 2924 2127 2970 est
2160 2914 2440 2985 pantherae
2487 2913 2636 2983 pelli,
2667 2912 2828 2981 cujus
2868 2920 2999 2967 setae
3032 2926 3212 2981 neque
3251 2924 3401 2979 pror-

1819 3024 1914 3063 sus
1941 3008 2110 3078 nigrae
2138 3017 2287 3073 sunt,
2320 3021 2497 3076 neque
2532 3005 2671 3059 albae
2709 3003 2957 3068 omnino,
2996 3003 3092 3059 sed
3123 3018 3246 3057 cum
3289 3003 3401 3058 sint

121 3109 199 3184 ἧς
241 3111 366 3164 οὔτε
405 3109 573 3180 λευκὴ
615 3106 895 3170 παντελῶς
928 3107 962 3177 ἡ
1010 3103 1153 3175 θρὶξ,
1188 3101 1311 3156 οὔτε
1357 3100 1583 3172 μέλαινα
1632 3098 1713 3151 δι-

1817 3098 2160 3155 diversorum
2187 3098 2434 3152 colorum
2474 3097 2708 3152 mistura
2737 3096 3016 3150 distinctae
3038 3100 3092 3147 et
3116 3093 3401 3161 interpun-

120 3199 428 3265 όλου,ἀλλά
444 3202 510 3271 τῇ
539 3197 683 3269 μίξει
709 3197 819 3250 τῶν
850 3192 1313 3268 ὲτεροχροούντων
1342 3187 1709 3260 διεστιγμένη,

120 3294 255 3348 οὔτε
279 3296 338 3347 ὲν
356 3295 466 3357 τοῖς
499 3290 722 3363 μέλασιν
751 3288 849 3361 (1),
888 3286 1011 3341 οὔτε
1039 3288 1220 3347 ἐντοῖς
1240 3284 1453 3346 λευκοῖς
1475 3280 1717 3353 ἀριθμεῖ-

122 3403 239 3440 ται.
262 3384 473 3455 Ὠσπερ
487 3378 580 3436 οῦν
601 3383 651 3434 οἱ
679 3378 1122 3452 ζωγράφοι,ὃταν
1143 3375 1249 3430 ἀπὸ
1260 3374 1484 3428 εἰκόνων
1503 3373 1719 3435 εἰκόνας

125 3479 410 3552 γράφωσι,
454 3475 635 3530 πυκνά
661 3472 799 3545 πρὸς
824 3473 886 3526 τὸ
920 3470 1272 3543 παράδειγμα
1297 3466 1716 3531 ἀποϐλέποντες,

126 3572 224 3625 τὸν
257 3571 465 3625 ἐκεῖθεν
494 3568 821 3640 χαρακτῆρα
848 3566 986 3636 πρὸς
1015 3564 1077 3617 τὸ
1107 3561 1316 3616 ἑαυτῶν
1360 3557 1719 3623 σπουδάζουσι

132 3662 448 3734 μεταθεῖναι
477 3659 879 3731 φιλοτέχνημα·
911 3655 1054 3709 οὕτω
1095 3653 1176 3706 δεῖ
1208 3651 1303 3706 καὶ
1340 3650 1432 3704 τὸν
1457 3648 1722 3702 ἐσπουδα-

133 3754 271 3807 κότα
299 3751 491 3807 ἑαυτὸν
521 3750 597 3821 (2)
645 3749 779 3803 πᾶσι
808 3749 924 3811 τοῖς
968 3746 1160 3817 μέρεσι
1195 3742 1297 3813 τῆς
1330 3740 1531 3813 ἀρετῆς
1552 3741 1724 3810 ἀπερ-

132 3845 411 3914 γάσασθαι
458 3843 689 3907 τέλειον,
730 3840 896 3893 οἱονεὶ
952 3837 1089 3909 πρὸς
1134 3831 1432 3905 ἀγάλματά
1468 3848 1591 3886 τινα
1638 3848 1724 3884 κι-

132 3935 376 4007 νούμενα
408 3934 504 3989 καὶ
543 3934 838 4006 έμπρακτα
862 3929 989 3992 τοὺς
1040 3928 1188 3999 βίους
1228 3925 1336 3979 τῶν
1373 3924 1543 3994 ἁγίων
1585 3923 1723 3976 ἀπο-

136 4028 386 4091 ϐλέπειν,
431 4027 527 4080 καὶ
571 4026 636 4079 τὸ
686 4023 909 4078 ἐκείνων
946 4018 1150 4090 ἀγαθὸν
1193 4020 1393 4072 οίκεῖον
1454 4014 1724 4070 ποιεῖσθαι

138 4121 233 4174 διὰ
263 4121 571 4191 μιμήσεως.

214 4210 268 4265 ϐ.
300 4212 365 4263 El
398 4209 507 4282 γὰρ
539 4208 666 4279 βοῦς
703 4206 800 4280 μὲν
847 4203 1105 4277 συνεργὸς
1153 4204 1284 4275 ἡμῖν
1332 4201 1413 4265 είς
1455 4197 1729 4269 γεωργίαν

140 4301 491 4377 παραδοθεὶς,
521 4301 615 4356 καὶ
649 4300 832 4370 φωνῆς
864 4297 960 4352 τοῦ
988 4295 1277 4368 τρέφοντος
1322 4291 1728 4355 ἐπαισθάνεται,

142 4396 240 4450 καὶ
266 4395 357 4447 τὸν
391 4392 636 4465 συνήθως
668 4389 816 4461 αὐτῷ
848 4386 1226 4462 προσφέροντα
1252 4384 1350 4456 τὴν
1381 4381 1586 4455 τροφὴν
1611 4382 1732 4435 ἐπι-

1816 3199 1939 3255 οιεε,
1980 3206 2158 3261 neque
2190 3191 2245 3244 in
2281 3189 2457 3259 nigris
2495 3196 2880 3249 numerantur,
2916 3200 3095 3255 neque
3145 3184 3198 3237 in
3238 3184 3398 3240 albis.

1818 3285 1894 3357 (6)
1932 3283 2401 3351 Quemadmodum
2429 3296 2559 3352 ergo
2587 3280 2847 3350 pictores,
2888 3292 3011 3331 cum
3044 3274 3310 3344 imagines
3334 3288 3402 3329 ex

1817 3376 2152 3446 imaginibus
2199 3375 2472 3443 pingunt,
2531 3371 2728 3426 crebro
2775 3369 2842 3424 ad
2891 3362 3170 3436 esemplar
3226 3364 3401 3434 respi-

1819 3467 2050 3529 cientes,
2074 3465 2201 3520 inde
2222 3464 2449 3518 formam
2476 3463 2531 3516 in
2562 3477 2724 3517 suum
2751 3459 2918 3532 474
2933 3473 3071 3528 opus
3102 3455 3405 3510 transferre

1821 3566 2093 3614 conantur
2140 3557 2271 3611 :sic
2309 3556 2476 3611 etiam
2523 3555 2619 3624 qui
2681 3568 2803 3608 sese
2864 3551 3123 3605 omnibus
3181 3549 3404 3602 viriutis

1822 3651 2074 3723 partibus
2102 3650 2416 3705 absolutum
2449 3649 2713 3717 perlicere
2744 3643 2949 3706 studet,
2989 3642 3056 3696 ad
3081 3649 3402 3697 sanctorum

1822 3743 1988 3807 vitas,
2018 3743 2167 3797 velut
2206 3741 2273 3796 ad
2301 3739 2598 3796 simulacra
2631 3737 2881 3809 quadam
2911 3735 3030 3789 viva
3077 3744 3132 3789 et
3152 3741 3402 3793 actuosa,

1824 3836 2102 3905 reSpicere
2127 3834 2313 3900 debet,
2336 3841 2391 3889 ct
2429 3830 2575 3903 quod
2606 3831 2716 3886 illis
2746 3830 2892 3885 inest
2927 3827 3058 3883 boni
3091 3842 3250 3883 suum
3281 3823 3407 3878 imi-
3448 3862 3453 3867 .

1827 3929 1993 3985 tando
2020 3927 2224 3984 facere.

1904 4182 1958 4237 6.
2018 4181 2095 4253 (7)
2138 4178 2278 4234 Nam
2324 4178 2371 4234 si
2401 4177 2524 4239 bos,
2583 4173 2679 4244 qui
2717 4172 2876 4227 nobis
2919 4168 3138 4240 adjutor
3166 4168 3235 4221 ad
3265 4165 3412 4237 agri-

1831 4275 2106 4331 culturam
2142 4272 2327 4333 datus,
2376 4283 2569 4324 vocem
2605 4264 2897 4321 nutritoris
2946 4261 3123 4323 novit,
3173 4271 3411 4328 eumque

1832 4367 1927 4438 qui
1972 4365 2077 4421 sibi
2115 4363 2375 4435 pabulum
2421 4359 2618 4414 afferre
2658 4356 2818 4417 solet,
2858 4351 3107 4421 agnoscit
3148 4368 3163 4405 :
3222 4348 3413 4403 asinus

142 4486 406 4557 γινώσκει
425 4503 439 4516 ⁸
467 4441 587 4549 δύος
612 4441 683 4538 ’δὲ
724 4441 1170 4553 αὐιτομάτωςιέπὶ
1199 4441 1324 4541 τοὺς
1356 4441 1605 4546 συνήθεις
1632 4474 1725 4546 τῆς

1834 4469 2015 4515 autem
2046 4462 2241 4529 sponte
2281 4461 2494 4508 natura:
2526 4449 2597 4504 ad
2640 4454 2906 4504 consueta
2935 4442 3134 4500 stabuli
3165 4441 3250 4497 sui
3289 4441 3411 4493 loca

1844 4553 1862 4557 _
1948 4553 1959 4557 _
2169 4550 2180 4557 .
2218 4549 2231 4557 .
2330 4547 2362 4557 μ.
2501 4544 2510 4554 ο
2610 4542 2666 4557 nu
2784 4546 2929 4557 .A,l._
2969 4536 3106 4557 !_--.
3150 4532 3411 4557 l_-l.:a...l_

146 4578 499 4642 καταλύσεως
539 4575 740 4639 τόπους
777 4573 952 4644 ὁρμᾷ,
980 4570 1074 4625 καὶ
1102 4567 1336 4639 τοσαύτη
1368 4569 1481 4630 τοῖς
1520 4564 1734 4633 ἀλόγοις

148 4671 292 4744 πρὸς
316 4670 407 4723 τὸν
438 4666 864 4739 ἐπιμελούμενον
887 4664 921 4734 ἡ
958 4659 1215 4732 συνήθεια
1233 4673 1247 4687 ·
1282 4658 1446 4711 πόσον
1475 4657 1510 4728 ἡ
1537 4655 1731 4728 λογικὴ

149 4763 313 4832 φύσις
351 4760 451 4830 τῆς
482 4759 619 4831 πρὸς
657 4756 789 4809 θεὸν
826 4754 1047 4823 ἀγάπης
1095 4749 1156 4803 τὸ
1201 4748 1398 4821 μέτρον
1427 4744 1735 4815 ἀπαιτηθή-

153 4869 349 4917 σεται;
382 4850 517 4906 Οὐδὲ
547 4850 658 4921 γὰρ
691 4849 788 4920 μία
826 4844 1026 4918 πρᾶξις
1074 4842 1271 4896 τελειοῖ
1314 4840 1406 4893 τὸν
1446 4837 1735 4892 σπουδαῖον

152 4945 292 5000 ἀλλὰ
320 4943 482 4998 παντὶ
521 4942 787 5014 προσήκει
818 4938 896 5010 τῷ
930 4937 1030 5008 βίῳ
1065 4935 1163 4999 τὰς
1203 4934 1325 4988 κατ’
1348 4932 1548 5005 ἀρετὴν
1582 4932 1735 5000 ἐνερ-

151 5039 312 5109 γείας
367 5033 922 5107 συμπαρατείνεσθαι.
978 5029 1086 5083 Καὶ
1127 5028 1375 5099 καθάπερ
1422 5026 1472 5078 οἱ
1524 5023 1619 5077 ὲπί
1675 5023 1738 5076 τὸ

153 5130 381 5202 λουτρὸν
405 5127 684 5191 εἰσιόντες,
714 5123 1043 5197 γυμνοῦνται
1064 5119 1264 5184 παντὸς
1292 5116 1731 5191 περιϐλήματοςο

234 5284 280 5317 ⁸⁷¹
302 5280 492 5337 Matth.
520 5295 596 5344 vr,
630 5279 723 5333 24.
801 5277 845 5310 ¹⁸
872 5276 1007 5331 ibid.

210 5399 308 5472 ιιι
333 5395 581 5472 Οὔτε-ὲν
607 5394 734 5472 τοῖς
760 5390 1041 5472 μέλασιν,
1058 5387 1297 5472 ἐξολεῖ-ς
1359 5396 1647 5472 conteritu‘s
1681 5392 1737 5440 et

159 5456 367 5540 Βέςίιιε
396 5467 566 5540 codex
592 5456 835 5540 melioris
862 5470 1034 5540 ηιιξιπι..
1057 5460 1198 5540 Editi
1228 5459 1351 5513 οὔτε
1379 5461 1448 5540 ,ἐν
1473 5456 1735 5540 τοίςιλευ-

160 5528 282 5603 κοῖξ
311 5536 646 5609 ἀριθμεῖται,
670 5531 797 5609 οὗτε
833 5530 994 5609 πάλιν
1018 5533 1076 5581 ὲν
1096 5532 1211 5609 τοῖς
1238 5528 1734 5601 μεμελανωμένοις.

238 5599 316 5680 (‘2)
354 5599 635 5661 "Edvtdr.
675 5600 1086 5671 Desumpsimus
1113 5599 1255 5655 hanc
1284 5599 1473 5656 vocem
1501 5613 1567 5654 ex
1601 5611 1736 5654 con-

163 5689 422 5823 κιᾷιῖει
454 5743 660 5816 Reguli:
685 5742 855 5811 fusius
889 5737 1156 5805 tractatis,
1183 5739 1308 5793 3M.

1837 4553 2062 4609 festinat
2091 4569 2104 4604 :
2138 4550 2185 4605 si
2218 4547 2397 4603 brutis
2424 4542 2755 4599 animalibus
2784 4546 2937 4593 tanta
2968 4536 3112 4591 inest
3149 4532 3412 4588 habitudo

1838 4662 1962 4701 cum
2004 4658 2106 4699 suo
2146 4639 2427 4712 provisore
2472 4655 2485 4691 :
2537 4641 2744 4706 quanta
2786 4631 3093 4686 dilectionis
3137 4627 3192 4682 in
3240 4625 3412 4681 Deum

1838 4751 2097 4793 mensura
2137 4737 2458 4803 reposcetur
2507 4742 2539 4781 a
2578 4722 2833 4779 rationali
2883 4720 3117 4775 natura!
3160 4716 3236 4789 (8)
3292 4714 3416 4774 Non

1839 4832 1986 4887 enim
2026 4828 2170 4883 actio
2208 4840 2316 4879 una
2346 4823 2529 4878 virum
2564 4817 2794 4888 probum
2826 4813 3061 4868 absolvit
3087 4820 3140 4866 et
3170 4808 3408 4880 perlicit,

1841 4925 1937 4979 sed
2014 4922 2080 4975 ad
2144 4933 2362 4973 omnem
2414 4913 2586 4969 vitam
2640 4905 2859 4964 extendi
2915 4910 3133 4976 oportet
3191 4901 3414 4955 virtutis

1841 5030 2026 5085 opera.
2061 5011 2136 5085 (9')
2170 5009 2236 5063 Et
2272 5003 2728 5079 quemadmodum
2755 4999 2846 5070 qui
2877 4998 2933 5052 in
2965 4996 3213 5051 balneum
3236 4992 3416 5062 ingre-

1841 5082 2091 5171 diuntur,
2120 5082 2289 5158 omni
2334 5098 2536 5153 amictu
2583 5094 2879 5159 nudantur,
2925 5092 3000 5145 ita
3032 5089 3197 5146 etiam
3226 5084 3319 5157 qui
3349 5082 3417 5138 ad

1912 5374 1990 5446 (ι)
2019 5372 2178 5446 l_hid._,
2210 5369 2333 5424 διε.

1919 5432 1996 5513 (5)
2027 5443 2104 5497 Ex
2139 5432 2314 5513 Serm.
2346 5436 2604 5513 ascetico,
2643 5432 2768 5488 320.

1913 5507 1991 5587 (6)
2023 5513 2103 5587 Ex
2132 5511 2295 5580 epist.
2328 5507 2505 5587 tt,’i§.

1914 5571 1992 5657 (7)
2023 5583 2102 5657 (5.x
2131 5571 2424 5657 comment.
2457 5578 2510 5630 in
2528 5573 2636 5657 _Isa
2666 5611 2682 5637 ,
2710 5571 2836 5657 δὲῃ

1917 5643 2004 5725 ξέ)
2032 5653 2115 5725 lix
2139 5651 2304 5725 _hom.
2335 5649 2391 5700 in
2421 5645 2560 5725 paul.
2591 5643 2857 5725 χιχλρὗ.

1918 5712 1998 5791 (9)
2024 5721 2104 5779 Ex
2135 5722 2314 5777 Serm.
2343 5712 2602 5780 ascetico,
2639 5712 2764 5768 323.
