3840 6226
430 289 569 342 1127

1306 284 1676 342 APPENDIX.
1714 315 1785 327 —-
1824 284 2169 339 SYMEONIS
2205 283 2747 341 M‘ETAPHRASTE

3452 312 3465 324 ο
3570 285 3725 332 1128

429 404 728 477 asaeticum
791 400 913 456 vita:
983 416 1157 470 genus
1224 400 1516 465 accedunt,
1586 400 1735 455 omni
1786 398 2014 454 materia

2167 399 2259 452 itm
2289 399 2393 471 χρὴ
2418 400 2657 462 καὶτοὺς
2678 401 2745 470 τῇ
2777 399 3046 468 ἀσκητικῇ
3085 396 3565 468 προσερχομένους
3592 404 3605 451 t
3631 396 3669 449 8
3704 408 3719 457 ι

430 496 615 552 saeculi
658 493 823 562 hujus
863 494 1031 554 exuti,
1064 492 1116 546 in
1158 492 1281 545 vitae
1314 492 1704 562 philosophica;
1743 492 2012 546 institutis

430 585 636 641 versari
669 585 891 640 debent.
928 582 1002 652 (1)
1047 582 1228 637 Estote
1283 584 1449 643 enim,
1492 582 1687 653 inquit,
1734 580 2015 651 prudentes

433 676 567 730 sicut
600 681 863 742 serpentes
906 673 972 725 ⁸⁸.
1022 672 1283 740 Serpens,
1339 671 1435 725 ubi
1477 671 1587 739 jam
1645 670 1895 725 exuenda
1929 677 2015 726 est

428 764 610 834 pellis,
637 763 692 816 in
731 762 912 816 locum
948 771 1240 830 angustum
1308 770 1361 816 et
1401 763 1595 817 stricte
1622 777 1826 830 corpus
1857 776 2015 815 coer-

428 862 645 909 centcm
690 868 811 908 sese
854 853 1176 915 immittens,
1226 852 1307 906 sic
1378 861 1654 908 senectam
1720 852 2015 921 prudenter

432 961 500 999 ac
530 946 810 1015 sapienter
843 943 1016 998 exuit.
1041 942 1198 1008 Quod
1231 954 1284 997 et
1327 944 1468 998 idem
1524 960 1626 999 nos
1657 945 1862 999 imitari
1896 945 2016 999 vult

433 1037 738 1108 Scriptura,
790 1052 886 1107 per
931 1045 1218 1106 angustam
1265 1046 1319 1092 et
1374 1044 1583 1091 arctam
1632 1039 1775 1091 viam
1829 1038 2014 1108 ingre-

430 1131 649 1184 dientes
702 1129 769 1191 ¹⁰,
823 1143 1023 1181 exuere
1066 1135 1302 1182 veterem
1361 1127 1657 1190 hominem,
1706 1142 1770 1181 ac
1812 1142 2015 1180 novum

432 1220 657 1273 induere
684 1221 751 1285 ¹¹,
786 1227 845 1273 ιιι
876 1228 1065 1274 nostra
1097 1234 1336 1288 quoque,
1363 1218 1514 1272 velut
1540 1219 1760 1287 aquilae,
1785 1218 2015 1287 juventa

435 1320 729 1366 renovetur
761 1313 828 1365 “.
872 1311 1008 1365 Nam
1045 1311 1250 1365 lumine
1283 1311 1634 1366 illucescente
1677 1319 2017 1366 evanescunt

433 1406 704 1467 tenebrae,
760 1412 815 1459 et
880 1403 1117 1457 sanitate
1178 1404 1443 1458 redeunte
1517 1404 1782 1459 molestiae
1837 1403 2014 1456 morbi

431 1496 721 1557 sedantur,
768 1503 822 1547 et
867 1493 1094 1546 veritate
1143 1491 1552 1555 demonstrata,
1606 1491 1874 1547 mendacii
1917 1507 2016 1545 na-

431 1596 556 1640 tura
609 1584 977 1654 redarguitur.
1017 1581 1124 1638 Sed
1166 1583 1410 1653 plerique
1467 1582 1542 1653 (‘2)
1580 1582 1828 1637 homines
1857 1582 2017 1636 nubi-

431 1678 536 1733 bus
597 1676 806 1730 similes
851 1685 1015 1736 sunt,
1071 1691 1193 1743 qua:
1241 1690 1340 1744 pro
1386 1684 1672 1727 ventorum
1715 1675 2017 1728 mutatione

431 1769 569 1823 alias
602 1769 655 1822 in
685 1767 846 1820 aliam
878 1767 1020 1821 aeris
1053 1774 1262 1836 partem
1296 1765 1547 1820 feruntur
1574 1785 1587 1819 ;
1617 1765 1694 1836 (3‘)
1737 1774 1792 1820 et
1815 1766 2015 1835 quibus
2046 1748 2090 1804 Β

434 1857 594 1911 facile
653 1856 934 1927 mutabilis
976 1855 1268 1917 sententia,
1307 1854 1393 1909 his
1435 1855 1659 1910 minime
1689 1856 1892 1910 mirum
1929 1863 2016 1910 est

431 1949 555 2003 vitae
598 1947 849 2003 ordinem
904 1962 1015 2002 non
1059 1957 1366 2013 constare;
1413 1947 1617 2017 quibus
1675 1961 1806 2002 vero
1855 1947 2018 2001 ﬁrma

432 2056 588 2095 mens
618 2048 724 2101 est,
770 2054 1096 2110 semperque
1132 2046 1391 2094 constans
1427 2047 1482 2092 et
1519 2038 1731 2101 eadem,
1768 2039 1853 2095 his
1886 2053 2017 2093 con-

433 2141 765 2188 sentaneum
812 2142 897 2185 est
950 2132 1117 2184 vitam
1167 2131 1420 2184 instituto
1474 2141 1867 2200 congruentem
1922 2130 2019 2185 du-

431 2240 578 2280 cere.
609 2223 683 2295 (4)
722 2222 875 2275 Multi
907 2232 1111 2287 autem,
1140 2221 1269 2275 dum
1314 2237 1510 2292 pravas
1548 2221 1714 2277 etiam
1757 2237 2015 2291 compro-

433 2316 566 2370 bant
608 2314 873 2377 aetiones,
926 2313 1172 2367 dicacem
1225 2312 1442 2382 quidem
1493 2312 1734 2382 lepidum
1784 2312 2015 2379 dicunt;

430 2423 558 2463 eum
610 2422 740 2462 vero
785 2408 879 2476 qui
932 2407 1171 2460 obsrcna
1216 2405 1383 2459 verba
1432 2404 1659 2475 profert,
1700 2405 2015 2470 urbanum;

433 2501 693 2554 acerbum
737 2508 791 2553 et
836 2496 1186 2561 iracundum,
1234 2496 1510 2551 hominem
1564 2494 1855 2549 nominant
1904 2508 2016 2548 non

440 2588 904 2645 contemnendum
938 2605 954 2655 ;
1008 2602 1234 2658 parcum
1284 2593 1340 2641 et
1384 2584 1727 2649 illiberalem,
1757 2595 1816 2639 ut
1857 2584 2019 2640 sedu-

438 2680 551 2735 lum
579 2679 1080 2733 administratorem
1112 2676 1338 2730 laudant
1364 2694 1379 2743 ;
1412 2675 1629 2730 luxurie
1660 2676 2017 2741 dimueutem,

441 2784 503 2827 ut
552 2772 876 2836 liberalem;
933 2777 1295 2824 scortatorem
1339 2777 1396 2823 et
1432 2768 1720 2836 lascivum,
1753 2777 1811 2822 ut
1838 2768 2020 2824 virum

436 2864 603 2918 rebus
673 2862 788 2916 suis
851 2860 1258 2931 perfruentem,
1315 2866 1371 2912 et
1429 2859 1598 2912 animi
1659 2858 1944 2914 solutioris
2003 2875 2017 2912 :

438 2970 550 3009 uno
597 2954 785 3017 verbo,
817 2952 952 3004 vitio
996 2951 1148 3006 omni
1204 2965 1271 3004 ex
1316 2950 1519 3005 virtute
1556 2948 1828 3020 adjacenti
1866 2950 2023 3005 blan-

439 3046 569 3099 dum
621 3058 822 3116 nomen
878 3044 1191 3112 imponunt.
1246 3040 1410 3095 Tales
1454 3056 1550 3097 ore
1589 3042 1809 3112 quidem
1852 3041 2021 3096 bene-

441 3137 656 3200 dicunt,
707 3144 764 3189 ut
809 3136 887 3188 ait
936 3134 1107 3189 David
1158 3134 1227 3199 ’³,
1279 3132 1446 3189 corde
1487 3149 1621 3189 vero
1664 3134 2018 3189 maledicunt.

443 3228 581 3283 Nam
619 3229 913 3283 verborum
968 3227 1242 3282 lenocinio
1288 3225 1731 3281 maledictionem
1799 3242 2021 3282 omnem

443 3321 499 3374 in
534 3334 722 3375 eorum
772 3320 941 3373 vitam
984 3319 1297 3381 conferunt,
1344 3318 1611 3374 obnoxios
1649 3318 1774 3372 illos
1802 3328 2024 3372 aeternae

440 3412 781 3469 damnationi
851 3411 1338 3482 approbationibus
1412 3412 1529 3467 suis
1603 3412 2020 3467 constituentes.

447 3501 524 3568 (ὸ)
565 3502 635 3556 Ut
659 3502 823 3572 igitur
850 3518 957 3555 non
979 3501 1331 3571 justijudicis
1352 3517 1513 3571 pares
1529 3502 1753 3571 paribus
1783 3507 2025 3557 statuere

441 3594 723 3649 mercedes
747 3633 763 3658 ,
813 3593 911 3648 sed
951 3609 1179 3649 necesse
1216 3602 1302 3648 est
1349 3602 1410 3648 ut
1451 3594 1583 3647 mali
1638 3593 1889 3664 inceptor
1924 3608 2026 3648 cu-

440 3684 706 3738 mulatius
752 3684 1033 3754 persolvat
1082 3683 1290 3748 debita,
1337 3688 1385 3740 si
1433 3684 1597 3738 modo
1643 3693 1700 3739 et
1748 3686 1867 3755 ipse
1911 3699 2025 3740 me-

443 3772 547 3827 lior
602 3789 670 3827 ex
717 3774 1010 3843 suppliciis
1063 3772 1285 3830 futurus
1337 3774 1433 3841 sit,
1476 3784 1531 3828 et
1580 3775 1717 3830 alios
1769 3775 2025 3829 meliores

446 3861 694 3917 facturus
739 3864 990 3932 exemplo
1041 3881 1055 3918 :
1103 3863 1180 3935 (ο)
1233 3864 1308 3918 ita
1343 3872 1398 3919 et
1445 3866 1539 3935 qui
1581 3866 1710 3920 boni
1757 3874 2024 3937 praetextu

445 3957 651 4008 malum
699 3953 850 4019 facit,
879 3955 1083 4025 duplici
1122 3956 1294 4010 multa
1333 3956 1534 4028 dignus
1560 3967 1645 4013 est
1690 3976 1704 4013 :
1748 3966 1862 4012 tum
1896 3959 2027 4029 quia

446 4046 594 4116 quod
643 4062 754 4101 non
813 4047 1017 4102 bonum
1055 4056 1140 4103 est
1179 4050 1316 4120 agit,
1366 4059 1480 4104 tum
1531 4050 1663 4119 quia
1707 4050 1778 4105 ad
1843 4052 2028 4105 scelus

447 4137 913 4209 perpetrandum,
956 4139 1141 4207 bono,
1191 4148 1254 4195 ut
1303 4141 1382 4196 ita
1422 4141 1639 4209 dicam,
1709 4142 1863 4205 socio
1921 4143 2025 4198 ab-

449 4232 640 4286 utitur.

2113 490 2248 561 ζωῇ,
2292 491 2472 563 πάσης
2511 490 2643 562 ὕλης
2672 490 2930 562 βιωτικῆς
2960 488 3366 559 γυμνωθέντας,
3397 488 3556 552 me;
3592 488 3671 557 (ιι
3704 501 3719 543 t

2111 583 2206 636 τοῦ
2259 582 2398 637 κατά
2446 583 2761 652 φιλοσοφίαν
2801 581 3058 650 γενέσθαι
3097 580 3234 651 βίου.
3270 582 3532 635 Γίνεσθε
3573 583 3714 650 γὰρ.

2056 735 2060 739 .
2114 676 2267 744 φησὶ,
2292 675 2566 744 φρόνιμοι
2589 676 2672 741 ὠς
2705 677 2759 729 σί
2793 675 2961 743 ὕει-εις
2981 692 2994 705 ο
3029 673 3088 737 ὃς
3118 672 3339 726 ὲπειδάν
3364 672 3719 726 ἀποδύεσθαι

2112 763 2205 836 δέῃ
2254 767 2353 836 τὴν
2398 765 2674 837 λεὸήριδα,
2720 764 2894 835 στενῷ
2929 765 3082 834 τόπῳ
3128 764 3224 816 καὶ
3263 762 3512 834 ἀκριϐῶς
3551 780 3723 833 περι-

2116 856 2396 925 σφίγγοντι
2437 855 2499 909 τὸ
2551 856 2711 927 σῶμα
2759 855 2977 918 ἐπιδοὺς
3022 855 3232 918 ἑαυτὸν,
3287 855 3578 923 φρονίμως
3617 853 3721 905 καὶ

2117 948 2352 1011 συνετῶς
2398 947 2690 1001 ἀποδύεται
2736 948 2797 1000 τὸ
2841 948 3039 1019 γῆρας.
3077 947 3256 1016 Ὅπερ
3299 942 3393 998 οὖν
3427 945 3524 997 καὶ
3560 946 3721 1013 ἡμᾶς

2117 1038 2365 1109 βούλεται
2402 1038 2430 1089 ὁ
2465 1040 2658 1107 Λόγος,
2695 1038 2782 1092 διὰ
2834 1038 2935 1107 τῆς
2974 1037 3166 1107 στενῆς
3206 1036 3302 1089 καὶ
3332 1035 3722 1104 τεθλιμμένης

2115 1128 2236 1182 ὁδοῦ
2292 1130 2725 1201 πορευομένους,
2779 1128 3108 1183 ἀποδύεσθαι
3163 1127 3261 1198 μὲν
3323 1127 3417 1180 τὸν
3472 1125 3723 1179 παλαιὴν

2115 1202 2422 1291 ἄνθρωπον,
2454 1220 2733 1274 ἐνδύεσθαι
2780 1220 2838 1274 δὲ
2884 1221 2978 1274 τὸν
3030 1220 3171 1281 νέον,
3221 1218 3363 1273 ὥστε
3407 1221 3507 1273 καὶ
3544 1221 3723 1290 ἡμῶν
3758 1275 3765 1278 ,

2115 1312 2588 1384 ἀνακαινισθῆναι,
2634 1314 2711 1377 ὡς
2750 1311 2909 1367 ἀετοῦ
2950 1313 3048 1384 τὴν
3094 1314 3342 1383 νεότητα.
3386 1313 3574 1376 arma»;
3603 1314 3723 1384 γάρ

2115 1406 2506 1476 ἀναφανέντος,
2549 1405 2869 1474 ἀφανίζεται
2925 1406 3145 1469 σκότος·
3186 1408 3283 1461 καὶ⁵
3322 1407 3516 1475 ὑγείας
3571 1424 3723 1476 παρ-

2115 1494 2303 1564 ούσης,
2336 1494 2405 1548 τά
2434 1494 2640 1566 ὀχληρά
2671 1494 2772 1564 τῆς
2794 1495 2949 1549 νόσου
2984 1495 3258 1548 πέπαυται
3277 1512 3291 1525 ·
3320 1496 3413 1548 καὶ
3447 1495 3720 1566 ἀληθείας

2116 1585 2565 1655 ἀποδειχθείσης,
2626 1583 2723 1638 τοῦ
2798 1583 3027 1654 ψεύδους
3090 1587 3123 1655 ἠ
3182 1584 3343 1653 φύσις
3398 1583 3713 1653 ἐλέγχεται.

2130 1675 2268 1728 Ἀλλ’
2321 1678 2371 1728 οἱ
2423 1674 2606 1728 πολλοὶ
2638 1674 2748 1727 τῶν
2793 1673 3097 1745 ἀνθρώπων
3147 1677 3265 1738 ταῖς
3306 1675 3565 1743 νεφέλαις
3610 1676 3723 1728 ἐοίο

2117 1783 2267 1829 κασι,
2311 1765 2448 1839 πρὸς
2492 1767 2592 1830 τὰς
2633 1765 2743 1819 τῶν
2793 1766 3119 1837 πνευμάτων
3171 1766 3476 1838 μεταϐολὰς
3519 1768 3719 1821 ἄλλοτε

2116 1859 2236 1913 κατ’
2273 1857 2401 1912 ἀλλο
2440 1858 2605 1929 μέρος
2646 1856 2743 1910 τοῦ
2788 1858 2949 1929 ἀέρος
2983 1856 3094 1930 (10)
3126 1858 3559 1929 ἐκφερομένης·
3618 1863 3723 1912 καὶ

2116 1942 2197 2010 οἷς
2242 1946 2340 2018 μὲν
2371 1946 2591 2011 εὔκολος
2633 1947 2770 2020 πρὸς
2819 1947 3119 2018 μεταόολὴν
3156 1950 3190 2019 ἡ
3233 1947 3463 2010 διάνοια,
3498 1946 3723 2009 τούτοις

2116 2038 2268 2091 οὐδὲν
2296 2039 2527 2102 ἀπεικὸς
2563 2039 2660 2093 καὶ
2687 2038 2777 2093 τὸν
2811 2038 2925 2110 βίον
2954 2034 3090 2092 εῖναι
3126 2038 3201 2109 μὴ
3230 2039 3568 2110 τεταγμένον
3587 2057 3603 2069 ·
3635 2036 3723 2103 οἷς

2116 2129 2174 2182 δὲ
2196 2131 2477 2199 πεπηγυῖα
2506 2129 2539 2199 ἡ
2571 2126 2788 2200 γνώμη,
2816 2129 2911 2183 καὶ
2945 2129 3034 2184 ἀεὶ
3080 2130 3307 2195 ἑστῶσα,
3334 2131 3429 2183 καὶ
3468 2133 3505 2201 ἡ
3545 2130 3721 2200 αὑτὴ,

2116 2217 2328 2281 τούτοις
2387 2217 2679 2271 ἀκόλουθον
2740 2216 3045 2289 συμφώνως
3105 2221 3172 2289 τῇ
3227 2219 3546 2290 προαιρέσει
3618 2221 3723 2290 τὴν

2118 2308 2266 2380 ζωὴν
2292 2309 2580 2379 διεξάγειν.
2612 2310 2806 2365 Πολλοὶ
2851 2310 2909 2364 δὲ
2947 2312 3040 2364 καὶ
3075 2311 3173 2374 τὰς
3206 2312 3724 2383 πονηρὰςπράξεις

2120 2402 2530 2473 ἀποδεχόμενοι,
2558 2402 2821 2474 χαρίεντα
2850 2402 2948 2473 μὲν
2970 2403 3061 2456 τὸν
3091 2404 3421 2475 εὐτράπελον
3454 2402 3687 2471 λέγουσι
3707 2421 3725 2433 ·

2117 2492 2209 2545 τὸν
2235 2492 2291 2546 δὲ
2328 2493 2702 2563 αἰσχρολόγον,
2746 2493 3022 2548 πολιτικόν
3046 2508 3062 2523 ⁶
3101 2495 3197 2548 καὶ
3234 2494 3324 2548 τὸν
3370 2495 3570 2565 πικρὸν
3621 2497 3731 2548 καὶ

2118 2579 2354 2652 ὀργίλον,
2407 2583 2850 2655 ἀκαταφρόνητον
2903 2584 3260 2655 ὀνομάζουσι·
3306 2584 3396 2637 τὸν
3446 2585 3729 2653 φειδωῶν

2119 2672 2215 2725 καὶ
2257 2671 2652 2743 ἀκοινώνητον,
2701 2672 2778 2736 ὡς
2828 2674 3201 2745 οἰκονομικὸν,
3248 2674 3559 2728 ἐπαινοῦσι·
3626 2677 3729 2728 cev

2121 2764 2361 2828 ἄσωτον,
2421 2766 2497 2828 ὡς
2545 2765 2851 2835 ἐλευθέριον
2873 2780 2888 2796 ⁶
2950 2766 3042 2819 τὸν
3100 2766 3296 2837 πόρνον
3343 2767 3437 2821 καὶ
3475 2767 3726 2837 ἀσελγῆ,

2121 2855 2521 2913 ἀπολαυστικόν
2563 2874 2683 2910 τινα
2734 2856 2829 2910 καὶ
2872 2857 3185 2927 ἀνειμένον·
3228 2859 3323 2912 καὶ
3372 2858 3730 2924 ἁπαξαπλῶς

2122 2950 2304 3002 πᾶσαν
2336 2946 2534 3002 κακίαν
2562 2948 2626 3001 ὲκ
2654 2947 2756 3018 τῆς
2789 2947 3547 3022 παρακειμένης(ίί)ἀρετῆς
3581 2952 3730 3003 ὑπο.

2124 3040 2449 3112 κορίζονται.
2483 3041 2546 3093 Οἱ
2578 3038 2810 3094 τοιοῦτοι
2860 3039 2937 3109 τῷ
2989 3039 3217 3110 στόματι
3267 3039 3366 3110 μὲν
3401 3041 3725 3108 εὐλογοῦσι.

2126 3132 2267 3185 κατά
2298 3130 2389 3184 τὸν
2421 3130 2607 3197 Δαὸὶδ,
2638 3133 2705 3202 τῇ
2737 3130 2796 3183 δὲ
2833 3130 3033 3202 καρδίᾳ
3076 3129 3443 3201 καταρῶνται.
3487 3132 3578 3184 Ἐν
3606 3133 3727 3203 γὰρ

2124 3225 2192 3293 τῇ
2222 3221 2328 3276 τῶν
2363 3222 2621 3294 ῥημάτων
2652 3223 2896 3294 εὐφημίᾳ
2921 3224 3099 3276 πᾶσαν
3134 3222 3379 3293 κατάραν
3411 3223 3726 3290 ἐπάγουσιν

2126 3313 2306 3367 αὐτῶν
2339 3316 2404 3384 τῇ
2436 3312 2572 3384 ζωῇ,
2614 3312 2902 3377 ὑποδίκους
2951 3314 3149 3377 αὐτοὺς
3191 3315 3257 3384 τῇ
3300 3312 3495 3384 αἰωνίᾳ
3542 3333 3727 3367 κατα-

2100 3404 2306 3476 -κρίσει
2342 3405 2408 3459 δι’
2440 3399 2517 3459 ὧν
2552 3405 2903 3476 ἀποδέχονται
2939 3404 3325 3469 καθιστῶντες.
3368 3407 3581 3479 Ὠσπερ
3625 3404 3724 3460 οὖν

2126 3499 2229 3551 οὐκ
2266 3497 2380 3551 ἔστι
2413 3497 2624 3551 δικαίου
2657 3497 2844 3570 κριτοῦ
2885 3499 3005 3563 ἴσας
3051 3499 3188 3571 πρὸς
3227 3498 3347 3562 ῖσας
3378 3499 3586 3571 ὁρίζειν
3616 3500 3721 3564 ei;

2129 3589 2447 3653 ἀντιδόσεις,
2476 3589 2594 3644 ἀλλ’
2623 3589 2837 3661 ἀνάγκη
2868 3590 2959 3645 τὸν
2992 3590 3340 3662 κατάρξαντα
3368 3591 3543 3644 κακοῦ
3576 3592 3722 3662 μετὰ

2130 3682 2448 3755 προσθήκης
2491 3683 2745 3737 ἀποτῖσαι
2791 3683 2861 3737 τά
2906 3683 3250 3755 ὀφειλόμενα,
3282 3685 3330 3737 εί
3377 3683 3563 3754 μέλλοι
3617 3686 3723 3736 αὖ-

2127 3775 2221 3837 τός
2243 3791 2304 3828 τε
2334 3773 2557 3845 βελτίων
2584 3776 2702 3838 ταῖς
2733 3775 3025 3846 τιμωρίαις
3057 3775 3402 3847 γενήσεσθαι,
3448 3779 3545 3829 καὶ
3590 3779 3726 3840 τοὺς

2129 3865 2352 3930 λοιποὺς
2416 3866 2888 3937 σωφρονεστέρους
2946 3870 3121 3921 ποιεῖν
3186 3867 3264 3938 τῷ
3322 3869 3722 3939 ὑποδείγματι·

2129 3960 2272 4013 οὕτω
2327 3960 2423 4014 καὶ
2474 3960 2505 4012 ό
2553 3959 2618 4012 τὸ
2663 3960 2832 4013 κακὸν
2873 3960 2932 4013 ὲν
2978 3963 3325 4032 προσχήματι
3370 3961 3463 4015 τοῦ
3506 3961 3725 4030 ἀγαθοῦ

2132 4050 2340 4115 ποιῶν,
2388 4050 2729 4114 διπλασίονος
2786 4050 3055 4121 τιμωρίας
3116 4053 3264 4105 ἐστὶν
3330 4052 3518 4118 ἄξιος,
3584 4053 3727 4107 διότι

2131 4143 2266 4197 αὐτό
2295 4161 2355 4196 τε
2388 4142 2451 4197 τὸ
2477 4142 2578 4197 οὐκ
2616 4141 2820 4211 ἀγαθὸν
2850 4141 3161 4213 ἐργάζεται,
3196 4144 3291 4197 καὶ
3334 4145 3602 4215 κέχρηται
3638 4146 3728 4208 είς

2130 4232 2194 4287 τὸ
2219 4233 2437 4287 τελέσαι
2467 4233 2567 4305 τὴν
2601 4229 2894 4305 ἁμαρτίαν,
2920 4230 2996 4295 ὡς
3038 4231 3105 4286 ἂν
3142 4233 3285 4287 εἴποι
3318 4251 3422 4297 τις,
3454 4234 3536 4304 τῷ
3569 4233 3729 4306 καλῷ

2135 4340 2400 4396 συνεργῳ.
2726 4337 2739 4345 ’

516 4405 680 4478 475
713 4408 766 4462 7.
819 4408 895 4482 ('7)
927 4408 1239 4464 Cavendum
1272 4409 1439 4480 igitur
1481 4410 1601 4464 viro
1644 4409 1924 4481 prudenti,
1956 4426 2028 4466 ne

2205 4414 2256 4467 7.
2287 4414 2555 4468 Φευκτέω
2602 4411 2695 4469 οὖν
2739 4415 2819 4488 τῷ
2878 4414 3243 4487 σωφρονοῦντι
3275 4412 3337 4465 τὸ
3382 4412 3522 4482 πρὸς
3557 4410 3729 4478 δόξαν

450 4497 519 4550 ad
551 4498 696 4568 vulgi
738 4500 1091 4555 rumusculos
1123 4501 1295 4564 vivat,
1333 4508 1388 4555 et
1417 4516 1481 4556 ea
1502 4509 1710 4571 spectet
1737 4517 1860 4571 quae
1887 4502 2030 4556 mul-

449 4590 669 4644 titudini
704 4592 1033 4660 probantur;
1071 4607 1137 4647 ac
1164 4608 1272 4647 non
1301 4594 1484 4663 potius
1515 4602 1720 4648 rectam
1762 4593 2031 4647 rationem

452 4681 528 4735 ita
574 4682 701 4735 vitae
739 4681 936 4737 ducem
986 4683 1271 4747 instituat,
1323 4693 1385 4738 ut
1423 4685 1645 4741 etiamsi
1711 4685 2031 4741 hominibus

450 4773 707 4828 omnibus
740 4774 1230 4831 contradicendum
1263 4778 1356 4840 sit,
1386 4776 1604 4831 etiamsi
1633 4778 1774 4831 male
1802 4777 2031 4832 audien-

450 4864 602 4925 dum,
633 4878 699 4917 ac
731 4867 1037 4936 periculum
1077 4867 1297 4923 honesti
1329 4881 1496 4923 causa
1541 4868 1929 4936 subeundum;
1962 4883 2027 4922 ex

2133 4504 2254 4576 ζῇν,
2289 4506 2384 4559 καὶ
2417 4506 2485 4559 τά
2512 4509 2625 4570 τοῖς
2653 4507 2867 4571 πολλοῖς
2905 4507 3165 4561 δοκοῦντα
3209 4506 3593 4575 περισκοπεῖν,
3626 4505 3728 4556 καὶ

2138 4594 2213 4667 μὴ
2262 4596 2353 4649 τὸν
2404 4595 2561 4669 ὀρθὸν
2604 4597 2761 4667 λόγον
2804 4597 3051 4669 ἡγεμόνα
3108 4594 3380 4648 ποιεῖσθαι
3425 4592 3523 4645 τοῦ
3578 4592 3723 4663 βίου.

2135 4687 2277 4741 ὥστε
2318 4687 2420 4741 κᾶν
2465 4691 2628 4742 πᾶσιν
2662 4688 2966 4761 ἀνθρώποις
3000 4687 3322 4755 ἀντιλέγειν,
3354 4684 3462 4738 κᾶν
3510 4683 3727 4748 ἀδοξεῖν

2136 4778 2232 4832 καὶ
2259 4778 2586 4832 κινδυνεύειν
2613 4781 2752 4851 ὑπὲρ
2780 4779 2873 4832 τοῦ
2907 4778 3072 4832 καλοῦ
3102 4778 3217 4848 δέῃ,
3247 4776 3414 4848 μηδὲν
3443 4777 3723 4848 αἱρεῖσθαι

2134 4869 2244 4922 τῶν
2291 4870 2469 4942 ὀρθῶς
2518 4870 2879 4942 ἐγνωσμένων
2934 4872 3277 4939 παρακινεῖν.
3325 4868 3431 4921 Τὸν
3487 4866 3604 4940 γὰρ
3647 4869 3723 4941 μὴ

526 5020 569 5050 ¹⁹
591 5018 780 5073 Matth.
817 5036 869 5083 x,
904 5017 992 5073 16.
1068 5021 1113 5052 ¹⁰
1137 5019 1327 5075 Matth.
1355 5038 1455 5086 vtt,
1489 5021 1575 5075 14.
1651 5022 1696 5053 ’⁸
1722 5020 1937 5078 Coloss.
1969 5037 2029 5077 ιιι

2216 5022 2430 5080 “Psal.
2466 5041 2562 5093 cu,
2597 5025 2653 5082 5.
2728 5026 2775 5057 ’³
2796 5024 2944 5081 Psal.
2978 5040 3092 5090 LXI,
3128 5024 3181 5080 5.

526 5175 600 5248 (ι)
633 5175 706 5248 Ea
730 5186 1020 5230 comment.
1050 5177 1105 5229 in
1140 5175 1233 5248 Isa
1262 5218 1279 5241 ,
1313 5177 1438 5232 378.

526 5248 603 5317 (2)
638 5247 712 5300 Ex
746 5249 908 5316 epist.
933 5263 1143 5307 εοιιιν,
1175 5247 1299 5300 581.

527 5318 605 5388 (5)
641 5317 722 5388 με
745 5321 913 5388 epist.
943 5332 1160 5388 ccxcut,
1196 5317 1318 5371 451.

527 5385 604 5457 (4)
638 5385 712 5457 lix
743 5385 887 5440 hom.
916 5390 968 5440 in
998 5387 1137 5455 psal.
1172 5404 1282 5448 L\t,
1313 5386 1433 5442 195.

529 5455 605 5525 (5)
647 5455 720 5525 Ex
749 5458 909 5525 epist.
933 5471 1087 5517 cccx,
1125 5458 1248 5511 596.

528 5523 607 5596 (6)
643 5523 719 5577 Ex
749 5523 911 5595 epist.
950 5543 1069 5585 Lm,
1102 5528 1217 5584 147.

529 5595 607 5666 (Ἰ)
640 5597 712 5646 lix
746 5611 911 5649 serm.
944 5597 1020 5648 De
1047 5597 1272 5666 legendis
1303 5597 1452 5650 libris
1479 5605 1617 5666 gent.
1641 5641 1654 5661 ,
1697 5597 1815 5652 185.

534 5664 609 5735 (8)
629 5664 1168 5735 Προσερχομένοὺς.
1214 5669 1442 5737 Sic_ope
1474 5664 1761 5723 contextus
1787 5665 2035 5724 emenda-

2139 5178 2319 5250 vimtts
2337 5193 2569 5250 pravam
2593 5178 2882 5250 lectionem
2922 5177 3377 5250 προερχομένους.

2210 5249 2288 5318 (9)
2335 5249 2559 5314 ’Ἐν-τός.
2600 5248 2690 5302 Sic
2732 5247 2934 5318 Regius
2963 5247 3132 5303 codex
3159 5247 3214 5303 et
3237 5255 3557 5313 contextus,
3600 5262 3714 5302 me

2129 5318 2242 5382 .lius
2265 5333 2426 5388 quam
2447 5319 2584 5388 editi
2619 5320 2676 5369 ὲν
2704 5321 2838 5388 τοῖς.

2214 5386 2323 5459 (10)
2362 5387 2471 5442 Τοῦ
2502 5386 2695 5456 ἀέρος.
2728 5386 2856 5443 Haec
2899 5387 3085 5443 addita
3110 5404 3177 5444 ex
3206 5387 3379 5459 Regio
3427 5388 3623 5444 codice
3662 5397 3718 5445 et

2134 5466 2416 5513 εοιιῑοχιιι.

2207 5529 2318 5599 (ll)
2340 5525 2810 5599 Παρακειμένης.
2854 5524 2947 5582 Sic
2974 5536 3263 5585 contextus
3294 5528 3465 5585 multo
3516 5530 3716 5585 melius

2138 5596 2307 5667 quam
2338 5596 2728 5667 Metaphrastes
2757 5599 3144 5670 ὑποκειμένης.
