3840 6226
119 307 261 364 “29

1115 305 1350 362 SERMO
1390 305 1433 360 I.
1475 335 1542 347 —
1585 304 1676 360 DE
1714 304 2026 365 VIRTUTE
2065 308 2156 365 ET
2193 309 2398 368 VlTlO.

3261 327 3394 384 “50

107 429 294 492 οὕτως
325 427 538 499 ἔχοντα,
583 425 637 480 τί
677 427 769 482 τοῦ
810 427 1110 498 Αἰγυπτίου
1162 427 1416 497 σοφιστοῦ
1467 430 1670 500 φήσομε

1817 429 1924 494 his,
1960 445 2082 500 qua;
2111 441 2262 490 recte
2290 443 2499 491 statuta
2529 437 2713 504 habet,
2746 441 2885 498 nihil
2917 458 3148 516 prorsus
3179 464 3392 508 movere

110 517 454 580 ἀπολείπειν,
483 517 542 581 ὃς
567 517 730 586 φυτὸν
763 518 980 587 ἐγένετο
1021 518 1116 572 καὶ
1153 517 1364 591 θηρίον,
1396 520 1556 572 ὁπότε
1586 518 1711 588 βού-

111 612 284 674 λοιτο,
311 612 405 668 καί
442 610 552 682 πῦρ
581 611 675 664 καὶ
711 610 860 684 ὕδωρ
885 612 980 667 καὶ
1023 613 1202 666 πάντα
1234 614 1520 685 χρήματαο
1551 613 1710 682 εἴπερ

108 704 180 774 δὴ
211 706 302 758 καὶ
331 704 496 768 αὐτὸς
541 705 636 760 νῦν
681 706 782 776 μὲν
831 707 893 759 τὸ
934 705 1142 760 δίκαιον
1174 705 1520 758 ἐπαινέσεται
1558 704 1710 774 παρά

109 793 230 854 τοῖς
255 791 412 844 τοῦτο
434 793 672 863 τιμῶσι·
704 794 799 847 νῦν
825 794 883 847 δὲ
925 796 1049 860 τοὺς
1084 795 1361 858 ἐναντίους
1389 796 1590 866 ἀφήσει
1622 794 1708 848 λά.

107 900 270 950 γους,
303 885 431 937 ὅταν
467 885 562 957 τὴν
588 887 800 940 ἀδικίαν
831 887 1225 959 εὐδοκιμοῦσαν
1267 889 1542 960 αἴσθηται,
1570 889 1706 961 ὅπερ

105 973 274 1045 δίκην
299 975 315 1045 (
327 976 370 1044 Ι)
389 977 506 1030 ἐστὶ
523 978 790 1043 κολάκων,
823 983 918 1034 καὶ
943 982 1040 1051 τῆς
1081 981 1392 1052 Ἀρχιλόχου
1421 980 1706 1046 ἀλώπεκος

105 1066 176 1118 τὸ
227 1068 514 1138 κερδαλέον
558 1089 618 1124 τε
662 1073 757 1125 καὶ
809 1073 1050 1127 ποικίλον
1098 1071 1329 1144 ζηλοῦν;
1372 1075 1429 1126 '0
1465 1073 1564 1143 μὲν
1595 1073 1703 1146 γάρ

107 1158 324 1231 ἀληθὴς
369 1161 558 1230 λόγος,
610 1168 702 1218 καὶ
761 1166 870 1218 ἀπὸ
919 1165 1105 1235 ὑγιοῦς
1152 1167 1393 1230 διανοίας
1457 1167 1700 1239 προῖὼν,

103 1251 322 1316 ἁπλοῦς
367 1255 482 1306 ἐστι
538 1256 632 1310 καὶ
689 1258 1042 1330 μονότροπος,
1075 1258 1145 1311 τά
1193 1259 1331 1312 αὐτά
1366 1258 1541 1326 λέγων
1574 1261 1703 1328 περὶ

100 1344 222 1398 τῶν
270 1345 448 1398 αὐτῶν
493 1347 758 1401 πάντοτε·
796 1350 826 1401 6
875 1350 933 1404 δὲ
991 1350 1236 1414 ποικίλος
1282 1350 1378 1403 καὶ
1434 1350 1698 1422 ἔντεχνος,

101 1437 249 1492 πολὺ
289 1437 350 1491 τὸ
389 1439 683 1494 ἐπίπλοκον
728 1442 822 1494 καὶ
869 1441 1273 1510 ἐγκατάσκευον
1319 1442 1479 1513 ἔχων,
1532 1445 1700 1514 μυρία

97 1531 670 1602 κατασχηματίςεται,
720 1533 815 1585 καὶ
875 1534 1164 1604 στρέφεται
1205 1535 1446 1606 στροφὰς
1489 1535 1701 1607 ἀμυθή-

96 1637 257 1685 τους,
293 1622 432 1692 πρὸς
459 1623 520 1675 τὸ
545 1623 653 1676 τῶν
678 1625 1114 1694 ἐντυγχανόντων
1155 1627 1388 1697 ἀρέσκον
1418 1645 1698 1699 μεταμορ-

97 1712 398 1783 φούμενος.
425 1715 595 1769 Ὅταν
636 1716 746 1788 γὰρ
795 1717 970 1780 ἄλλως
1008 1718 1106 1789 μὲν
1142 1719 1356 1788 φύσεως
1391 1719 1490 1793 ἔχῃ
1518 1720 1594 1791 (2)
1629 1720 1697 1774 τὰ

1812 524 1963 579 velit.
1991 522 2128 579 Nam
2163 527 2258 596 qui
2292 543 2403 585 non
2441 533 2518 585 ita
2560 531 2789 592 affectus
2819 545 2925 603 est,
2966 555 3091 594 eum
3124 542 3194 597 ab
3225 543 3392 616 Egy-

1811 616 1925 683 ptio
1965 615 2059 671 illo
2098 619 2344 688 sophista
2376 623 2504 693 quid
2544 624 2765 682 differre
2799 627 3071 697 dicemus,
3122 634 3238 703 qui,
3270 615 3395 691 cum

1810 707 1992 771 vellet,
2029 710 2210 778 planta
2244 711 2408 768 tiebat
2454 723 2509 770 et
2541 716 2741 782 bestia,
2772 730 2826 773 et
2858 721 3024 791 ignis,
3053 732 3108 779 et
3139 742 3302 796 aqua,
3344 745 3395 783 ct

1807 813 1900 852 res
1946 803 2174 856 omnes?
2220 802 2356 858 Nam
2399 817 2454 861 et
2493 809 2611 878 ipse
2656 813 2819 867 modo
2853 815 3072 883 quidem
3120 818 3392 886 justitiam

1808 889 2054 946 laudabit
2122 897 2266 962 apud
2325 912 2422 954 eos
2470 902 2563 970 qui
2622 918 2742 957 eam
2788 909 3018 963 colunt:
3058 912 3222 966 modo
3265 929 3393 968 vero

1807 983 2122 1039 contrarios
2161 985 2380 1042 habebit
2427 1006 2732 1057 sermones,
2767 997 2858 1049 ubi
2891 998 3220 1068 injustitiam
3268 1019 3391 1073 pro-

1806 1072 1924 1126 bari
1962 1076 2410 1135 animadverterit
2447 1099 2460 1134 :
2495 1086 2641 1154 quod
2680 1089 2900 1157 quidem
2949 1103 3035 1148 est
3074 1072 3389 1152 adulatores

1805 1165 2030 1234 imitari,
2064 1169 2141 1241 (4)
2195 1181 2250 1226 et
2277 1173 2596 1232 Archilochi
2631 1182 2934 1251 vulpeculae
2973 1190 3232 1242 astutiam
3265 1207 3390 1245 ver-

1804 1259 2118 1330 sutiamque
2155 1265 2426 1321 aemulari.
2474 1267 2550 1340 (5)
2587 1268 2781 1327 Sermo
2814 1275 3034 1344 quidem
3077 1294 3241 1334 verus
3273 1292 3321 1335 et
3357 1297 3386 1334 a

1803 1365 1936 1405 sana
1969 1362 2151 1409 mente
2177 1357 2556 1426 proficiscens,
2591 1363 2821 1435 simplex
2852 1376 2935 1423 est
2960 1377 3015 1423 ct
3043 1372 3209 1427 unius
3239 1374 3386 1443 ejus-

1802 1439 2036 1510 demque
2083 1445 2339 1514 rationis,
2391 1450 2582 1506 eadem
2631 1453 2699 1508 de
2744 1455 2938 1513 iisdem
2979 1475 3196 1532 semper
3244 1466 3386 1518 aflir-

1802 1547 1960 1587 mans
2002 1549 2016 1585 :
2055 1537 2244 1593 varius
2288 1556 2418 1596 vero
2466 1553 2521 1598 et
2557 1546 2929 1615 artificiosus,
2973 1567 3098 1608 cum
3149 1557 3382 1611 multum

1804 1621 2077 1694 implexus
2122 1628 2196 1683 sit
2244 1638 2298 1685 et
2368 1647 2743 1707 praeparatus,
2808 1656 3098 1703 sexeentas
3173 1651 3382 1706 formas

1802 1718 2055 1784 assumit,
2102 1737 2270 1793 seque
2330 1727 2398 1780 ad
2443 1732 2672 1798 gratiam
2712 1735 3141 1806 colloquentium
3189 1748 3383 1798 conci-

97 1805 430 1875 πράγματα,
462 1805 636 1870 ἄλλως
677 1807 722 1860 δ’
759 1809 808 1860 oi
833 1807 978 1877 λόγοι
1018 1810 1148 1879 περὶ
1172 1808 1352 1864 αὐτῶν
1391 1810 1670 1866 ἀναπείθω

1800 1806 2040 1862 liandam
2106 1813 2548 1885 transformans,
2611 1821 2668 1876 in
2721 1828 2999 1882 versutias
3063 1831 3380 1893 innumeras

98 1915 182 1962 σι,
215 1901 420 1972 στροφή
448 1900 532 1962 τίς
566 1902 704 1964 ἐστι,
742 1901 942 1972 μᾶλλον
989 1901 1046 1955 δὲ
1089 1904 1406 1976 διαστροφὴ,
1451 1905 1558 1959 ὑπὸ
1603 1905 1696 1959 τοῦ

95 1992 268 2059 λόγου
319 1993 447 2062 περὶ
495 1994 596 2064 τὴν
644 1993 898 2066 ἀλήθειαν
947 1995 1226 2066 γινομένη.
1291 1997 1401 2050 Καὶ
1445 1998 1473 2050 6
1523 1996 1698 2062 ἄλλως

97 2085 207 2154 μὲν
249 2083 591 2156 φαινόμενος,
621 2084 797 2149 άλλως
837 2085 895 2138 δὲ
937 2085 1014 2140 ὢν
1055 2086 1197 2140 κατὰ
1228 2087 1506 2159 ἀλήθειαν,
1537 2106 1695 2160 στρο-

95 2181 236 2247 φαῖς
265 2178 530 2248 κέχρηται
563 2177 757 2246 λόγων,
787 2178 1014 2232 ἀπατῶν
1042 2181 1169 2243 τοὺς
1199 2181 1477 2246 συνόντας,
1506 2181 1696 2253 ὥσπερ

91 2271 227 2334 τοὺς
264 2269 432 2333 κύνας
462 2269 664 2338 λαγωοὶ
717 2270 812 2323 καὶ
845 2270 1147 2335 ἀλώπεκες,
1184 2272 1377 2342 ἑτέραν
1419 2273 1692 2327 δεικνύον-

88 2374 215 2422 τες,
254 2359 351 2413 καὶ
398 2358 593 2426 ἑτέραν
628 2359 976 2432 τρεπόμενοι.
1015 2361 1078 2413 Ἡ
1109 2361 1167 2414 δὲ
1209 2361 1346 2433 πρὸς
1393 2364 1521 2426 τοὺς
1553 2363 1691 2432 φαύ-

89 2451 229 2514 λους
285 2450 394 2503 τῶν
444 2450 619 2520 λόγων
667 2452 948 2523 συνήθεια,
983 2453 1103 2518 ὁδός
1151 2455 1236 2518 τίς
1281 2457 1427 2509 ἐστιν
1477 2458 1571 2510 ἐπὶ
1625 2457 1695 2511 τὰ

92 2543 426 2614 πράγματα.
466 2545 556 2597 Διὸ
594 2544 658 2616 δὴ
687 2545 836 2618 πάσῃ
890 2546 1104 2619 φυλακῇ
1153 2548 1251 2620 τὴν
1295 2548 1476 2621 ψυχὴν
1521 2568 1694 2623 τηρη-

88 2636 242 2702 τέον,
283 2635 357 2706 μὴ
402 2636 491 2690 διὰ
533 2635 634 2707 τῆς
667 2637 775 2692 τῶν
807 2637 981 2708 λόγων
1019 2640 1215 2709 ἡδονῆς
1255 2642 1692 2714 παραδεξάμενοί

87 2744 220 2779 τινα
267 2725 519 2797 λάθωμεν
555 2727 663 2780 τῶν
712 2729 993 2800 χειρόνων,
1036 2731 1226 2804 ὥσπερ
1263 2733 1312 2785 oi
1351 2733 1421 2787 τά
1456 2732 1691 2806 δηλητή-

91 2834 192 2887 pm
229 2818 368 2888 μετά
396 2819 490 2872 τοῦ
523 2822 738 2892 μέλιτος
793 2823 1164 2896 προσιέμενοι.
1207 2824 1266 2877 '0
1303 2825 1402 2895 μὲν
1450 2825 1557 2898 γὰρ
1588 2827 1688 2898 τὴν

86 2905 226 2974 ἄχρι
269 2908 529 2978 ῥημάτων
576 2911 727 2984 παρά
787 2915 902 2976 τοῖς
949 2912 1131 2976 ἄλλοις
1171 2914 1490 2986 φιλοσοφίαν
1540 2918 1687 2990 ἔργῳ

88 2995 357 3065 βεϐαιῶν,

229 3200 367 3270 Οτος
392 3207 709 3274 πέπνυται,
745 3209 834 3264 τοὶ
868 3210 937 3264 δὲ
968 3213 1134 3269 σκιαὶ
1162 3216 1512 3272 ἀΐσσουσιν.

101 3318 259 3372 Ἐπεὶ
297 3321 360 3374 τό
386 3339 447 3391 γε
476 3322 744 3398 λαμπρῶς
777 3327 876 3398 μὲν
917 3329 1199 3384 ἐπαινέσαι
1229 3331 1329 3404 τὴν
1379 3332 1580 3406 ἀρετὴν
1599 3335 1682 3398 είς

84 3410 150 3462 τὸ
196 3410 380 3482 μέσον,
426 3415 521 3468 καὶ
569 3419 818 3488 μακροὺς
853 3420 994 3493 ὑπὲρ
1042 3422 1210 3494 αὐτῆς
1253 3424 1558 3480 ἀποτείνειν
1595 3426 1682 3479 λό-

84 3520 242 3571 γους,
297 3505 405 3578 ἰδίᾳ
451 3508 508 3561 δὲ
560 3511 622 3563 τὸ
673 3512 774 3582 ἡδὺ
831 3513 938 3584 πρὸ
989 3513 1092 3584 τῆς
1146 3515 1532 3588 σωφροσύνης,
1583 3519 1680 3574 καὶ

81 3598 147 3650 τὸ
169 3597 332 3652 πλέον
361 3599 502 3671 ἔχειν
536 3602 644 3674 πρὸ
675 3605 769 3658 τοῦ
798 3604 1007 3660 δικαίου
1035 3609 1220 3680 τιμᾷν,
1247 3609 1483 3665 ἐοικέναι
1511 3611 1679 3682 φαίην

82 3689 153 3744 ἂν
195 3691 373 3762 ἔγωγε
405 3698 519 3758 τοῖς
560 3697 655 3750 ἐπὶ
701 3699 906 3769 σκηνῆς
952 3701 1397 3774 ὑποκρινομένοις
1434 3703 1505 3758 τὰ
1547 3704 1680 3776 δρά-

84 3799 270 3852 ματα·
307 3783 355 3838 οἳ
385 3785 460 3848 ὡς
495 3785 734 3857 βασιλεῖς
780 3790 1041 3856 πολλάκις
1075 3794 1170 3846 καὶ
1199 3794 1454 3850 δυνάσται
1499 3795 1679 3867 είσέρ-

79 3891 297 3946 χονται,
322 3875 444 3930 οὗτε
473 3877 712 3948 βασιλεῖς
743 3881 914 3946 ὄντες,
963 3882 1087 3938 οὔτε
1123 3885 1398 3953 δυνάσται,
1426 3888 1548 3942 οὐδὲ
1575 3888 1676 3960 μὲν

76 3966 182 4024 οὖν
214 3971 378 4042 τυχὸν
409 3972 684 4047 ἐλεύθεροι
721 3977 782 4030 τὸ
815 3979 1093 4050 παράπαν.
1122 3977 1255 4034 Εἶτα
1289 3983 1544 4052 μουσικὸς
1576 3984 1676 4054 μὲν

77 4064 189 4116 οὐκ
232 4060 300 4115 ἂν
346 4062 486 4118 ἐκὼν
536 4065 746 4132 δέξαιτο
792 4070 1132 4142 ἀνάρμοστον
1180 4075 1328 4146 αὐτῷ
1365 4074 1464 4147 τὴν
1503 4075 1676 4149 λύραν

79 4148 265 4206 εἶναι’
298 4153 392 4206 καὶ
444 4155 607 4226 χοροῦ
661 4163 976 4230 κορυφαῖος,
1030 4163 1106 4234 μὴ
1155 4165 1237 4218 ὅτι
1268 4165 1500 4236 μάλιστα
1549 4148 1675 4220 συν-

77 4245 285 4314 άδοντα
325 4245 417 4299 τὸν
448 4247 607 4320 χορὸν
634 4248 811 4321 ἔχειν’
843 4253 1005 4318 αὐτὸς
1051 4255 1109 4309 δέ
1148 4274 1233 4320 τις
1273 4258 1502 4324 ἕκαστος
1555 4261 1673 4314 δια-

79 4335 373 4390 στασιάσει
400 4339 535 4408 πρὸς
571 4341 783 4407 ἑαυτὸν,
831 4345 924 4400 καὶ
965 4347 1087 4419 οὐχὶ
1117 4354 1228 4412 τοῖς
1267 4349 1445 4419 λόγοις
1483 4352 1675 4423 ὁμολο-

75 4427 292 4494 γοῦντα
337 4429 428 4484 τὸν
467 4433 582 4502 βίον
625 4435 958 4508 napi-Sicut;
994 4439 1130 4494 Οὔτε
1162 4440 1274 4513 γὰρ
1303 4442 1470 4497 ἵππον
1501 4445 1671 4513 ταχὺν

1799 1900 2054 1956 vertitur.
2098 1901 2236 1959 Cum
2285 1909 2432 1962 enim
2486 1912 2648 1967 aliter
2691 1926 2887 1972 natura
2920 1936 2979 1976 se
3025 1938 3113 1978 res
3155 1926 3380 1995 habent,

1797 1988 1956 2045 aliter
1983 2009 2114 2050 vero
2149 1995 2218 2051 de
2252 1999 2334 2054 eis
2365 2001 2601 2058 suadent
2639 2008 2826 2074 verba,
2861 2017 3099 2070 versutia
3130 2021 3378 2088 quaedam

1797 2091 1904 2145 est,
1958 2085 2043 2139 vel
2099 2088 2282 2158 potius
2335 2093 2575 2150 inversio
2631 2101 2880 2158 veritatis
2928 2121 3027 2176 per
3071 2125 3376 2169 sermonem

1796 2173 1962 2231 facta.
2007 2177 2073 2233 Et
2115 2182 2208 2250 qui
2250 2184 2390 2239 alius
2427 2189 2648 2257 quidem
2698 2173 2952 2264 videtur,
3001 2201 3141 2257 alius
3198 2207 3378 2281 reipsa

1792 2276 1899 2333 est,
1938 2273 2182 2341 strophis
2236 2291 2551 2335 sermonum
2592 2284 2786 2353 utitur,
2832 2289 3017 2345 fucum
3064 2273 3379 2357 faciens—iis

1793 2549 2005 2610 pontes.
2064 2545 2143 2617 (6)
2198 2547 2334 2603 Nam
2391 2557 2740 2613 sermonibus
2793 2563 2977 2630 pravis
3033 2581 3375 2635 assuescere,

1791 2635 1879 2689 via
1913 2637 2162 2706 quzedam
2195 2650 2281 2698 est
2308 2643 2375 2697 ad
2406 2645 2523 2715 ipsa
2558 2647 2723 2706 facta.
2750 2651 3094 2728 Quapropter
3123 2666 3376 2722 custodia

1790 2730 1943 2782 omni
1987 2733 2258 2788 servanda
2302 2736 2486 2792 anima
2535 2750 2639 2805 est,
2693 2759 2763 2799 ne
2802 2748 2934 2816 quid
2980 2751 3237 2809 vitiorum
3282 2774 3377 2828 per

1788 2835 2104 2877 sermonum
2146 2827 2483 2898 voluptatem
2529 2833 2908 2905 imprudentes
2961 2846 3374 2919 suscipiamus,

1788 2915 2015 2984 perinde
2041 2923 2101 2970 ut
2140 2921 2232 2988 qui
2264 2936 2389 2976 cum
2425 2925 2588 2981 melle
2631 2939 2860 2986 sumunt
2907 2915 3141 2996 venena.
3181 2941 3258 3014 (7)
3291 2915 3376 2999 Si;

1785 3007 2007 3076 quidem
2049 3009 2145 3079 qui
2187 3011 2592 3084 philosophiam
2633 3023 2970 3083 verbotenus
3026 3007 3198 3101 apud‘
3236 3007 3374 3094 alios

1786 3109 2118 3169 manentem,
2149 3103 2294 3160 facto
2316 3109 2628 3178 conﬁrmat,
3067 3121 3070 3124 ’

1896 3212 2000 3268 Hic
2030 3217 2175 3271 solus
2207 3221 2369 3288 sapit,
2398 3232 2454 3276 at
2486 3225 2707 3280 uolitant
2747 3230 2845 3283 alii
2872 3232 3006 3286 velut
3045 3237 3264 3294 umbra'.

1788 3325 2249 3401 Quandoquidem
2297 3338 2589 3407 magnifice
2642 3342 2898 3399 virtutem
2962 3351 3275 3409 collaudare
3316 3358 3373 3412 in

1786 3423 2098 3490 pr0patulo,
2146 3432 2201 3479 et
2248 3426 2444 3498 longos
2485 3431 2554 3486 de
2583 3449 2648 3487 ea
2695 3439 3016 3505 protrahere
3063 3459 3370 3516 sermones,

1787 3512 2042 3581 privatim
2083 3530 2216 3572 vero
2278 3520 2614 3592 voluptatem
2660 3533 3043 3598 temperantia:
3085 3512 3368 3606 praeferre,

1785 3612 1840 3659 et
1871 3615 2143 3676 quaestum
2175 3610 2409 3680 justitiaa
2447 3626 2806 3687 anteponere,
2844 3622 2949 3677 hoc
2994 3639 3096 3697 ego
3133 3628 3369 3688 dixerim

1785 3699 1968 3756 simile
2013 3716 2140 3757 esse
2187 3704 2470 3760 actoribus
2507 3709 2745 3766 scenicis
2789 3728 3056 3782 personas
3099 3724 3366 3790 quasdam

1783 3791 2209 3857 sustinentibus,
2241 3792 2336 3864 qui
2381 3795 2706 3868 plerumque
2737 3801 2888 3855 velut
2925 3819 3084 3874 rcges
3112 3816 3166 3862 et
3195 3811 3369 3882 dyna-

1783 3888 1883 3936 stas
1939 3883 2232 3952 prodeunt,
2279 3899 2404 3940 cum
2450 3903 2553 3943 nec
2607 3905 2763 3960 reges
2815 3908 2918 3949 nec
2973 3896 3259 3970 dynastae,
3302 3920 3368 3958 ac

1782 3971 2019 4029 fortasse
2065 3989 2136 4030 ne
2181 3975 2338 4032 liberi
2394 3979 2618 4049 quidem
2667 3998 2897 4051 prorsus
2935 3987 3067 4043 sint.
3124 3991 3208 4046 Ad
3248 3993 3365 4051 bzrc

1780 4067 2029 4123 musicus
2065 4083 2179 4123 non
2213 4071 2411 4127 lubens
2462 4073 2705 4144 patiatur
2750 4077 3032 4136 dissonam
3085 4084 3187 4140 sibi
3241 4103 3366 4145 esse

1781 4160 1954 4232 lyram
1985 4181 1998 4216 :
2031 4179 2211 4232 neque
2254 4164 2545 4235 praefectus
2581 4169 2736 4224 chori
2761 4171 2993 4229 chorum
3021 4176 3128 4233 sibi
3157 4191 3363 4250 astare,

1779 4255 1877 4326 qui
1902 4270 2065 4326 quam
2096 4257 2334 4315 maxime
2366 4261 2674 4319 concinnus
2711 4280 2820 4321 non
2866 4268 2940 4324 sit
2973 4284 2990 4322 :
3026 4285 3057 4325 a
3086 4287 3146 4328 se
3179 4285 3360 4332 autem

1778 4345 2017 4416 quisque
2063 4347 2358 4404 dissidebit
2411 4350 2566 4421 ipse,
2623 4369 2728 4412 nec
2779 4358 2948 4414 vitam
2997 4376 3124 4418 cum
3177 4369 3362 4423 verbis

1778 4439 2214 4496 consentientem
2257 4442 2577 4498 exhibebit?
2621 4446 2699 4521 (8)
2738 4447 2924 4521 Neque
2967 4456 3115 4511 enim
3157 4474 3361 4530 equum

76 4523 230 4574 ποιεῖ
273 4522 308 4593 ἡ
351 4523 444 4576 τοῦ
481 4528 689 4600 πατρὸς
732 4530 861 4598 περὶ
889 4531 980 4586 τὸν
1011 4532 1210 4604 δρόμον
1243 4536 1522 4607 εὐμοιρία,
1546 4535 1670 4590 οὔτε

1790 4529 2006 4586 :elerem
2038 4532 2217 4589 reddit
2244 4535 2366 4604 ejus
2394 4537 2488 4607 qui
2513 4541 2702 4609 genuit
2734 4543 2789 4597 in
2819 4560 2984 4602 cursu
3021 4557 3360 4620 praestantia,

75 4612 247 4677 κυνὸς
276 4614 548 4687 ἐγκώμιον
574 4618 634 4671 τὸ
664 4621 730 4673 ἐκ
767 4623 1082 4692 ταχυτάτων
1113 4623 1309 4693 φῦναι·
1338 4626 1450 4679 ἀλλ’
1483 4625 1673 4699 ὥσπερ

75 4701 190 4753 τῶν
219 4702 396 4756 ἄλλων
425 4704 579 4769 ζώων
623 4707 655 4779 ἡ
704 4709 870 4781 ἀρετὴ
919 4714 978 4764 ἐν
1012 4712 1190 4784 ἐαυτῷ
1233 4713 1515 4785 θεωρεῖται
1541 4715 1672 4769 ἐκά-

78 4809 219 4862 στῳ,
244 4792 387 4846 οὕτω
441 4798 534 4850 καὶ
572 4798 764 4872 ἀνδρὸς
812 4801 941 4866 ἴδιος
966 4802 1186 4868 ἔπαινος
1212 4807 1240 4859 6
1269 4806 1333 4859 ἐκ
1357 4806 1467 4860 τῶν
1498 4807 1675 4880 ῦπαρ·
1708 4837 1713 4843 ·

76 4883 292 4952 χόντων
331 4883 477 4956 αὐτῷ
525 4889 962 4964 κατορθωμάτων
1012 4895 1476 4967 μαρτυρούμενος.
1523 4897 1675 4970 Ἀρε-

73 4974 181 5044 τῆς
220 4974 473 5046 ἄσκησις,
514 4979 694 5049 τίμιον
751 4982 850 5052 μὲν
882 4984 1069 5056 κτῆμα
1109 4985 1186 5057 τῷ
1228 4987 1426 5058 ἔχοντι,
1457 4991 1672 5061 ἥδιστον

72 5066 131 5119 δὲ
184 5063 368 5137 θέαμα
414 5072 528 5134 τοῖς
566 5073 1007 5143 ἐντυγχάνουσιν.
1057 5079 1120 5132 OE
1170 5080 1276 5152 γὰρ
1322 5081 1422 5153 τὴν
1469 5084 1672 5157 ἀρετὴν
1694 5116 1708 5154 ν,

75 5157 386 5227 μετιόντες,
438 5161 658 5234 ἄστροις
714 5167 983 5237 ἐοίκασιν,
1039 5172 1098 5224 ἐν
1143 5177 1429 5246 νυκτερινῇ
1487 5192 1672 5231 συννε-

74 5249 212 5321 φείᾳ
248 5250 348 5320 (5),
375 5252 555 5316 ἄλλοις
601 5259 723 5311 κατ’
761 5259 896 5314 ἄλλα
942 5262 1086 5333 μέρη
1133 5264 1228 5319 τοῦ
1278 5268 1509 5338 οὐρανοῦ
1551 5271 1671 5325 δια-

268 5432 450 5524 ξςζπερ
465 5435 834 5524 flatur--398;
848 5443 1029 5524 £9116}
1055 5455 1304 5524 uterque,
1332 5451 1469 5523 ὅπερ
1490 5452 1666 5524 δίκης.

72 5501 208 5625 1“(ge
205 5501 442 5625 30;];3’7311'.
465 5501 836 5578 Regﬁcodexvl
847 5511 973 5580 992,
992 5515 1123 5586 ἕχει.
1144 5501 1515 5593 ubiExit-ﬁli;
1527 5501 1670 5579 Ei};

142 5645 226 5711 (ὃ)
255 5646 612 5735 Συννεςαεία.
640 5649 777 5735 Male
793 5651 858 5735 in
886 5653 1047 5735 editis
1075 5660 1361 5735 συναφείᾳ,
1379 5663 1525 5734 quod
1551 5667 1669 5735 qui-

74 5711 345 5793 dem‘ope
381 5711 671 5793 contextus
695 5730 752 5793 et
790 5721 941 5793 Regii
983 5711 1664 5793 codicis‘emehdavirn'us.

150 5783 230 5854 (4)
262 5783 337 5838 Ex
371 5801 536 5842 serm.
575 5790 651 5843 De
683 5783 910 5861 legendi":
945 5796 1096 5854 libris
1122 5783 1420 5867 ιιεήηίξίί-έόξ

480 5882 756 5949 Ρλτιιοι..
789 5887 905 5949 Gn.
943 5888 1213 5953 XXXII.

1775 4639 1954 4695 neque
1977 4625 2133 4681 canis
2159 4627 2400 4685 laudatio
2419 4639 2611 4698 est,ex
2642 4636 3008 4696 velocissimis
3032 4656 3360 4715 prognatum

1775 4731 1919 4773 esse.
1966 4718 2073 4774 Sed
2117 4722 2592 4789 quemadmodum
2648 4730 2990 4800 reliquorum
3039 4737 3361 4796 animalium

1773 4810 1950 4864 virtus
1980 4809 2036 4864 in
2071 4826 2407 4883 unoquoque
2443 4817 2833 4875 consideratur
2869 4841 2882 4877 :
2921 4825 2994 4878 ita
3025 4834 3078 4881 et
3099 4829 3203 4883 viri
3237 4848 3366 4901 pro-

1773 4902 1894 4970 pria
1937 4901 2060 4958 laus
2106 4914 2210 4970 est,
2255 4921 2377 4975 qua:
2423 4925 2491 4963 ex
2531 4913 2771 4980 propriis
2806 4914 2978 4984 ipsius
3011 4931 3160 4976 recte
3202 4921 3364 4979 factis

1775 4996 2151 5052 testimonium
2197 4999 2379 5055 habet.
2415 5001 2491 5072 (9)
2530 5005 2762 5062 Virtutis
2810 5011 3173 5079 exercitatio,
3236 5033 3362 5087 pre-

1775 5083 1914 5140 tiosa
1971 5087 2194 5156 quidem
2243 5091 2465 5148 habenti
2529 5098 2830 5163 possessio,
2889 5101 3360 5170 jucundissimum

1774 5185 1956 5234 autem
1997 5185 2417 5240 occurrentibus
2463 5192 2864 5256 spectaculum.
2908 5194 3044 5251 Nam
3093 5201 3188 5269 qui
3251 5203 3359 5256 vir-

1773 5279 1945 5327 tutem
1983 5274 2172 5330 colunt
2202 5275 2340 5348 (10),
2371 5276 2645 5336 sideribus
2673 5283 2882 5342 similes
2923 5297 3055 5344 sunt
3097 5291 3156 5346 in
3189 5293 3364 5348 nebu-

1948 5451 2026 5526 E_x
2059 5454 2206 5508 hom.
2238 5456 2295 5509 in
2321 5457 2642 5526 principium
2666 5460 2829 5519 Prov.
2863 5466 2988 5524 105.

1949 5523 2245 5609 ’βξ-δεςῐρλ
2272 5523 2348 5580 De
2376 5523 2608 5598 legendis
2641 5531 2792 5589 libris
2836 5549 2979 5607 gent.
3017 5540 3140 5596 175.

1842 5593 1899 5664 (7
1949 5594 2108 5658 lbid.,
2142 5596 2266 5652 178.
2425 5593 2443 5598 ⁷

1844 5594 1921 5735 (8;
1949 5664 2024 5719 Ex
2053 5666 2204 5720 hom.
2231 5668 2310 5722 De
2334 5667 2630 5731 Mamante.
2669 5675 2787 5730 185.

1843 5734 1918 5806 (9)
1959 5735 2196 5806 Uterque
2225 5741 2395 5795 codex
2429 5741 2633 5797 indicat
2666 5745 2920 5802 llexaem.

1843 5805 1955 5879 (l0)
1990 5806 2067 5862 Ex
2089 5805 2250 5880 epist.
2281 5826 2424 5880 CLIV,
2458 5813 2582 5868 245.

2958 5912 3037 5972 36
