3860 6224
449 296 583 356 1151

1324 292 1686 352 ΔΡΡΕΝὉΠ.
1726 324 1796 337 -—
1836 291 2186 349 SYMEONIS
2226 292 2765 350 IETAPHRASTE

3573 296 3728 354 "Si

450 417 568 473 losa
596 422 755 471 nocte
774 413 910 471 alias
937 413 1060 470 aliis
1086 412 1208 468 οωιί
1233 422 1419 485 partes
1440 412 1875 469 illustrantibus:
1899 425 2028 480 quo-

2146 412 2463 483 ιάμπουσιν·
2504 408 2580 467 ὧν
2614 412 2878 483 χαρίεσσα
2902 421 3011 483 *μεν
3055 413 3088 484 ἡ
3136 417 3483 486 Λαμπρόισις,
3521 420 3727 488 χαριὲο

456 522 580 561 rum
605 506 769 579 476
797 514 991 578 gratus
1023 505 1243 576 quidem
1270 507 1548 577 splendor,
1577 504 1671 560 sed
1698 520 1765 559 eo
1796 504 2025 574 gratior.

450 599 595 668 quod
642 614 750 654 non
801 603 1175 667 exspectatur.
1233 595 1395 651 Tales
1441 604 1496 650 et
1543 597 1619 649 illi
1667 604 1816 659 sunt,
1866 594 2026 667 pauci

452 689 746 743 admodum
792 698 848 743 et
896 687 1055 743 facile
1090 688 1480 749 numerabiles,
1524 690 1579 743 iu
1614 688 1717 742 hac
1748 687 1894 744 tristi
1939 702 2021 742 re-

451 795 571 834 rum
598 779 930 839 conditione.
963 779 1120 848 quasi
1147 780 1200 833 in
1234 786 1395 834 nocte
1429 772 1584 833 illuni
1613 788 1968 833 coruscantes
2008 794 2023 830 :

451 881 647 940 praeter
682 871 901 927 virtutis
930 872 1183 941 gratiam,
1222 870 1347 925 inde
1369 871 1557 933 etiam,
1587 870 1734 937 quod
1765 870 1876 923 rari
1916 869 2029 924 sint

451 963 698 1025 inventu,
735 963 1066 1018 desiderium
1116 973 1416 1018 moventes.
1460 962 1536 1034 (l)
1584 961 1766 1031 Turpe
1801 973 1887 1018 est
1926 977 2027 1015 au-

452 1064 562 1107 tem
598 1054 779 1108 alieno
818 1062 1015 1108 ornatu
1047 1053 1301 1109 decorari
1325 1070 1448 1109 cum
1476 1055 1569 1125 qui
1593 1069 1693 1109 sua
1721 1054 1892 1126 ipsius
1920 1053 2029 1109 vir-

451 1152 569 1199 tute
601 1145 831 1201 illustris
854 1152 960 1200 est.

522 1238 574 1291 8.
610 1239 687 1310 (2)
722 1239 909 1309 itaque
936 1254 1003 1294 ne
1038 1238 1170 1293 mihi
1215 1237 1371 1292 dicas
1409 1250 1441 1290 a
1475 1235 1586 1290 Deo
1617 1236 1818 1289 malum
1859 1234 2030 1305 origi-

452 1342 575 1382 nem
612 1329 809 1383 habere
849 1348 863 1387 :
901 1327 955 1384 id
987 1328 1132 1383 enim
1166 1328 1392 1398 impium
1425 1335 1531 1387 est.
1562 1337 1849 1398 pr0pterea
1880 1326 2028 1396 quod

454 1422 665 1474 nullum
708 1421 1049 1477 contrarium
1100 1436 1130 1474 a
1189 1420 1471 1477 contrario
1513 1420 1788 1491 gignatur.
1840 1416 2029 1487 Neque

451 1515 597 1567 enim
636 1513 746 1567 vita
788 1521 1018 1569 mortem
1067 1522 1329 1584 generat,
1376 1528 1554 1583 neque
1601 1510 1838 1567 tenebrae
1888 1511 2031 1566 lucis

453 1605 779 1674 principium
826 1615 976 1667 sunt,
1022 1620 1200 1675 neque
1244 1605 1470 1660 morbus
1505 1601 1685 1674 opifex
1713 1613 1797 1658 est
1822 1603 2029 1659 sanita-

453 1698 526 1751 tis
557 1714 572 1762 ;
601 1696 697 1753 sed
738 1696 792 1751 iu
843 1697 1195 1753 aﬂ‘ectionum
1237 1696 1764 1752 commutationibus
1786 1736 1803 1760 ,
1835 1712 1866 1751 e
1896 1711 2028 1751 con-

2128 521 2318 578 στερον
2361 505 2418 558 δέ
2465 505 2636 576 δήπου
2683 505 2744 559 τὸ
2775 505 3199 576 ἀπροσδόκητον.
3225 506 3468 560 Τοιοῦτοι
3501 508 3576 578 δὴ
3621 511 3730 562 καὶ

2126 592 2292 661 οὗτοι,
2314 596 2485 665 ὀλίγοι
2518 596 2794 660 παντελῶς
2835 597 2928 650 καὶ
2963 596 3338 669 εὐαρίθμητοι,
3367 601 3426 652 ἐν
3467 602 3540 671 τῇ
3582 617 3730 653 σκυ-

2128 685 2319 756 θρωπῇ
2362 683 2538 757 ταύτῃ
2580 684 2908 739 καταστάσει
2949 685 3044 738 τοῦ
3094 686 3212 757 βίου
3260 682 3372 740 οἷον
3417 689 3478 742 ἐν
3526 706 3731 742 σκοτο-

2131 777 2276 849 μήνῃ
2297 775 2721 847 διαφαινόμενοι,
2744 776 2881 848 πρὸς
2904 775 2982 847 τῷ
3005 778 3069 831 ἐκ
3086 777 3187 847 τῆς
3214 779 3413 851 ἀρετῆς
3441 780 3727 850 χαρίεντι,

2127 867 2207 921 ἐτι
2260 869 2355 922 καὶ
2399 867 2476 939 τῷ
2519 868 2729 939 σπανίῳ
2769 869 2872 937 τῆς
2915 869 3201 940 εὑρέσεως,
3239 872 3301 924 τὸ
3345 873 3733 943 περιπόθητον

2129 959 2363 1029 ἔχοντες.
2393 960 2626 1031 Δίσχρὸν
2668 961 2746 1022 δὲ,
2789 961 3087 1033 ἀλλοτρίοις
3123 964 3348 1035 κόσμοις
3386 967 3731 1037 κοσμεῖσθαι

2127 1051 2220 1104 τὸν
2252 1054 2316 1122 τῇ
2347 1052 2525 1123 οἰκείᾳ
2547 1053 2714 1125 ἀρετῇ
2748 1052 3117 1121 διαφαίνοντα.

2200 1234 2253 1289 8.
2283 1235 2391 1288 Καὶ
2422 1236 2496 1306 μή
2534 1252 2624 1305 μοι
2660 1234 2785 1304 λέγε
2816 1238 2967 1311 παρὰ
2998 1235 3134 1290 Θεοῦ
3172 1236 3234 1290 τὸ
3278 1236 3449 1291 κακὸν
3478 1238 3586 1309 τὴν
3628 1239 3731 1307 γέ-

2129 1342 2276 1380 νεσιν
2304 1326 2448 1396 ἔχειν
2467 1344 2481 1356 ·
2515 1327 2577 1380 οὐ
2605 1326 2712 1396 γὰρ
2744 1326 2963 1391 εὐσεϐὲς
2987 1326 3164 1391 τοῦτο,
3194 1327 3281 1381 διὰ
3316 1327 3378 1381 τὸ
3411 1328 3583 1398 μηδὲν
3612 1329 3729 1381 τῶν

2131 1418 2386 1472 ἐναντίων
2426 1416 2581 1490 παρά
2615 1419 2709 1472 τοῦ
2755 1420 2998 1473 ἐναντίου
3046 1419 3310 1488 γίνεσθαι.
3356 1418 3493 1473 Οὔτε
3533 1420 3655 1490 γὰρ
3690 1422 3727 1492 ή

2130 1507 2245 1579 ζωὴ
2294 1508 2519 1562 θάνατον
2567 1511 2762 1581 γεννᾷ,
2818 1509 2944 1563 οὔτε
2992 1509 3054 1563 τὸ
3104 1510 3295 1573 σκότος
3339 1510 3518 1579 φωτός
3570 1512 3727 1564 ἐστιν

2130 1601 2295 1673 ἀρχὴ,
2328 1599 2453 1653 οὔτε
2490 1602 2522 1672 ὴ
2556 1601 2708 1665 νόσος
2755 1603 2941 1671 ὑγείας
2972 1603 3330 1675 δημιουργός·
3365 1601 3482 1656 ἀλλ’
3518 1603 3585 1655 ἐν
3623 1604 3728 1673 μὲν

2130 1697 2251 1757 ταῖς
2310 1692 2630 1763 μεταϐολαῖς
2672 1693 2780 1747 τῶν
2827 1694 3138 1758 διαθέσεων,
3189 1694 3255 1748 ἐκ
3300 1694 3409 1748 τῶν
3456 1695 3727 1748 ἐναντίων

454 1791 637 1844 trariis
677 1790 743 1843 ad
774 1792 1052 1845 contraria
1093 1793 1230 1845 fiunt
1279 1789 1683 1855 transitiones;
1713 1790 1768 1843 in
1799 1803 2028 1860 genera-

2146 1785 2267 1857 ττρὸς
2297 1784 2367 1838 τὰ
2403 1784 2622 1839 ἐναντία
2655 1786 2713 1839 αί
2755 1786 3140 1856 μεταστάσεις·
3185 1787 3242 1840 ἐν
3285 1785 3346 1839 δέ
3397 1788 3519 1849 ταῖς
3566 1787 3731 1855 γενε-

455 1881 701 1935 tionibus
731 1896 884 1943 vero,
926 1896 1016 1937 res
1046 1881 1275 1950 singula:
1305 1895 1426 1951 quae
1469 1880 1626 1944 nunt,
1661 1894 1771 1935 non
1805 1894 1873 1936 ex
1900 1894 2029 1936 con-

452 1975 664 2036 trariis,
713 1973 808 2028 sed
845 1989 911 2029 ex
940 1974 1342 2044 congeneribus
1392 1972 1791 2044 producuntur.
1826 1971 2028 2027 Malum

448 2062 620 2134 igitur
654 2079 761 2116 non
792 2075 876 2117 est
914 2064 1222 2119 substantia
1250 2064 1439 2120 vivens
1467 2072 1563 2119 aut
1602 2065 1842 2119 animata
1878 2087 1892 2118 :
1933 2063 2027 2119 sed

455 2155 650 2209 anima:
681 2154 895 2208 alTectio
926 2154 1110 2207 virtuti
1140 2155 1436 2219 contraria,
1466 2154 1756 2211 desidiosis
1789 2168 1853 2208 ac
1885 2153 2032 2208 iner-

446 2248 624 2308 tibus,
672 2254 958 2318 propterea
996 2246 1142 2317 quod
1174 2262 1204 2301 a
1252 2246 1397 2303 bono
1433 2246 1780 2309 deciderunt,
1834 2244 2026 2300 indita.

460 2336 658 2391 Malum
707 2336 893 2406 itaque
936 2337 1245 2392 forinsecus
1290 2352 1360 2393 ne
1396 2335 1812 2406 circumspicias
1838 2375 1854 2398 .
1898 2349 2032 2389 neve

444 2428 838 2500 primigeniam
931 2426 1226 2500 quamdam
1328 2428 1690 2499 malignitatis
1780 2436 2030 2482 naturam

455 2519 923 2575 comminiscere:
964 2518 1060 2576 sed
1102 2535 1215 2574 sua:
1258 2520 1491 2590 quisque
1522 2519 1743 2574 malitiae
1789 2518 2032 2588 seipsum

458 2620 719 2683 agnoscat
758 2619 1058 2667 auctorem.
1100 2611 1176 2682 (5)
1210 2610 1344 2665 Nam
1394 2611 1437 2665 si
1488 2612 1692 2664 malum
1732 2626 1840 2664 non
1885 2618 2034 2665 esset

444 2704 849 2767 voluntarium,
897 2719 998 2759 nec
1041 2704 1097 2757 in
1141 2712 1328 2757 nostra
1379 2709 1650 2771 potestate
1678 2700 1870 2765 situm,
1922 2716 2033 2756 non

460 2802 645 2848 tantus
692 2795 856 2848 timor
905 2810 936 2848 a
984 2794 1190 2865 legibus
1227 2794 1566 2864 impenderet
1611 2793 1870 2863 iniuriam
1950 2792 2032 2846 in-

461 2884 785 2951 ferentibus,
839 2900 939 2941 nec
993 2893 1105 2940 tam
1161 2885 1529 2941 inexorabiles
1575 2882 2034 2954 esseutjudieum

461 2978 984 3040 animadversiones,
1029 2979 1231 3048 quibus
1281 2993 1378 3049 pro
1425 2978 1637 3033 meritis
1677 2978 1752 3033 rei
1787 2978 2037 3049 plectun-

461 3076 570 3125 ειιι.
621 3070 697 3140 (4)
735 3068 868 3124 Nam
931 3070 976 3157 si
1024 3070 1279 3123 vitiorum
1315 3076 1410 3157 aut
1454 3069 1717 3124 virtutum
1767 3068 2033 3139 principia
2061 3099 2104 3157 ρ

461 3174 568 3215 non
603 3166 736 3214 sunt
781 3158 835 3212 in
885 3156 1045 3213 nobis
1085 3157 1212 3219 sita,
1264 3155 1361 3212 sed
1406 3164 1536 3212 sunt
1581 3159 1937 3214 necessitates
1967 3158 2037 3212 ab

461 3258 582 3305 ortu
631 3247 932 3320 pendentes
982 3265 995 3300 :
1038 3247 1261 3302 inutiles
1326 3253 1455 3301 sttnt
1517 3245 1901 3315 legislatores,
1939 3245 2036 3314 qui

462 3341 622 3398 nobis
664 3339 876 3411 agenda
920 3353 986 3393 ac
1037 3337 1291 3409 fugienda
1331 3336 1698 3407 pmscribunt
1743 3352 1759 3390 :
1812 3336 2038 3391 inutiles

464 3445 685 3504 quoque
737 3429 993 3500 iudices.
1054 3428 1148 3498 qui
1217 3429 1479 3483 virtutem
1543 3426 1787 3491 honore,
1842 3426 2036 3481 vitium

461 3525 639 3595 pcenis
673 3520 933 3578 alliciunt.
977 3519 1096 3576 Non
1134 3520 1280 3575 enim
1328 3518 1466 3575 furis
1496 3527 1582 3573 est
1619 3518 1904 3589 iniquitas,
1943 3533 2040 3573 ne-

462 3632 571 3688 que
606 3614 915 3676 homicidae,
950 3614 1046 3684 qui
1079 3628 1146 3667 ne
1181 3612 1372 3668 volens
1401 3610 1622 3681 quidem
1661 3617 1874 3681 poterat
1923 3625 2041 3664 ma-

466 3723 598 3762 num
662 3706 979 3771 continere,
1036 3704 1107 3759 ob
1174 3703 1584 3759 ineluctabilem
1651 3701 2038 3757 necessitatem

466 3800 649 3869 ipsum
686 3798 753 3852 ad
780 3795 1049 3867 agendum
1082 3796 1476 3867 impellentem.
1509 3792 1809 3849 Vanissimi
1857 3800 2040 3847 autem

463 3889 710 3961 profecto
735 3890 830 3961 qui
850 3897 1000 3944 artes
1027 3889 1285 3944 excolunt
1319 3906 1333 3942 :
1364 3888 1565 3959 quippe
1592 3885 1840 3956 frugibus
1870 3885 2043 3939 abun-

464 3982 616 4038 dabit
666 3983 929 4053 agricola,
980 3985 1195 4036 tametsi
1244 3995 1423 4050 neque
1477 3979 1686 4035 semina
1738 3978 1795 4032 in
1838 3986 2041 4031 terram

465 4074 715 4143 dejiciat,
747 4088 926 4143 neque
972 4071 1163 4127 falcem
1184 4078 1429 4127 exacuet
1463 4091 1477 4126 :
1512 4079 1787 4126 mercator
1826 4069 2039 4131 itidem,

464 4167 615 4231 velit,
663 4165 824 4227 nolit.
858 4179 1027 4234 supra
1071 4164 1291 4217 modum
1344 4162 1595 4227 ditescet,
1648 4162 1762 4216 fato
1809 4162 1860 4217 ei
1909 4160 2045 4230 ope!

466 4266 846 4314 ooacervante.
878 4256 1085 4325 Magum
1114 4263 1294 4310 autem
1321 4253 1427 4308 illae
1451 4252 1888 4308 Christianorum
1917 4265 2044 4321 spes

467 4359 857 4406 evanescentes
898 4349 1153 4403 excident
1201 4349 1385 4408 nobis.
1425 4362 1550 4401 cum
1609 4361 1786 4415 neque
1826 4344 2043 4412 justitia

2131 1894 2297 1942 σεσιν,
2334 1877 2432 1930 οὐκ
2460 1878 2525 1932 ἐκ
2556 1878 2664 1933 τῶν
2696 1878 2951 1932 ἐναντίων
2970 1917 2986 1941 ,
3028 1877 3144 1932 ἀλλ’
3175 1880 3241 1932 ἐκ
3281 1877 3393 1932 τῶν
3437 1880 3731 1948 ὁμογενῶν

2127 1966 2355 2021 ἕκαστον
2395 1967 2503 2023 τῶν
2550 1967 2850 2038 γινομένων
2888 1967 3235 2039 προέρχεται.
3274 1967 3350 2024 Τὸ
3386 1968 3574 2022 τοίνυν
3621 1987 3731 2022 κα-

2129 2056 2223 2109 κόν
2254 2058 2402 2109 ἐστιν
2445 2057 2566 2126 οὐχ).
2614 2056 2770 2111 οὐσία
2810 2055 2957 2122 ζῶσα
2993 2060 3087 2112 καὶ
3122 2056 3384 2128 ἔμψυχος,
3420 2058 3567 2112 ἀλλὰ
3613 2059 3731 2114 διά-

2130 2145 2278 2209 θεσις
2327 2147 2385 2200 ἐν
2427 2147 2570 2218 ψυχῇ
2619 2148 2875 2212 ἐναντίως
2922 2148 3123 2219 ἔχουσα
3178 2150 3316 2221 πρὸς
3375 2151 3609 2222 ἀρετὴν,
3640 2152 3732 2208 διὰ

2129 2236 2228 2309 τὴν
2282 2236 2391 2290 ἀπὸ
2448 2237 2543 2291 τοῦ
2601 2236 2768 2291 καλοῦ
2801 2238 2876 2308 (6)
2915 2239 3235 2293 ἀπόπτωσιν
3292 2242 3402 2303 τοῖς
3453 2242 3734 2313 ῥᾳθύμοις

2131 2329 2476 2400 ἐγγινομένη.
2508 2330 2598 2402 Μὴ
2631 2331 2809 2384 τοίνυν
2843 2330 3041 2396 ἔξωθεν
3079 2333 3139 2385 τὸ
3174 2334 3341 2387 κακὸν
3371 2336 3731 2405 περισκόπει.

2135 2420 2268 2490 μηδὲ
2318 2420 2613 2493 ἀρχέγονόν
2669 2439 2790 2475 τινα
2849 2422 3012 2492 φύσιν
3077 2425 3343 2495 πονηρίας
3414 2426 3729 2494 φαντάζου·

2132 2510 2266 2565 ἀλλά
2294 2512 2393 2582 τῆς
2417 2514 2473 2566 ἐν
2509 2513 2684 2585 ἐαυτῷ
2723 2515 2923 2578 κακίας
2959 2515 3190 2579 ἕκαστος
3247 2517 3438 2570 ἑαυτὸν
3479 2518 3736 2588 ἀρχηγὸν

2133 2602 2464 2674 γνωριζέτω.
2498 2605 2575 2658 Οὐ
2612 2605 2721 2677 γὰρ
2767 2606 2856 2667 ἂν.
2891 2605 3050 2678 εῐπερ
3086 2606 3341 2660 ἀκούσιον
3376 2603 3467 2679 ἦν,
3504 2610 3609 2661 καὶ
3655 2610 3732 2679 μὴ

2136 2694 2219 2763 ἐφ’
2254 2695 2405 2764 ἡμῖν,
2435 2694 2689 2761 τοσοῦτος
2733 2696 2832 2767 μέν
2874 2698 2941 2750 ἐκ
2980 2696 3091 2753 τῶν
3120 2698 3301 2769 νόμων
3346 2701 3374 2752 ὁ
3402 2699 3575 2767 φόϐος
3620 2704 3735 2764 τοὶς

2136 2782 2409 2837 ἀδικοῦσιν
2454 2785 2754 2857 ἐπήρτητο,
2784 2784 2928 2840 οὕτω
2970 2785 3028 2840 δὲ
3077 2787 3441 2859 ἀπαραίτητοι
3488 2788 3605 2841 τῶν
3650 2790 3734 2843 δι-

2135 2875 2448 2946 καστηρίων
2484 2878 2540 2930 αι
2580 2877 2853 2942 κολάσεις,
2888 2878 2948 2931 τὸ
2982 2879 3117 2950 πρὸς
3149 2879 3306 2946 ἀξίαν
3341 2883 3453 2945 tot;
3488 2882 3734 2953 κακούρ-

2137 2982 2255 3034 γοις
2304 2967 2746 3041 ἀντιμετροῦσαι.
2796 2971 2860 3024 El
2904 2970 3015 3043 γὰρ
3060 2971 3168 3025 τῶν
3209 2973 3350 3027 κατὰ
3399 2976 3610 3027 κακίαν
3641 2977 3735 3028 καὶ

2137 3058 2338 3129 ἀρετὴν
2369 3061 2757 3132 ἐνεργημάτων
2789 3061 2888 3116 οὐκ
2928 3064 2993 3116 ἐκ
3031 3062 3126 3115 τού
3164 3063 3250 3133 ἐφ’
3276 3066 3410 3134 ἡμῖν
3453 3066 3600 3118 εἰσιν
3633 3067 3733 3137 ἀρ-

2138 3150 2250 3221 χαὶ,
2279 3150 2393 3203 ἀλλ’
2425 3153 2489 3205 ἐκ
2530 3152 2632 3221 τῆς
2665 3152 2879 3222 φύσεως
2915 3155 2971 3209 αί
3022 3156 3289 3224 ἀνάγκαι,
3341 3160 3598 3227 περιττοὶ
3635 3160 3732 3231 μὲν

2136 3242 2187 3294 οί
2213 3241 2497 3311 νομοθέται
2530 3243 2599 3297 τὰ
2627 3244 2878 3315 πρακτέα
2921 3247 3051 3317 ήμῖν
3097 3246 3193 3300 καὶ
3224 3247 3294 3300 τὰ
3318 3249 3533 3316 φευκτά
3564 3250 3732 3321 διορί-

2138 3332 2340 3397 ζοντες,
2380 3336 2620 3406 περιττοί⁵
2665 3336 2723 3389 δὲ
2770 3337 2864 3390 καὶ
2907 3338 2958 3390 οἱ
2994 3338 3243 3392 δικασταὶ
3284 3340 3488 3412 ἀρετὴν
3521 3343 3729 3413 τιμῶν-

2137 3438 2252 3487 τες,
2289 3423 2382 3477 καὶ
2414 3425 2679 3495 πονηρίαν
2725 3425 3065 3492 κολάζοντες.
3096 3428 3172 3481 Οὐ
3213 3428 3324 3500 γὰρ
3350 3430 3447 3483 τοῦ
3491 3431 3728 3486 κλέπτου

2136 3515 2201 3566 τὸ
2225 3514 2484 3585 ἀδίκημα,
2519 3517 2640 3570 οὐδὲ
2670 3516 2766 3571 τοῦ
2798 3519 3021 3587 φονέως,
3058 3514 3102 3587 ᾧ
3143 3537 3207 3587 γε
3249 3521 3371 3574 οὐδὲ
3416 3521 3727 3595 βουλομένῳ

2138 3602 2359 3659 δυνατὸν
2387 3601 2454 3677 ἧν
2479 3610 2700 3678 κρατεῖν
2725 3610 2823 3679 τῆς
2858 3609 3060 3681 χειρὸς,
3087 3610 3174 3664 διὰ
3218 3610 3280 3663 τὸ
3315 3612 3725 3685 ἀναπόδραστον

2140 3697 2239 3767 τῆς
2274 3698 2366 3751 ἐπὶ
2409 3698 2508 3762 τὰς
2553 3698 2780 3771 πράξεις
2827 3701 3261 3773 κατεπειγούσης
3303 3701 3577 3774 ἀνάγκης.
3616 3706 3728 3759 Μα-

2140 3790 2411 3843 ταιότατοι
2444 3790 2499 3843 δὲ
2526 3793 2745 3855 πάντως
2773 3792 2851 3860 (7)
2884 3793 2979 3846 καὶ
3009 3793 3060 3845 οἱ
3090 3793 3218 3864 περὶ
3260 3791 3361 3856 τὰς
3401 3795 3607 3865 τέχνας
3640 3814 3729 3849 πο-

2142 3880 2415 3952 νούμενον
2450 3881 2564 3935 ἀλλ’
2592 3883 2880 3955 εύθηνήσει
2910 3884 3008 3955 μὲν
3039 3887 3069 3937 ὁ
3095 3886 3359 3957 γεωργὸς.
3388 3888 3530 3957 μήτε
3562 3888 3728 3960 σπέρ-

2147 3991 2223 4045 μα
2263 3973 2607 4040 καταϐαλὼν,
2653 3976 2791 4046 μήτε
2846 3976 3118 4048 δρεπάνην
3169 3977 3505 4048 θηξάμενος·
3559 3981 3730 4048 ὑπερ-

2145 4064 2434 4136 πλουτήσει
2467 4064 2522 4118 δέ
2558 4066 2586 4117 ὁ
2625 4065 2883 4136 ἔμπορος,
2921 4065 3022 4119 κᾶν
3057 4065 3332 4137 βούληται,
3365 4067 3470 4120 κᾶν
3507 4069 3610 4138 μὴ,
3636 4068 3733 4136 τῆς
3758 4120 3769 4127 .

2145 4156 2483 4228 εἱμαρμένης
2527 4156 2678 4228 αὺτῷ
2715 4156 3167 4229 συναθροιζούσης
3208 4158 3277 4212 τὰ
3338 4160 3604 4229 χρήματα
3670 4163 3733 4213 Αἱ

2143 4245 2202 4298 δὲ
2260 4246 2491 4316 μεγάλαι
2537 4246 2646 4299 τῶν
2687 4247 3030 4319 Χριστιανῶν
3075 4247 3288 4311 ἐλπίδες
3333 4247 3558 4319 φροῦδοι
3603 4252 3735 4321 ἡμῖν

2146 4337 2475 4408 οἰχήσονται,
2513 4336 2637 4391 οὒτε
2679 4338 3024 4409 δικαιοσύνης
3065 4340 3402 4410 τιμωμένης,
3453 4338 3585 4393 οὔτε
3635 4360 3734 4394 κα-

471 4444 769 4499 honoribus
816 4443 942 4495 uI-lis
994 4441 1282 4503 aﬂiciatur,
1334 4454 1511 4509 neque
1549 4439 1815 4509 puniatur
1848 4452 2035 4507 pecca-

2148 4431 2540 4502 τακρινομένης
2567 4431 2667 4500 τῆς
2695 4431 2988 4502 ἁμαρτίας,
3022 4432 3111 4485 διὰ
3141 4432 3201 4485 τὸ
3240 4432 3405 4502 μηδὲν
3434 4433 3578 4486 κατὰ
3605 4452 3737 4505 προ-

376 4596 387 4602 ,
470 4546 586 4590 ιιιιιι
615 4576 630 4599 ,
679 4546 963 4606 propterea
1008 4533 1155 4604 quod
1205 4532 1339 4587 nihil
1389 4534 1459 4586 ab
1512 4530 1827 4585 hominibus
1874 4529 2047 4584 libero

470 4625 636 4682 animi
683 4623 962 4696 proposito
1006 4633 1221 4693 agatur.
1275 4619 1411 4674 Nam
1462 4618 1553 4673 ubi
1612 4619 1939 4679 necessitas.
1993 4623 2051 4671 et

473 4714 646 4769 fatum
687 4715 1026 4774 dominatur,
1076 4713 1150 4766 ibi
1198 4710 1378 4765 meriti
1423 4710 1565 4764 ratio
1608 4709 1820 4763 nullum
1867 4708 2049 4762 locum

473 4807 636 4861 habet
680 4825 694 4860 :
753 4806 804 4859 id
851 4804 995 4875 quod
1041 4812 1222 4856 tamen
1289 4802 1625 4871 praecipuum
1674 4799 1809 4869 justi
1855 4798 2049 4866 iudicii

474 4899 886 4954 fundamentum
918 4905 1022 4952 est.
1054 4896 1131 4966 (ὅ)
1163 4893 1298 4948 Nam
1329 4894 1398 4948 de
1426 4893 1544 4948 ﬁcis
1576 4898 1802 4945 narrant
1832 4890 1900 4945 ab
1925 4889 2052 4944 aliis

472 4991 693 5060 quidem
744 4988 876 5043 licus
924 4987 1206 5042 silvestres
1244 4985 1402 5053 juxta
1441 4983 1726 5038 hortenses
1765 4980 1982 5035 conseri
2032 4998 2048 5034 :

476 5082 615 5136 alios
669 5092 820 5141 vero,
873 5078 1004 5133 dum
1054 5091 1280 5146 grossos
1334 5073 1578 5144 caprifici
1633 5073 1932 5127 fructuosis
1983 5085 2050 5123 ac

476 5173 796 5227 domesticis
825 5171 942 5226 ficis
986 5171 1233 5237 alligant,
1285 5168 1531 5237 ipsarum
1574 5164 1780 5221 mederi
1822 5164 2053 5218 inﬁrmi-

476 5267 595 5332 tati,
639 5265 754 5336 jam
800 5263 1168 5325 diﬂluentem,
1214 5276 1280 5316 ac
1333 5266 1751 5316 evanescentem
1811 5255 2049 5310 fructum

548 5445 625 5512 (1)
658 5441 731 5496 Ex
770 5442 916 5495 hom.
960 5442 1030 5494 De
1065 5440 1354 5512 Mummi“,
1390 5439 1509 5493 185.

547 5511 623 5574 (τι
656 5514 729 5569 Ex
763 5514 908 5567 hom.
942 5513 1055 5566 uin
1091 5511 1367 5572 lienem,
1399 5515 1480 5565 16.

553 5586 631 5651 (5)
663 5585 796 5636 Ibid.

549 5649 623 5719 (4)
663 5653 736 5704 Ex
772 5652 921 5704 hom.
955 5667 1006 5704 γι
1034 5651 1087 5703 in
1116 5650 1390 5711 "exuam,
1414 5649 1502 5719 56.

552 5724 628 5795 (ὃ)
664 5721 739 5775 Ex
775 5722 921 5775 hom.
954 5737 985 5776 ν
1014 5722 1067 5774 in
1094 5720 1373 5784 Ηεατηειιι.,
1406 5718 1492 5773 47.

2147 4523 2356 4593 αίρεσιν
2416 4522 2522 4575 ὑπὸ
2565 4523 2672 4575 τῶν
2734 4522 3037 4595 ἀνθρώπιον
3108 4523 3493 4578 ἐπιτελεῖσθαι.
3560 4526 3737 4580 Ὅπου

2150 4615 2258 4685 γὰρ
2284 4613 2497 4683 ἀνάγκη
2538 4615 2631 4667 καὶ
2660 4614 2966 4685 εἱμαρμένη
2996 4614 3071 4685 (8)
3098 4619 3309 4686 κρατεῖ,
3331 4615 3593 4687 οὐδεμίαν
3625 4618 3735 4688 ἔχει

2150 4704 2336 4777 χώραν
2365 4705 2427 4758 τὸ
2458 4706 2596 4777 πρὸς
2636 4705 2814 4771 ἀξίαν,
2857 4706 2887 4760 ὃ
2925 4708 3027 4777 τῆς
3067 4706 3462 4778 δικαιοκρισίας
3497 4706 3733 4780 ὑπάρχει

2150 4795 2447 4869 ἐξαίρετον.
2494 4798 2603 4851 Καὶ
2643 4798 2754 4868 γὰρ
2803 4799 2932 4871 διιδερῖ⁹
2973 4800 3083 4852 τῶν
3132 4800 3314 4853 συκῶν
3354 4817 3540 4869 φασιν,
3571 4803 3649 4866 ὡς
3688 4806 3732 4855 οἱ

2155 4886 2256 4956 μὲν
2292 4887 2392 4950 τὰς
2418 4887 2617 4956 ἀγρίας
2644 4890 2816 4953 συκᾶς
2846 4889 3288 4960 παραφυτεύουσι
3320 4893 3444 4954 ταῖς
3468 4892 3731 4965 ἡμέραις·

2152 4981 2199 5031 oi
2238 4978 2296 5032 δέ
2325 4980 2452 5042 τοὺς
2487 4978 2741 5044 ὀλύνθους
2783 4980 3130 5051 ἐκδήσαντες,
3167 4981 3277 5034 τῶν
3310 4981 3612 5054 εὐκάρπων
3649 4985 3731 5038 καί

2152 5070 2377 5140 ἡμέρων
2426 5070 2604 5123 συκῶν
2646 5070 2746 5141 τὴν
2775 5072 2993 5125 ἀτονίαν
3041 5072 3245 5134 ἰῶνται,
3283 5072 3475 5143 ῥέοντα
3506 5074 3612 5144 ἤδη
3646 5076 3735 5128 καί

2156 5160 2580 5231 σκεδαννύμενον
2617 5162 2709 5214 τὸν
2760 5162 2970 5233 καρπὸν
2997 5165 3110 5225 τοῖς
3145 5162 3386 5226 ὀλύνθοις
3427 5164 3730 5235 ἐπέχοντες.

2155 5252 2219 5305 Τί
2261 5251 2316 5304 δέ
2360 5269 2445 5305 σοι
2493 5252 2556 5306 τὸ
2592 5252 2741 5313 παρὰ
2785 5253 2885 5316 τῆς
2927 5254 3144 5322 φύσεως
3186 5256 3456 5324 αἴνιγμας
3504 5256 3589 5309 ὅτι
3637 5259 3732 5327 χρὴ

2228 5429 2305 5501 (6)
2343 5431 2454 5485 Τοῦ
2486 5431 2700 5485 καλοῦ.
2751 5429 2843 5501 Sic
2899 5428 3030 5501 Reg.
3069 5432 3240 5486 codex
3294 5432 3456 5488 1910.
3510 5434 3645 5489 Male
3682 5435 3727 5487 in

2156 5500 2321 5558 editis
2353 5509 2408 5553 et
2436 5510 2694 5554 contextu
2728 5500 2823 5553 τοῦ
2856 5500 3049 5555 κακοῦ.

2231 5573 2308 5639 (7)
2340 5570 2597 5635 Πάντως.
2637 5570 2857 5639 Legitur
2886 5572 2940 5623 in
2968 5578 3223 5625 contextu
3253 5572 3495 5627 πάντων.

2229 5641 2451 5715 (8)-1ςᾳί
2475 5640 2812 5715 εἱμαρμένη.
2859 5641 2949 5694 Sic
2994 5651 3286 5698 contextus
3315 5654 3367 5699 et
3411 5642 3615 5715 Regius
3641 5658 3726 5699 ω’

2162 5713 2282 5769 dex.
2312 5711 2455 5767 Editi
2481 5713 2571 5764 καὶ
2604 5711 2783 5781 φύσις.
