  <div class='ocr_page' id='page_1' title='image "/cluster/home/n/w/nwhite01/storage/ocr_20150623/32/nnc1.0046978879/654.png"; bbox 0 0 3860 6224; ppageno 0'>
   <div class='ocr_carea' id='block_1_1' title="bbox 117 327 262 381">
    <p class='ocr_par' dir='ltr' id='par_1_1' title="bbox 117 327 262 381">
     <span class='ocr_line' id='line_1_1' title="bbox 117 327 262 381; baseline -0.021 0"><span class='ocrx_word' id='word_1_1' title='bbox 117 327 262 381; x_wconf 65' lang='grc' dir='ltr'><strong>Ηῗὶῖ</strong></span> 
     </span>
    </p>
   </div>
   <div class='ocr_carea' id='block_1_2' title="bbox 935 318 2519 381">
    <p class='ocr_par' dir='ltr' id='par_1_2' title="bbox 935 318 2519 381">
     <span class='ocr_line' id='line_1_2' title="bbox 935 318 2519 381; baseline -0.004 0"><span class='ocrx_word' id='word_1_2' title='bbox 935 325 1166 381; x_wconf 79' lang='lat' dir='ltr'><strong>SERMO</strong></span> <span class='ocrx_word' id='word_1_3' title='bbox 1194 325 1259 380; x_wconf 91' lang='lat' dir='ltr'><strong>ll.</strong></span> <span class='ocrx_word' id='word_1_4' title='bbox 1301 355 1369 366; x_wconf 88' lang='lat'><strong>-—-</strong></span> <span class='ocrx_word' id='word_1_5' title='bbox 1408 323 1492 379; x_wconf 87' lang='lat' dir='ltr'><strong>DE</strong></span> <span class='ocrx_word' id='word_1_6' title='bbox 1528 320 1870 379; x_wconf 72' lang='lat' dir='ltr'><strong>DOCTRINA</strong></span> <span class='ocrx_word' id='word_1_7' title='bbox 1907 319 1991 374; x_wconf 82' lang='grc' dir='ltr'>ΕΤ</span> <span class='ocrx_word' id='word_1_8' title='bbox 2025 318 2519 375; x_wconf 70' lang='lat' dir='ltr'><strong>ADMONITIONE.</strong></span> 
     </span>
    </p>
   </div>
   <div class='ocr_carea' id='block_1_3' title="bbox 3228 320 3366 376">
    <p class='ocr_par' dir='ltr' id='par_1_3' title="bbox 3228 320 3366 376">
     <span class='ocr_line' id='line_1_3' title="bbox 3228 320 3366 376; baseline 0.014 -2"><span class='ocrx_word' id='word_1_9' title='bbox 3228 320 3366 376; x_wconf 72' lang='grc'><strong>1154</strong></span> 
     </span>
    </p>
   </div>
   <div class='ocr_carea' id='block_1_4' title="bbox 114 431 1705 518">
    <p class='ocr_par' dir='ltr' id='par_1_4' title="bbox 114 443 1699 518">
     <span class='ocr_line' id='line_1_4' title="bbox 114 443 1699 518; baseline -0.002 -19"><span class='ocrx_word' id='word_1_10' title='bbox 114 444 382 508; x_wconf 78' lang='grc' dir='ltr'><strong>πολλάκις</strong></span> <span class='ocrx_word' id='word_1_11' title='bbox 426 446 574 516; x_wconf 75' lang='grc' dir='ltr'>ἡμᾶς</span> <span class='ocrx_word' id='word_1_12' title='bbox 627 448 722 500; x_wconf 77' lang='grc' dir='ltr'>καὶ</span> <span class='ocrx_word' id='word_1_13' title='bbox 766 446 916 518; x_wconf 84' lang='grc' dir='ltr'><strong>παρά</strong></span> <span class='ocrx_word' id='word_1_14' title='bbox 969 447 1078 500; x_wconf 81' lang='grc' dir='ltr'><strong>τῶν</strong></span> <span class='ocrx_word' id='word_1_15' title='bbox 1129 447 1422 518; x_wconf 84' lang='grc' dir='ltr'><strong>ἀλλοτρίων</strong></span> <span class='ocrx_word' id='word_1_16' title='bbox 1466 445 1564 515; x_wconf 84' lang='grc' dir='ltr'><strong>τῆς</strong></span> <span class='ocrx_word' id='word_1_17' title='bbox 1608 443 1699 497; x_wconf 83' lang='grc' dir='ltr'>πί-</span> 
     </span>
    </p>
   </div>
   <div class='ocr_carea' id='block_1_5' title="bbox 1791 431 3367 518">
    <p class='ocr_par' dir='ltr' id='par_1_5' title="bbox 1802 431 3367 510">
     <span class='ocr_line' id='line_1_5' title="bbox 1802 431 3367 510; baseline -0.003 -17"><span class='ocrx_word' id='word_1_18' title='bbox 1802 439 2010 509; x_wconf 89' lang='lat' dir='ltr'><strong>grossis</strong></span> <span class='ocrx_word' id='word_1_19' title='bbox 2061 438 2306 510; x_wconf 88' lang='lat' dir='ltr'><strong>capriﬁci</strong></span> <span class='ocrx_word' id='word_1_20' title='bbox 2356 444 2694 493; x_wconf 88' lang='lat' dir='ltr'><strong>coercentes.</strong></span> <span class='ocrx_word' id='word_1_21' title='bbox 2729 434 2869 502; x_wconf 85' lang='lat' dir='ltr'><strong>Quid</strong></span> <span class='ocrx_word' id='word_1_22' title='bbox 2917 433 3037 489; x_wconf 86' lang='lat' dir='ltr'><strong>vult</strong></span> <span class='ocrx_word' id='word_1_23' title='bbox 3076 431 3182 489; x_wconf 82' lang='lat' dir='ltr'><strong>sibi</strong></span> <span class='ocrx_word' id='word_1_24' title='bbox 3232 433 3367 488; x_wconf 84' lang='lat' dir='ltr'><strong>illud</strong></span> 
     </span>
    </p>
   </div>
   <div class='ocr_carea' id='block_1_6' title="bbox 111 535 1697 611">
    <p class='ocr_par' dir='ltr' id='par_1_6' title="bbox 111 535 1697 611">
     <span class='ocr_line' id='line_1_6' title="bbox 111 535 1697 611; baseline -0.004 -19"><span class='ocrx_word' id='word_1_25' title='bbox 111 555 294 600; x_wconf 83' lang='grc' dir='ltr'>στεως</span> <span class='ocrx_word' id='word_1_26' title='bbox 344 538 587 591; x_wconf 82' lang='grc' dir='ltr'>εὐτονίαν</span> <span class='ocrx_word' id='word_1_27' title='bbox 643 538 763 592; x_wconf 83' lang='grc' dir='ltr'>τινὰ</span> <span class='ocrx_word' id='word_1_28' title='bbox 816 539 1253 611; x_wconf 79' lang='grc' dir='ltr'>προσλαμϐάνειν</span> <span class='ocrx_word' id='word_1_29' title='bbox 1304 540 1383 602; x_wconf 77' lang='grc' dir='ltr'>εἰς</span> <span class='ocrx_word' id='word_1_30' title='bbox 1433 537 1533 608; x_wconf 80' lang='grc' dir='ltr'>τὴν</span> <span class='ocrx_word' id='word_1_31' title='bbox 1589 535 1697 588; x_wconf 85' lang='grc' dir='ltr'>τῶν</span> 
     </span>
    </p>
   </div>
   <div class='ocr_carea' id='block_1_7' title="bbox 110 627 1698 702">
    <p class='ocr_par' dir='ltr' id='par_1_7' title="bbox 110 627 1698 702">
     <span class='ocr_line' id='line_1_7' title="bbox 110 627 1698 702; baseline -0.003 -20"><span class='ocrx_word' id='word_1_32' title='bbox 110 627 341 695; x_wconf 72' lang='grc' dir='ltr'>ἀγαθῶν</span> <span class='ocrx_word' id='word_1_33' title='bbox 381 627 558 699; x_wconf 78' lang='grc' dir='ltr'>ἔργων</span> <span class='ocrx_word' id='word_1_34' title='bbox 603 629 881 695; x_wconf 80' lang='grc' dir='ltr'>ἐπίδειξιν.</span> <span class='ocrx_word' id='word_1_35' title='bbox 925 631 1050 684; x_wconf 86' lang='grc' dir='ltr'>Ἐὰν</span> <span class='ocrx_word' id='word_1_36' title='bbox 1088 631 1198 702; x_wconf 88' lang='grc' dir='ltr'>γὰρ</span> <span class='ocrx_word' id='word_1_37' title='bbox 1236 630 1350 702; x_wconf 80' lang='grc' dir='ltr'>ἴδῃς</span> <span class='ocrx_word' id='word_1_38' title='bbox 1385 629 1474 682; x_wconf 85' lang='grc' dir='ltr'>τὸν</span> <span class='ocrx_word' id='word_1_39' title='bbox 1511 630 1568 680; x_wconf 83' lang='grc' dir='ltr'>ὲν</span> <span class='ocrx_word' id='word_1_40' title='bbox 1601 627 1698 697; x_wconf 78' lang='grc' dir='ltr'><strong>βίῳ</strong></span> 
     </span>
    </p>
   </div>
   <div class='ocr_carea' id='block_1_8' title="bbox 110 719 1699 796">
    <p class='ocr_par' dir='ltr' id='par_1_8' title="bbox 110 719 1699 796">
     <span class='ocr_line' id='line_1_8' title="bbox 110 719 1699 796; baseline 0 -25"><span class='ocrx_word' id='word_1_41' title='bbox 110 719 340 790; x_wconf 81' lang='grc' dir='ltr'>ὲθνικῷ,</span> <span class='ocrx_word' id='word_1_42' title='bbox 368 720 400 791; x_wconf 81' lang='grc' dir='ltr'>ἦ</span> <span class='ocrx_word' id='word_1_43' title='bbox 436 721 544 774; x_wconf 88' lang='grc' dir='ltr'><strong>ἀπό</strong></span> <span class='ocrx_word' id='word_1_44' title='bbox 569 739 711 787; x_wconf 87' lang='grc' dir='ltr'>τινος</span> <span class='ocrx_word' id='word_1_45' title='bbox 741 723 1008 796; x_wconf 84' lang='grc' dir='ltr'>αἱρέσεως</span> <span class='ocrx_word' id='word_1_46' title='bbox 1034 723 1417 794; x_wconf 82' lang='grc' dir='ltr'>ένδιαστρόφου</span> <span class='ocrx_word' id='word_1_47' title='bbox 1445 721 1546 790; x_wconf 82' lang='grc' dir='ltr'>τῆς</span> <span class='ocrx_word' id='word_1_48' title='bbox 1579 722 1699 772; x_wconf 82' lang='grc' dir='ltr'><strong>Ἐκ-</strong></span> 
     </span>
    </p>
   </div>
   <div class='ocr_carea' id='block_1_9' title="bbox 110 811 1696 885">
    <p class='ocr_par' dir='ltr' id='par_1_9' title="bbox 110 811 1696 885">
     <span class='ocr_line' id='line_1_9' title="bbox 110 811 1696 885; baseline -0.001 -21"><span class='ocrx_word' id='word_1_49' title='bbox 110 811 350 882; x_wconf 81' lang='grc' dir='ltr'>κλησίας</span> <span class='ocrx_word' id='word_1_50' title='bbox 379 814 795 884; x_wconf 80' lang='grc' dir='ltr'>ἀπεσχισμένον,</span> <span class='ocrx_word' id='word_1_51' title='bbox 845 814 958 884; x_wconf 79' lang='grc' dir='ltr'>βίου</span> <span class='ocrx_word' id='word_1_52' title='bbox 1003 813 1278 885; x_wconf 82' lang='grc' dir='ltr'>σώφρονος</span> <span class='ocrx_word' id='word_1_53' title='bbox 1321 815 1414 867; x_wconf 74' lang='grc' dir='ltr'><strong>καὶ</strong></span> <span class='ocrx_word' id='word_1_54' title='bbox 1450 813 1549 882; x_wconf 80' lang='grc' dir='ltr'>τῆς</span> <span class='ocrx_word' id='word_1_55' title='bbox 1587 811 1696 864; x_wconf 73' lang='grc' dir='ltr'>λοιο</span> 
     </span>
    </p>
   </div>
   <div class='ocr_carea' id='block_1_10' title="bbox 111 901 1697 975">
    <p class='ocr_par' dir='ltr' id='par_1_10' title="bbox 111 901 1697 975">
     <span class='ocr_line' id='line_1_10' title="bbox 111 901 1697 975; baseline -0.001 -20"><span class='ocrx_word' id='word_1_56' title='bbox 111 903 229 971; x_wconf 77' lang='grc' dir='ltr'>πῆς</span> <span class='ocrx_word' id='word_1_57' title='bbox 261 902 399 956; x_wconf 88' lang='grc' dir='ltr'><strong>κατά</strong></span> <span class='ocrx_word' id='word_1_58' title='bbox 446 904 506 956; x_wconf 84' lang='grc' dir='ltr'><strong>τὸ</strong></span> <span class='ocrx_word' id='word_1_59' title='bbox 558 901 690 975; x_wconf 77' lang='grc' dir='ltr'>ἦθος</span> <span class='ocrx_word' id='word_1_60' title='bbox 736 904 985 969; x_wconf 79' lang='grc' dir='ltr'><strong>εὐταξίας</strong></span> <span class='ocrx_word' id='word_1_61' title='bbox 1027 905 1486 974; x_wconf 78' lang='grc' dir='ltr'>ἐπιμελούμενον,</span> <span class='ocrx_word' id='word_1_62' title='bbox 1537 902 1697 954; x_wconf 83' lang='grc' dir='ltr'>πλέον</span> 
     </span>
    </p>
   </div>
   <div class='ocr_carea' id='block_1_11' title="bbox 110 994 1696 1068">
    <p class='ocr_par' dir='ltr' id='par_1_11' title="bbox 110 994 1696 1068">
     <span class='ocr_line' id='line_1_11' title="bbox 110 994 1696 1068; baseline -0.001 -22"><span class='ocrx_word' id='word_1_63' title='bbox 110 995 348 1047; x_wconf 81' lang='grc' dir='ltr'>σεαυτοῦ</span> <span class='ocrx_word' id='word_1_64' title='bbox 381 995 442 1048; x_wconf 84' lang='grc' dir='ltr'><strong>τὸ</strong></span> <span class='ocrx_word' id='word_1_65' title='bbox 474 996 754 1049; x_wconf 82' lang='grc' dir='ltr'>σπουδαῖον</span> <span class='ocrx_word' id='word_1_66' title='bbox 791 998 1076 1060; x_wconf 84' lang='grc' dir='ltr'>ἐπίτεινον,</span> <span class='ocrx_word' id='word_1_67' title='bbox 1115 997 1202 1050; x_wconf 78' lang='grc' dir='ltr'>ἵνα</span> <span class='ocrx_word' id='word_1_68' title='bbox 1239 995 1371 1068; x_wconf 80' lang='grc' dir='ltr'>γένῃ</span> <span class='ocrx_word' id='word_1_69' title='bbox 1406 994 1696 1064; x_wconf 81' lang='grc' dir='ltr'>παραπλή-</span> 
     </span>
    </p>
   </div>
   <div class='ocr_carea' id='block_1_12' title="bbox 111 1087 1696 1160">
    <p class='ocr_par' dir='ltr' id='par_1_12' title="bbox 111 1087 1696 1160">
     <span class='ocr_line' id='line_1_12' title="bbox 111 1087 1696 1160; baseline 0 -22"><span class='ocrx_word' id='word_1_70' title='bbox 111 1091 235 1150; x_wconf 76' lang='grc' dir='ltr'>σιος</span> <span class='ocrx_word' id='word_1_71' title='bbox 263 1090 328 1158; x_wconf 85' lang='grc' dir='ltr'>τῇ</span> <span class='ocrx_word' id='word_1_72' title='bbox 368 1087 699 1159; x_wconf 62' lang='grc' dir='ltr'>καρποφόρῳ</span> <span class='ocrx_word' id='word_1_73' title='bbox 739 1091 897 1159; x_wconf 83' lang='grc' dir='ltr'>συκῇ,</span> <span class='ocrx_word' id='word_1_74' title='bbox 931 1091 994 1142; x_wconf 83' lang='grc' dir='ltr'>ὲκ</span> <span class='ocrx_word' id='word_1_75' title='bbox 1035 1090 1134 1160; x_wconf 83' lang='grc' dir='ltr'><strong>τῆς</strong></span> <span class='ocrx_word' id='word_1_76' title='bbox 1178 1088 1284 1141; x_wconf 83' lang='grc' dir='ltr'><strong>τῶν</strong></span> <span class='ocrx_word' id='word_1_77' title='bbox 1311 1087 1517 1158; x_wconf 83' lang='grc' dir='ltr'><strong>ἀγρίων</strong></span> <span class='ocrx_word' id='word_1_78' title='bbox 1551 1103 1696 1157; x_wconf 85' lang='grc' dir='ltr'>παρ-</span> 
     </span>
    </p>
   </div>
   <div class='ocr_carea' id='block_1_13' title="bbox 108 1176 1695 1250">
    <p class='ocr_par' dir='ltr' id='par_1_13' title="bbox 108 1176 1695 1250">
     <span class='ocr_line' id='line_1_13' title="bbox 108 1176 1695 1250; baseline -0.002 -19"><span class='ocrx_word' id='word_1_79' title='bbox 108 1178 309 1241; x_wconf 78' lang='grc' dir='ltr'>ουσίας</span> <span class='ocrx_word' id='word_1_80' title='bbox 339 1178 663 1250; x_wconf 78' lang='grc' dir='ltr'>ἁθροιζούσῃ</span> <span class='ocrx_word' id='word_1_81' title='bbox 712 1179 808 1250; x_wconf 83' lang='grc' dir='ltr'>τὴν</span> <span class='ocrx_word' id='word_1_82' title='bbox 853 1179 1100 1250; x_wconf 88' lang='grc' dir='ltr'>δύναμιν,</span> <span class='ocrx_word' id='word_1_83' title='bbox 1141 1179 1237 1231; x_wconf 77' lang='grc' dir='ltr'>καὶ</span> <span class='ocrx_word' id='word_1_84' title='bbox 1279 1178 1376 1248; x_wconf 81' lang='grc' dir='ltr'><strong>τὴν</strong></span> <span class='ocrx_word' id='word_1_85' title='bbox 1416 1177 1514 1246; x_wconf 85' lang='grc' dir='ltr'>μὲν</span> <span class='ocrx_word' id='word_1_86' title='bbox 1542 1176 1695 1247; x_wconf 74' lang='grc' dir='ltr'>ῥύσιν</span> 
     </span>
    </p>
   </div>
   <div class='ocr_carea' id='block_1_14' title="bbox 107 1265 1695 1339">
    <p class='ocr_par' dir='ltr' id='par_1_14' title="bbox 107 1265 1695 1339">
     <span class='ocr_line' id='line_1_14' title="bbox 107 1265 1695 1339; baseline -0.002 -19"><span class='ocrx_word' id='word_1_87' title='bbox 107 1268 410 1339; x_wconf 82' lang='grc' dir='ltr'>ὲπεχούσῃ,</span> <span class='ocrx_word' id='word_1_88' title='bbox 452 1268 869 1339; x_wconf 78' lang='grc' dir='ltr'>ἐπιμελέστερον</span> <span class='ocrx_word' id='word_1_89' title='bbox 916 1268 973 1320; x_wconf 85' lang='grc' dir='ltr'>δὲ</span> <span class='ocrx_word' id='word_1_90' title='bbox 1013 1267 1106 1322; x_wconf 76' lang='grc' dir='ltr'>τὸν</span> <span class='ocrx_word' id='word_1_91' title='bbox 1154 1267 1363 1338; x_wconf 85' lang='grc' dir='ltr'>καρπὸν</span> <span class='ocrx_word' id='word_1_92' title='bbox 1403 1265 1695 1337; x_wconf 80' lang='grc' dir='ltr'>ἐκτρεφού-</span> 
     </span>
    </p>
   </div>
   <div class='ocr_carea' id='block_1_15' title="bbox 109 1357 1694 1430">
    <p class='ocr_par' dir='ltr' id='par_1_15' title="bbox 109 1357 1694 1430">
     <span class='ocr_line' id='line_1_15' title="bbox 109 1357 1694 1430; baseline 0.001 -20"><span class='ocrx_word' id='word_1_93' title='bbox 109 1375 207 1429; x_wconf 79' lang='grc' dir='ltr'><strong>σῃ.</strong></span> <span class='ocrx_word' id='word_1_94' title='bbox 245 1357 380 1411; x_wconf 86' lang='grc' dir='ltr'>Τινά</span> <span class='ocrx_word' id='word_1_95' title='bbox 418 1358 474 1412; x_wconf 82' lang='grc' dir='ltr'>δὲ</span> <span class='ocrx_word' id='word_1_96' title='bbox 513 1359 622 1411; x_wconf 82' lang='grc' dir='ltr'><strong>τῶν</strong></span> <span class='ocrx_word' id='word_1_97' title='bbox 659 1359 840 1428; x_wconf 85' lang='grc' dir='ltr'>φυτῶν</span> <span class='ocrx_word' id='word_1_98' title='bbox 880 1360 974 1413; x_wconf 70' lang='grc' dir='ltr'><strong>καὶ</strong></span> <span class='ocrx_word' id='word_1_99' title='bbox 1005 1359 1102 1430; x_wconf 80' lang='grc' dir='ltr'><strong>τὴν</strong></span> <span class='ocrx_word' id='word_1_100' title='bbox 1149 1361 1210 1412; x_wconf 80' lang='grc' dir='ltr'><strong>ἐκ</strong></span> <span class='ocrx_word' id='word_1_101' title='bbox 1250 1357 1463 1428; x_wconf 83' lang='grc' dir='ltr'>φύσεως</span> <span class='ocrx_word' id='word_1_102' title='bbox 1497 1359 1694 1411; x_wconf 83' lang='grc' dir='ltr'>κακίαν</span> 
     </span>
    </p>
   </div>
   <div class='ocr_carea' id='block_1_16' title="bbox 107 1445 1694 1523">
    <p class='ocr_par' dir='ltr' id='par_1_16' title="bbox 107 1445 1694 1523">
     <span class='ocr_line' id='line_1_16' title="bbox 107 1445 1694 1523; baseline 0.001 -21"><span class='ocrx_word' id='word_1_103' title='bbox 107 1451 454 1520; x_wconf 73' lang='grc' dir='ltr'>ἐπιμελείαις</span> <span class='ocrx_word' id='word_1_104' title='bbox 507 1450 768 1523; x_wconf 82' lang='grc' dir='ltr'>γεωργῶν</span> <span class='ocrx_word' id='word_1_105' title='bbox 814 1451 1223 1523; x_wconf 85' lang='grc' dir='ltr'>Θεραπευόμενα</span> <span class='ocrx_word' id='word_1_106' title='bbox 1259 1451 1534 1522; x_wconf 60' lang='grc' dir='ltr'>ἔγνωμεν</span> <span class='ocrx_word' id='word_1_107' title='bbox 1583 1445 1694 1504; x_wconf 74' lang='grc' dir='ltr'>οἷον</span> 
     </span>
    </p>
   </div>
   <div class='ocr_carea' id='block_1_17' title="bbox 111 1541 1690 1614">
    <p class='ocr_par' dir='ltr' id='par_1_17' title="bbox 111 1541 1690 1614">
     <span class='ocr_line' id='line_1_17' title="bbox 111 1541 1690 1614; baseline 0.001 -20"><span class='ocrx_word' id='word_1_108' title='bbox 111 1543 212 1606; x_wconf 78' lang='grc' dir='ltr'>τὰς</span> <span class='ocrx_word' id='word_1_109' title='bbox 242 1542 422 1608; x_wconf 82' lang='grc' dir='ltr'>ὀξείας</span> <span class='ocrx_word' id='word_1_110' title='bbox 451 1543 578 1612; x_wconf 82' lang='grc' dir='ltr'>ῥοὰς</span> <span class='ocrx_word' id='word_1_111' title='bbox 605 1543 698 1597; x_wconf 80' lang='grc' dir='ltr'><strong>καὶ</strong></span> <span class='ocrx_word' id='word_1_112' title='bbox 729 1541 837 1596; x_wconf 84' lang='grc' dir='ltr'>τῶν</span> <span class='ocrx_word' id='word_1_113' title='bbox 860 1541 1186 1613; x_wconf 84' lang='grc' dir='ltr'>ἀμυγδάλων</span> <span class='ocrx_word' id='word_1_114' title='bbox 1215 1542 1312 1605; x_wconf 87' lang='grc' dir='ltr'>τὰς</span> <span class='ocrx_word' id='word_1_115' title='bbox 1339 1542 1690 1614; x_wconf 66' lang='grc' dir='ltr'>πικροτέρας,</span> 
     </span>
    </p>
   </div>
   <div class='ocr_carea' id='block_1_18' title="bbox 107 1632 1692 1708">
    <p class='ocr_par' dir='ltr' id='par_1_18' title="bbox 107 1632 1692 1708">
     <span class='ocr_line' id='line_1_18' title="bbox 107 1632 1692 1708; baseline 0 -20"><span class='ocrx_word' id='word_1_116' title='bbox 107 1636 244 1688; x_wconf 71' lang='grc' dir='ltr'>ὅταν</span> <span class='ocrx_word' id='word_1_117' title='bbox 275 1633 642 1704; x_wconf 84' lang='grc' dir='ltr'>διατρηθεῖσαι</span> <span class='ocrx_word' id='word_1_118' title='bbox 677 1632 739 1687; x_wconf 83' lang='grc' dir='ltr'><strong>τὸ</strong></span> <span class='ocrx_word' id='word_1_119' title='bbox 772 1632 907 1704; x_wconf 83' lang='grc' dir='ltr'>πρὸς</span> <span class='ocrx_word' id='word_1_120' title='bbox 938 1636 1006 1705; x_wconf 83' lang='grc' dir='ltr'>τῇ</span> <span class='ocrx_word' id='word_1_121' title='bbox 1056 1633 1181 1708; x_wconf 77' lang='grc' dir='ltr'><strong>ῥίζῃ</strong></span> <span class='ocrx_word' id='word_1_122' title='bbox 1210 1635 1494 1705; x_wconf 79' lang='grc' dir='ltr'><strong>στέλεχος,¹</strong></span> <span class='ocrx_word' id='word_1_123' title='bbox 1515 1636 1692 1707; x_wconf 83' lang='grc' dir='ltr'>σφῆνα</span> 
     </span>
    </p>
   </div>
   <div class='ocr_carea' id='block_1_19' title="bbox 107 1725 1689 1803">
    <p class='ocr_par' dir='ltr' id='par_1_19' title="bbox 107 1725 1689 1803">
     <span class='ocr_line' id='line_1_19' title="bbox 107 1725 1689 1803; baseline 0.001 -24"><span class='ocrx_word' id='word_1_124' title='bbox 107 1725 325 1803; x_wconf 80' lang='grc' dir='ltr'>πεύκης</span> <span class='ocrx_word' id='word_1_125' title='bbox 377 1725 602 1796; x_wconf 81' lang='grc' dir='ltr'>λιπαρὸν</span> <span class='ocrx_word' id='word_1_126' title='bbox 654 1727 755 1796; x_wconf 82' lang='grc' dir='ltr'>τῆς</span> <span class='ocrx_word' id='word_1_127' title='bbox 793 1725 1116 1799; x_wconf 78' lang='grc' dir='ltr'>ἐντεριώνης</span> <span class='ocrx_word' id='word_1_128' title='bbox 1170 1727 1330 1797; x_wconf 83' lang='grc' dir='ltr'>μέσον</span> <span class='ocrx_word' id='word_1_129' title='bbox 1378 1727 1689 1782; x_wconf 84' lang='grc' dir='ltr'>διελαθέντα</span> 
     </span>
    </p>
   </div>
   <div class='ocr_carea' id='block_1_20' title="bbox 1798 525 3370 602">
    <p class='ocr_par' dir='ltr' id='par_1_20' title="bbox 1798 525 3370 602">
     <span class='ocr_line' id='line_1_20' title="bbox 1798 525 3370 602; baseline -0.003 -16"><span class='ocrx_word' id='word_1_130' title='bbox 1798 538 2008 587; x_wconf 71' lang='lat' dir='ltr'><strong>natum</strong></span> <span class='ocrx_word' id='word_1_131' title='bbox 2039 532 2348 602; x_wconf 80' lang='lat' dir='ltr'><strong>exemplum</strong></span> <span class='ocrx_word' id='word_1_132' title='bbox 2371 529 2572 597; x_wconf 67' lang='lat' dir='ltr'><strong>lQuod</strong></span> <span class='ocrx_word' id='word_1_133' title='bbox 2618 544 2718 586; x_wconf 79' lang='lat' dir='ltr'><strong>nos</strong></span> <span class='ocrx_word' id='word_1_134' title='bbox 2741 529 2826 584; x_wconf 97' lang='lat' dir='ltr'><strong>vel</strong></span> <span class='ocrx_word' id='word_1_135' title='bbox 2859 528 2928 582; x_wconf 88' lang='lat' dir='ltr'><strong>ab</strong></span> <span class='ocrx_word' id='word_1_136' title='bbox 2954 529 3044 592; x_wconf 89' lang='lat' dir='ltr'><strong>iis,</strong></span> <span class='ocrx_word' id='word_1_137' title='bbox 3078 526 3173 598; x_wconf 89' lang='lat' dir='ltr'><strong>qui</strong></span> <span class='ocrx_word' id='word_1_138' title='bbox 3203 541 3234 580; x_wconf 88' lang='lat' dir='ltr'><strong>a</strong></span> <span class='ocrx_word' id='word_1_139' title='bbox 3263 525 3370 582; x_wconf 87' lang='lat' dir='ltr'><strong>ﬁde</strong></span> 
     </span>
    </p>
   </div>
   <div class='ocr_carea' id='block_1_21' title="bbox 1797 616 3368 694">
    <p class='ocr_par' dir='ltr' id='par_1_21' title="bbox 1797 616 3368 694">
     <span class='ocr_line' id='line_1_21' title="bbox 1797 616 3368 694; baseline -0.005 -16"><span class='ocrx_word' id='word_1_140' title='bbox 1797 624 1960 680; x_wconf 89' lang='lat' dir='ltr'><strong>alieni</strong></span> <span class='ocrx_word' id='word_1_141' title='bbox 2018 631 2179 688; x_wconf 87' lang='lat' dir='ltr'><strong>sunt,</strong></span> <span class='ocrx_word' id='word_1_142' title='bbox 2233 624 2497 694; x_wconf 81' lang='lat' dir='ltr'><strong>impetum</strong></span> <span class='ocrx_word' id='word_1_143' title='bbox 2547 620 2841 692; x_wconf 83' lang='lat' dir='ltr'><strong>quemdam</strong></span> <span class='ocrx_word' id='word_1_144' title='bbox 2895 635 2959 674; x_wconf 90' lang='lat' dir='ltr'><strong>ac</strong></span> <span class='ocrx_word' id='word_1_145' title='bbox 3005 619 3247 690; x_wconf 78' lang='lat' dir='ltr'><strong>vigorem</strong></span> <span class='ocrx_word' id='word_1_146' title='bbox 3299 616 3368 671; x_wconf 84' lang='lat' dir='ltr'><strong>ad</strong></span> 
     </span>
    </p>
   </div>
   <div class='ocr_carea' id='block_1_22' title="bbox 1797 709 3369 785">
    <p class='ocr_par' dir='ltr' id='par_1_22' title="bbox 1797 709 3369 785">
     <span class='ocr_line' id='line_1_22' title="bbox 1797 709 3369 785; baseline -0.004 -14"><span class='ocrx_word' id='word_1_147' title='bbox 1797 715 2037 771; x_wconf 90' lang='lat' dir='ltr'><strong>dandum</strong></span> <span class='ocrx_word' id='word_1_148' title='bbox 2069 717 2339 770; x_wconf 86' lang='lat' dir='ltr'><strong>bonorum</strong></span> <span class='ocrx_word' id='word_1_149' title='bbox 2372 729 2596 785; x_wconf 88' lang='lat' dir='ltr'><strong>operum</strong></span> <span class='ocrx_word' id='word_1_150' title='bbox 2635 711 2911 782; x_wconf 86' lang='lat' dir='ltr'><strong>specimen</strong></span> <span class='ocrx_word' id='word_1_151' title='bbox 2943 725 3085 782; x_wconf 70' lang='lat' dir='ltr'><strong>saepe</strong></span> <span class='ocrx_word' id='word_1_152' title='bbox 3116 709 3369 779; x_wconf 86' lang='lat' dir='ltr'><strong>accipere</strong></span> 
     </span>
    </p>
   </div>
   <div class='ocr_carea' id='block_1_23' title="bbox 1739 803 3365 873">
    <p class='ocr_par' dir='ltr' id='par_1_23' title="bbox 1739 803 3365 873">
     <span class='ocr_line' id='line_1_23' title="bbox 1739 803 3365 873; baseline -0.004 -12"><span class='ocrx_word' id='word_1_153' title='bbox 1739 829 1742 831; x_wconf 54' lang='grc' dir='ltr'><strong>λ</strong></span> <span class='ocrx_word' id='word_1_154' title='bbox 1797 807 2075 866; x_wconf 87' lang='lat' dir='ltr'><strong>debemus.</strong></span> <span class='ocrx_word' id='word_1_155' title='bbox 2106 807 2322 864; x_wconf 88' lang='lat' dir='ltr'><strong>Etenim</strong></span> <span class='ocrx_word' id='word_1_156' title='bbox 2377 807 2424 861; x_wconf 87' lang='lat' dir='ltr'><strong>si</strong></span> <span class='ocrx_word' id='word_1_157' title='bbox 2469 805 2674 861; x_wconf 86' lang='lat' dir='ltr'><strong>videris</strong></span> <span class='ocrx_word' id='word_1_158' title='bbox 2731 821 2878 869; x_wconf 91' lang='lat' dir='ltr'><strong>eum,</strong></span> <span class='ocrx_word' id='word_1_159' title='bbox 2912 803 3005 873; x_wconf 90' lang='lat' dir='ltr'><strong>qui</strong></span> <span class='ocrx_word' id='word_1_160' title='bbox 3058 811 3152 857; x_wconf 86' lang='lat' dir='ltr'><strong>aut</strong></span> <span class='ocrx_word' id='word_1_161' title='bbox 3196 803 3365 856; x_wconf 84' lang='lat' dir='ltr'><strong>vitam</strong></span> 
     </span>
    </p>
   </div>
   <div class='ocr_carea' id='block_1_24' title="bbox 1795 894 3366 969">
    <p class='ocr_par' dir='ltr' id='par_1_24' title="bbox 1795 894 3366 969">
     <span class='ocr_line' id='line_1_24' title="bbox 1795 894 3366 969; baseline -0.004 -15"><span class='ocrx_word' id='word_1_162' title='bbox 1795 899 2072 954; x_wconf 91' lang='lat' dir='ltr'><strong>ethnicam</strong></span> <span class='ocrx_word' id='word_1_163' title='bbox 2106 901 2253 969; x_wconf 88' lang='lat' dir='ltr'><strong>agit,</strong></span> <span class='ocrx_word' id='word_1_164' title='bbox 2285 906 2380 954; x_wconf 89' lang='lat' dir='ltr'><strong>aut</strong></span> <span class='ocrx_word' id='word_1_165' title='bbox 2410 898 2482 953; x_wconf 91' lang='lat' dir='ltr'><strong>ob</strong></span> <span class='ocrx_word' id='word_1_166' title='bbox 2513 912 2826 968; x_wconf 85' lang='lat' dir='ltr'><strong>perversam</strong></span> <span class='ocrx_word' id='word_1_167' title='bbox 2868 894 3160 966; x_wconf 84' lang='lat' dir='ltr'><strong>quamdam</strong></span> <span class='ocrx_word' id='word_1_168' title='bbox 3193 894 3366 948; x_wconf 52' lang='lat' dir='ltr'><strong>haere-</strong></span> 
     </span>
    </p>
   </div>
   <div class='ocr_carea' id='block_1_25' title="bbox 1796 985 3363 1059">
    <p class='ocr_par' dir='ltr' id='par_1_25' title="bbox 1796 985 3363 1059">
     <span class='ocr_line' id='line_1_25' title="bbox 1796 985 3363 1059; baseline -0.004 -14"><span class='ocrx_word' id='word_1_169' title='bbox 1796 991 1901 1045; x_wconf 87' lang='lat' dir='ltr'><strong>sim</strong></span> <span class='ocrx_word' id='word_1_170' title='bbox 1940 992 2012 1045; x_wconf 90' lang='lat' dir='ltr'><strong>ab</strong></span> <span class='ocrx_word' id='word_1_171' title='bbox 2042 990 2284 1046; x_wconf 81' lang='lat' dir='ltr'><strong>Ecclesia</strong></span> <span class='ocrx_word' id='word_1_172' title='bbox 2332 990 2614 1045; x_wconf 89' lang='lat' dir='ltr'><strong>abscissus</strong></span> <span class='ocrx_word' id='word_1_173' title='bbox 2643 1000 2746 1054; x_wconf 89' lang='lat' dir='ltr'><strong>est,</strong></span> <span class='ocrx_word' id='word_1_174' title='bbox 2775 987 2958 1059; x_wconf 71' lang='lat' dir='ltr'><strong>probae</strong></span> <span class='ocrx_word' id='word_1_175' title='bbox 2985 1001 3052 1041; x_wconf 90' lang='lat' dir='ltr'><strong>ac</strong></span> <span class='ocrx_word' id='word_1_176' title='bbox 3079 985 3363 1040; x_wconf 81' lang='lat' dir='ltr'><strong>continen-</strong></span> 
     </span>
    </p>
   </div>
   <div class='ocr_carea' id='block_1_26' title="bbox 1795 1077 3364 1152">
    <p class='ocr_par' dir='ltr' id='par_1_26' title="bbox 1795 1077 3364 1152">
     <span class='ocr_line' id='line_1_26' title="bbox 1795 1077 3364 1152; baseline -0.005 -16"><span class='ocrx_word' id='word_1_177' title='bbox 1795 1083 1865 1136; x_wconf 88' lang='lat' dir='ltr'><strong>tis</strong></span> <span class='ocrx_word' id='word_1_178' title='bbox 1911 1083 2035 1137; x_wconf 68' lang='lat' dir='ltr'><strong>vitae</strong></span> <span class='ocrx_word' id='word_1_179' title='bbox 2075 1091 2129 1138; x_wconf 84' lang='lat' dir='ltr'><strong>et</strong></span> <span class='ocrx_word' id='word_1_180' title='bbox 2176 1083 2420 1152; x_wconf 18' lang='lat' dir='ltr'><strong>reliqum,</strong></span> <span class='ocrx_word' id='word_1_181' title='bbox 2445 1082 2671 1137; x_wconf 84' lang='lat' dir='ltr'><strong>moralis</strong></span> <span class='ocrx_word' id='word_1_182' title='bbox 2713 1080 3016 1149; x_wconf 65' lang='lat' dir='ltr'><strong>disciplinae</strong></span> <span class='ocrx_word' id='word_1_183' title='bbox 3058 1077 3364 1133; x_wconf 88' lang='lat' dir='ltr'><strong>studiosum</strong></span> 
     </span>
    </p>
   </div>
   <div class='ocr_carea' id='block_1_27' title="bbox 1793 1165 3368 1243">
    <p class='ocr_par' dir='ltr' id='par_1_27' title="bbox 1793 1165 3368 1243">
     <span class='ocr_line' id='line_1_27' title="bbox 1793 1165 3368 1243; baseline -0.005 -17"><span class='ocrx_word' id='word_1_184' title='bbox 1793 1187 1938 1237; x_wconf 91' lang='lat' dir='ltr'><strong>esse,</strong></span> <span class='ocrx_word' id='word_1_185' title='bbox 1974 1181 2125 1227; x_wconf 89' lang='lat' dir='ltr'><strong>tuam</strong></span> <span class='ocrx_word' id='word_1_186' title='bbox 2176 1173 2353 1243; x_wconf 87' lang='lat' dir='ltr'><strong>magis</strong></span> <span class='ocrx_word' id='word_1_187' title='bbox 2391 1170 2611 1226; x_wconf 80' lang='lat' dir='ltr'><strong>intende</strong></span> <span class='ocrx_word' id='word_1_188' title='bbox 2656 1169 3032 1229; x_wconf 74' lang='lat' dir='ltr'><strong>sedulitatem.</strong></span> <span class='ocrx_word' id='word_1_189' title='bbox 3075 1175 3134 1222; x_wconf 91' lang='lat' dir='ltr'><strong>ut</strong></span> <span class='ocrx_word' id='word_1_190' title='bbox 3175 1165 3368 1220; x_wconf 80' lang='lat' dir='ltr'><strong>fructi-</strong></span> 
     </span>
    </p>
   </div>
   <div class='ocr_carea' id='block_1_28' title="bbox 1796 1257 3366 1335">
    <p class='ocr_par' dir='ltr' id='par_1_28' title="bbox 1796 1257 3366 1335">
     <span class='ocr_line' id='line_1_28' title="bbox 1796 1257 3366 1335; baseline -0.005 -19"><span class='ocrx_word' id='word_1_191' title='bbox 1796 1261 1926 1318; x_wconf 74' lang='lat' dir='ltr'><strong>fera:</strong></span> <span class='ocrx_word' id='word_1_192' title='bbox 1972 1263 2076 1318; x_wconf 87' lang='lat' dir='ltr'><strong>ﬁco</strong></span> <span class='ocrx_word' id='word_1_193' title='bbox 2121 1278 2189 1319; x_wconf 80' lang='lat' dir='ltr'><strong>ex</strong></span> <span class='ocrx_word' id='word_1_194' title='bbox 2233 1263 2616 1335; x_wconf 88' lang='lat' dir='ltr'><strong>capriﬁcorum</strong></span> <span class='ocrx_word' id='word_1_195' title='bbox 2663 1261 2826 1333; x_wconf 68' lang='grc'>477</span> <span class='ocrx_word' id='word_1_196' title='bbox 2875 1259 3168 1330; x_wconf 84' lang='lat' dir='ltr'><strong>praesentia</strong></span> <span class='ocrx_word' id='word_1_197' title='bbox 3209 1257 3366 1312; x_wconf 87' lang='lat' dir='ltr'><strong>colli-</strong></span> 
     </span>
    </p>
   </div>
   <div class='ocr_carea' id='block_1_29' title="bbox 1795 1349 3366 1424">
    <p class='ocr_par' dir='ltr' id='par_1_29' title="bbox 1795 1349 3366 1424">
     <span class='ocr_line' id='line_1_29' title="bbox 1795 1349 3366 1424; baseline -0.006 -15"><span class='ocrx_word' id='word_1_198' title='bbox 1795 1355 1941 1424; x_wconf 87' lang='lat' dir='ltr'><strong>genti</strong></span> <span class='ocrx_word' id='word_1_199' title='bbox 1986 1355 2160 1419; x_wconf 88' lang='lat' dir='ltr'><strong>vires,</strong></span> <span class='ocrx_word' id='word_1_200' title='bbox 2210 1363 2266 1411; x_wconf 88' lang='lat' dir='ltr'><strong>et</strong></span> <span class='ocrx_word' id='word_1_201' title='bbox 2308 1353 2605 1410; x_wconf 82' lang='lat' dir='ltr'><strong>deﬁuvium</strong></span> <span class='ocrx_word' id='word_1_202' title='bbox 2661 1352 2972 1415; x_wconf 86' lang='lat' dir='ltr'><strong>cohibenti,</strong></span> <span class='ocrx_word' id='word_1_203' title='bbox 3015 1349 3366 1417; x_wconf 80' lang='lat' dir='ltr'><strong>fructumque</strong></span> 
     </span>
    </p>
   </div>
   <div class='ocr_carea' id='block_1_30' title="bbox 1793 1438 3364 1516">
    <p class='ocr_par' dir='ltr' id='par_1_30' title="bbox 1793 1438 3364 1516">
     <span class='ocr_line' id='line_1_30' title="bbox 1793 1438 3364 1516; baseline -0.004 -18"><span class='ocrx_word' id='word_1_204' title='bbox 1793 1444 2108 1516; x_wconf 88' lang='lat' dir='ltr'><strong>diligentius</strong></span> <span class='ocrx_word' id='word_1_205' title='bbox 2168 1445 2502 1511; x_wconf 88' lang='lat' dir='ltr'><strong>enutrienti,</strong></span> <span class='ocrx_word' id='word_1_206' title='bbox 2544 1445 2742 1502; x_wconf 86' lang='lat' dir='ltr'><strong>similis</strong></span> <span class='ocrx_word' id='word_1_207' title='bbox 2790 1442 3012 1498; x_wconf 86' lang='lat' dir='ltr'><strong>evadas.</strong></span> <span class='ocrx_word' id='word_1_208' title='bbox 3068 1439 3147 1512; x_wconf 77' lang='lat' dir='ltr'><strong>(l)</strong></span> <span class='ocrx_word' id='word_1_209' title='bbox 3191 1438 3364 1493; x_wconf 86' lang='lat' dir='ltr'><strong>Porro</strong></span> 
     </span>
    </p>
   </div>
   <div class='ocr_carea' id='block_1_31' title="bbox 1793 1533 3364 1609">
    <p class='ocr_par' dir='ltr' id='par_1_31' title="bbox 1793 1533 3364 1609">
     <span class='ocr_line' id='line_1_31' title="bbox 1793 1533 3364 1609; baseline -0.005 -17"><span class='ocrx_word' id='word_1_210' title='bbox 1793 1537 2064 1592; x_wconf 82' lang='lat' dir='ltr'><strong>naturalia</strong></span> <span class='ocrx_word' id='word_1_211' title='bbox 2107 1537 2467 1609; x_wconf 87' lang='lat' dir='ltr'><strong>quarumdam</strong></span> <span class='ocrx_word' id='word_1_212' title='bbox 2514 1539 2771 1594; x_wconf 90' lang='lat' dir='ltr'><strong>arborum</strong></span> <span class='ocrx_word' id='word_1_213' title='bbox 2817 1536 2950 1592; x_wconf 88' lang='lat' dir='ltr'><strong>vitia</strong></span> <span class='ocrx_word' id='word_1_214' title='bbox 3001 1533 3364 1607; x_wconf 73' lang='lat' dir='ltr'><strong>agricolarum</strong></span> 
     </span>
    </p>
   </div>
   <div class='ocr_carea' id='block_1_32' title="bbox 1792 1617 3363 1698">
    <p class='ocr_par' dir='ltr' id='par_1_32' title="bbox 1792 1617 3363 1698">
     <span class='ocr_line' id='line_1_32' title="bbox 1792 1617 3363 1698; baseline -0.007 -16"><span class='ocrx_word' id='word_1_215' title='bbox 1792 1625 2073 1698; x_wconf 78' lang='lat' dir='ltr'><strong>diligentia</strong></span> <span class='ocrx_word' id='word_1_216' title='bbox 2118 1628 2302 1682; x_wconf 81' lang='lat' dir='ltr'><strong>curari</strong></span> <span class='ocrx_word' id='word_1_217' title='bbox 2345 1628 2652 1694; x_wconf 83' lang='lat' dir='ltr'><strong>novimus;</strong></span> <span class='ocrx_word' id='word_1_218' title='bbox 2694 1624 3006 1696; x_wconf 81' lang='lat' dir='ltr'><strong>cujusmodi</strong></span> <span class='ocrx_word' id='word_1_219' title='bbox 3059 1630 3190 1679; x_wconf 91' lang='lat' dir='ltr'><strong>sunt</strong></span> <span class='ocrx_word' id='word_1_220' title='bbox 3231 1617 3363 1674; x_wconf 86' lang='lat' dir='ltr'><strong>mali</strong></span> 
     </span>
    </p>
   </div>
   <div class='ocr_carea' id='block_1_33' title="bbox 1793 1711 3362 1790">
    <p class='ocr_par' dir='ltr' id='par_1_33' title="bbox 1793 1711 3362 1790">
     <span class='ocr_line' id='line_1_33' title="bbox 1793 1711 3362 1790; baseline -0.006 -19"><span class='ocrx_word' id='word_1_221' title='bbox 1793 1718 2008 1788; x_wconf 69' lang='lat' dir='ltr'><strong>punicae</strong></span> <span class='ocrx_word' id='word_1_222' title='bbox 2039 1718 2228 1783; x_wconf 82' lang='lat' dir='ltr'><strong>acidae,</strong></span> <span class='ocrx_word' id='word_1_223' title='bbox 2265 1727 2320 1774; x_wconf 88' lang='lat' dir='ltr'><strong>et</strong></span> <span class='ocrx_word' id='word_1_224' title='bbox 2362 1717 2660 1790; x_wconf 85' lang='lat' dir='ltr'><strong>amygdalae</strong></span> <span class='ocrx_word' id='word_1_225' title='bbox 2703 1717 3030 1782; x_wconf 86' lang='lat' dir='ltr'><strong>amariores,</strong></span> <span class='ocrx_word' id='word_1_226' title='bbox 3073 1729 3218 1785; x_wconf 54' lang='lat' dir='ltr'><strong>quae,</strong></span> <span class='ocrx_word' id='word_1_227' title='bbox 3266 1711 3362 1765; x_wconf 78' lang='lat' dir='ltr'><strong>ubi</strong></span> 
     </span>
    </p>
   </div>
   <div class='ocr_carea' id='block_1_34' title="bbox 107 1805 1705 1890">
    <p class='ocr_par' dir='ltr' id='par_1_34' title="bbox 107 1815 1688 1890">
     <span class='ocr_line' id='line_1_34' title="bbox 107 1815 1688 1890; baseline 0.004 -23"><span class='ocrx_word' id='word_1_228' title='bbox 107 1815 398 1882; x_wconf 80' lang='grc' dir='ltr'>δέξωνται,</span> <span class='ocrx_word' id='word_1_229' title='bbox 446 1817 526 1880; x_wconf 82' lang='grc' dir='ltr'><strong>είς</strong></span> <span class='ocrx_word' id='word_1_230' title='bbox 581 1816 910 1890; x_wconf 80' lang='grc' dir='ltr'>εὐχρηστίαν</span> <span class='ocrx_word' id='word_1_231' title='bbox 967 1815 1359 1888; x_wconf 76' lang='grc' dir='ltr'>μεταϐάλλουσι</span> <span class='ocrx_word' id='word_1_232' title='bbox 1409 1818 1530 1871; x_wconf 85' lang='grc' dir='ltr'>τότε</span> <span class='ocrx_word' id='word_1_233' title='bbox 1593 1819 1688 1873; x_wconf 89' lang='grc' dir='ltr'><strong>τοῦ</strong></span> 
     </span>
    </p>
   </div>
   <div class='ocr_carea' id='block_1_35' title="bbox 1791 1805 3361 1890">
    <p class='ocr_par' dir='ltr' id='par_1_35' title="bbox 1791 1805 3361 1881">
     <span class='ocr_line' id='line_1_35' title="bbox 1791 1805 3361 1881; baseline -0.004 -17"><span class='ocrx_word' id='word_1_234' title='bbox 1791 1809 2069 1880; x_wconf 79' lang='lat' dir='ltr'><strong>perforato</strong></span> <span class='ocrx_word' id='word_1_235' title='bbox 2105 1811 2175 1866; x_wconf 91' lang='lat' dir='ltr'><strong>ad</strong></span> <span class='ocrx_word' id='word_1_236' title='bbox 2215 1811 2456 1867; x_wconf 87' lang='lat' dir='ltr'><strong>radicem</strong></span> <span class='ocrx_word' id='word_1_237' title='bbox 2499 1818 2697 1866; x_wconf 89' lang='lat' dir='ltr'><strong>trunco</strong></span> <span class='ocrx_word' id='word_1_238' title='bbox 2741 1810 2998 1881; x_wconf 85' lang='lat' dir='ltr'><strong>pinguem</strong></span> <span class='ocrx_word' id='word_1_239' title='bbox 3048 1805 3216 1877; x_wconf 73' lang='lat' dir='ltr'><strong>picea:</strong></span> <span class='ocrx_word' id='word_1_240' title='bbox 3261 1819 3361 1858; x_wconf 91' lang='lat' dir='ltr'><strong>cu-</strong></span> 
     </span>
    </p>
   </div>
   <div class='ocr_carea' id='block_1_36' title="bbox 107 1904 1687 1981">
    <p class='ocr_par' dir='ltr' id='par_1_36' title="bbox 107 1904 1687 1981">
     <span class='ocr_line' id='line_1_36' title="bbox 107 1904 1687 1981; baseline 0.004 -22"><span class='ocrx_word' id='word_1_241' title='bbox 107 1904 287 1977; x_wconf 76' lang='grc' dir='ltr'>χυμοῦ</span> <span class='ocrx_word' id='word_1_242' title='bbox 315 1907 414 1978; x_wconf 81' lang='grc' dir='ltr'><strong>τὴν</strong></span> <span class='ocrx_word' id='word_1_243' title='bbox 445 1907 778 1980; x_wconf 84' lang='grc' dir='ltr'>δυσχέρειαν.</span> <span class='ocrx_word' id='word_1_244' title='bbox 815 1908 1020 1981; x_wconf 73' lang='grc' dir='ltr'>Μηδεὶς</span> <span class='ocrx_word' id='word_1_245' title='bbox 1067 1904 1158 1962; x_wconf 81' lang='grc' dir='ltr'><strong>οὖν</strong></span> <span class='ocrx_word' id='word_1_246' title='bbox 1202 1910 1261 1961; x_wconf 84' lang='grc' dir='ltr'>ὲν</span> <span class='ocrx_word' id='word_1_247' title='bbox 1292 1909 1459 1981; x_wconf 80' lang='grc' dir='ltr'>κακίᾳ</span> <span class='ocrx_word' id='word_1_248' title='bbox 1488 1909 1687 1980; x_wconf 85' lang='grc' dir='ltr'>διάγων</span> 
     </span>
    </p>
   </div>
   <div class='ocr_carea' id='block_1_37' title="bbox 107 1999 1688 2074">
    <p class='ocr_par' dir='ltr' id='par_1_37' title="bbox 107 1999 1688 2074">
     <span class='ocr_line' id='line_1_37' title="bbox 107 1999 1688 2074; baseline 0.004 -22"><span class='ocrx_word' id='word_1_249' title='bbox 107 1999 308 2053; x_wconf 81' lang='grc' dir='ltr'>ἐαυτοῦ</span> <span class='ocrx_word' id='word_1_250' title='bbox 344 1999 660 2068; x_wconf 85' lang='grc' dir='ltr'>ἀπογνώτω.</span> <span class='ocrx_word' id='word_1_251' title='bbox 702 2002 766 2054; x_wconf 81' lang='lat' dir='ltr'><strong>El</strong></span> <span class='ocrx_word' id='word_1_252' title='bbox 809 2002 920 2073; x_wconf 82' lang='grc' dir='ltr'>γὰρ</span> <span class='ocrx_word' id='word_1_253' title='bbox 961 2001 1202 2074; x_wconf 84' lang='grc' dir='ltr'>γεωργὸς</span> <span class='ocrx_word' id='word_1_254' title='bbox 1226 2001 1336 2056; x_wconf 84' lang='grc' dir='ltr'><strong>τῶν</strong></span> <span class='ocrx_word' id='word_1_255' title='bbox 1377 2003 1558 2073; x_wconf 83' lang='grc' dir='ltr'>φυτῶν</span> <span class='ocrx_word' id='word_1_256' title='bbox 1587 2003 1688 2069; x_wconf 89' lang='grc' dir='ltr'><strong>τάς</strong></span> 
     </span>
    </p>
   </div>
   <div class='ocr_carea' id='block_1_38' title="bbox 107 2093 1686 2168">
    <p class='ocr_par' dir='ltr' id='par_1_38' title="bbox 107 2093 1686 2168">
     <span class='ocr_line' id='line_1_38' title="bbox 107 2093 1686 2168; baseline 0.003 -23"><span class='ocrx_word' id='word_1_257' title='bbox 107 2093 402 2163; x_wconf 82' lang='grc' dir='ltr'>ποιότητας</span> <span class='ocrx_word' id='word_1_258' title='bbox 437 2093 780 2165; x_wconf 77' lang='grc' dir='ltr'>μεταϐάλλει,</span> <span class='ocrx_word' id='word_1_259' title='bbox 814 2093 994 2164; x_wconf 83' lang='grc' dir='ltr'>πολλῷ</span> <span class='ocrx_word' id='word_1_260' title='bbox 1039 2093 1236 2165; x_wconf 80' lang='grc' dir='ltr'>μᾶλλον</span> <span class='ocrx_word' id='word_1_261' title='bbox 1265 2095 1298 2165; x_wconf 82' lang='grc' dir='ltr'><strong>ἡ</strong></span> <span class='ocrx_word' id='word_1_262' title='bbox 1331 2097 1453 2148; x_wconf 89' lang='grc' dir='ltr'>κατ’</span> <span class='ocrx_word' id='word_1_263' title='bbox 1487 2096 1686 2168; x_wconf 85' lang='grc' dir='ltr'>ἀρετὴν</span> 
     </span>
    </p>
   </div>
   <div class='ocr_carea' id='block_1_39' title="bbox 106 2183 1684 2259">
    <p class='ocr_par' dir='ltr' id='par_1_39' title="bbox 106 2183 1684 2259">
     <span class='ocr_line' id='line_1_39' title="bbox 106 2183 1684 2259; baseline 0.003 -23"><span class='ocrx_word' id='word_1_264' title='bbox 106 2185 206 2255; x_wconf 83' lang='grc' dir='ltr'><strong>τῆς</strong></span> <span class='ocrx_word' id='word_1_265' title='bbox 230 2183 412 2255; x_wconf 72' lang='grc' dir='ltr'>ψυχῆς</span> <span class='ocrx_word' id='word_1_266' title='bbox 442 2185 726 2256; x_wconf 84' lang='grc' dir='ltr'>ἐπιμέλεια</span> <span class='ocrx_word' id='word_1_267' title='bbox 761 2185 981 2240; x_wconf 91' lang='grc' dir='ltr'>δύναται</span> <span class='ocrx_word' id='word_1_268' title='bbox 1015 2186 1368 2240; x_wconf 86' lang='grc' dir='ltr'>παντοδαπῶν</span> <span class='ocrx_word' id='word_1_269' title='bbox 1396 2187 1684 2259; x_wconf 75' lang='grc' dir='ltr'>ἀρρωστη-</span> 
     </span>
    </p>
   </div>
   <div class='ocr_carea' id='block_1_40' title="bbox 105 2275 1686 2350">
    <p class='ocr_par' dir='ltr' id='par_1_40' title="bbox 105 2275 1686 2350">
     <span class='ocr_line' id='line_1_40' title="bbox 105 2275 1686 2350; baseline 0.002 -22"><span class='ocrx_word' id='word_1_270' title='bbox 105 2275 300 2346; x_wconf 78' lang='grc' dir='ltr'>μάτων</span> <span class='ocrx_word' id='word_1_271' title='bbox 340 2278 741 2348; x_wconf 81' lang='grc' dir='ltr'>ἐπικρατῆσαι,</span> <span class='ocrx_word' id='word_1_272' title='bbox 792 2280 852 2331; x_wconf 83' lang='grc' dir='ltr'><strong>ἐν</strong></span> <span class='ocrx_word' id='word_1_273' title='bbox 900 2277 1118 2349; x_wconf 84' lang='grc' dir='ltr'>Χριστῷ</span> <span class='ocrx_word' id='word_1_274' title='bbox 1151 2277 1322 2350; x_wconf 80' lang='grc' dir='ltr'>Ἰησοῦ</span> <span class='ocrx_word' id='word_1_275' title='bbox 1369 2279 1449 2350; x_wconf 83' lang='grc' dir='ltr'>τῷ</span> <span class='ocrx_word' id='word_1_276' title='bbox 1496 2280 1686 2350; x_wconf 85' lang='grc' dir='ltr'>Κυρίῳ</span> 
     </span>
    </p>
   </div>
   <div class='ocr_carea' id='block_1_41' title="bbox 106 2360 1686 2440">
    <p class='ocr_par' dir='ltr' id='par_1_41' title="bbox 106 2360 1686 2440">
     <span class='ocr_line' id='line_1_41' title="bbox 106 2360 1686 2440; baseline 0.004 -22"><span class='ocrx_word' id='word_1_277' title='bbox 106 2366 288 2436; x_wconf 72' lang='grc' dir='ltr'>ἡμῶν,</span> <span class='ocrx_word' id='word_1_278' title='bbox 313 2360 358 2434; x_wconf 82' lang='grc' dir='ltr'>ᾧ</span> <span class='ocrx_word' id='word_1_279' title='bbox 398 2369 430 2439; x_wconf 80' lang='grc' dir='ltr'><strong>ἡ</strong></span> <span class='ocrx_word' id='word_1_280' title='bbox 469 2368 596 2434; x_wconf 79' lang='grc' dir='ltr'>δόξα</span> <span class='ocrx_word' id='word_1_281' title='bbox 627 2370 720 2422; x_wconf 63' lang='grc' dir='ltr'><strong>καὶ¹</strong></span> <span class='ocrx_word' id='word_1_282' title='bbox 751 2367 813 2422; x_wconf 85' lang='grc' dir='ltr'><strong>τὸ</strong></span> <span class='ocrx_word' id='word_1_283' title='bbox 841 2369 1040 2440; x_wconf 86' lang='grc' dir='ltr'>κράτος</span> <span class='ocrx_word' id='word_1_284' title='bbox 1079 2369 1192 2436; x_wconf 88' lang='grc' dir='ltr'>νῦν,</span> <span class='ocrx_word' id='word_1_285' title='bbox 1221 2372 1316 2425; x_wconf 72' lang='grc' dir='ltr'>καὶ</span> <span class='ocrx_word' id='word_1_286' title='bbox 1348 2372 1454 2437; x_wconf 75' lang='grc' dir='ltr'>ἀεὶ,</span> <span class='ocrx_word' id='word_1_287' title='bbox 1487 2372 1581 2424; x_wconf 78' lang='grc' dir='ltr'><strong>καὶ</strong></span> <span class='ocrx_word' id='word_1_288' title='bbox 1606 2373 1686 2436; x_wconf 83' lang='grc' dir='ltr'>εἰς</span> 
     </span>
    </p>
   </div>
   <div class='ocr_carea' id='block_1_42' title="bbox 106 2457 1079 2531">
    <p class='ocr_par' dir='ltr' id='par_1_42' title="bbox 106 2457 1079 2531">
     <span class='ocr_line' id='line_1_42' title="bbox 106 2457 1079 2531; baseline 0.004 -21"><span class='ocrx_word' id='word_1_289' title='bbox 106 2457 234 2520; x_wconf 79' lang='grc' dir='ltr'>τοὺς</span> <span class='ocrx_word' id='word_1_290' title='bbox 257 2457 458 2522; x_wconf 76' lang='grc' dir='ltr'>αἰῶνας</span> <span class='ocrx_word' id='word_1_291' title='bbox 487 2458 595 2512; x_wconf 82' lang='grc' dir='ltr'><strong>τῶν</strong></span> <span class='ocrx_word' id='word_1_292' title='bbox 616 2458 846 2514; x_wconf 81' lang='grc' dir='ltr'>αἰώνων.</span> <span class='ocrx_word' id='word_1_293' title='bbox 887 2460 1079 2531; x_wconf 83' lang='grc' dir='ltr'>Ἀμήν.</span> 
     </span>
    </p>
   </div>
   <div class='ocr_carea' id='block_1_43' title="bbox 321 2767 1470 2848">
    <p class='ocr_par' dir='ltr' id='par_1_43' title="bbox 321 2767 1470 2848">
     <span class='ocr_line' id='line_1_43' title="bbox 321 2767 1470 2848; baseline 0.007 -30"><span class='ocrx_word' id='word_1_294' title='bbox 321 2768 498 2821; x_wconf 81' lang='grc' dir='ltr'><strong>ΠΕΡΙ</strong></span> <span class='ocrx_word' id='word_1_295' title='bbox 539 2767 844 2821; x_wconf 86' lang='grc' dir='ltr'><strong>ΔῙΔΑΧΗΣ</strong></span> <span class='ocrx_word' id='word_1_296' title='bbox 875 2770 1010 2848; x_wconf 59' lang='grc' dir='ltr'><strong>ξςἉῙ</strong></span> <span class='ocrx_word' id='word_1_297' title='bbox 1041 2769 1470 2826; x_wconf 82' lang='grc' dir='ltr'><strong>ΝΟΥΘΕΣΙΑΣ.</strong></span> 
     </span>
    </p>
   </div>
   <div class='ocr_carea' id='block_1_44' title="bbox 725 2881 1063 2935">
    <p class='ocr_par' dir='ltr' id='par_1_44' title="bbox 725 2881 1063 2935">
     <span class='ocr_line' id='line_1_44' title="bbox 725 2881 1063 2935; baseline 0.003 -1"><span class='ocrx_word' id='word_1_298' title='bbox 725 2881 944 2934; x_wconf 86' lang='grc' dir='ltr'><strong>ΛΟΓΟΣ</strong></span> <span class='ocrx_word' id='word_1_299' title='bbox 984 2882 1063 2935; x_wconf 77' lang='lat'><strong>13&#39;.</strong></span> 
     </span>
    </p>
   </div>
   <div class='ocr_carea' id='block_1_45' title="bbox 179 2992 1682 3068">
    <p class='ocr_par' dir='ltr' id='par_1_45' title="bbox 179 2992 1682 3068">
     <span class='ocr_line' id='line_1_45' title="bbox 179 2992 1682 3068; baseline 0.002 -21"><span class='ocrx_word' id='word_1_300' title='bbox 179 2992 235 3047; x_wconf 77' lang='grc'><strong>1.</strong></span> <span class='ocrx_word' id='word_1_301' title='bbox 267 2994 330 3046; x_wconf 79' lang='grc' dir='ltr'><strong>Εἰ</strong></span> <span class='ocrx_word' id='word_1_302' title='bbox 373 2995 465 3048; x_wconf 76' lang='grc' dir='ltr'><strong>ἐπὶ</strong></span> <span class='ocrx_word' id='word_1_303' title='bbox 515 2994 803 3059; x_wconf 86' lang='grc' dir='ltr'>τοσαύταις</span> <span class='ocrx_word' id='word_1_304' title='bbox 843 2995 1255 3063; x_wconf 83' lang='grc' dir='ltr'>παραινέσεσιν,</span> <span class='ocrx_word' id='word_1_305' title='bbox 1294 2996 1360 3061; x_wconf 76' lang='grc' dir='ltr'>ἃς</span> <span class='ocrx_word' id='word_1_306' title='bbox 1399 2997 1455 3050; x_wconf 80' lang='grc' dir='ltr'>ἔν</span> <span class='ocrx_word' id='word_1_307' title='bbox 1500 3013 1558 3050; x_wconf 89' lang='grc' dir='ltr'><strong>τε</strong></span> <span class='ocrx_word' id='word_1_308' title='bbox 1601 2995 1682 3068; x_wconf 82' lang='grc' dir='ltr'>τῷ</span> 
     </span>
    </p>
   </div>
   <div class='ocr_carea' id='block_1_46' title="bbox 105 3085 1681 3160">
    <p class='ocr_par' dir='ltr' id='par_1_46' title="bbox 105 3085 1681 3160">
     <span class='ocr_line' id='line_1_46' title="bbox 105 3085 1681 3160; baseline 0.001 -20"><span class='ocrx_word' id='word_1_309' title='bbox 105 3085 432 3157; x_wconf 79' lang='grc' dir='ltr'>προλαϐόντι</span> <span class='ocrx_word' id='word_1_310' title='bbox 481 3087 656 3157; x_wconf 83' lang='grc' dir='ltr'>χρόνῳ</span> <span class='ocrx_word' id='word_1_311' title='bbox 695 3088 1136 3158; x_wconf 89' lang='grc' dir='ltr'>παρακαλοῦντες</span> <span class='ocrx_word' id='word_1_312' title='bbox 1179 3089 1323 3160; x_wconf 85' lang='grc' dir='ltr'>ὑμᾶς</span> <span class='ocrx_word' id='word_1_313' title='bbox 1360 3089 1421 3142; x_wconf 90' lang='grc' dir='ltr'><strong>οὐ</strong></span> <span class='ocrx_word' id='word_1_314' title='bbox 1453 3088 1681 3142; x_wconf 85' lang='grc' dir='ltr'>διελιπο-</span> 
     </span>
    </p>
   </div>
   <div class='ocr_carea' id='block_1_47' title="bbox 1794 1896 3361 1971">
    <p class='ocr_par' dir='ltr' id='par_1_47' title="bbox 1794 1896 3361 1971">
     <span class='ocr_line' id='line_1_47' title="bbox 1794 1896 3361 1971; baseline -0.003 -17"><span class='ocrx_word' id='word_1_315' title='bbox 1794 1915 1958 1956; x_wconf 89' lang='lat' dir='ltr'><strong>neum</strong></span> <span class='ocrx_word' id='word_1_316' title='bbox 1989 1917 2086 1971; x_wconf 92' lang='lat' dir='ltr'><strong>per</strong></span> <span class='ocrx_word' id='word_1_317' title='bbox 2122 1902 2356 1958; x_wconf 87' lang='lat' dir='ltr'><strong>mediam</strong></span> <span class='ocrx_word' id='word_1_318' title='bbox 2390 1902 2681 1958; x_wconf 85' lang='lat' dir='ltr'><strong>medullam</strong></span> <span class='ocrx_word' id='word_1_319' title='bbox 2705 1901 2958 1957; x_wconf 88' lang='lat' dir='ltr'><strong>adactum</strong></span> <span class='ocrx_word' id='word_1_320' title='bbox 2996 1896 3361 1969; x_wconf 87' lang='lat' dir='ltr'><strong>susceperint,</strong></span> 
     </span>
    </p>
   </div>
   <div class='ocr_carea' id='block_1_48' title="bbox 1793 1994 3364 2050">
    <p class='ocr_par' dir='ltr' id='par_1_48' title="bbox 1793 1994 3364 2050">
     <span class='ocr_line' id='line_1_48' title="bbox 1793 1994 3364 2050; baseline -0.001 -4"><span class='ocrx_word' id='word_1_321' title='bbox 1793 2000 1926 2048; x_wconf 92' lang='lat' dir='ltr'><strong>tunc</strong></span> <span class='ocrx_word' id='word_1_322' title='bbox 1965 1994 2118 2050; x_wconf 89' lang='lat' dir='ltr'><strong>succi</strong></span> <span class='ocrx_word' id='word_1_323' title='bbox 2161 1995 2516 2050; x_wconf 88' lang='lat' dir='ltr'><strong>acerbitatem</strong></span> <span class='ocrx_word' id='word_1_324' title='bbox 2562 1996 2620 2050; x_wconf 90' lang='lat' dir='ltr'><strong>in</strong></span> <span class='ocrx_word' id='word_1_325' title='bbox 2654 2009 2855 2050; x_wconf 86' lang='lat' dir='ltr'><strong>nonum</strong></span> <span class='ocrx_word' id='word_1_326' title='bbox 2886 2009 3048 2049; x_wconf 91' lang='lat' dir='ltr'><strong>usum</strong></span> <span class='ocrx_word' id='word_1_327' title='bbox 3085 1999 3364 2046; x_wconf 88' lang='lat' dir='ltr'><strong>transmu-</strong></span> 
     </span>
    </p>
   </div>
   <div class='ocr_carea' id='block_1_49' title="bbox 1794 2082 3366 2160">
    <p class='ocr_par' dir='ltr' id='par_1_49' title="bbox 1794 2082 3366 2160">
     <span class='ocr_line' id='line_1_49' title="bbox 1794 2082 3366 2160; baseline 0 -22"><span class='ocrx_word' id='word_1_328' title='bbox 1794 2092 1928 2140; x_wconf 88' lang='lat' dir='ltr'><strong>tant.</strong></span> <span class='ocrx_word' id='word_1_329' title='bbox 1959 2085 2130 2142; x_wconf 88' lang='lat' dir='ltr'><strong>Nemo</strong></span> <span class='ocrx_word' id='word_1_330' title='bbox 2155 2087 2323 2158; x_wconf 85' lang='lat' dir='ltr'><strong>igitur</strong></span> <span class='ocrx_word' id='word_1_331' title='bbox 2347 2088 2404 2143; x_wconf 88' lang='lat' dir='ltr'><strong>in</strong></span> <span class='ocrx_word' id='word_1_332' title='bbox 2438 2088 2575 2144; x_wconf 88' lang='lat' dir='ltr'><strong>vitio</strong></span> <span class='ocrx_word' id='word_1_333' title='bbox 2615 2089 2840 2160; x_wconf 88' lang='lat' dir='ltr'><strong>degens,</strong></span> <span class='ocrx_word' id='word_1_334' title='bbox 2882 2087 2951 2143; x_wconf 91' lang='lat' dir='ltr'><strong>de</strong></span> <span class='ocrx_word' id='word_1_335' title='bbox 3000 2101 3060 2142; x_wconf 89' lang='lat' dir='ltr'><strong>se</strong></span> <span class='ocrx_word' id='word_1_336' title='bbox 3105 2087 3222 2156; x_wconf 89' lang='lat' dir='ltr'><strong>ipse</strong></span> <span class='ocrx_word' id='word_1_337' title='bbox 3266 2082 3366 2138; x_wconf 82' lang='lat' dir='ltr'><strong>de—</strong></span> 
     </span>
    </p>
   </div>
   <div class='ocr_carea' id='block_1_50' title="bbox 1793 2177 3364 2251">
    <p class='ocr_par' dir='ltr' id='par_1_50' title="bbox 1793 2177 3364 2251">
     <span class='ocr_line' id='line_1_50' title="bbox 1793 2177 3364 2251; baseline -0.002 -18"><span class='ocrx_word' id='word_1_338' title='bbox 1793 2185 1995 2247; x_wconf 87' lang='lat' dir='ltr'><strong>speret.</strong></span> <span class='ocrx_word' id='word_1_339' title='bbox 2030 2177 2165 2232; x_wconf 77' lang='lat' dir='ltr'><strong>Nam</strong></span> <span class='ocrx_word' id='word_1_340' title='bbox 2205 2181 2253 2236; x_wconf 92' lang='lat' dir='ltr'><strong>si</strong></span> <span class='ocrx_word' id='word_1_341' title='bbox 2287 2181 2596 2250; x_wconf 90' lang='lat' dir='ltr'><strong>plantarum</strong></span> <span class='ocrx_word' id='word_1_342' title='bbox 2623 2181 2917 2250; x_wconf 79' lang='lat' dir='ltr'><strong>qualitates</strong></span> <span class='ocrx_word' id='word_1_343' title='bbox 2945 2180 3182 2251; x_wconf 83' lang='lat' dir='ltr'><strong>agricola</strong></span> <span class='ocrx_word' id='word_1_344' title='bbox 3215 2193 3364 2233; x_wconf 87' lang='lat' dir='ltr'><strong>com-</strong></span> 
     </span>
    </p>
   </div>
   <div class='ocr_carea' id='block_1_51' title="bbox 1791 2267 3360 2340">
    <p class='ocr_par' dir='ltr' id='par_1_51' title="bbox 1791 2267 3360 2340">
     <span class='ocr_line' id='line_1_51' title="bbox 1791 2267 3360 2340; baseline 0.004 -23"><span class='ocrx_word' id='word_1_345' title='bbox 1791 2272 1989 2330; x_wconf 89' lang='lat' dir='ltr'><strong>mutat,</strong></span> <span class='ocrx_word' id='word_1_346' title='bbox 2017 2267 2188 2323; x_wconf 84' lang='lat' dir='ltr'><strong>multo</strong></span> <span class='ocrx_word' id='word_1_347' title='bbox 2218 2270 2394 2338; x_wconf 87' lang='lat' dir='ltr'><strong>magis</strong></span> <span class='ocrx_word' id='word_1_348' title='bbox 2426 2270 2637 2324; x_wconf 92' lang='lat' dir='ltr'><strong>nullum</strong></span> <span class='ocrx_word' id='word_1_349' title='bbox 2666 2277 2753 2325; x_wconf 90' lang='lat' dir='ltr'><strong>est</strong></span> <span class='ocrx_word' id='word_1_350' title='bbox 2792 2269 3125 2325; x_wconf 85' lang='lat' dir='ltr'><strong>inﬁrmitatis</strong></span> <span class='ocrx_word' id='word_1_351' title='bbox 3166 2285 3360 2340; x_wconf 85' lang='lat' dir='ltr'><strong>genus.</strong></span> 
     </span>
    </p>
   </div>
   <div class='ocr_carea' id='block_1_52' title="bbox 1790 2359 3360 2433">
    <p class='ocr_par' dir='ltr' id='par_1_52' title="bbox 1790 2359 3360 2433">
     <span class='ocr_line' id='line_1_52' title="bbox 1790 2359 3360 2433; baseline 0.002 -22"><span class='ocrx_word' id='word_1_352' title='bbox 1790 2359 1934 2428; x_wconf 91' lang='lat' dir='ltr'><strong>quod</strong></span> <span class='ocrx_word' id='word_1_353' title='bbox 1971 2375 2077 2414; x_wconf 93' lang='lat' dir='ltr'><strong>non</strong></span> <span class='ocrx_word' id='word_1_354' title='bbox 2123 2362 2319 2416; x_wconf 71' lang='lat' dir='ltr'><strong>anima:</strong></span> <span class='ocrx_word' id='word_1_355' title='bbox 2353 2362 2408 2415; x_wconf 92' lang='lat' dir='ltr'><strong>in</strong></span> <span class='ocrx_word' id='word_1_356' title='bbox 2447 2364 2537 2424; x_wconf 91' lang='lat' dir='ltr'><strong>iis,</strong></span> <span class='ocrx_word' id='word_1_357' title='bbox 2561 2378 2683 2433; x_wconf 68' lang='lat' dir='ltr'><strong>quae</strong></span> <span class='ocrx_word' id='word_1_358' title='bbox 2711 2362 2776 2416; x_wconf 87' lang='lat' dir='ltr'><strong>ad</strong></span> <span class='ocrx_word' id='word_1_359' title='bbox 2814 2362 3068 2417; x_wconf 89' lang='lat' dir='ltr'><strong>virtutem</strong></span> <span class='ocrx_word' id='word_1_360' title='bbox 3108 2361 3360 2421; x_wconf 84' lang='lat' dir='ltr'><strong>attinent,</strong></span> 
     </span>
    </p>
   </div>
   <div class='ocr_carea' id='block_1_53' title="bbox 1791 2446 3363 2520">
    <p class='ocr_par' dir='ltr' id='par_1_53' title="bbox 1791 2446 3363 2520">
     <span class='ocr_line' id='line_1_53' title="bbox 1791 2446 3363 2520; baseline 0.003 -21"><span class='ocrx_word' id='word_1_361' title='bbox 1791 2446 2007 2501; x_wconf 87' lang='lat' dir='ltr'><strong>cultura</strong></span> <span class='ocrx_word' id='word_1_362' title='bbox 2051 2463 2314 2518; x_wconf 90' lang='lat' dir='ltr'><strong>superare</strong></span> <span class='ocrx_word' id='word_1_363' title='bbox 2355 2451 2552 2520; x_wconf 88' lang='lat' dir='ltr'><strong>possit,</strong></span> <span class='ocrx_word' id='word_1_364' title='bbox 2600 2451 2654 2505; x_wconf 92' lang='lat' dir='ltr'><strong>in</strong></span> <span class='ocrx_word' id='word_1_365' title='bbox 2694 2449 2912 2507; x_wconf 88' lang='lat' dir='ltr'><strong>Christo</strong></span> <span class='ocrx_word' id='word_1_366' title='bbox 2949 2450 3079 2506; x_wconf 84' lang='lat' dir='ltr'><strong>Jesu</strong></span> <span class='ocrx_word' id='word_1_367' title='bbox 3132 2449 3363 2505; x_wconf 86' lang='lat' dir='ltr'><strong>Domino</strong></span> 
     </span>
    </p>
   </div>
   <div class='ocr_carea' id='block_1_54' title="bbox 1790 2539 3363 2614">
    <p class='ocr_par' dir='ltr' id='par_1_54' title="bbox 1790 2539 3363 2614">
     <span class='ocr_line' id='line_1_54' title="bbox 1790 2539 3363 2614; baseline 0.003 -24"><span class='ocrx_word' id='word_1_368' title='bbox 1790 2543 2006 2600; x_wconf 90' lang='lat' dir='ltr'><strong>nostro,</strong></span> <span class='ocrx_word' id='word_1_369' title='bbox 2040 2539 2130 2593; x_wconf 92' lang='lat' dir='ltr'><strong>cui</strong></span> <span class='ocrx_word' id='word_1_370' title='bbox 2177 2540 2352 2610; x_wconf 82' lang='lat' dir='ltr'><strong>gloria</strong></span> <span class='ocrx_word' id='word_1_371' title='bbox 2376 2548 2432 2595; x_wconf 89' lang='lat' dir='ltr'><strong>et</strong></span> <span class='ocrx_word' id='word_1_372' title='bbox 2458 2548 2706 2611; x_wconf 79' lang='lat' dir='ltr'><strong>poteSIas</strong></span> <span class='ocrx_word' id='word_1_373' title='bbox 2736 2557 2907 2606; x_wconf 90' lang='lat' dir='ltr'><strong>nunc,</strong></span> <span class='ocrx_word' id='word_1_374' title='bbox 2943 2551 2999 2596; x_wconf 89' lang='lat' dir='ltr'><strong>et</strong></span> <span class='ocrx_word' id='word_1_375' title='bbox 3037 2558 3274 2614; x_wconf 77' lang='lat' dir='ltr'><strong>semper,</strong></span> <span class='ocrx_word' id='word_1_376' title='bbox 3307 2548 3363 2596; x_wconf 81' lang='lat' dir='ltr'><strong>et</strong></span> 
     </span>
    </p>
   </div>
   <div class='ocr_carea' id='block_1_55' title="bbox 1789 2626 2674 2687">
    <p class='ocr_par' dir='ltr' id='par_1_55' title="bbox 1789 2626 2674 2687">
     <span class='ocr_line' id='line_1_55' title="bbox 1789 2626 2674 2687; baseline 0.008 -7"><span class='ocrx_word' id='word_1_377' title='bbox 1789 2626 1843 2680; x_wconf 90' lang='lat' dir='ltr'><strong>in</strong></span> <span class='ocrx_word' id='word_1_378' title='bbox 1875 2629 2074 2684; x_wconf 75' lang='lat' dir='ltr'><strong>saecula</strong></span> <span class='ocrx_word' id='word_1_379' title='bbox 2101 2631 2450 2686; x_wconf 68' lang='lat' dir='ltr'><strong>saeculorum.</strong></span> <span class='ocrx_word' id='word_1_380' title='bbox 2481 2632 2674 2687; x_wconf 79' lang='lat' dir='ltr'><strong>Amen.</strong></span> 
     </span>
    </p>
   </div>
   <div class='ocr_carea' id='block_1_56' title="bbox 1933 2763 3215 2822">
    <p class='ocr_par' dir='ltr' id='par_1_56' title="bbox 1933 2763 3215 2822">
     <span class='ocr_line' id='line_1_56' title="bbox 1933 2763 3215 2822; baseline 0.004 -6"><span class='ocrx_word' id='word_1_381' title='bbox 1933 2763 2034 2817; x_wconf 86' lang='lat' dir='ltr'><strong>DE</strong></span> <span class='ocrx_word' id='word_1_382' title='bbox 2080 2763 2453 2820; x_wconf 76' lang='lat' dir='ltr'><strong>DOCTRINA</strong></span> <span class='ocrx_word' id='word_1_383' title='bbox 2510 2765 2605 2820; x_wconf 84' lang='lat' dir='ltr'><strong>ET</strong></span> <span class='ocrx_word' id='word_1_384' title='bbox 2652 2765 3215 2822; x_wconf 71' lang='grc' dir='ltr'><strong>ΑΒΜΟΝΙΤΙΟΝΕ.</strong></span> 
     </span>
    </p>
   </div>
   <div class='ocr_carea' id='block_1_57' title="bbox 2403 2878 2746 2936">
    <p class='ocr_par' dir='ltr' id='par_1_57' title="bbox 2403 2878 2746 2936">
     <span class='ocr_line' id='line_1_57' title="bbox 2403 2878 2746 2936; baseline 0.006 -2"><span class='ocrx_word' id='word_1_385' title='bbox 2403 2878 2636 2936; x_wconf 80' lang='lat' dir='ltr'><strong>SERMO</strong></span> <span class='ocrx_word' id='word_1_386' title='bbox 2683 2879 2746 2936; x_wconf 90' lang='lat' dir='ltr'><strong>ll.</strong></span> 
     </span>
    </p>
   </div>
   <div class='ocr_carea' id='block_1_58' title="bbox 1861 2991 3361 3065">
    <p class='ocr_par' dir='ltr' id='par_1_58' title="bbox 1861 2991 3361 3065">
     <span class='ocr_line' id='line_1_58' title="bbox 1861 2991 3361 3065; baseline 0.006 -21"><span class='ocrx_word' id='word_1_387' title='bbox 1861 2991 1910 3044; x_wconf 77' lang='lat' dir='ltr'><strong>l.</strong></span> <span class='ocrx_word' id='word_1_388' title='bbox 1943 2991 2018 3059; x_wconf 73' lang='lat'><strong>(2)</strong></span> <span class='ocrx_word' id='word_1_389' title='bbox 2050 2991 2107 3046; x_wconf 94' lang='lat' dir='ltr'><strong>Si</strong></span> <span class='ocrx_word' id='word_1_390' title='bbox 2148 3009 2212 3048; x_wconf 83' lang='lat' dir='ltr'><strong>ex</strong></span> <span class='ocrx_word' id='word_1_391' title='bbox 2263 3001 2346 3048; x_wconf 90' lang='lat' dir='ltr'><strong>tot</strong></span> <span class='ocrx_word' id='word_1_392' title='bbox 2379 2994 2874 3057; x_wconf 84' lang='lat' dir='ltr'><strong>exhortationibus,</strong></span> <span class='ocrx_word' id='word_1_393' title='bbox 2910 3010 2963 3049; x_wconf 89' lang='lat' dir='ltr'><strong>.n</strong></span> <span class='ocrx_word' id='word_1_394' title='bbox 3005 2995 3203 3065; x_wconf 86' lang='lat' dir='ltr'><strong>quibus</strong></span> <span class='ocrx_word' id='word_1_395' title='bbox 3244 3001 3361 3053; x_wconf 81' lang='lat' dir='ltr'><strong>tum</strong></span> 
     </span>
    </p>
   </div>
   <div class='ocr_carea' id='block_1_59' title="bbox 1787 3083 3364 3156">
    <p class='ocr_par' dir='ltr' id='par_1_59' title="bbox 1787 3083 3364 3156">
     <span class='ocr_line' id='line_1_59' title="bbox 1787 3083 3364 3156; baseline 0.003 -20"><span class='ocrx_word' id='word_1_396' title='bbox 1787 3083 2068 3156; x_wconf 62' lang='lat' dir='ltr'><strong>praterito</strong></span> <span class='ocrx_word' id='word_1_397' title='bbox 2106 3089 2353 3154; x_wconf 91' lang='lat' dir='ltr'><strong>tempore</strong></span> <span class='ocrx_word' id='word_1_398' title='bbox 2402 3100 2504 3140; x_wconf 85' lang='lat' dir='ltr'><strong>vos</strong></span> <span class='ocrx_word' id='word_1_399' title='bbox 2544 3085 2921 3140; x_wconf 80' lang='lat' dir='ltr'><strong>indesinenter</strong></span> <span class='ocrx_word' id='word_1_400' title='bbox 2967 3086 3239 3141; x_wconf 89' lang='lat' dir='ltr'><strong>adhortati</strong></span> <span class='ocrx_word' id='word_1_401' title='bbox 3274 3103 3364 3142; x_wconf 80' lang='lat' dir='ltr'><strong>su-</strong></span> 
     </span>
    </p>
   </div>
   <div class='ocr_carea' id='block_1_60' title="bbox 104 3166 1705 3250">
    <p class='ocr_par' dir='ltr' id='par_1_60' title="bbox 104 3177 1685 3250">
     <span class='ocr_line' id='line_1_60' title="bbox 104 3177 1685 3250; baseline 0.002 -19"><span class='ocrx_word' id='word_1_402' title='bbox 104 3195 233 3247; x_wconf 89' lang='grc' dir='ltr'>μεν,</span> <span class='ocrx_word' id='word_1_403' title='bbox 262 3177 356 3232; x_wconf 70' lang='grc' dir='ltr'><strong>καὶ</strong></span> <span class='ocrx_word' id='word_1_404' title='bbox 383 3177 578 3247; x_wconf 84' lang='grc' dir='ltr'>ἐφεξῆς</span> <span class='ocrx_word' id='word_1_405' title='bbox 613 3177 720 3231; x_wconf 84' lang='grc' dir='ltr'><strong>τῶν</strong></span> <span class='ocrx_word' id='word_1_406' title='bbox 761 3178 902 3232; x_wconf 84' lang='grc' dir='ltr'><strong>ὲπτά</strong></span> <span class='ocrx_word' id='word_1_407' title='bbox 945 3179 1048 3250; x_wconf 85' lang='grc' dir='ltr'>τῆς</span> <span class='ocrx_word' id='word_1_408' title='bbox 1087 3179 1340 3249; x_wconf 87' lang='grc' dir='ltr'>νηστείας</span> <span class='ocrx_word' id='word_1_409' title='bbox 1377 3179 1685 3249; x_wconf 74' lang='grc' dir='ltr'>ἑϐδομάδων</span> 
     </span>
    </p>
   </div>
   <div class='ocr_carea' id='block_1_61' title="bbox 1791 3166 3366 3250">
    <p class='ocr_par' dir='ltr' id='par_1_61' title="bbox 1791 3166 3366 3248">
     <span class='ocr_line' id='line_1_61' title="bbox 1791 3166 3366 3248; baseline 0.004 -20"><span class='ocrx_word' id='word_1_410' title='bbox 1791 3191 1932 3238; x_wconf 92' lang='lat' dir='ltr'><strong>mus,</strong></span> <span class='ocrx_word' id='word_1_411' title='bbox 1961 3183 2074 3228; x_wconf 92' lang='lat' dir='ltr'><strong>tum</strong></span> <span class='ocrx_word' id='word_1_412' title='bbox 2104 3182 2291 3245; x_wconf 88' lang='lat' dir='ltr'><strong>postea</strong></span> <span class='ocrx_word' id='word_1_413' title='bbox 2327 3191 2424 3248; x_wconf 83' lang='lat' dir='ltr'><strong>per</strong></span> <span class='ocrx_word' id='word_1_414' title='bbox 2449 3177 2549 3232; x_wconf 88' lang='lat' dir='ltr'><strong>has</strong></span> <span class='ocrx_word' id='word_1_415' title='bbox 2576 3166 2782 3248; x_wconf 86' lang='lat' dir='ltr'><strong>septem</strong></span> <span class='ocrx_word' id='word_1_416' title='bbox 2802 3177 3134 3248; x_wconf 82' lang='lat' dir='ltr'><strong>jejuniorum</strong></span> <span class='ocrx_word' id='word_1_417' title='bbox 3162 3179 3366 3235; x_wconf 88' lang='lat' dir='ltr'><strong>hebdo-</strong></span> 
     </span>
    </p>
   </div>
   <div class='ocr_carea' id='block_1_62' title="bbox 102 3271 1688 3345">
    <p class='ocr_par' dir='ltr' id='par_1_62' title="bbox 102 3271 1688 3345">
     <span class='ocr_line' id='line_1_62' title="bbox 102 3271 1688 3345; baseline 0.001 -21"><span class='ocrx_word' id='word_1_418' title='bbox 102 3271 303 3334; x_wconf 83' lang='grc' dir='ltr'>νυκτὸς</span> <span class='ocrx_word' id='word_1_419' title='bbox 329 3272 424 3325; x_wconf 73' lang='grc' dir='ltr'><strong>καὶ</strong></span> <span class='ocrx_word' id='word_1_420' title='bbox 450 3271 664 3344; x_wconf 86' lang='grc' dir='ltr'>ἡμέρας</span> <span class='ocrx_word' id='word_1_421' title='bbox 687 3272 1174 3345; x_wconf 69' lang='grc' dir='ltr'>διαμαρτυράμενοι</span> <span class='ocrx_word' id='word_1_422' title='bbox 1207 3274 1333 3344; x_wconf 85' lang='grc' dir='ltr'>ὑμῖν</span> <span class='ocrx_word' id='word_1_423' title='bbox 1357 3274 1416 3326; x_wconf 85' lang='grc' dir='ltr'><strong>τὸ</strong></span> <span class='ocrx_word' id='word_1_424' title='bbox 1444 3274 1688 3342; x_wconf 77' lang='grc' dir='ltr'>Εὐαγγέ-</span> 
     </span>
    </p>
   </div>
   <div class='ocr_carea' id='block_1_63' title="bbox 102 3361 1685 3434">
    <p class='ocr_par' dir='ltr' id='par_1_63' title="bbox 102 3361 1685 3434">
     <span class='ocr_line' id='line_1_63' title="bbox 102 3361 1685 3434; baseline 0.002 -21"><span class='ocrx_word' id='word_1_425' title='bbox 102 3375 219 3414; x_wconf 72' lang='grc' dir='ltr'>Αιον</span> <span class='ocrx_word' id='word_1_426' title='bbox 261 3361 363 3432; x_wconf 83' lang='grc' dir='ltr'>τῆς</span> <span class='ocrx_word' id='word_1_427' title='bbox 406 3363 624 3432; x_wconf 86' lang='grc' dir='ltr'>χάριτος</span> <span class='ocrx_word' id='word_1_428' title='bbox 668 3362 761 3415; x_wconf 90' lang='grc' dir='ltr'><strong>τοῦ</strong></span> <span class='ocrx_word' id='word_1_429' title='bbox 809 3363 943 3416; x_wconf 87' lang='grc' dir='ltr'>Θεοῦ</span> <span class='ocrx_word' id='word_1_430' title='bbox 976 3364 1077 3416; x_wconf 85' lang='grc' dir='ltr'><strong>οὐκ</strong></span> <span class='ocrx_word' id='word_1_431' title='bbox 1116 3363 1492 3434; x_wconf 81' lang='grc' dir='ltr'>ἐπαυσάμεθα,</span> <span class='ocrx_word' id='word_1_432' title='bbox 1531 3364 1685 3417; x_wconf 90' lang='grc' dir='ltr'>οὐδὲν</span> 
     </span>
    </p>
   </div>
   <div class='ocr_carea' id='block_1_64' title="bbox 107 3453 1690 3525">
    <p class='ocr_par' dir='ltr' id='par_1_64' title="bbox 107 3453 1690 3525">
     <span class='ocr_line' id='line_1_64' title="bbox 107 3453 1690 3525; baseline 0 -19"><span class='ocrx_word' id='word_1_433' title='bbox 107 3454 336 3521; x_wconf 78' lang='grc' dir='ltr'>γέγονεν</span> <span class='ocrx_word' id='word_1_434' title='bbox 375 3453 588 3522; x_wconf 65' lang='grc' dir='ltr'>ὄφελος,</span> <span class='ocrx_word' id='word_1_435' title='bbox 639 3455 732 3507; x_wconf 77' lang='grc' dir='ltr'>ἐπὶ</span> <span class='ocrx_word' id='word_1_436' title='bbox 763 3453 944 3517; x_wconf 85' lang='grc' dir='ltr'>ποίαις</span> <span class='ocrx_word' id='word_1_437' title='bbox 990 3455 1169 3509; x_wconf 79' lang='grc' dir='ltr'>ἐλπίσι</span> <span class='ocrx_word' id='word_1_438' title='bbox 1204 3454 1568 3525; x_wconf 81' lang='grc' dir='ltr'>διαλεχθῶμεν</span> <span class='ocrx_word' id='word_1_439' title='bbox 1595 3455 1690 3525; x_wconf 77' lang='grc' dir='ltr'><strong>σή·</strong></span> 
     </span>
    </p>
   </div>
   <div class='ocr_carea' id='block_1_65' title="bbox 102 3544 1686 3618">
    <p class='ocr_par' dir='ltr' id='par_1_65' title="bbox 102 3544 1686 3618">
     <span class='ocr_line' id='line_1_65' title="bbox 102 3544 1686 3618; baseline -0.001 -20"><span class='ocrx_word' id='word_1_440' title='bbox 102 3563 306 3617; x_wconf 87' lang='grc' dir='ltr'>μερον;</span> <span class='ocrx_word' id='word_1_441' title='bbox 346 3546 498 3599; x_wconf 66' lang='grc' dir='ltr'>Ἐπεὶ</span> <span class='ocrx_word' id='word_1_442' title='bbox 527 3545 620 3599; x_wconf 74' lang='grc' dir='ltr'>καὶ</span> <span class='ocrx_word' id='word_1_443' title='bbox 648 3546 910 3618; x_wconf 85' lang='grc' dir='ltr'>γεωργὸς,</span> <span class='ocrx_word' id='word_1_444' title='bbox 941 3545 1049 3599; x_wconf 83' lang='grc' dir='ltr'><strong>τῶν</strong></span> <span class='ocrx_word' id='word_1_445' title='bbox 1075 3545 1306 3618; x_wconf 82' lang='grc' dir='ltr'>πρώτων</span> <span class='ocrx_word' id='word_1_446' title='bbox 1339 3544 1488 3615; x_wconf 84' lang='grc' dir='ltr'>αὐτῷ</span> <span class='ocrx_word' id='word_1_447' title='bbox 1515 3561 1686 3616; x_wconf 88' lang='grc' dir='ltr'>σπερ-</span> 
     </span>
    </p>
   </div>
   <div class='ocr_carea' id='block_1_66' title="bbox 104 3635 1687 3709">
    <p class='ocr_par' dir='ltr' id='par_1_66' title="bbox 104 3635 1687 3709">
     <span class='ocr_line' id='line_1_66' title="bbox 104 3635 1687 3709; baseline 0 -21"><span class='ocrx_word' id='word_1_448' title='bbox 104 3638 298 3707; x_wconf 82' lang='grc' dir='ltr'>μάτων</span> <span class='ocrx_word' id='word_1_449' title='bbox 349 3637 422 3708; x_wconf 84' lang='grc' dir='ltr'>μὴ</span> <span class='ocrx_word' id='word_1_450' title='bbox 473 3637 814 3706; x_wconf 85' lang='grc' dir='ltr'>ἐκφυέντων,</span> <span class='ocrx_word' id='word_1_451' title='bbox 868 3637 1221 3709; x_wconf 83' lang='grc' dir='ltr'>ὀκνηρότερός</span> <span class='ocrx_word' id='word_1_452' title='bbox 1267 3639 1382 3690; x_wconf 85' lang='grc' dir='ltr'>ἐστι</span> <span class='ocrx_word' id='word_1_453' title='bbox 1438 3635 1576 3707; x_wconf 73' lang='grc' dir='ltr'>πρὸς</span> <span class='ocrx_word' id='word_1_454' title='bbox 1623 3637 1687 3689; x_wconf 81' lang='grc' dir='ltr'><strong>τὸ</strong></span> 
     </span>
    </p>
   </div>
   <div class='ocr_carea' id='block_1_67' title="bbox 99 3726 1682 3799">
    <p class='ocr_par' dir='ltr' id='par_1_67' title="bbox 99 3726 1682 3799">
     <span class='ocr_line' id='line_1_67' title="bbox 99 3726 1682 3799; baseline -0.001 -20"><span class='ocrx_word' id='word_1_455' title='bbox 99 3727 361 3798; x_wconf 72' lang='grc' dir='ltr'>δεύτερον</span> <span class='ocrx_word' id='word_1_456' title='bbox 397 3731 516 3791; x_wconf 85' lang='grc' dir='ltr'>ταῖς</span> <span class='ocrx_word' id='word_1_457' title='bbox 543 3729 729 3790; x_wconf 87' lang='grc' dir='ltr'>αὐταῖς</span> <span class='ocrx_word' id='word_1_458' title='bbox 755 3727 1015 3799; x_wconf 86' lang='grc' dir='ltr'>ἀρούραις</span> <span class='ocrx_word' id='word_1_459' title='bbox 1067 3728 1226 3782; x_wconf 83' lang='grc' dir='ltr'>πάλιν</span> <span class='ocrx_word' id='word_1_460' title='bbox 1269 3726 1682 3795; x_wconf 78' lang='grc' dir='ltr'>ὲγκαταόαλεῖν.</span> 
     </span>
    </p>
   </div>
   <div class='ocr_carea' id='block_1_68' title="bbox 102 3816 1686 3892">
    <p class='ocr_par' dir='ltr' id='par_1_68' title="bbox 102 3816 1686 3892">
     <span class='ocr_line' id='line_1_68' title="bbox 102 3816 1686 3892; baseline -0.001 -18"><span class='ocrx_word' id='word_1_461' title='bbox 102 3822 273 3874; x_wconf 77' lang='grc' dir='ltr'>Ὥστε</span> <span class='ocrx_word' id='word_1_462' title='bbox 315 3821 419 3874; x_wconf 82' lang='grc' dir='ltr'>κᾶν</span> <span class='ocrx_word' id='word_1_463' title='bbox 463 3821 764 3892; x_wconf 84' lang='grc' dir='ltr'>ἐσιώπησα,</span> <span class='ocrx_word' id='word_1_464' title='bbox 800 3816 859 3874; x_wconf 83' lang='grc' dir='ltr'><strong>εὐ</strong></span> <span class='ocrx_word' id='word_1_465' title='bbox 896 3821 1031 3885; x_wconf 81' lang='grc' dir='ltr'>ῐστε,</span> <span class='ocrx_word' id='word_1_466' title='bbox 1070 3821 1119 3873; x_wconf 80' lang='grc' dir='ltr'>εἰ</span> <span class='ocrx_word' id='word_1_467' title='bbox 1161 3821 1234 3890; x_wconf 84' lang='grc' dir='ltr'><strong>μὴ</strong></span> <span class='ocrx_word' id='word_1_468' title='bbox 1277 3819 1586 3891; x_wconf 76' lang='grc' dir='ltr'>ἐφοϐούμην</span> <span class='ocrx_word' id='word_1_469' title='bbox 1623 3819 1686 3872; x_wconf 85' lang='grc' dir='ltr'><strong>τὸ</strong></span> 
     </span>
    </p>
   </div>
   <div class='ocr_carea' id='block_1_69' title="bbox 99 3910 1688 3984">
    <p class='ocr_par' dir='ltr' id='par_1_69' title="bbox 99 3910 1688 3984">
     <span class='ocr_line' id='line_1_69' title="bbox 99 3910 1688 3984; baseline -0.002 -19"><span class='ocrx_word' id='word_1_470' title='bbox 99 3913 413 3982; x_wconf 76' lang='grc' dir='ltr'>ὑπόδειγμα</span> <span class='ocrx_word' id='word_1_471' title='bbox 455 3913 750 3984; x_wconf 85' lang='grc' dir='ltr'>Ἰερεμίου⁶</span> <span class='ocrx_word' id='word_1_472' title='bbox 779 3913 840 3976; x_wconf 84' lang='grc' dir='ltr'>ὃς</span> <span class='ocrx_word' id='word_1_473' title='bbox 875 3911 1011 3983; x_wconf 82' lang='grc' dir='ltr'>πρὸς</span> <span class='ocrx_word' id='word_1_474' title='bbox 1047 3911 1244 3982; x_wconf 88' lang='grc' dir='ltr'>ἀπειθῆ</span> <span class='ocrx_word' id='word_1_475' title='bbox 1286 3910 1413 3964; x_wconf 75' lang='grc' dir='ltr'>λαὸν</span> <span class='ocrx_word' id='word_1_476' title='bbox 1459 3910 1688 3980; x_wconf 83' lang='grc' dir='ltr'>φθέγγε-</span> 
     </span>
    </p>
   </div>
   <div class='ocr_carea' id='block_1_70' title="bbox 102 3999 1685 4072">
    <p class='ocr_par' dir='ltr' id='par_1_70' title="bbox 102 3999 1685 4072">
     <span class='ocr_line' id='line_1_70' title="bbox 102 3999 1685 4072; baseline -0.001 -19"><span class='ocrx_word' id='word_1_477' title='bbox 102 4001 234 4054; x_wconf 85' lang='grc' dir='ltr'>σθαι</span> <span class='ocrx_word' id='word_1_478' title='bbox 286 4000 360 4072; x_wconf 84' lang='grc' dir='ltr'><strong>μὴ</strong></span> <span class='ocrx_word' id='word_1_479' title='bbox 390 4001 728 4071; x_wconf 82' lang='grc' dir='ltr'>βουλόμενος,</span> <span class='ocrx_word' id='word_1_480' title='bbox 763 4001 960 4054; x_wconf 85' lang='grc' dir='ltr'>ἔπαθεν</span> <span class='ocrx_word' id='word_1_481' title='bbox 994 4001 1174 4054; x_wconf 80' lang='grc' dir='ltr'>ἐκεῖνα</span> <span class='ocrx_word' id='word_1_482' title='bbox 1211 4002 1354 4071; x_wconf 74' lang='grc' dir='ltr'>ἅπερ</span> <span class='ocrx_word' id='word_1_483' title='bbox 1411 3999 1572 4063; x_wconf 82' lang='grc' dir='ltr'>αὐτὸς</span> <span class='ocrx_word' id='word_1_484' title='bbox 1605 4000 1685 4052; x_wconf 87' lang='grc' dir='ltr'>δι-</span> 
     </span>
    </p>
   </div>
   <div class='ocr_carea' id='block_1_71' title="bbox 101 4091 1680 4165">
    <p class='ocr_par' dir='ltr' id='par_1_71' title="bbox 101 4091 1680 4165">
     <span class='ocr_line' id='line_1_71' title="bbox 101 4091 1680 4165; baseline -0.001 -19"><span class='ocrx_word' id='word_1_485' title='bbox 101 4095 375 4165; x_wconf 86' lang='grc' dir='ltr'>ηγήσατο,</span> <span class='ocrx_word' id='word_1_486' title='bbox 430 4095 510 4147; x_wconf 82' lang='grc' dir='ltr'>ὅτι</span> <span class='ocrx_word' id='word_1_487' title='bbox 552 4093 766 4162; x_wconf 81' lang='grc' dir='ltr'>ἐγένετο</span> <span class='ocrx_word' id='word_1_488' title='bbox 820 4091 968 4163; x_wconf 87' lang='grc' dir='ltr'>αὐτῷ</span> <span class='ocrx_word' id='word_1_489' title='bbox 1009 4092 1120 4164; x_wconf 89' lang='grc' dir='ltr'><strong>πῦρ</strong></span> <span class='ocrx_word' id='word_1_490' title='bbox 1163 4093 1220 4144; x_wconf 86' lang='grc' dir='ltr'><strong>ἐν</strong></span> <span class='ocrx_word' id='word_1_491' title='bbox 1269 4095 1381 4156; x_wconf 88' lang='grc' dir='ltr'>τοῖς</span> <span class='ocrx_word' id='word_1_492' title='bbox 1411 4091 1680 4160; x_wconf 81' lang='grc' dir='ltr'>ἐγκάτοις,</span> 
     </span>
    </p>
   </div>
   <div class='ocr_carea' id='block_1_72' title="bbox 99 4183 1685 4255">
    <p class='ocr_par' dir='ltr' id='par_1_72' title="bbox 99 4183 1685 4255">
     <span class='ocr_line' id='line_1_72' title="bbox 99 4183 1685 4255; baseline -0.001 -16"><span class='ocrx_word' id='word_1_493' title='bbox 99 4187 203 4239; x_wconf 74' lang='grc' dir='ltr'><strong>καὶ</strong></span> <span class='ocrx_word' id='word_1_494' title='bbox 232 4187 459 4255; x_wconf 87' lang='grc' dir='ltr'>παρεῖτο</span> <span class='ocrx_word' id='word_1_495' title='bbox 492 4184 774 4246; x_wconf 86' lang='grc' dir='ltr'>πάντοθεν,</span> <span class='ocrx_word' id='word_1_496' title='bbox 797 4186 891 4238; x_wconf 75' lang='grc' dir='ltr'><strong>καὶ</strong></span> <span class='ocrx_word' id='word_1_497' title='bbox 919 4185 1020 4237; x_wconf 86' lang='grc' dir='ltr'><strong>οὐκ</strong></span> <span class='ocrx_word' id='word_1_498' title='bbox 1038 4183 1268 4255; x_wconf 75' lang='grc' dir='ltr'>ἠδύνατο</span> <span class='ocrx_word' id='word_1_499' title='bbox 1291 4183 1496 4255; x_wconf 83' lang='grc' dir='ltr'>φέρειν.</span> <span class='ocrx_word' id='word_1_500' title='bbox 1533 4183 1685 4237; x_wconf 75' lang='grc' dir='ltr'>Ἐπεὶ</span> 
     </span>
    </p>
   </div>
   <div class='ocr_carea' id='block_1_73' title="bbox 100 4273 1685 4348">
    <p class='ocr_par' dir='ltr' id='par_1_73' title="bbox 100 4273 1685 4348">
     <span class='ocr_line' id='line_1_73' title="bbox 100 4273 1685 4348; baseline -0.003 -18"><span class='ocrx_word' id='word_1_501' title='bbox 100 4278 218 4348; x_wconf 85' lang='grc' dir='ltr'>γὰρ</span> <span class='ocrx_word' id='word_1_502' title='bbox 268 4275 429 4345; x_wconf 82' lang='grc' dir='ltr'>φύσει</span> <span class='ocrx_word' id='word_1_503' title='bbox 483 4276 650 4347; x_wconf 79' lang='grc' dir='ltr'>ἁρετὴ</span> <span class='ocrx_word' id='word_1_504' title='bbox 701 4275 898 4344; x_wconf 86' lang='grc' dir='ltr'>λόγου,</span> <span class='ocrx_word' id='word_1_505' title='bbox 950 4276 1083 4346; x_wconf 85' lang='grc' dir='ltr'>μήτε</span> <span class='ocrx_word' id='word_1_506' title='bbox 1139 4275 1376 4346; x_wconf 77' lang='grc' dir='ltr'>ἀσαφείᾳ</span> <span class='ocrx_word' id='word_1_507' title='bbox 1420 4273 1685 4346; x_wconf 85' lang='grc' dir='ltr'>κρύπτειν</span> 
     </span>
    </p>
   </div>
   <div class='ocr_carea' id='block_1_74' title="bbox 98 4359 1679 4437">
    <p class='ocr_par' dir='ltr' id='par_1_74' title="bbox 98 4359 1679 4437">
     <span class='ocr_line' id='line_1_74' title="bbox 98 4359 1679 4437; baseline -0.002 -17"><span class='ocrx_word' id='word_1_508' title='bbox 98 4368 171 4420; x_wconf 79' lang='grc' dir='ltr'>τὰ</span> <span class='ocrx_word' id='word_1_509' title='bbox 210 4366 600 4437; x_wconf 84' lang='grc' dir='ltr'>σημαινόμενα,</span> <span class='ocrx_word' id='word_1_510' title='bbox 635 4366 770 4436; x_wconf 90' lang='grc' dir='ltr'>μήτε</span> <span class='ocrx_word' id='word_1_511' title='bbox 814 4365 1064 4436; x_wconf 83' lang='grc' dir='ltr'>περιττὸν</span> <span class='ocrx_word' id='word_1_512' title='bbox 1113 4359 1250 4418; x_wconf 77' lang='grc' dir='ltr'>εἶναι</span> <span class='ocrx_word' id='word_1_513' title='bbox 1303 4367 1395 4418; x_wconf 81' lang='grc' dir='ltr'><strong>καὶ</strong></span> <span class='ocrx_word' id='word_1_514' title='bbox 1433 4366 1679 4435; x_wconf 86' lang='grc' dir='ltr'>μάταιον,</span> 
     </span>
    </p>
   </div>
   <div class='ocr_carea' id='block_1_75' title="bbox 96 4456 1680 4529">
    <p class='ocr_par' dir='ltr' id='par_1_75' title="bbox 96 4456 1680 4529">
     <span class='ocr_line' id='line_1_75' title="bbox 96 4456 1680 4529; baseline -0.003 -17"><span class='ocrx_word' id='word_1_515' title='bbox 96 4459 228 4529; x_wconf 73' lang='grc' dir='ltr'>εἰκῆ</span> <span class='ocrx_word' id='word_1_516' title='bbox 277 4460 389 4521; x_wconf 85' lang='grc' dir='ltr'>τοῖς</span> <span class='ocrx_word' id='word_1_517' title='bbox 440 4458 727 4528; x_wconf 82' lang='grc' dir='ltr'>πράγμασι</span> <span class='ocrx_word' id='word_1_518' title='bbox 784 4456 1172 4529; x_wconf 78' lang='grc' dir='ltr'>περιρρέονταο</span> <span class='ocrx_word' id='word_1_519' title='bbox 1227 4458 1287 4509; x_wconf 85' lang='grc' dir='ltr'><strong>οὐ</strong></span> <span class='ocrx_word' id='word_1_520' title='bbox 1340 4457 1500 4509; x_wconf 84' lang='grc' dir='ltr'>καλὸν</span> <span class='ocrx_word' id='word_1_521' title='bbox 1551 4457 1680 4526; x_wconf 83' lang='grc' dir='ltr'><strong>περὶ</strong></span> 
     </span>
    </p>
   </div>
   <div class='ocr_carea' id='block_1_76' title="bbox 96 4547 1679 4619">
    <p class='ocr_par' dir='ltr' id='par_1_76' title="bbox 96 4547 1679 4619">
     <span class='ocr_line' id='line_1_76' title="bbox 96 4547 1679 4619; baseline -0.004 -13"><span class='ocrx_word' id='word_1_522' title='bbox 96 4549 318 4606; x_wconf 77' lang='grc' dir='ltr'>πολλῶν</span> <span class='ocrx_word' id='word_1_523' title='bbox 362 4548 594 4613; x_wconf 81' lang='grc' dir='ltr'>εἰσάπαξ</span> <span class='ocrx_word' id='word_1_524' title='bbox 640 4547 1001 4618; x_wconf 70' lang='grc' dir='ltr'>διαλεχθῆναι,</span> <span class='ocrx_word' id='word_1_525' title='bbox 1055 4549 1126 4619; x_wconf 84' lang='grc' dir='ltr'>μή</span> <span class='ocrx_word' id='word_1_526' title='bbox 1168 4565 1296 4600; x_wconf 91' lang='grc' dir='ltr'>ποτε</span> <span class='ocrx_word' id='word_1_527' title='bbox 1334 4550 1401 4619; x_wconf 83' lang='grc' dir='ltr'>τῇ</span> <span class='ocrx_word' id='word_1_528' title='bbox 1443 4548 1679 4619; x_wconf 72' lang='grc' dir='ltr'>ἀμετρία</span> 
     </span>
    </p>
   </div>
   <div class='ocr_carea' id='block_1_77' title="bbox 95 4642 1680 4720">
    <p class='ocr_par' dir='ltr' id='par_1_77' title="bbox 95 4642 1680 4720">
     <span class='ocr_line' id='line_1_77' title="bbox 95 4642 1680 4720; baseline -0.002 -23"><span class='ocrx_word' id='word_1_529' title='bbox 95 4643 204 4698; x_wconf 80' lang='grc' dir='ltr'><strong>τοῦ</strong></span> <span class='ocrx_word' id='word_1_530' title='bbox 261 4643 419 4712; x_wconf 88' lang='grc' dir='ltr'>λόγου</span> <span class='ocrx_word' id='word_1_531' title='bbox 478 4644 724 4715; x_wconf 84' lang='grc' dir='ltr'>ἀχρηστα</span> <span class='ocrx_word' id='word_1_532' title='bbox 772 4645 912 4713; x_wconf 82' lang='grc' dir='ltr'>φανῇ</span> <span class='ocrx_word' id='word_1_533' title='bbox 963 4643 1030 4695; x_wconf 79' lang='grc' dir='ltr'>τὰ</span> <span class='ocrx_word' id='word_1_534' title='bbox 1093 4643 1406 4720; x_wconf 27' lang='grc' dir='ltr'>φιλοπόνωςχ</span> <span class='ocrx_word' id='word_1_535' title='bbox 1446 4642 1680 4696; x_wconf 89' lang='grc' dir='ltr'>συνειλε-</span> 
     </span>
    </p>
   </div>
   <div class='ocr_carea' id='block_1_78' title="bbox 95 4733 1682 4809">
    <p class='ocr_par' dir='ltr' id='par_1_78' title="bbox 95 4733 1682 4809">
     <span class='ocr_line' id='line_1_78' title="bbox 95 4733 1682 4809; baseline -0.004 -19"><span class='ocrx_word' id='word_1_536' title='bbox 95 4738 307 4809; x_wconf 79' lang='grc' dir='ltr'>γμένα.</span> <span class='ocrx_word' id='word_1_537' title='bbox 351 4737 637 4790; x_wconf 76' lang='grc' dir='ltr'>Ἀτονοῦσα</span> <span class='ocrx_word' id='word_1_538' title='bbox 669 4736 776 4808; x_wconf 87' lang='grc' dir='ltr'>γὰρ</span> <span class='ocrx_word' id='word_1_539' title='bbox 805 4738 839 4808; x_wconf 83' lang='grc' dir='ltr'><strong>ἡ</strong></span> <span class='ocrx_word' id='word_1_540' title='bbox 869 4736 1075 4790; x_wconf 90' lang='grc' dir='ltr'>διάνοια</span> <span class='ocrx_word' id='word_1_541' title='bbox 1115 4735 1328 4788; x_wconf 79' lang='grc' dir='ltr'>πάντων</span> <span class='ocrx_word' id='word_1_542' title='bbox 1355 4733 1490 4805; x_wconf 86' lang='grc' dir='ltr'>ὁμοῦ</span> <span class='ocrx_word' id='word_1_543' title='bbox 1523 4750 1682 4804; x_wconf 87' lang='grc' dir='ltr'>περι-</span> 
     </span>
    </p>
   </div>
   <div class='ocr_carea' id='block_1_79' title="bbox 94 4823 1686 4898">
    <p class='ocr_par' dir='ltr' id='par_1_79' title="bbox 94 4823 1686 4898">
     <span class='ocr_line' id='line_1_79' title="bbox 94 4823 1686 4898; baseline -0.004 -17"><span class='ocrx_word' id='word_1_544' title='bbox 94 4826 425 4898; x_wconf 79' lang='grc' dir='ltr'>δράξασθαι.</span> <span class='ocrx_word' id='word_1_545' title='bbox 483 4827 668 4896; x_wconf 84' lang='grc' dir='ltr'>ὅμοιον</span> <span class='ocrx_word' id='word_1_546' title='bbox 710 4826 908 4896; x_wconf 86' lang='grc' dir='ltr'>πάσχει</span> <span class='ocrx_word' id='word_1_547' title='bbox 950 4825 1184 4896; x_wconf 77' lang='grc' dir='ltr'>γαστρὶ,</span> <span class='ocrx_word' id='word_1_548' title='bbox 1229 4823 1316 4876; x_wconf 76' lang='grc' dir='ltr'><strong>διὰ</strong></span> <span class='ocrx_word' id='word_1_549' title='bbox 1367 4824 1467 4894; x_wconf 85' lang='grc' dir='ltr'>τὴν</span> <span class='ocrx_word' id='word_1_550' title='bbox 1520 4824 1686 4892; x_wconf 80' lang='grc' dir='ltr'>ὐπερ·</span> 
     </span>
    </p>
   </div>
   <div class='ocr_carea' id='block_1_80' title="bbox 95 4916 1679 4989">
    <p class='ocr_par' dir='ltr' id='par_1_80' title="bbox 95 4916 1679 4989">
     <span class='ocr_line' id='line_1_80' title="bbox 95 4916 1679 4989; baseline -0.002 -17"><span class='ocrx_word' id='word_1_551' title='bbox 95 4919 266 4989; x_wconf 76' lang='grc' dir='ltr'>δολῆν</span> <span class='ocrx_word' id='word_1_552' title='bbox 315 4916 409 4971; x_wconf 88' lang='grc' dir='ltr'><strong>τοῦ</strong></span> <span class='ocrx_word' id='word_1_553' title='bbox 456 4917 638 4988; x_wconf 87' lang='grc' dir='ltr'>κόρου,</span> <span class='ocrx_word' id='word_1_554' title='bbox 681 4917 761 4980; x_wconf 84' lang='grc' dir='ltr'><strong>είς</strong></span> <span class='ocrx_word' id='word_1_555' title='bbox 810 4917 972 4986; x_wconf 82' lang='grc' dir='ltr'>πέψιν</span> <span class='ocrx_word' id='word_1_556' title='bbox 1016 4918 1242 4986; x_wconf 85' lang='grc' dir='ltr'>ἀγαγεῖν</span> <span class='ocrx_word' id='word_1_557' title='bbox 1283 4917 1352 4969; x_wconf 84' lang='grc' dir='ltr'>τὰ</span> <span class='ocrx_word' id='word_1_558' title='bbox 1384 4931 1679 4986; x_wconf 78' lang='grc' dir='ltr'>παραπεμο</span> 
     </span>
    </p>
   </div>
   <div class='ocr_carea' id='block_1_81' title="bbox 94 5007 1674 5082">
    <p class='ocr_par' dir='ltr' id='par_1_81' title="bbox 94 5007 1674 5082">
     <span class='ocr_line' id='line_1_81' title="bbox 94 5007 1674 5082; baseline -0.002 -18"><span class='ocrx_word' id='word_1_559' title='bbox 94 5012 307 5081; x_wconf 83' lang='grc' dir='ltr'>φθεντα</span> <span class='ocrx_word' id='word_1_560' title='bbox 348 5007 422 5079; x_wconf 81' lang='grc' dir='ltr'>μὴ</span> <span class='ocrx_word' id='word_1_561' title='bbox 466 5008 756 5082; x_wconf 80' lang='grc' dir='ltr'>δυναμένῃ.</span> <span class='ocrx_word' id='word_1_562' title='bbox 807 5008 988 5061; x_wconf 85' lang='grc' dir='ltr'>Βίαιον</span> <span class='ocrx_word' id='word_1_563' title='bbox 1029 5008 1126 5079; x_wconf 84' lang='grc' dir='ltr'><strong>μὲν</strong></span> <span class='ocrx_word' id='word_1_564' title='bbox 1169 5007 1276 5078; x_wconf 77' lang='grc' dir='ltr'><strong>γὰρ</strong></span> <span class='ocrx_word' id='word_1_565' title='bbox 1337 5009 1565 5078; x_wconf 84' lang='grc' dir='ltr'>μάθημα</span> <span class='ocrx_word' id='word_1_566' title='bbox 1613 5009 1674 5063; x_wconf 92' lang='grc' dir='ltr'><strong>οὐ</strong></span> 
     </span>
    </p>
   </div>
   <div class='ocr_carea' id='block_1_82' title="bbox 92 5096 1676 5169">
    <p class='ocr_par' dir='ltr' id='par_1_82' title="bbox 92 5096 1676 5169">
     <span class='ocr_line' id='line_1_82' title="bbox 92 5096 1676 5169; baseline -0.002 -16"><span class='ocrx_word' id='word_1_567' title='bbox 92 5101 315 5168; x_wconf 72' lang='grc' dir='ltr'>πέφυκε</span> <span class='ocrx_word' id='word_1_568' title='bbox 361 5097 717 5166; x_wconf 81' lang='grc' dir='ltr'>παραμένειν,</span> <span class='ocrx_word' id='word_1_569' title='bbox 757 5096 818 5148; x_wconf 82' lang='grc' dir='ltr'><strong>τὸ</strong></span> <span class='ocrx_word' id='word_1_570' title='bbox 847 5096 905 5149; x_wconf 84' lang='grc' dir='ltr'>δὲ</span> <span class='ocrx_word' id='word_1_571' title='bbox 946 5097 1084 5167; x_wconf 86' lang='grc' dir='ltr'><strong>μετά</strong></span> <span class='ocrx_word' id='word_1_572' title='bbox 1125 5096 1366 5167; x_wconf 73' lang='grc' dir='ltr'>τέρψεως</span> <span class='ocrx_word' id='word_1_573' title='bbox 1399 5097 1492 5151; x_wconf 73' lang='grc' dir='ltr'>καὶ</span> <span class='ocrx_word' id='word_1_574' title='bbox 1516 5099 1676 5169; x_wconf 79' lang='grc' dir='ltr'>χάρι-</span> 
     </span>
    </p>
   </div>
   <div class='ocr_carea' id='block_1_83' title="bbox 90 5181 1676 5256">
    <p class='ocr_par' dir='ltr' id='par_1_83' title="bbox 90 5181 1676 5256">
     <span class='ocr_line' id='line_1_83' title="bbox 90 5181 1676 5256; baseline 0.002 -18"><span class='ocrx_word' id='word_1_575' title='bbox 90 5203 187 5248; x_wconf 87' lang='grc' dir='ltr'><strong>τος</strong></span> <span class='ocrx_word' id='word_1_576' title='bbox 222 5182 566 5252; x_wconf 82' lang='grc' dir='ltr'>είσὸυόμενον</span> <span class='ocrx_word' id='word_1_577' title='bbox 585 5181 952 5255; x_wconf 79' lang='grc' dir='ltr'>μονιμώτερόν</span> <span class='ocrx_word' id='word_1_578' title='bbox 981 5202 1096 5249; x_wconf 89' lang='grc' dir='ltr'><strong>πως</strong></span> <span class='ocrx_word' id='word_1_579' title='bbox 1125 5188 1241 5248; x_wconf 88' lang='grc' dir='ltr'>ταῖς</span> <span class='ocrx_word' id='word_1_580' title='bbox 1268 5184 1466 5256; x_wconf 75' lang='grc' dir='ltr'>ψυχαῖς</span> <span class='ocrx_word' id='word_1_581' title='bbox 1501 5186 1676 5252; x_wconf 80' lang='grc' dir='ltr'>ἐνιζὰ-</span> 
     </span>
    </p>
   </div>
   <div class='ocr_carea' id='block_1_84' title="bbox 167 5357 660 5418">
    <p class='ocr_par' dir='ltr' id='par_1_84' title="bbox 167 5357 660 5418">
     <span class='ocr_line' id='line_1_84' title="bbox 167 5357 660 5418; baseline -0.004 -7"><span class='ocrx_word' id='word_1_582' title='bbox 167 5361 216 5391; x_wconf 63' lang='grc' dir='ltr'><strong>’δ</strong></span> <span class='ocrx_word' id='word_1_583' title='bbox 237 5357 443 5413; x_wconf 86' lang='lat' dir='ltr'><strong>Jcrem.</strong></span> <span class='ocrx_word' id='word_1_584' title='bbox 484 5373 573 5418; x_wconf 69' lang='lat' dir='ltr'><strong>xv,</strong></span> <span class='ocrx_word' id='word_1_585' title='bbox 606 5357 660 5410; x_wconf 88' lang='lat'><strong>9.</strong></span> 
     </span>
    </p>
   </div>
   <div class='ocr_carea' id='block_1_85' title="bbox 172 5514 1167 5582">
    <p class='ocr_par' dir='ltr' id='par_1_85' title="bbox 172 5514 1167 5582">
     <span class='ocr_line' id='line_1_85' title="bbox 172 5514 1167 5582; baseline -0.003 -12"><span class='ocrx_word' id='word_1_586' title='bbox 172 5517 250 5582; x_wconf 85' lang='grc' dir='ltr'><strong>(ι)</strong></span> <span class='ocrx_word' id='word_1_587' title='bbox 293 5514 370 5568; x_wconf 78' lang='lat' dir='ltr'><strong>Ex</strong></span> <span class='ocrx_word' id='word_1_588' title='bbox 413 5516 562 5570; x_wconf 84' lang='lat' dir='ltr'><strong>imm.</strong></span> <span class='ocrx_word' id='word_1_589' title='bbox 605 5532 635 5565; x_wconf 90' lang='lat' dir='ltr'><strong>v</strong></span> <span class='ocrx_word' id='word_1_590' title='bbox 674 5517 728 5568; x_wconf 81' lang='lat' dir='ltr'><strong>in</strong></span> <span class='ocrx_word' id='word_1_591' title='bbox 757 5514 1035 5578; x_wconf 67' lang='lat' dir='ltr'><strong>&quot;emam,</strong></span> <span class='ocrx_word' id='word_1_592' title='bbox 1076 5515 1167 5569; x_wconf 71' lang='grc'><strong>46.</strong></span> 
     </span>
    </p>
   </div>
   <div class='ocr_carea' id='block_1_86' title="bbox 163 5585 1192 5666">
    <p class='ocr_par' dir='ltr' id='par_1_86' title="bbox 163 5585 1192 5666">
     <span class='ocr_line' id='line_1_86' title="bbox 163 5585 1192 5666; baseline -0.002 -24"><span class='ocrx_word' id='word_1_593' title='bbox 163 5590 246 5666; x_wconf 49' lang='lat' dir='ltr'><strong>(“gl</strong></span> <span class='ocrx_word' id='word_1_594' title='bbox 385 5585 541 5666; x_wconf 65' lang='lat' dir='ltr'><strong>hom.</strong></span> <span class='ocrx_word' id='word_1_595' title='bbox 576 5602 662 5640; x_wconf 80' lang='lat' dir='ltr'><strong>xiv</strong></span> <span class='ocrx_word' id='word_1_596' title='bbox 694 5591 750 5640; x_wconf 77' lang='lat' dir='ltr'><strong>in</strong></span> <span class='ocrx_word' id='word_1_597' title='bbox 772 5587 1028 5650; x_wconf 72' lang='lat' dir='ltr'><strong>ebriosos,</strong></span> <span class='ocrx_word' id='word_1_598' title='bbox 1071 5585 1192 5641; x_wconf 67' lang='grc' dir='ltr'><strong>ηε.</strong></span> 
     </span>
    </p>
   </div>
   <div class='ocr_carea' id='block_1_87' title="bbox 164 5655 594 5798">
    <p class='ocr_par' dir='ltr' id='par_1_87' title="bbox 164 5655 594 5798">
     <span class='ocr_line' id='line_1_87' title="bbox 173 5655 419 5720; baseline -0.012 -10"><span class='ocrx_word' id='word_1_599' title='bbox 173 5659 252 5720; x_wconf 72' lang='grc' dir='ltr'><strong>(δ)</strong></span> <span class='ocrx_word' id='word_1_600' title='bbox 288 5655 419 5708; x_wconf 91' lang='lat' dir='ltr'><strong>Ibid.</strong></span> 
     </span>
     <span class='ocr_line' id='line_1_88' title="bbox 164 5723 594 5798; baseline -0.005 -19"><span class='ocrx_word' id='word_1_601' title='bbox 164 5728 248 5798; x_wconf 68' lang='grc' dir='ltr'>(ι)</span> <span class='ocrx_word' id='word_1_602' title='bbox 285 5725 442 5788; x_wconf 60' lang='lat' dir='ltr'><strong>una,</strong></span> <span class='ocrx_word' id='word_1_603' title='bbox 476 5723 594 5777; x_wconf 73' lang='lat' dir='ltr'><strong>ias.</strong></span> 
     </span>
    </p>
   </div>
   <div class='ocr_carea' id='block_1_88' title="bbox 1786 3267 3360 3342">
    <p class='ocr_par' dir='ltr' id='par_1_88' title="bbox 1786 3267 3360 3342">
     <span class='ocr_line' id='line_1_89' title="bbox 1786 3267 3360 3342; baseline 0.006 -23"><span class='ocrx_word' id='word_1_604' title='bbox 1786 3267 1974 3322; x_wconf 90' lang='lat' dir='ltr'><strong>madas</strong></span> <span class='ocrx_word' id='word_1_605' title='bbox 2030 3275 2195 3323; x_wconf 87' lang='lat' dir='ltr'><strong>nocte</strong></span> <span class='ocrx_word' id='word_1_606' title='bbox 2231 3283 2297 3322; x_wconf 90' lang='lat' dir='ltr'><strong>ac</strong></span> <span class='ocrx_word' id='word_1_607' title='bbox 2341 3267 2432 3324; x_wconf 88' lang='lat' dir='ltr'><strong>die</strong></span> <span class='ocrx_word' id='word_1_608' title='bbox 2473 3268 2828 3341; x_wconf 86' lang='lat' dir='ltr'><strong>Evangelium</strong></span> <span class='ocrx_word' id='word_1_609' title='bbox 2885 3273 3071 3342; x_wconf 50' lang='lat' dir='ltr'><strong>gratiae</strong></span> <span class='ocrx_word' id='word_1_610' title='bbox 3109 3270 3204 3327; x_wconf 89' lang='lat' dir='ltr'><strong>Dei</strong></span> <span class='ocrx_word' id='word_1_611' title='bbox 3239 3272 3360 3328; x_wconf 91' lang='lat' dir='ltr'><strong>sine</strong></span> 
     </span>
    </p>
   </div>
   <div class='ocr_carea' id='block_1_89' title="bbox 1786 3359 3358 3431">
    <p class='ocr_par' dir='ltr' id='par_1_89' title="bbox 1786 3359 3358 3431">
     <span class='ocr_line' id='line_1_90' title="bbox 1786 3359 3358 3431; baseline 0.005 -19"><span class='ocrx_word' id='word_1_612' title='bbox 1786 3359 1893 3412; x_wconf 90' lang='lat' dir='ltr'><strong>ulla</strong></span> <span class='ocrx_word' id='word_1_613' title='bbox 1943 3359 2346 3416; x_wconf 89' lang='lat' dir='ltr'><strong>intermissione</strong></span> <span class='ocrx_word' id='word_1_614' title='bbox 2395 3362 2553 3416; x_wconf 90' lang='lat' dir='ltr'><strong>vobis</strong></span> <span class='ocrx_word' id='word_1_615' title='bbox 2604 3362 3092 3431; x_wconf 87' lang='lat' dir='ltr'><strong>denuntiavimus,</strong></span> <span class='ocrx_word' id='word_1_616' title='bbox 3145 3365 3358 3420; x_wconf 80' lang='lat' dir='ltr'><strong>fructus</strong></span> 
     </span>
    </p>
   </div>
   <div class='ocr_carea' id='block_1_90' title="bbox 1785 3449 3359 3526">
    <p class='ocr_par' dir='ltr' id='par_1_90' title="bbox 1785 3449 3359 3526">
     <span class='ocr_line' id='line_1_91' title="bbox 1785 3449 3359 3526; baseline 0.005 -22"><span class='ocrx_word' id='word_1_617' title='bbox 1785 3449 1970 3506; x_wconf 91' lang='lat' dir='ltr'><strong>nullus</strong></span> <span class='ocrx_word' id='word_1_618' title='bbox 2017 3451 2277 3521; x_wconf 90' lang='lat' dir='ltr'><strong>nullaque</strong></span> <span class='ocrx_word' id='word_1_619' title='bbox 2322 3452 2531 3509; x_wconf 84' lang='lat' dir='ltr'><strong>utilitas</strong></span> <span class='ocrx_word' id='word_1_620' title='bbox 2565 3457 2789 3510; x_wconf 86' lang='lat' dir='ltr'><strong>emersit</strong></span> <span class='ocrx_word' id='word_1_621' title='bbox 2823 3473 2835 3508; x_wconf 90' lang='lat'><strong>:</strong></span> <span class='ocrx_word' id='word_1_622' title='bbox 2868 3469 2975 3525; x_wconf 91' lang='lat' dir='ltr'><strong>qua</strong></span> <span class='ocrx_word' id='word_1_623' title='bbox 3003 3470 3101 3526; x_wconf 87' lang='lat' dir='ltr'><strong>spe</strong></span> <span class='ocrx_word' id='word_1_624' title='bbox 3146 3471 3359 3512; x_wconf 86' lang='lat' dir='ltr'><strong>sermo-</strong></span> 
     </span>
    </p>
   </div>
   <div class='ocr_carea' id='block_1_91' title="bbox 1784 3542 3357 3616">
    <p class='ocr_par' dir='ltr' id='par_1_91' title="bbox 1784 3542 3357 3616">
     <span class='ocr_line' id='line_1_92' title="bbox 1784 3542 3357 3616; baseline 0.003 -19"><span class='ocrx_word' id='word_1_625' title='bbox 1784 3557 1908 3598; x_wconf 87' lang='lat' dir='ltr'><strong>nem</strong></span> <span class='ocrx_word' id='word_1_626' title='bbox 1956 3542 2118 3597; x_wconf 88' lang='lat' dir='ltr'><strong>hodie</strong></span> <span class='ocrx_word' id='word_1_627' title='bbox 2166 3542 2537 3598; x_wconf 85' lang='lat' dir='ltr'><strong>habebimus?</strong></span> <span class='ocrx_word' id='word_1_628' title='bbox 2592 3544 2670 3616; x_wconf 77' lang='grc'><strong>(5)</strong></span> <span class='ocrx_word' id='word_1_629' title='bbox 2720 3543 2854 3598; x_wconf 86' lang='lat' dir='ltr'><strong>Nam</strong></span> <span class='ocrx_word' id='word_1_630' title='bbox 2907 3553 2960 3599; x_wconf 90' lang='lat' dir='ltr'><strong>et</strong></span> <span class='ocrx_word' id='word_1_631' title='bbox 3014 3546 3253 3614; x_wconf 83' lang='lat' dir='ltr'><strong>agricola</strong></span> <span class='ocrx_word' id='word_1_632' title='bbox 3309 3549 3357 3601; x_wconf 91' lang='lat' dir='ltr'><strong>si</strong></span> 
     </span>
    </p>
   </div>
   <div class='ocr_carea' id='block_1_92' title="bbox 1785 3634 3357 3705">
    <p class='ocr_par' dir='ltr' id='par_1_92' title="bbox 1785 3634 3357 3705">
     <span class='ocr_line' id='line_1_93' title="bbox 1785 3634 3357 3705; baseline 0.003 -18"><span class='ocrx_word' id='word_1_633' title='bbox 1785 3634 1972 3705; x_wconf 88' lang='lat' dir='ltr'><strong>priora</strong></span> <span class='ocrx_word' id='word_1_634' title='bbox 2023 3634 2233 3690; x_wconf 88' lang='lat' dir='ltr'><strong>semina</strong></span> <span class='ocrx_word' id='word_1_635' title='bbox 2268 3643 2428 3689; x_wconf 89' lang='lat' dir='ltr'><strong>enata</strong></span> <span class='ocrx_word' id='word_1_636' title='bbox 2473 3651 2584 3690; x_wconf 92' lang='lat' dir='ltr'><strong>non</strong></span> <span class='ocrx_word' id='word_1_637' title='bbox 2621 3635 2752 3700; x_wconf 90' lang='lat' dir='ltr'><strong>sint,</strong></span> <span class='ocrx_word' id='word_1_638' title='bbox 2785 3635 2853 3688; x_wconf 90' lang='lat' dir='ltr'><strong>ad</strong></span> <span class='ocrx_word' id='word_1_639' title='bbox 2891 3635 3040 3690; x_wconf 88' lang='lat' dir='ltr'><strong>aliud</strong></span> <span class='ocrx_word' id='word_1_640' title='bbox 3077 3651 3262 3692; x_wconf 81' lang='lat' dir='ltr'><strong>semen</strong></span> <span class='ocrx_word' id='word_1_641' title='bbox 3300 3638 3357 3692; x_wconf 91' lang='lat' dir='ltr'><strong>in</strong></span> 
     </span>
    </p>
   </div>
   <div class='ocr_carea' id='block_1_93' title="bbox 1785 3726 3358 3798">
    <p class='ocr_par' dir='ltr' id='par_1_93' title="bbox 1785 3726 3358 3798">
     <span class='ocr_line' id='line_1_94' title="bbox 1785 3726 3358 3798; baseline 0.001 -17"><span class='ocrx_word' id='word_1_642' title='bbox 1785 3726 1980 3782; x_wconf 89' lang='lat' dir='ltr'><strong>iisdem</strong></span> <span class='ocrx_word' id='word_1_643' title='bbox 2011 3728 2160 3781; x_wconf 86' lang='lat' dir='ltr'><strong>arvis</strong></span> <span class='ocrx_word' id='word_1_644' title='bbox 2188 3741 2382 3782; x_wconf 88' lang='lat' dir='ltr'><strong>rursus</strong></span> <span class='ocrx_word' id='word_1_645' title='bbox 2414 3728 2780 3798; x_wconf 82' lang='lat' dir='ltr'><strong>spargendum</strong></span> <span class='ocrx_word' id='word_1_646' title='bbox 2806 3728 3024 3797; x_wconf 82' lang='lat' dir='ltr'><strong>segnior</strong></span> <span class='ocrx_word' id='word_1_647' title='bbox 3055 3737 3138 3784; x_wconf 91' lang='lat' dir='ltr'><strong>est</strong></span> <span class='ocrx_word' id='word_1_648' title='bbox 3164 3737 3219 3784; x_wconf 88' lang='lat' dir='ltr'><strong>et</strong></span> <span class='ocrx_word' id='word_1_649' title='bbox 3243 3737 3358 3783; x_wconf 85' lang='lat' dir='ltr'><strong>tar-</strong></span> 
     </span>
    </p>
   </div>
   <div class='ocr_carea' id='block_1_94' title="bbox 1785 3815 3352 3888">
    <p class='ocr_par' dir='ltr' id='par_1_94' title="bbox 1785 3815 3352 3888">
     <span class='ocr_line' id='line_1_95' title="bbox 1785 3815 3352 3888; baseline 0.006 -18"><span class='ocrx_word' id='word_1_650' title='bbox 1785 3815 1928 3873; x_wconf 91' lang='lat' dir='ltr'><strong>dior.</strong></span> <span class='ocrx_word' id='word_1_651' title='bbox 1976 3817 2053 3888; x_wconf 79' lang='grc'><strong>(4)</strong></span> <span class='ocrx_word' id='word_1_652' title='bbox 2104 3816 2284 3882; x_wconf 85' lang='lat' dir='ltr'><strong>Quare</strong></span> <span class='ocrx_word' id='word_1_653' title='bbox 2330 3817 2494 3872; x_wconf 86' lang='lat' dir='ltr'><strong>etiam</strong></span> <span class='ocrx_word' id='word_1_654' title='bbox 2549 3820 2880 3880; x_wconf 89' lang='lat' dir='ltr'><strong>tacuissem,</strong></span> <span class='ocrx_word' id='word_1_655' title='bbox 2931 3819 3065 3874; x_wconf 89' lang='lat' dir='ltr'><strong>mihi</strong></span> <span class='ocrx_word' id='word_1_656' title='bbox 3113 3820 3352 3879; x_wconf 85' lang='lat' dir='ltr'><strong>credite.</strong></span> 
     </span>
    </p>
   </div>
   <div class='ocr_carea' id='block_1_95' title="bbox 1786 3907 3355 3980">
    <p class='ocr_par' dir='ltr' id='par_1_95' title="bbox 1786 3907 3355 3980">
     <span class='ocr_line' id='line_1_96' title="bbox 1786 3907 3355 3980; baseline 0.003 -18"><span class='ocrx_word' id='word_1_657' title='bbox 1786 3908 1892 3962; x_wconf 83' lang='lat' dir='ltr'><strong>nisi</strong></span> <span class='ocrx_word' id='word_1_658' title='bbox 1937 3907 2186 3963; x_wconf 77' lang='lat' dir='ltr'><strong>Jeremiae</strong></span> <span class='ocrx_word' id='word_1_659' title='bbox 2223 3908 2528 3964; x_wconf 87' lang='lat' dir='ltr'><strong>timuissem</strong></span> <span class='ocrx_word' id='word_1_660' title='bbox 2565 3909 2870 3978; x_wconf 82' lang='lat' dir='ltr'><strong>exemplum</strong></span> <span class='ocrx_word' id='word_1_661' title='bbox 2910 3929 2924 3963; x_wconf 86' lang='lat'><strong>:</strong></span> <span class='ocrx_word' id='word_1_662' title='bbox 2975 3911 3067 3980; x_wconf 91' lang='lat' dir='ltr'><strong>qui</strong></span> <span class='ocrx_word' id='word_1_663' title='bbox 3114 3926 3240 3966; x_wconf 89' lang='lat' dir='ltr'><strong>cum</strong></span> <span class='ocrx_word' id='word_1_664' title='bbox 3286 3913 3355 3967; x_wconf 87' lang='lat' dir='ltr'><strong>ad</strong></span> 
     </span>
    </p>
   </div>
   <div class='ocr_carea' id='block_1_96' title="bbox 1784 3999 3354 4074">
    <p class='ocr_par' dir='ltr' id='par_1_96' title="bbox 1784 3999 3354 4074">
     <span class='ocr_line' id='line_1_97' title="bbox 1784 3999 3354 4074; baseline 0.005 -22"><span class='ocrx_word' id='word_1_665' title='bbox 1784 3999 2043 4068; x_wconf 85' lang='lat' dir='ltr'><strong>populum</strong></span> <span class='ocrx_word' id='word_1_666' title='bbox 2077 4009 2456 4054; x_wconf 86' lang='lat' dir='ltr'><strong>contumacem</strong></span> <span class='ocrx_word' id='word_1_667' title='bbox 2501 4001 2667 4056; x_wconf 88' lang='lat' dir='ltr'><strong>verba</strong></span> <span class='ocrx_word' id='word_1_668' title='bbox 2720 4001 2898 4056; x_wconf 76' lang='lat' dir='ltr'><strong>facere</strong></span> <span class='ocrx_word' id='word_1_669' title='bbox 2935 4005 3126 4067; x_wconf 84' lang='lat' dir='ltr'><strong>nollet,</strong></span> <span class='ocrx_word' id='word_1_670' title='bbox 3158 4020 3354 4074; x_wconf 85' lang='lat' dir='ltr'><strong>passus</strong></span> 
     </span>
    </p>
   </div>
   <div class='ocr_carea' id='block_1_97' title="bbox 1783 4093 3352 4168">
    <p class='ocr_par' dir='ltr' id='par_1_97' title="bbox 1783 4093 3352 4168">
     <span class='ocr_line' id='line_1_98' title="bbox 1783 4093 3352 4168; baseline 0.004 -23"><span class='ocrx_word' id='word_1_671' title='bbox 1783 4101 1869 4146; x_wconf 89' lang='lat' dir='ltr'><strong>cst</strong></span> <span class='ocrx_word' id='word_1_672' title='bbox 1912 4107 2034 4160; x_wconf 63' lang='lat' dir='ltr'><strong>quae</strong></span> <span class='ocrx_word' id='word_1_673' title='bbox 2081 4093 2197 4162; x_wconf 90' lang='lat' dir='ltr'><strong>ipse</strong></span> <span class='ocrx_word' id='word_1_674' title='bbox 2245 4102 2516 4154; x_wconf 85' lang='lat' dir='ltr'><strong>recenset,</strong></span> <span class='ocrx_word' id='word_1_675' title='bbox 2565 4094 2709 4163; x_wconf 89' lang='lat' dir='ltr'><strong>quod</strong></span> <span class='ocrx_word' id='word_1_676' title='bbox 2753 4094 2932 4150; x_wconf 81' lang='lat' dir='ltr'><strong>factus</strong></span> <span class='ocrx_word' id='word_1_677' title='bbox 2975 4103 3060 4150; x_wconf 87' lang='lat' dir='ltr'><strong>est</strong></span> <span class='ocrx_word' id='word_1_678' title='bbox 3111 4096 3253 4168; x_wconf 89' lang='lat' dir='ltr'><strong>ignis</strong></span> <span class='ocrx_word' id='word_1_679' title='bbox 3299 4099 3352 4152; x_wconf 90' lang='lat' dir='ltr'><strong>in</strong></span> 
     </span>
    </p>
   </div>
   <div class='ocr_carea' id='block_1_98' title="bbox 1783 4183 3355 4261">
    <p class='ocr_par' dir='ltr' id='par_1_98' title="bbox 1783 4183 3355 4261">
     <span class='ocr_line' id='line_1_99' title="bbox 1783 4183 3355 4261; baseline 0.004 -24"><span class='ocrx_word' id='word_1_680' title='bbox 1783 4183 2230 4261; x_wconf 47' lang='lat' dir='ltr'><strong>ejus‘visceribus</strong></span> <span class='ocrx_word' id='word_1_681' title='bbox 2246 4225 2262 4247; x_wconf 91' lang='lat'><strong>,</strong></span> <span class='ocrx_word' id='word_1_682' title='bbox 2309 4200 2373 4240; x_wconf 92' lang='lat' dir='ltr'><strong>ac</strong></span> <span class='ocrx_word' id='word_1_683' title='bbox 2397 4186 2635 4256; x_wconf 84' lang='lat' dir='ltr'><strong>undique</strong></span> <span class='ocrx_word' id='word_1_684' title='bbox 2659 4187 3082 4252; x_wconf 87' lang='lat' dir='ltr'><strong>dissolvebatur,</strong></span> <span class='ocrx_word' id='word_1_685' title='bbox 3098 4205 3197 4245; x_wconf 88' lang='lat' dir='ltr'><strong>nec</strong></span> <span class='ocrx_word' id='word_1_686' title='bbox 3213 4189 3355 4244; x_wconf 83' lang='lat' dir='ltr'><strong>ferre</strong></span> 
     </span>
    </p>
   </div>
   <div class='ocr_carea' id='block_1_99' title="bbox 1783 4275 3350 4347">
    <p class='ocr_par' dir='ltr' id='par_1_99' title="bbox 1783 4275 3350 4347">
     <span class='ocr_line' id='line_1_100' title="bbox 1783 4275 3350 4347; baseline 0.004 -18"><span class='ocrx_word' id='word_1_687' title='bbox 1783 4282 2000 4343; x_wconf 89' lang='lat' dir='ltr'><strong>poterat</strong></span> <span class='ocrx_word' id='word_1_688' title='bbox 2023 4277 2092 4328; x_wconf 70' lang='grc'><strong>³⁸.</strong></span> <span class='ocrx_word' id='word_1_689' title='bbox 2111 4275 2187 4347; x_wconf 77' lang='grc'><strong>(5)</strong></span> <span class='ocrx_word' id='word_1_690' title='bbox 2215 4275 2350 4330; x_wconf 89' lang='lat' dir='ltr'><strong>Nam</strong></span> <span class='ocrx_word' id='word_1_691' title='bbox 2369 4278 2415 4332; x_wconf 91' lang='lat' dir='ltr'><strong>si</strong></span> <span class='ocrx_word' id='word_1_692' title='bbox 2445 4279 2696 4332; x_wconf 86' lang='lat' dir='ltr'><strong>naturale</strong></span> <span class='ocrx_word' id='word_1_693' title='bbox 2718 4281 2986 4334; x_wconf 81' lang='lat' dir='ltr'><strong>sermonis</strong></span> <span class='ocrx_word' id='word_1_694' title='bbox 3021 4295 3220 4337; x_wconf 92' lang='lat' dir='ltr'><strong>munus</strong></span> <span class='ocrx_word' id='word_1_695' title='bbox 3247 4292 3350 4345; x_wconf 88' lang='lat' dir='ltr'><strong>est,</strong></span> 
     </span>
    </p>
   </div>
   <div class='ocr_carea' id='block_1_100' title="bbox 1785 4365 3350 4438">
    <p class='ocr_par' dir='ltr' id='par_1_100' title="bbox 1785 4365 3350 4438">
     <span class='ocr_line' id='line_1_101' title="bbox 1785 4365 3350 4438; baseline 0.006 -20"><span class='ocrx_word' id='word_1_696' title='bbox 1785 4381 1964 4434; x_wconf 86' lang='lat' dir='ltr'><strong>neque</strong></span> <span class='ocrx_word' id='word_1_697' title='bbox 2006 4365 2346 4422; x_wconf 89' lang='lat' dir='ltr'><strong>obscuritate</strong></span> <span class='ocrx_word' id='word_1_698' title='bbox 2382 4381 2446 4422; x_wconf 90' lang='lat' dir='ltr'><strong>ea</strong></span> <span class='ocrx_word' id='word_1_699' title='bbox 2488 4383 2610 4438; x_wconf 73' lang='lat' dir='ltr'><strong>qua:</strong></span> <span class='ocrx_word' id='word_1_700' title='bbox 2650 4367 3030 4438; x_wconf 84' lang='lat' dir='ltr'><strong>signiﬁcantur</strong></span> <span class='ocrx_word' id='word_1_701' title='bbox 3053 4371 3350 4438; x_wconf 85' lang='lat' dir='ltr'><strong>occultare,</strong></span> 
     </span>
    </p>
   </div>
   <div class='ocr_carea' id='block_1_101' title="bbox 1783 4465 3354 4527">
    <p class='ocr_par' dir='ltr' id='par_1_101' title="bbox 1783 4465 3354 4527">
     <span class='ocr_line' id='line_1_102' title="bbox 1783 4465 3354 4527; baseline 0.005 -17"><span class='ocrx_word' id='word_1_702' title='bbox 1783 4472 1962 4525; x_wconf 90' lang='lat' dir='ltr'><strong>neque</strong></span> <span class='ocrx_word' id='word_1_703' title='bbox 2015 4472 2478 4527; x_wconf 86' lang='lat' dir='ltr'><strong>supervacaneum</strong></span> <span class='ocrx_word' id='word_1_704' title='bbox 2519 4473 2641 4514; x_wconf 87' lang='lat' dir='ltr'><strong>esse</strong></span> <span class='ocrx_word' id='word_1_705' title='bbox 2684 4465 2740 4513; x_wconf 89' lang='lat' dir='ltr'><strong>et</strong></span> <span class='ocrx_word' id='word_1_706' title='bbox 2783 4475 3017 4522; x_wconf 87' lang='lat' dir='ltr'><strong>vanum,</strong></span> <span class='ocrx_word' id='word_1_707' title='bbox 3053 4477 3118 4516; x_wconf 90' lang='lat' dir='ltr'><strong>ac</strong></span> <span class='ocrx_word' id='word_1_708' title='bbox 3148 4469 3354 4518; x_wconf 88' lang='lat' dir='ltr'><strong>temere</strong></span> 
     </span>
    </p>
   </div>
   <div class='ocr_carea' id='block_1_102' title="bbox 1784 4551 3354 4624">
    <p class='ocr_par' dir='ltr' id='par_1_102' title="bbox 1784 4551 3354 4624">
     <span class='ocr_line' id='line_1_103' title="bbox 1784 4551 3354 4624; baseline 0.002 -19"><span class='ocrx_word' id='word_1_709' title='bbox 1784 4552 1950 4607; x_wconf 85' lang='lat' dir='ltr'><strong>rebus</strong></span> <span class='ocrx_word' id='word_1_710' title='bbox 1981 4551 2360 4606; x_wconf 88' lang='lat' dir='ltr'><strong>circumﬁuum</strong></span> <span class='ocrx_word' id='word_1_711' title='bbox 2389 4571 2402 4607; x_wconf 91' lang='lat'><strong>:</strong></span> <span class='ocrx_word' id='word_1_712' title='bbox 2440 4552 2517 4624; x_wconf 85' lang='lat'><strong>(6)</strong></span> <span class='ocrx_word' id='word_1_713' title='bbox 2552 4569 2662 4607; x_wconf 93' lang='lat' dir='ltr'><strong>non</strong></span> <span class='ocrx_word' id='word_1_714' title='bbox 2687 4553 2945 4608; x_wconf 89' lang='lat' dir='ltr'><strong>decorum</strong></span> <span class='ocrx_word' id='word_1_715' title='bbox 2972 4562 3077 4618; x_wconf 90' lang='lat' dir='ltr'><strong>est,</strong></span> <span class='ocrx_word' id='word_1_716' title='bbox 3111 4553 3178 4610; x_wconf 93' lang='lat' dir='ltr'><strong>de</strong></span> <span class='ocrx_word' id='word_1_717' title='bbox 3214 4557 3354 4610; x_wconf 89' lang='lat' dir='ltr'><strong>mul-</strong></span> 
     </span>
    </p>
   </div>
   <div class='ocr_carea' id='block_1_103' title="bbox 1784 4644 3353 4708">
    <p class='ocr_par' dir='ltr' id='par_1_103' title="bbox 1784 4644 3353 4708">
     <span class='ocr_line' id='line_1_104' title="bbox 1784 4644 3353 4708; baseline 0.002 -11"><span class='ocrx_word' id='word_1_718' title='bbox 1784 4644 1855 4698; x_wconf 90' lang='lat' dir='ltr'><strong>tis</strong></span> <span class='ocrx_word' id='word_1_719' title='bbox 1886 4644 2048 4698; x_wconf 90' lang='lat' dir='ltr'><strong>simul</strong></span> <span class='ocrx_word' id='word_1_720' title='bbox 2095 4644 2387 4708; x_wconf 88' lang='lat' dir='ltr'><strong>disserere,</strong></span> <span class='ocrx_word' id='word_1_721' title='bbox 2443 4661 2513 4700; x_wconf 88' lang='lat' dir='ltr'><strong>ne</strong></span> <span class='ocrx_word' id='word_1_722' title='bbox 2546 4644 2686 4700; x_wconf 79' lang='lat' dir='ltr'><strong>forte</strong></span> <span class='ocrx_word' id='word_1_723' title='bbox 2712 4644 3070 4698; x_wconf 87' lang='lat' dir='ltr'><strong>immoderato</strong></span> <span class='ocrx_word' id='word_1_724' title='bbox 3100 4661 3353 4702; x_wconf 88' lang='lat' dir='ltr'><strong>sermone</strong></span> 
     </span>
    </p>
   </div>
   <div class='ocr_carea' id='block_1_104' title="bbox 1783 4735 3353 4806">
    <p class='ocr_par' dir='ltr' id='par_1_104' title="bbox 1783 4735 3353 4806">
     <span class='ocr_line' id='line_1_105' title="bbox 1783 4735 3353 4806; baseline 0.002 -18"><span class='ocrx_word' id='word_1_725' title='bbox 1783 4735 1995 4788; x_wconf 88' lang='lat' dir='ltr'><strong>inutilia</strong></span> <span class='ocrx_word' id='word_1_726' title='bbox 2039 4735 2302 4798; x_wconf 88' lang='lat' dir='ltr'><strong>evadant,</strong></span> <span class='ocrx_word' id='word_1_727' title='bbox 2347 4752 2469 4806; x_wconf 80' lang='lat' dir='ltr'><strong>quae</strong></span> <span class='ocrx_word' id='word_1_728' title='bbox 2515 4735 2805 4806; x_wconf 84' lang='lat' dir='ltr'><strong>diligenter</strong></span> <span class='ocrx_word' id='word_1_729' title='bbox 2834 4751 2898 4790; x_wconf 91' lang='lat' dir='ltr'><strong>ac</strong></span> <span class='ocrx_word' id='word_1_730' title='bbox 2940 4737 3186 4793; x_wconf 89' lang='lat' dir='ltr'><strong>studiose</strong></span> <span class='ocrx_word' id='word_1_731' title='bbox 3239 4738 3353 4792; x_wconf 68' lang='lat' dir='ltr'><strong>colo</strong></span> 
     </span>
    </p>
   </div>
   <div class='ocr_carea' id='block_1_105' title="bbox 1784 4825 3354 4898">
    <p class='ocr_par' dir='ltr' id='par_1_105' title="bbox 1784 4825 3354 4898">
     <span class='ocr_line' id='line_1_106' title="bbox 1784 4825 3354 4898; baseline 0.003 -19"><span class='ocrx_word' id='word_1_732' title='bbox 1784 4826 1924 4880; x_wconf 89' lang='lat' dir='ltr'><strong>lecta</strong></span> <span class='ocrx_word' id='word_1_733' title='bbox 1965 4834 2117 4880; x_wconf 90' lang='lat' dir='ltr'><strong>sunt.</strong></span> <span class='ocrx_word' id='word_1_734' title='bbox 2153 4825 2306 4881; x_wconf 89' lang='lat' dir='ltr'><strong>Mens</strong></span> <span class='ocrx_word' id='word_1_735' title='bbox 2335 4827 2482 4882; x_wconf 88' lang='lat' dir='ltr'><strong>enim</strong></span> <span class='ocrx_word' id='word_1_736' title='bbox 2523 4842 2647 4896; x_wconf 79' lang='lat' dir='ltr'><strong>quae</strong></span> <span class='ocrx_word' id='word_1_737' title='bbox 2686 4826 3158 4898; x_wconf 87' lang='lat' dir='ltr'><strong>apprehendendis</strong></span> <span class='ocrx_word' id='word_1_738' title='bbox 3188 4827 3354 4883; x_wconf 91' lang='lat' dir='ltr'><strong>simul</strong></span> 
     </span>
    </p>
   </div>
   <div class='ocr_carea' id='block_1_106' title="bbox 1783 4917 3354 4990">
    <p class='ocr_par' dir='ltr' id='par_1_106' title="bbox 1783 4917 3354 4990">
     <span class='ocr_line' id='line_1_107' title="bbox 1783 4917 3354 4990; baseline 0.003 -18"><span class='ocrx_word' id='word_1_739' title='bbox 1783 4918 2038 4973; x_wconf 89' lang='lat' dir='ltr'><strong>omnibus</strong></span> <span class='ocrx_word' id='word_1_740' title='bbox 2087 4919 2262 4990; x_wconf 91' lang='lat' dir='ltr'><strong>impar</strong></span> <span class='ocrx_word' id='word_1_741' title='bbox 2311 4927 2419 4981; x_wconf 90' lang='lat' dir='ltr'><strong>est,</strong></span> <span class='ocrx_word' id='word_1_742' title='bbox 2467 4917 2614 4974; x_wconf 85' lang='lat' dir='ltr'><strong>haud</strong></span> <span class='ocrx_word' id='word_1_743' title='bbox 2645 4920 2807 4976; x_wconf 86' lang='lat' dir='ltr'><strong>aliter</strong></span> <span class='ocrx_word' id='word_1_744' title='bbox 2837 4937 2898 4976; x_wconf 89' lang='lat' dir='ltr'><strong>se</strong></span> <span class='ocrx_word' id='word_1_745' title='bbox 2929 4921 3094 4975; x_wconf 88' lang='lat' dir='ltr'><strong>habet</strong></span> <span class='ocrx_word' id='word_1_746' title='bbox 3126 4936 3190 4976; x_wconf 89' lang='lat' dir='ltr'><strong>ac</strong></span> <span class='ocrx_word' id='word_1_747' title='bbox 3221 4937 3354 4976; x_wconf 83' lang='lat' dir='ltr'><strong>ven-</strong></span> 
     </span>
    </p>
   </div>
   <div class='ocr_carea' id='block_1_107' title="bbox 1785 5008 3353 5081">
    <p class='ocr_par' dir='ltr' id='par_1_107' title="bbox 1785 5008 3353 5081">
     <span class='ocr_line' id='line_1_108' title="bbox 1785 5008 3353 5081; baseline 0.004 -22"><span class='ocrx_word' id='word_1_748' title='bbox 1785 5016 1890 5069; x_wconf 87' lang='lat' dir='ltr'><strong>ter,</strong></span> <span class='ocrx_word' id='word_1_749' title='bbox 1931 5009 2026 5077; x_wconf 89' lang='lat' dir='ltr'><strong>qui</strong></span> <span class='ocrx_word' id='word_1_750' title='bbox 2077 5009 2150 5063; x_wconf 90' lang='lat' dir='ltr'><strong>ob</strong></span> <span class='ocrx_word' id='word_1_751' title='bbox 2200 5008 2426 5063; x_wconf 89' lang='lat' dir='ltr'><strong>nimiam</strong></span> <span class='ocrx_word' id='word_1_752' title='bbox 2477 5010 2824 5064; x_wconf 86' lang='lat' dir='ltr'><strong>saturitatem</strong></span> <span class='ocrx_word' id='word_1_753' title='bbox 2889 5021 3139 5081; x_wconf 88' lang='lat' dir='ltr'><strong>sumptos</strong></span> <span class='ocrx_word' id='word_1_754' title='bbox 3199 5011 3353 5066; x_wconf 84' lang='lat' dir='ltr'><strong>cibos</strong></span> 
     </span>
    </p>
   </div>
   <div class='ocr_carea' id='block_1_108' title="bbox 1782 5101 3354 5171">
    <p class='ocr_par' dir='ltr' id='par_1_108' title="bbox 1782 5101 3354 5171">
     <span class='ocr_line' id='line_1_109' title="bbox 1782 5101 3354 5171; baseline 0.002 -19"><span class='ocrx_word' id='word_1_755' title='bbox 1782 5113 2130 5169; x_wconf 91' lang='lat' dir='ltr'><strong>concoquere</strong></span> <span class='ocrx_word' id='word_1_756' title='bbox 2172 5117 2282 5156; x_wconf 93' lang='lat' dir='ltr'><strong>non</strong></span> <span class='ocrx_word' id='word_1_757' title='bbox 2330 5109 2532 5171; x_wconf 90' lang='lat' dir='ltr'><strong>potest.</strong></span> <span class='ocrx_word' id='word_1_758' title='bbox 2571 5103 2647 5171; x_wconf 88' lang='grc'><strong>(7)</strong></span> <span class='ocrx_word' id='word_1_759' title='bbox 2680 5101 2785 5158; x_wconf 74' lang='lat' dir='ltr'><strong>Vix</strong></span> <span class='ocrx_word' id='word_1_760' title='bbox 2817 5104 2962 5159; x_wconf 89' lang='lat' dir='ltr'><strong>enim</strong></span> <span class='ocrx_word' id='word_1_761' title='bbox 2987 5105 3188 5158; x_wconf 89' lang='lat' dir='ltr'><strong>durare</strong></span> <span class='ocrx_word' id='word_1_762' title='bbox 3217 5106 3354 5158; x_wconf 81' lang='lat' dir='ltr'><strong>solet</strong></span> 
     </span>
    </p>
   </div>
   <div class='ocr_carea' id='block_1_109' title="bbox 1783 5190 3355 5266">
    <p class='ocr_par' dir='ltr' id='par_1_109' title="bbox 1783 5190 3355 5266">
     <span class='ocr_line' id='line_1_110' title="bbox 1783 5190 3355 5266; baseline 0.003 -23"><span class='ocrx_word' id='word_1_763' title='bbox 1783 5190 1927 5260; x_wconf 90' lang='lat' dir='ltr'><strong>quod</strong></span> <span class='ocrx_word' id='word_1_764' title='bbox 1973 5190 2176 5246; x_wconf 86' lang='lat' dir='ltr'><strong>invitus</strong></span> <span class='ocrx_word' id='word_1_765' title='bbox 2210 5191 2470 5246; x_wconf 91' lang='lat' dir='ltr'><strong>didiceris</strong></span> <span class='ocrx_word' id='word_1_766' title='bbox 2506 5211 2519 5244; x_wconf 76' lang='grc' dir='ltr'><strong>ε</strong></span> <span class='ocrx_word' id='word_1_767' title='bbox 2557 5194 2701 5262; x_wconf 89' lang='lat' dir='ltr'><strong>quod</strong></span> <span class='ocrx_word' id='word_1_768' title='bbox 2735 5203 2917 5249; x_wconf 80' lang='lat' dir='ltr'><strong>autem</strong></span> <span class='ocrx_word' id='word_1_769' title='bbox 2957 5193 3198 5266; x_wconf 88' lang='lat' dir='ltr'><strong>jucunde</strong></span> <span class='ocrx_word' id='word_1_770' title='bbox 3225 5212 3355 5251; x_wconf 81' lang='lat' dir='ltr'><strong>sua-</strong></span> 
     </span>
    </p>
   </div>
   <div class='ocr_carea' id='block_1_110' title="bbox 1853 5518 3142 5597">
    <p class='ocr_par' dir='ltr' id='par_1_110' title="bbox 1853 5518 3142 5597">
     <span class='ocr_line' id='line_1_111' title="bbox 1853 5518 3142 5597; baseline 0.009 -28"><span class='ocrx_word' id='word_1_771' title='bbox 1967 5518 2038 5597; x_wconf 60' lang='lat' dir='ltr'><strong>Elx</strong></span> <span class='ocrx_word' id='word_1_772' title='bbox 2060 5519 2500 5597; x_wconf 34' lang='lat' dir='ltr'><strong>_hom._in_‘illud,_</strong></span> <span class='ocrx_word' id='word_1_773' title='bbox 2520 5523 2744 5580; x_wconf 78' lang='lat' dir='ltr'><strong>Attende</strong></span> <span class='ocrx_word' id='word_1_774' title='bbox 2771 5528 2866 5581; x_wconf 78' lang='lat' dir='ltr'><strong>tibi</strong></span> <span class='ocrx_word' id='word_1_775' title='bbox 2905 5530 3028 5597; x_wconf 71' lang='lat' dir='ltr'><strong>ipsi,</strong></span> <span class='ocrx_word' id='word_1_776' title='bbox 3059 5531 3142 5583; x_wconf 71' lang='grc'><strong>16.</strong></span> 
     </span>
    </p>
   </div>
   <div class='ocr_carea' id='block_1_111' title="bbox 1857 5589 3358 5666">
    <p class='ocr_par' dir='ltr' id='par_1_111' title="bbox 1857 5589 3358 5666">
     <span class='ocr_line' id='line_1_112' title="bbox 1857 5589 3358 5666; baseline 0.014 -28"><span class='ocrx_word' id='word_1_777' title='bbox 1967 5589 2203 5666; x_wconf 61' lang='lat' dir='ltr'><strong>Exliom.</strong></span> <span class='ocrx_word' id='word_1_778' title='bbox 2223 5591 2277 5666; x_wconf 81' lang='lat' dir='ltr'><strong>in</strong></span> <span class='ocrx_word' id='word_1_779' title='bbox 2297 5592 2447 5666; x_wconf 77' lang='lat' dir='ltr'><strong>illud,</strong></span> <span class='ocrx_word' id='word_1_780' title='bbox 2468 5591 2535 5646; x_wconf 85' lang='lat' dir='ltr'><strong>In</strong></span> <span class='ocrx_word' id='word_1_781' title='bbox 2550 5597 2808 5666; x_wconf 71' lang='lat' dir='ltr'><strong>principio</strong></span> <span class='ocrx_word' id='word_1_782' title='bbox 2827 5589 2939 5652; x_wconf 66' lang='lat' dir='ltr'><strong>erat</strong></span> <span class='ocrx_word' id='word_1_783' title='bbox 2972 5601 3208 5666; x_wconf 76' lang='lat' dir='ltr'><strong>Verbmn,</strong></span> <span class='ocrx_word' id='word_1_784' title='bbox 3237 5601 3358 5660; x_wconf 73' lang='lat' dir='ltr'><strong>I38.</strong></span> 
     </span>
    </p>
   </div>
   <div class='ocr_carea' id='block_1_112' title="bbox 1865 5657 2651 5730">
    <p class='ocr_par' dir='ltr' id='par_1_112' title="bbox 1865 5657 2651 5730">
     <span class='ocr_line' id='line_1_113' title="bbox 1865 5657 2651 5730; baseline 0.01 -20"><span class='ocrx_word' id='word_1_785' title='bbox 1865 5659 1938 5727; x_wconf 74' lang='lat' dir='ltr'><strong>l7)</strong></span> <span class='ocrx_word' id='word_1_786' title='bbox 1969 5657 2043 5711; x_wconf 81' lang='lat' dir='ltr'><strong>Ex</strong></span> <span class='ocrx_word' id='word_1_787' title='bbox 2066 5659 2214 5714; x_wconf 92' lang='lat' dir='ltr'><strong>hom.</strong></span> <span class='ocrx_word' id='word_1_788' title='bbox 2245 5662 2299 5714; x_wconf 79' lang='lat' dir='ltr'><strong>in</strong></span> <span class='ocrx_word' id='word_1_789' title='bbox 2329 5663 2464 5730; x_wconf 71' lang='grc' dir='ltr'>μιαί.</span> <span class='ocrx_word' id='word_1_790' title='bbox 2494 5657 2651 5728; x_wconf 64' lang='grc' dir='ltr'>ι,’9ι.</span> 
     </span>
    </p>
   </div>
  </div>
