3840 6226
482 302 620 360 "‘55

1387 305 1754 365 APPENDIX.
1794 338 1863 348 —
1894 306 2243 365 SYMEONIS
2283 308 2825 366 METAPHRASTE

3584 309 3737 365 “56

477 416 721 485 viterque
761 423 1042 486 acceptum
1087 426 1197 482 est,
1238 419 1488 475 tenacius
1520 419 1806 475 inanimis
1835 420 2040 475 nostris

2150 439 2244 478 νει.
2297 421 2396 476 Διά
2460 422 2618 476 τοῦτο
2661 421 2755 475 καὶ
2803 420 2863 474 τὸ
2910 420 2973 472 ἐκ
3023 419 3120 490 τῆς
3178 419 3445 491 μελῳδίας
3488 420 3731 491 mpm

478 508 698 563 insidet.
749 508 826 580 (1)
878 509 1218 581 Quapropter
1262 517 1317 565 et
1356 511 1702 583 dogmatibus
1746 512 2041 567 immiscuit

476 599 773 657 harmoniae
806 600 1171 667 dulcedinem,
1217 611 1276 658 ut
1304 604 1560 659 audiendi
1592 604 1938 674 jucunditate
1977 618 2042 659 ac

476 691 764 748 dulcedine
831 694 1172 764 eloquiornm
1241 696 1528 753 utilitatem
1594 713 1626 753 e
1691 696 2043 755 sermonibus

477 782 708 839 latenter
732 785 1135 855 pereipcremus
1166 804 1180 840 :
1215 788 1358 843 haud
1388 790 1549 844 aliter
1576 798 1740 860 atque
1762 791 2042 861 sapientes

476 872 695 938 medici,
725 876 819 946 qui
861 879 1256 935 nauseantibus
1294 882 1565 950 potionem
1596 882 1921 938 amariorem
1946 881 2044 937 da-

478 965 609 1026 turi,
662 966 862 1035 saepius
916 968 1141 1022 calicem
1203 971 1361 1025 melle
1412 970 1843 1027 circumliniunt.
1916 968 2042 1026 ideo

476 1057 732 1112 concinni
779 1058 857 1113 illi
904 1060 1238 1128 psalmorum
1271 1070 1572 1119 concentus
1615 1065 1909 1137 excogitati
1942 1078 2042 1118 no-

477 1147 562 1200 bis
593 1156 739 1213 sunt,
763 1159 823 1203 ut
846 1150 940 1219 qui
964 1153 1117 1220 pueri
1142 1162 1468 1219 suntatate,
1497 1164 1587 1209 aut
1617 1156 1782 1212 etiam
1814 1156 2042 1210 omnino

476 1239 719 1293 moribus
756 1239 1007 1309 juvenes.
1062 1241 1117 1295 in
1161 1244 1397 1312 speciem
1448 1245 1667 1313 quidem
1702 1252 1946 1307 cantent,
1980 1259 2043 1299 re

478 1331 657 1379 autem
684 1341 809 1380 vera
843 1327 1042 1383 animis
1084 1332 1422 1388 erudiantur.
1453 1333 1528 1403 (2)
1550 1333 1681 1387 Nam
1701 1341 1755 1391 et
1773 1348 2039 1404 equorum

478 1411 776 1470 domitores
807 1431 916 1470 non
959 1418 1143 1472 statim
1172 1417 1382 1475 feroces
1416 1422 1592 1489 pullos
1630 1422 1799 1478 frenis
1833 1429 2043 1492 angunt

477 1508 532 1555 et
579 1504 888 1571 exagitant;
961 1508 1040 1562 sic
1095 1507 1239 1561 enim
1303 1510 1651 1565 recalcitrare
1709 1521 1764 1566 et
1824 1512 2042 1580 equites

476 1602 730 1648 excutere
761 1595 1058 1651 edocentur
1099 1615 1111 1651 :
1157 1596 1325 1669 478
1352 1601 1446 1655 sed
1489 1600 1742 1657 cedentes
1780 1603 2038 1674 primum,

475 1688 531 1739 et
582 1681 650 1737 ad
701 1698 891 1738 eorum
938 1685 1198 1757 impetum
1248 1705 1369 1745 sese
1412 1691 1908 1757 accommodantes,
1949 1692 2040 1747 ubi

475 1788 664 1831 eorum
706 1777 957 1832 ardorem
999 1793 1099 1833 suo
1143 1780 1386 1850 ipsorum
1431 1783 1634 1854 impetu
1680 1792 1844 1855 atque
1876 1787 2038 1842 vebe-
2071 1764 2114 1820 Β

476 1866 682 1921 mentia
740 1866 974 1924 fractum
1035 1879 1091 1925 et
1144 1872 1475 1928 exhaustum
1532 1875 2039 1943 animadverterint,

477 1964 608 2012 tunc
637 1956 896 2014 subactos
928 1962 1420 2031 apprehendentes,
1453 1964 1576 2021 illos
1600 1966 1714 2036 jam
1745 1982 1842 2037 per
1868 1976 2042 2023 artem

476 2047 711 2105 reddunt
762 2052 1186 2109 tractabiliores.
1265 2053 1342 2126 (5)
1398 2057 1501 2122 Qui
1559 2058 1705 2113 enim
1757 2058 2044 2129 diligenter

475 2154 541 2195 ex
593 2155 919 2210 quacunque
968 2158 1029 2198 re
1085 2145 1372 2221 utilitatem
1426 2148 1708 2220 colligunt,
1760 2149 1830 2205 iis
1886 2151 2044 2221 quasi

476 2231 688 2299 magnis
749 2230 1063 2291 numinibus
1127 2237 1307 2291 solent
1354 2240 1719 2311 undecunque
1776 2241 1894 2297 fieri
1947 2257 2043 2297 ac-

474 2326 754 2381 cessiones
803 2327 1001 2382 multae.
1055 2328 1192 2384 Nam
1235 2347 1462 2402 parvum
1510 2349 1679 2405 parvo
1724 2335 2041 2407 adiungere,

475 2431 583 2469 non
628 2418 803 2488 magis
843 2417 910 2471 ad
952 2421 1196 2488 pecunia:
1239 2422 1741 2493 amplificationem.
1776 2442 1940 2494 quam
1975 2426 2042 2482 ad

475 2508 772 2576 quamlibet
826 2510 1170 2582 disciplinam
1230 2515 1541 2584 quadrare,
1605 2518 1857 2587 prudenti
1926 2519 2043 2574 viro

474 2598 649 2653 videri
686 2600 864 2655 debet.

540 2691 596 2745 2.
628 2692 705 2764 (4)
731 2691 885 2758 Quod
916 2693 1062 2749 enim
1093 2694 1279 2751 labore
1306 2704 1519 2767 partum
1549 2705 1652 2764 est,
1685 2713 1810 2754 cum
1845 2698 2044 2770 gaudio

475 2784 801 2854 suscipitur,
855 2794 910 2840 et
972 2787 1258 2857 diligenter
1317 2798 1676 2845 conservatur
1730 2811 1742 2845 :
1804 2801 2041 2859 contra,

474 2890 598 2944 quae
636 2874 794 2930 facile
836 2887 1247 2947 comparantur,
1286 2894 1351 2935 ea
1400 2895 1523 2935 cum
1570 2890 1881 2952 contemptu
1918 2898 2044 2952 pos-

474 2964 743 3023 sidentur.
790 2966 865 3038 (5)
917 2966 1380 3032 Quemadmodum
1411 2972 1577 3042 igitur
1630 2987 1740 3026 non
1792 2973 2042 3029 invidens

2142 516 2250 577 τοῖς
2290 513 2554 583 δόγμασιν
2597 511 2949 584 ἐγκατέμιξεν
2971 551 2988 573 ,
3039 512 3130 566 ἵνα
3177 510 3254 581 τῷ
3308 515 3578 582 προσηνεῖ
3639 513 3735 565 καὶ

2141 603 2268 676 λείῳ
2291 606 2386 676 τῆς
2419 606 2586 676 ἀκοῆς
2631 605 2693 658 τὸ
2738 606 2802 658 ὲκ
2852 604 2959 658 τῶν
3000 604 3174 672 λόγων
3221 604 3497 675 ὠφέλιμον
3528 604 3735 658 λανθα-

2141 697 2336 761 νόντως
2365 696 2765 768 ὑποδεχώμεθα,
2794 696 2934 751 κατά
2972 696 3099 760 τοὺς
3121 695 3316 765 σοφοὺς
3353 696 3465 748 τῶν
3495 696 3732 767 ἰατρῶν,

2142 790 2190 843 οἶ
2229 789 2337 842 τῶν
2378 789 2679 859 φαρμάκων
2726 787 2797 841 τὰ
2849 787 3221 858 αὑστηρότερα
3264 787 3439 840 πίνειν
3486 785 3736 849 διδόντες
3768 781 3773 787 ’

2141 884 2253 943 τοῖς
2295 881 2622 943 κακοσίτοις,
2672 879 2846 949 μέλιτι
2888 877 3146 942 πολλάκις
3175 877 3275 950 τὴν
3322 878 3522 931 κύλικα
3568 893 3735 947 περι-

2141 972 2373 1042 χρίουσι.
2404 970 2504 1024 Διά
2532 972 2690 1024 τοῦτο
2716 972 2811 1025 καὶ
2856 970 2926 1024 τά
2951 970 3247 1040 ὲναρμόνια
3277 969 3411 1040 μέλη
3445 968 3562 1021 τῶν
3593 968 3735 1038 ψαλ-

2145 1063 2262 1134 μῶν
2297 1065 2428 1133 ἡμῖν
2454 1062 2812 1130 ἐπινενόηται,
2849 1061 2935 1113 ἵνα
2963 1059 3038 1123 ὡς
3070 1060 3121 1112 οἱ
3159 1059 3346 1122 παῖδες
3373 1058 3450 1129 (7)
3479 1058 3588 1128 τὴν
3618 1056 3737 1127 ἠλι-

2142 1157 2285 1214 κίαν,
2325 1155 2359 1225 ἢ
2404 1155 2497 1207 καὶ
2532 1155 2668 1215 ὅλως
2703 1155 2750 1206 οί
2800 1153 2979 1224 νεαροὶ
3007 1151 3068 1204 τὸ
3110 1146 3263 1221 ἦθος,
3300 1148 3378 1220 τῷ
3408 1150 3509 1220 μὲν
3542 1149 3736 1202 δοκεῖν

2146 1245 2444 1316 μελῳδῶσι,
2473 1247 2538 1315 τῇ
2573 1244 2630 1298 δὲ
2657 1243 2883 1315 ἀληθείᾳ
2914 1242 3010 1306 τὰς
3042 1243 3219 1312 ψυχὰς
3263 1240 3735 1295 ὲκπαιδεύωνται.

2142 1337 2252 1391 Καὶ
2293 1335 2402 1406 γὰρ
2440 1336 2490 1390 οἱ
2534 1334 2877 1405 πωλοδάμναι
2909 1334 3033 1397 τοὺς
3071 1332 3354 1402 δυσηνίους
3381 1331 3494 1385 τῶν
3524 1330 3737 1385 πώλων

2141 1428 2239 1481 οὐκ
2270 1427 2430 1491 εὐθὺς
2457 1427 2787 1497 κατάγχουσι
2826 1428 2940 1489 τοῖς
2980 1424 3236 1495 χαλινοῖς,
3281 1424 3401 1478 οὐδὲ
3450 1425 3736 1497 ἀνακροιῑ⁴

2141 1536 2321 1573 ουσινο
2360 1518 2721 1588 ἀναχαιτίζειν
2758 1517 2867 1589 γάρ
2895 1516 3039 1570 οὕτω
3070 1518 3164 1570 καὶ
3207 1516 3563 1571 ἀποσείεσθαι
3596 1519 3735 1582 τοὺς

2142 1610 2405 1674 ὲπιὸἀτας
2441 1609 2780 1664 διδάσκουσιν
2799 1627 2813 1641 ·
2859 1607 2995 1662 ἀλλά
3023 1607 3410 1670 συνενδιδόντες
3430 1606 3533 1678 τὴν
3574 1607 3734 1679 πρῶ-

2141 1718 2241 1772 την
2286 1702 2379 1754 καὶ
2422 1700 2857 1772 συνεξορμῶντες
2899 1701 3103 1762 αὐτοῖς,
3136 1697 3355 1751 ἐπειδὰν
3399 1698 3587 1751 ἴδωσιν
3621 1698 3735 1752 ὑπὸ

2142 1795 2240 1864 τῆς
2262 1792 2468 1859 οἰκείας
2506 1792 2683 1864 ὁρμῆς
2720 1791 2823 1844 καὶ
2843 1790 2963 1861 βίας
2997 1789 3090 1843 τὸν
3117 1789 3285 1860 θυμὸν
3311 1786 3732 1851 ἀναλώσαντας,

2140 1885 2263 1939 τότε
2312 1884 2718 1954 παραλαὸόντες
2751 1881 3218 1952 δεδαμασμένους,
3271 1879 3731 1952 εὐπειθεστέρους

2144 1975 2355 2030 ποιοῦσι
2384 1975 2472 2030 διὰ
2496 1976 2597 2044 τῆς
2621 1975 2836 2045 τέχνης.
2869 1975 2993 2037 Τοῖς
3025 1972 3157 2042 γοῦν
3183 1973 3458 2044 ἐπιμελῶς
3495 1972 3557 2037 ἐξ
3592 1972 3733 2026 ἑκά-

2144 2084 2271 2121 στου
2302 2069 2400 2138 τὴν
2431 2067 2694 2136 ὠφέλειαν
2718 2066 3079 2137 ἀθροίζουσιν,
3109 2064 3297 2137 ὥσπερ
3322 2067 3435 2127 τοῖς
3466 2065 3733 2134 μεγάλοις

2142 2159 2248 2215 τῶν
2277 2159 2555 2231 ποταμῶν,
2584 2159 2777 2213 πολλαὶ
2818 2157 3063 2227 γίνεσθαι
3106 2157 3434 2229 πολλαχόθεν
3478 2157 3732 2228 προσθῆ-

2143 2268 2237 2304 και
2298 2251 2591 2320 πεφύκασι.
2649 2251 2722 2304 Τὸ
2776 2249 2883 2321 γάρ
2941 2251 3036 2303 καὶ
3081 2249 3310 2319 σμικρὸν
3363 2248 3459 2301 ἐπὶ
3502 2247 3735 2317 σμικρῷ

2143 2340 2546 2403 κατατίθεσθαι,
2573 2341 2636 2393 οὺ
2669 2339 2866 2410 μᾶλλον
2904 2341 2981 2403 είς
3020 2339 3287 2410 ἀργυρίου
3334 2338 3660 2409 προσθήκην
3696 2337 3735 2405 ἢ

2143 2433 2231 2485 καὶ
2259 2434 2337 2496 είς
2360 2431 2638 2502 ἡντιναοῦν
2662 2432 2855 2501 ὲπιστή
2865 2448 2993 2501 μην,
3011 2429 3185 2502 ὀρθῶς
3211 2428 3463 2499 ἡγεῖσθαι
3483 2428 3636 2500 ἔχειν
3649 2427 3737 2499 (8)

2142 2520 2219 2592 τῷ
2249 2520 2664 2591 πεπυκνωμένῳ
2688 2518 2954 2591 προσῆκε.

2210 2700 2267 2753 2.
2301 2698 2374 2752 Τὸ
2428 2697 2536 2768 γὰρ
2598 2696 2746 2767 πόνῳ
2795 2692 3017 2764 κτηθὲν,
3065 2689 3380 2764 περιχαρῶς
3426 2687 3734 2759 ὑπεδέχθη,

2142 2790 2238 2845 καὶ
2269 2787 2570 2857 φιλοπόνως
2614 2777 3094 2855 διεφυλάχθη·,ὧν
3142 2780 3325 2851 μέντοι
3372 2779 3671 2850 πρόχειρος
3703 2781 3739 2832 6

2141 2880 2427 2952 πορισμὸς,
2456 2878 2661 2932 τούτων
2692 2881 2726 2949 ή
2767 2877 2958 2948 κτῆσις
2983 2873 3475 2945 εὐκαταφρόνητος.
3510 2872 3736 2944 Ὠσπερ

2142 2968 2255 3037 οὖν,
2284 2972 2404 3041 οὐχὶ
2433 2970 2739 3041 βασκαίνων
2757 2970 2791 3039 ἡ
2801 2970 2889 3039 μίν
2918 2966 3027 3020 τῶν
3055 2965 3194 3036 πρὸς
3220 2964 3282 3018 τὸ
3307 2962 3407 3033 ζῇν
3430 2963 3731 3033 ἀφορμῶν,

473 3057 633 3120 nobis
689 3057 1002 3127 adiumenta
1057 3060 1125 3115 ad
1170 3060 1481 3121 vivendum.
1526 3064 1709 3117 omnia
1753 3064 2039 3120 nobiscum

2150 3064 2537 3136 παραπλησίως
2563 3064 2675 3125 τοῖς
2716 3060 2931 3129 ἀλόγοις
2976 3055 3510 3125 συναπογεννηθῆναι
3546 3055 3735 3109 πάντα

472 3147 725 3203 similiter
767 3163 832 3205 ac
884 3164 1009 3203 cum
1046 3149 1243 3208 belluis
1285 3153 1436 3208 nasci
1481 3150 1674 3223 Opifex
1712 3164 1899 3210 noster
1929 3171 2039 3210 non

2150 3154 2541 3226 ὑΔημιουργὸς
2588 3151 2746 3224 ἡμῶν
2786 3151 2848 3204 οὐ
2883 3148 3274 3221 συνεχώρησεν,
3308 3145 3446 3200 ἀλλά
3489 3146 3595 3218 τὴν
3644 3145 3735 3196 ἒν-

472 3241 723 3311 permisit
746 3283 762 3307 ,

473 3329 755 3386 industriae
793 3345 996 3388 nosme
1033 3332 1483 3388 exercitationem
1525 3334 1872 3392 machinatus
1919 3345 2038 3392 est:

842 3241 937 3297 sed
982 3243 1217 3313 inopiam
1266 3259 1449 3299 rerum
1498 3246 1930 3301 necessariarum
1973 3249 2042 3303 ad

472 3421 548 3477 ita
596 3429 652 3476 et
707 3423 762 3478 in
825 3421 1128 3495 Scripturis
1181 3424 1572 3480 obscuritatem
1626 3424 1696 3478 ad
1750 3426 2070 3482 utilitatem.

472 3514 694 3580 mentis,
741 3514 989 3569 excitans
1033 3515 1182 3570 illius
1237 3514 1610 3584 intelligentiae
1660 3515 1792 3581 vim,
1854 3517 2037 3573 inesse

470 3604 643 3659 voluit
673 3621 688 3669 ;
734 3602 970 3674 primum
1014 3603 1253 3675 quidem,
1300 3613 1359 3658 ut
1395 3604 1482 3661 his
1518 3614 1807 3675 occupata,
1839 3623 1867 3660 a
1899 3608 2043 3664 dete-

470 3696 713 3751 rioribus
760 3704 1060 3761 avocetur;
1103 3695 1300 3752 deinde
1333 3697 1460 3767 quia
1504 3697 1690 3754 labore
1730 3708 1885 3769 parta
1926 3716 2043 3755 ma-

470 3785 554 3856 gis
592 3792 866 3849 amantur,
900 3801 1127 3855 quaeque
1159 3787 1321 3856 longo
1376 3795 1624 3858 tempore
1657 3791 2039 3858 acquiruntur,

469 3878 814 3941 constantius
860 3884 1180 3946 permanent
1213 3895 1226 3932 :
1265 3892 1385 3948 qua:
1427 3885 1607 3932 autem
1650 3876 1811 3932 facile
1839 3894 2041 3949 paran-

469 3979 579 4033 tur,
630 3968 717 4025 bis
764 3983 876 4022 non
934 3967 1162 4038 perinde
1224 3968 1381 4023 avide
1426 3969 1681 4025 fruimur.
1741 3968 2043 4042 Negligitur

468 4058 612 4113 enim
657 4074 838 4115 rerum
882 4059 1166 4114 obviarum
1203 4060 1382 4130 copia,
1422 4076 1599 4131 neque
1644 4061 1752 4115 ulla
1790 4062 2042 4118 custodia

469 4151 662 4222 dignas
694 4151 867 4219 ducit,
900 4152 995 4222 qui
1036 4151 1302 4222 possidet.
1354 4151 1432 4220 (6)
1467 4149 1650 4223 Turpe
1684 4168 1921 4224 namque
1958 4162 2043 4209 est

474 4243 705 4313 rejicere
745 4243 898 4298 cibos
935 4244 1234 4307 exitiosos,
1279 4243 1694 4314 disciplinarum
1741 4260 1872 4301 vero
1921 4261 2043 4316 quae

475 4338 713 4390 animam
762 4343 1009 4390 nostram
1058 4337 1333 4399 nutriunt,
1372 4337 1641 4401 rationem
1690 4337 1894 4390 nullam
1948 4337 2045 4391 ha-

2140 3246 2285 3300 δειαν
2331 3246 2437 3299 τῶν
2482 3243 2794 3312 ἀναγκαίων
2839 3241 3138 3312 γυμνάσιον
3180 3242 3313 3311 ἡμῖν
3352 3238 3456 3309 τῆς
3486 3237 3733 3300 διανοίας

2142 3339 2556 3409 ἐμηχανήσατοο
2584 3335 2727 3389 οὕτω
2772 3337 2866 3389 καὶ
2896 3335 2996 3405 τὴν
3031 3336 3088 3387 έν
3138 3336 3255 3397 ταῖς
3299 3332 3547 3401 Γραφαίς
3585 3332 3731 3385 ἀσά-

2142 3448 2300 3501 φειαν
2340 3430 2424 3483 ἐπ’
2473 3426 2709 3498 ὠφελείᾳ
2753 3426 2846 3480 τοῦ
2892 3425 3019 3491 νοῦ,
3062 3424 3345 3495 διεγείρων
3403 3420 3577 3476 αὑτοῦ
3627 3422 3731 3491 τὴν

2143 3522 2452 3593 ἐνέργειαν,
2508 3518 2865 3589 ἐπετήδευσε·
2919 3516 3135 3587 πρῶτον
3203 3514 3302 3586 μὲν
3367 3516 3457 3568 ῐνα
3512 3512 3733 3576 τούτοις

2141 3610 2428 3681 ὲνασχολού
2437 3626 2595 3679 μενος
2624 3608 2732 3662 τῶν
2758 3607 3014 3679 χειρόνων
3047 3607 3351 3678 ἀφέλκηται
3372 3622 3385 3636 '
3417 3607 3618 3660 ἔπειτα
3643 3608 3731 3660 ὅτι

2140 3701 2211 3756 τὰ
2248 3703 2394 3772 πόνῳ
2442 3699 2709 3770 κτηθέντα
2754 3699 2953 3770 μᾶλλον
3003 3700 3430 3770 προσαγαπᾶται
3456 3737 3473 3760 ,
3524 3701 3622 3751 καὶ
3658 3699 3731 3751 τά

2141 3790 2230 3844 διὰ
2264 3788 2475 3862 μακροῦ
2521 3789 2712 3860 χρόνου
2759 3789 3167 3860 προσγενόμενα
3211 3787 3587 3859 μονιμώτερον
3622 3805 3722 3841 παι

2145 3881 2402 3952 ραμένειο
2432 3873 2508 3933 ὧν
2536 3879 2592 3933 δὲ
2627 3878 2785 3950 ῥᾳδία
2827 3880 2860 3948 ἡ
2913 3878 3125 3949 κτῆσις,
3161 3878 3223 3930 οὐ
3256 3876 3735 3946 περισπούδαστος

2143 3972 2176 4042 ἡ
2216 3970 2536 4032 ἀπόλαυσις.
2586 3969 3074 4041 Εὐκαταφρόνητος
3116 3968 3225 4040 γὰρ
3273 3970 3307 4041 ή
3354 3968 3467 4022 τῶν
3513 3970 3738 4041 προχεί-

2146 4081 2253 4136 ρων
2281 4065 2571 4135 παρουσία,
2601 4063 2693 4117 καί¹
2721 4064 2975 4133 οὐδεμιᾶς
3005 4061 3253 4132 φυλακῆς
3292 4058 3593 4131 ἀξιουμένη
3616 4064 3736 4124 τοῖς

2143 4153 2375 4224 ἔχουσιν.
2432 4153 2668 4223 Αίσχρὺν
2712 4152 2790 4217 δὲ,
2843 4151 2950 4204 τῶν
3001 4151 3099 4223 μὲν
3145 4149 3327 4204 σιτίων
3361 4149 3445 4203 .τά
3486 4149 3736 4220 βλαϐερὰ

2141 4243 2479 4298 διωθεῖσθαισ
2520 4242 2627 4295 τῶν
2654 4242 2712 4295 δὲ
2757 4240 3116 4312 μαθημάτων,
3145 4240 3182 4294 ἀ
3226 4239 3326 4310 τὴν
3357 4240 3538 4311 ψυχὴν
3568 4241 3738 4310 ἡμῶν

2142 4336 2351 4406 τρέφει,
2405 4333 2608 4405 μηδένα
2655 4332 2812 4401 λόγον
2864 4332 3039 4403 ἔχειν·
3090 4331 3204 4384 ἀλλ’
3255 4330 3445 4402 ῶσπερ
3495 4332 3738 4404 χειμάρ-

471 4426 621 4490 bcre,
679 4426 775 4482 sed
827 4429 1088 4482 torrentis
1140 4428 1195 4482 in
1240 4444 1448 4484 morem
1505 4429 1770 4499 quidquid
1816 4429 2039 4485 obvium

2150 4428 2274 4499 ρουν
2317 4425 2721 4497 κατασύροντας
2755 4425 2829 4495 (9)
2863 4425 3007 4478 ἅπαν
3044 4424 3104 4477 τὸ
3153 4423 3589 4496 προστυγχάνον,
3625 4424 3734 4493 ἐμ-

467 4527 553 4572 est
583 4516 896 4583 trahentes,
934 4519 989 4574 id
1032 4520 1087 4573 in
1122 4520 1365 4574 animum
1413 4521 1731 4577 recondere.
1776 4520 2043 4587 Quemad-

469 4608 690 4663 modum
739 4611 885 4665 enim
937 4611 1116 4666 mellis
1160 4623 1355 4665 natura
1411 4627 1520 4666 non
1576 4620 1786 4667 tantum
1829 4616 2042 4671 ratione

466 4699 705 4769 perSpici
746 4707 925 4770 potest
960 4701 1029 4755 ab
1081 4702 1420 4770 inexpertis,
1479 4711 1742 4772 quantum
1808 4719 1878 4760 ex
1922 4706 2042 4774 ipso

469 4802 662 4861 gustus
701 4809 864 4848 sensu
898 4812 912 4861 ;
966 4793 1040 4847 ita
1081 4808 1180 4847 nec
1222 4794 1436 4850 bonitas
1484 4795 1727 4850 caelestis
1778 4794 2041 4850 doctrinae

468 4886 609 4939 tradi
658 4884 908 4940 docendo
961 4894 1176 4955 potest,
1225 4884 1333 4939 nisi
1389 4885 1636 4941 veritatis
1694 4886 2042 4957 dogmatibus

469 4978 777 5030 accuratius
802 4976 1122 5047 exploratis,
1144 4977 1420 5046 possimus
1442 4979 1665 5049 propria
1698 4978 2041 5048 experientia

476 5066 778 5135 perspicere
820 5065 1036 5120 Domini
1076 5066 1401 5120 bonitatem.

540 5282 618 5351 (l)
653 5283 726 5354 fx
762 5283 910 5337 hom.
945 5285 998 5338 in
1036 5284 1173 5354 psal.
1209 5302 1247 5349 ι,
1284 5285 1372 5339 90.

534 5354 609 5421 (2)
649 5353 723 5405 Ex
758 5355 901 5408 hom.
930 5357 984 5407 in
1016 5353 1172 5409 mari.
1201 5355 1471 5419 Julitiam,
1510 5357 1598 5413 42.

539 5424 616 5495 (ξ)
760 5439 926 5479 serm.
964 5424 1037 5477 De
1068 5426 1295 5495 legendis
1329 5428 1420 5478 lib.
1455 5440 1620 5495 geut.,
1670 5427 1791 5482 184.

541 5493 618 5559 (It)
654 5492 723 5541 Ex
760 5494 944 5547 homil.
982 5509 1040 5547 ιιι
1074 5497 1126 5547 in
1163 5492 1557 5559 Ηεέτηεηιηὲὃ.

656 5563 724 5634 Ε*
760 5574 1054 5634 Comment.
1094 5568 1147 5618 in
1177 5565 1311 5634 Ιδίι.τ
1343 5567 1467 5619 7.82.
1606 5599 1611 5603 -

654 5630 725 5705 βξ
763 5646 928 5699 serm.
950 5633 1034 5705 [De
1062 5630 1403 5705 legandt's'lio.
1448 5646 1612 5705 ρεηι..
1644 5637 1764 5697 179.

569 5699 618 5769 7)
661 5700 757 5765 Ὠς
783 5706 833 5754 οἱ
862 5693 1086 5769 auide-gn
1109 5693 1306 5757 "Prima
1334 5693 1519 5760 vocula
1556 5693 1747 5760 melius
1789 5704 1941 5761 deest
1985 5708 2040 5760 in

2145 4517 2455 4572 ϐάλλεσθαι.
2494 4518 2579 4580 Ὠς
2609 4518 2717 4589 γὰρ
2741 4516 2834 4570 τοῦ
2868 4516 3083 4588 μέλιτος
3106 4517 3140 4586 ἡ
3187 4514 3347 4583 φύσις
3376 4517 3439 4568 οὐ
3469 4514 3735 4569 τοσοῦτον

2140 4610 2395 4681 τῷλόγῳ
2445 4609 2665 4663 δύναται
2712 4609 3057 4678 παραστῆναι
3109 4610 3222 4670 τοῖς
3284 4607 3562 4678 ἀπείροις,
3606 4608 3734 4660 ὅσον

2141 4702 2234 4754 ἀπ’
2267 4702 2437 4773 αὐτῆς
2473 4700 2573 4770 τῆς
2614 4700 2756 4754 κατά
2801 4700 2899 4772 τὴν
2941 4698 3129 4769 γεῦσιν
3174 4698 3509 4770 αἰσθήσεως·
3556 4699 3733 4761 οὕτως

2141 4792 2261 4846 οὐδὲ
2292 4794 2325 4862 ή
2362 4791 2663 4863 χρηστότης
2690 4789 2783 4843 τοῦ
2809 4790 3059 4861 οὐρανίου
3094 4789 3253 4856 λόγου
3276 4788 3527 4858 ἐναργῶς
3558 4805 3735 4859 παραυ

2140 4883 2361 4953 δοθῆναι
2404 4881 2771 4946 διδασκαλίαις
2818 4881 3061 4946 δύναται,
3105 4880 3200 4934 ὲάν
3239 4879 3314 4950 μὴ
3357 4880 3423 4933 τὰ
3463 4882 3567 4950 τῆς
3600 4881 3731 4951 ἀλη-

2142 4974 2294 5038 θείας
2347 4974 2590 5044 δόγματα
2640 4972 2895 5027 ὲπιπλέον
2951 4972 3361 5042 βασανίσαντες,
3405 4972 3730 5044 δυνηθῶμεν

2074 5117 2079 5122 .
2140 5069 2206 5136 τῇ
2237 5064 2413 5136 οἰκείᾳ
2452 5064 2616 5135 πείρᾳ
2656 5062 2983 5117 καταλαϐεῖν
3010 5062 3109 5133 τὴν
3134 5061 3228 5115 τοῦ
3259 5061 3470 5134 Κυρίου
3496 5064 3731 5133 χρηστό-

2141 5172 2297 5225 τητα.

2142 5297 2422 5344 contextu.

2210 5359 2283 5440 (8)
2318 5360 2541 5440 Ἕχεης.
2596 5357 2791 5440 Μείίιιε
2837 5356 2897 5440 in
2938 5361 3196 5411 contextu
3245 5353 3507 5426 ἡγεῖσθαι
3560 5354 3723 5425 ἔχειν.

2143 5427 2384 5482 Ρι·ἰηιυηι
2419 5429 2638 5483 verbum
2667 5427 2872 5481 deerat.

2216 5502 2291 5565 (9)
2324 5497 2688 5566 Χειμάῤῥουν
2709 5497 3175 5566 κατασύρονζας.
3194 5490 3287 5547 Sic
3314 5507 3420 5563 ope
3436 5500 3725 5549 contextus

2143 5564 2554 5622 emendavimus
2584 5567 2727 5637 quod
2757 5577 2877 5623 erat
2915 5567 2972 5619 in
3012 5564 3174 5619 editis
3213 5566 3525 5635 χειμάρρου
3556 5581 3724 5618 κατα-

2146 5653 2422 5707 συρονῖος.
