3840 6226
140 329 282 385 1157

952 335 1184 394 SERMO
1222 337 1287 394 ll.
1327 339 1488 396 --—DE
1530 341 1880 401 DOCTRINA
1919 346 2007 401 ET
2041 346 2532 405 ADMONITIONE.

3242 354 3378 410 “38

210 445 264 500 ὅ.
296 444 401 498 Τοῦ
441 444 550 517 γάρ
575 445 958 519 φιλανθρώπου
982 449 1121 506 Θεοῦ
1145 455 1241 508 καὶ
1275 455 1525 529 Σωτῆρος
1554 459 1703 530 ήμῶν

1882 462 1937 517 3.
1979 461 2059 531 (5)
2086 462 2222 517 Cum
2253 460 2397 517 enim
2431 463 2700 535 benignus
2731 462 2873 519 Deus
2908 471 2960 519 et
2996 463 3246 519 Salvator
3278 484 3378 520 iw-

146 536 327 607 Ἰησοῦ
356 538 589 609 Χριστοῦ
629 540 905 607 λέγοντος·
938 543 1116 599 Δεῦτε
1153 546 1303 615 πρὸς
1332 548 1446 617 μὲ,
1492 552 1703 618 πάντες

1814 561 1928 609 ster
1950 553 2112 610 Jesus
2134 554 2387 610 Christus
2418 556 2561 610 dicat
2588 576 2602 611 :
2647 554 2823 611 Venite
2849 558 2918 610 ad
2946 574 3045 621 me,
3086 574 3262 613 omnes
3289 562 3377 628 qui

132 628 193 680 οι
223 625 546 718 κοπιῶντες
567 629 665 682 καὶ
692 633 1173 704 πεφορτισμένοι,
1199 638 1361 707 κάγὼ
1381 640 1703 694 ἀναπαύσω

1808 644 2101 715 ιαὺοοναιίε,
2134 655 2184 699 et
2224 648 2431 700 onerati
2476 649 2638 714 estis,
2686 658 2734 702 et
2774 665 2866 717 ego
2908 650 3141 718 reﬁciam
3179 665 3266 704 vos
3293 650 3373 716 ²⁶;

133 710 320 779 ὑμᾶς·
347 713 446 765 οὐκ
470 713 752 770 ἀκίνδυνον
788 718 1127 775 ἀπωθεῖσθαι
1157 727 1285 788 τοὺς
1312 726 1391 797 τῷ
1416 728 1606 799 Κυρίῳ
1642 729 1710 783 δι’

133 801 294 871 ήμῶν
330 804 683 870 προσιόντας,
717 809 810 862 καὶ
852 808 1102 866 ὑπελθεῖν
1130 815 1294 870 αὑτοῦ
1339 817 1432 870 τὸν
1475 821 1709 890 χρηστὸν

130 890 301 958 ζυγὸν
353 893 724 966 βουλομένους.
784 901 1058 973 Προσήκει
1112 903 1172 957 δὲ
1225 906 1317 959 τὸν
1370 909 1709 979 παρελθόντα

132 983 251 1052 βίον
294 986 402 1039 τῶν
450 989 782 1059 προσιόντων
829 995 1266 1065 καταμανθάνειν
1288 1037 1302 1060 ,
1338 1000 1431 1051 καὶ
1477 995 1560 1063 οἷς
1609 1004 1707 1072 μὲν

128 1075 231 1147 ἤδη
272 1093 325 1130 τι
369 1078 757 1150 κατώρθωται,
790 1084 858 1137 τὰ
882 1084 1191 1158 τελειότερα
1223 1089 1332 1141 τῶν
1364 1089 1705 1161 διδαγμάτων

128 1167 516 1237 παραδιδόναι’
556 1172 683 1235 τοὺς
727 1171 784 1225 δὲ
841 1175 907 1228 ἐκ
958 1175 1073 1245 βίου
1126 1178 1364 1249 πονηροῦ
1422 1180 1556 1251 πρὸς
1615 1184 1705 1236 τὸν

128 1259 331 1329 ἀκριϐῆ
377 1260 486 1330 βίον
513 1263 612 1332 τῆς
641 1263 970 1332 θεογνωσίας
1017 1269 1367 1340 ὁρμήσαντας
1395 1272 1705 1342 ἀνακρίνειν

127 1351 233 1421 χρὴ
258 1392 272 1415 ,
298 1354 469 1407 ὁποῖοι
494 1355 557 1408 τὸ
586 1352 718 1428 ἦθός
758 1359 862 1411 εἰσι
882 1397 897 1423 ,
927 1359 1001 1431 μὴ
1035 1361 1284 1425 άστατοι,
1317 1364 1409 1416 καὶ
1446 1369 1583 1436 πρὸς
1606 1366 1703 1430 τὰς

126 1443 337 1510 κρίσεις
367 1447 659 1519 εὐκίνητοι.
703 1451 984 1505 ’Υποπτον
1036 1453 1143 1523 γάρ
1185 1455 1295 1508 τῶν
1343 1459 1596 1511 τοιούτων
1644 1460 1704 1513 τὸ

123 1534 513 1603 εὐμετάθετον·
549 1540 600 1593 οἳ
648 1542 785 1612 πρὸς
826 1543 905 1613 τῷ
940 1544 1106 1615 μηδὲν
1145 1546 1370 1610 ἑαυτοὺς
1402 1548 1698 1618 ὠφελῆσαι,

119 1620 205 1675 ἔτι
256 1627 350 1680 καὶ
406 1628 616 1700 ἑτέροις
661 1631 822 1687 αἴτιοι
877 1632 1081 1706 βλάϐης
1132 1636 1392 1704 γίνονται.
1445 1641 1596 1694 Ἐπεὶ
1644 1642 1701 1694 δέ

118 1715 303 1770 πάντα
330 1720 613 1794 ἐπιμελείᾳ
645 1724 1000 1796 κατορθοῦται
1023 1765 1037 1791 ,
1067 1729 1162 1781 καὶ
1195 1728 1358 1798 φόὸος
1393 1731 1527 1784 Θεοῦ
1566 1749 1701 1787 παν-

116 1806 281 1860 τοίων
309 1807 706 1883 ἐλαττωμάτων
736 1816 915 1886 φυχῆς
944 1819 1310 1889 περιγίνεται,
1345 1820 1463 1875 οὐδὲ
1489 1824 1694 1877 τούτων
1727 1807 1771 1864 Β

112 1895 498 1965 ἀπογνωστέον
527 1901 687 1967 εὐθὺς
707 1943 722 1966 ,
748 1905 884 1958 άλλά
910 1905 1063 1974 ἄγειν
1092 1909 1290 1973 αὐτοὺς
1320 1911 1400 1973 εἰς
1432 1910 1502 1964 τὰ
1525 1928 1695 1982 προσ-

114 1986 323 2056 ήκοντα
360 1990 639 2060 γυμνάσια
671 1994 782 2058 δεῖ,
819 1996 996 2067 χρόνῳ
1046 1995 1140 2051 καὶ
1188 2001 1465 2065 ἐπιπόνοις
1497 2003 1695 2071 ἀγωνί-

114 2092 289 2146 σμασι
317 2083 511 2152 πεῖραν
550 2083 647 2153 τῆς
683 2084 916 2155 κρίσεως
952 2086 1134 2141 αὐτῶν
1171 2088 1543 2159 λαμϐάνοντας
1569 2093 1644 2161 (i)
1675 2112 1688 2124 ·

109 2168 191 2232 ὡς
218 2169 315 2223 ἐάν
348 2186 402 2225 τι
448 2172 663 2242 βέϐαιον
717 2178 846 2246 παρ’
874 2178 1055 2242 αὐτοῖς
1087 2178 1365 2251 εὕρωμεν,
1396 2183 1692 2249 ἀκινδύνως

112 2262 314 2325 αὐτοὺς
336 2264 688 2334 προσίεσθαιο
721 2268 771 2319 εί
801 2267 858 2321 δὲ
891 2270 997 2340 μὴ,
1037 2269 1143 2338 ἔξω
1172 2272 1333 2338 ὄντας
1371 2278 1694 2348 ἀποπέμπε-

112 2354 277 2405 σθαιο
316 2353 457 2408 ὥστε
506 2357 816 2429 ἀζημίωτον
852 2360 953 2432 τὴν
1006 2366 1203 2435 πεῖραν
1252 2369 1318 2437 τῇ
1373 2368 1691 2440 ἀδελφότητι

108 2440 382 2509 γίνεσθαι.
438 2446 540 2500 Τὸν
592 2448 648 2502 δὲ
693 2450 802 2503 ἀπό
850 2467 996 2516 τινος
1052 2458 1513 2530 περιφανεστέρου
1575 2460 1689 2530 βίου

111 2533 251 2604 πρὸς
298 2536 396 2606 τὴν
439 2537 559 2591 καθ’
592 2541 848 2611 ὁμοίωσιν
896 2544 991 2597 τοῦ
1024 2546 1228 2618 Κυρίου
1262 2553 1689 2623 ταπεινοφροσύ-

109 2641 208 2693 νην
240 2627 595 2699 ἐπειγόμενον
631 2632 706 2702 (2)
733 2675 747 2699 ,
782 2635 986 2707 ὁρίζειν
1017 2638 1121 2709 χρή
1167 2655 1288 2693 τινα
1324 2641 1433 2695 τῶν
1474 2643 1688 2696 ἐπονει-

103 2715 307 2771 δίστων
344 2714 483 2773 εἶναι
509 2721 807 2779 δοκούντων
846 2728 998 2799 παρὰ
1024 2732 1138 2794 τοῖς
1166 2730 1364 2797 ἔξωθεν
1386 2775 1401 2798 ,
1436 2735 1531 2787 καὶ
1567 2737 1697 2790 ἐπιέ

106 2810 298 2877 τηρεῖν
329 2810 377 2861 εἰ
410 2810 548 2880 μετὰ
591 2815 769 2885 πάσης
803 2817 1177 2891 πληροφορίας
1202 2822 1441 2896 ἐργάτην
1467 2826 1691 2880 ἀνεπαί-

109 2910 336 2964 σχυντον
383 2898 461 2969 τῷ
508 2900 629 2972 Θεῷ
674 2904 863 2960 ἐαυτὸν
897 2908 1247 2980 παρίστησιν.
1297 2912 1452 2968 Ὅσοι
1485 2914 1543 2968 δὲ
1585 2916 1690 2968 ὑπὸ

108 2981 274 3051 ζυγὸν
302 2986 453 3053 ὄντες
498 2990 705 3057 δοῦλοι,
754 2998 874 3059 ταῖς
910 2997 1231 3067 ἀδελφότησι
1264 3003 1686 3073 προσφεύγουσι,

102 3077 816 3152 νουθετηθένταςοαύτοὺς,
867 3090 961 3143 καὶ
1015 3091 1399 3162 βελτιωθέντας
1434 3097 1508 3168 (5)
1555 3099 1689 3152 άπο-

106 3169 421 3239 πέμπεσθαι
470 3175 576 3246 χρὴ
631 3181 742 3242 τοῖς
769 3180 1095 3246 δεσπόταις,
1135 3185 1257 3237 καθ’
1302 3164 1561 3257 ὁμοίωσιν
1593 3189 1686 3242 τοῦ
1715 3164 1762 3228 C

104 3263 382 3333 μακαρίου
422 3265 668 3320 Παύλου·
708 3268 767 3332 ὃς
815 3270 906 3323 τὸν
956 3273 1243 3345 Ὀνήσιμον
1294 3278 1563 3348 γεννήσας
1600 3279 1688 3332 διὰ

101 3351 200 3403 τοῦ
240 3354 608 3423 Εὐαγγελίου,
644 3360 939 3432 ἀπέπεμψε
993 3364 1069 3434 τῷ
1117 3366 1414 3438 Φιλήμονι,
1447 3369 1538 3424 τὸν
1589 3372 1688 3441 μὲν

103 3442 563 3518 πληροφορήσας,
610 3451 692 3505 ὅτι
722 3453 751 3505 ὁ
785 3453 947 3523 ζυγὸς
978 3457 1078 3527 τῆς
1109 3457 1349 3522 δουλείας
1379 3461 1687 3533 εὐαρέστως

105 3539 183 3609 τῷ
212 3541 399 3613 Κυρίῳ
432 3547 897 3619 κατορθούμενος,
942 3553 1219 3623 βασιλείας
1254 3559 1498 3628 οὐρανῶν
1536 3560 1686 3626 ἄξιον

104 3632 420 3704 συνίστησιο
459 3636 644 3715 caveae
682 3641 1107 3709 παρακαλέσας,
1147 3647 1221 3719 μὴ
1266 3649 1427 3719 μόνον
1479 3651 1684 3704 ἀνιέναι

99 3722 203 3793 τὴν
248 3727 367 3778 κατ’
416 3727 584 3781 αὐτοῦ
641 3730 870 3803 ἀπειλὴν
896 3773 910 3797 ,
969 3735 1106 3790 ἀλλὰ
1163 3739 1257 3793 καὶ
1311 3742 1685 3814 χρηστοτέραν

98 3816 249 3885 ἔχειν
299 3816 436 3885 πρὸς
482 3820 643 3876 αὐτὸν
690 3823 788 3894 τὴν
820 3823 1077 3881 διάθεσιν.
1113 3829 1177 3881 Εἰ
1229 3830 1414 3901 μέντοι
1451 3833 1620 3897 κακὸς
1652 3835 1682 3887 ό

95 3905 370 3978 δεσπότης
422 3909 621 3980 τύχοι,
680 3916 975 3985 παράνομά
1012 3934 1132 3971 τινα
1183 3920 1492 3977 ἐπιτάσσων
1525 3962 1539 3987 ,
1587 3926 1682 3980 καὶ

98 3996 241 4066 πρὸς
273 3999 583 4069 παράϐασιν
618 4004 840 4074 ἐντολῆς
873 4006 947 4077 (4)
981 4008 1076 4062 τοῦ
1120 4009 1373 4081 ἀληθινοῦ
1420 4013 1679 4070 δεσπότου

98 4088 195 4138 καὶ
238 4089 429 4160 κυρίου
459 4091 616 4161 ἡμῶν
670 4094 845 4166 Ἰησοῦ
874 4098 1112 4169 Χριστοῦ
1148 4101 1241 4154 τὸν
1283 4102 1469 4157 δοῦλον
1501 4105 1678 4175 βιαζό-

99 4194 263 4247 μενος
300 4218 317 4242 ,
360 4182 722 4249 ἀγωνίζεσθαι
773 4188 911 4261 χρὴ,
958 4192 1106 4255 ὅπως
1160 4193 1235 4264 μὴ
1285 4195 1346 4247 τὸ
1381 4196 1551 4268 ὄνομα
1584 4200 1677 4254 τοῦ

95 4268 234 4322 Θεοῦ
261 4270 627 4347 βλασφημηθῇ
658 4276 745 4330 διὰ
775 4280 867 4333 τὸν
890 4281 1075 4334 δοῦλον
1102 4285 1308 4337 ἐκεῖνον
1330 4326 1343 4351 ,
1376 4289 1678 4360 ποιήσαντά

94 4377 147 4414 τι
171 4405 186 4428 ,
226 4362 255 4415 ὃ
286 4364 360 4435 μὴ
396 4365 606 4440 ἀρέσκῃ
643 4367 780 4441 Θεῷ.
817 4372 1192 4442 Κατορθοῦται
1223 4376 1280 4429 δὲ
1331 4378 1511 4448 ἀγὼν,
1546 4380 1578 4451 ἥ
1617 4384 1676 4437 ἐν

1808 721 2175 807 peiiculosum
2208 747 2293 793 est
2323 741 2586 811 repellere
2612 757 2706 797 eos
2732 742 2824 812 qui
2862 758 2955 812 per
2985 759 3085 799 nos
3107 744 3376 798 accedunt

1808 832 1875 883 ad
1919 828 2231 896 Dominum,
2271 833 2500 902 ejusque
2531 834 2719 905 jugum
2743 848 2910 891 suave
2944 837 3134 892 subire
3161 836 3370 890 volunt.

1807 919 1883 987 (6)
1921 919 2198 977 Praeteritu
2225 934 2351 978 vero
2374 923 2746 979 accedentium
2770 927 2879 980 vita
2899 935 2981 981 est
2998 925 3370 996 expendenda,

1803 1019 1859 1066 et
1892 1012 1960 1067 iis
2001 1013 2098 1083 qui
2145 1015 2349 1084 aliquid
2385 1022 2532 1069 recte
2560 1015 2672 1085 jam
2714 1017 2982 1086 gesserint
3004 1054 3017 1079 ,
3049 1016 3372 1071 documenta

1804 1103 2130 1173 perfectiora
2161 1108 2420 1162 tradenda
2451 1115 2580 1164 sunt
2604 1128 2617 1163 :
2645 1110 2738 1179 qui
2768 1119 2949 1164 autem
2980 1125 3047 1165 ex
3075 1124 3243 1179 prava
3265 1111 3373 1163 vita
3450 1135 3456 1151 -

1806 1196 1872 1251 ad
1904 1196 2198 1267 perfectam
2233 1199 2397 1254 vitam
2433 1215 2488 1254 in
2520 1200 2614 1255 Dei
2647 1203 2957 1272 cognitione
2996 1203 3155 1258 sitam
3189 1211 3370 1257 trans-

1803 1300 1965 1354 eunt,
2011 1292 2111 1347 hos
2156 1294 2494 1362 perscrutari
2528 1309 2627 1364 par
2654 1305 2774 1360 est,
2811 1295 3071 1350 nimirum
3114 1297 3370 1366 qualibus

1803 1383 2013 1452 praediti
2038 1384 2149 1439 sint
2189 1385 2437 1440 moribus
2457 1425 2472 1450 ,
2520 1401 2649 1440 num
2678 1387 2994 1451 instabiles,
3024 1395 3076 1442 et
3100 1388 3153 1441 in
3187 1389 3369 1442 consic

1802 1475 1890 1530 liis
1948 1476 2064 1532 suis
2115 1474 2274 1531 facile
2337 1477 2589 1532 mobiles.
2640 1475 2905 1548 Suspecta
2965 1478 3109 1532 enim
3179 1477 3365 1531 talium

1801 1564 2169 1621 inconstantia
2207 1586 2219 1620 :
2256 1569 2349 1636 qui
2399 1567 2618 1638 quidem
2666 1579 3027 1639 prmterquatn
3075 1568 3219 1638 quod
3265 1568 3368 1638 ipsi

1800 1658 1935 1713 nihil
1965 1659 2218 1713 utilitatis
2251 1660 2493 1728 capiunt,
2529 1670 2790 1729 praeterea
2831 1668 2959 1714 sunt
3003 1660 3165 1715 etiam
3210 1668 3369 1713 czete—

1801 1751 1878 1805 ris
1925 1749 2239 1805 detrimenti
2290 1762 2562 1807 auctores.
2619 1751 2722 1806 Sed
2767 1752 2895 1822 quia
2941 1753 3075 1807 nihil
3105 1760 3187 1807 est
3220 1751 3366 1822 quod

1799 1852 1912 1894 non
1940 1840 2128 1896 labore
2154 1848 2212 1896 et
2258 1840 2538 1911 diligentia
2584 1842 2918 1912 perficiatur,
2964 1858 3027 1896 ac
3068 1844 3230 1897 timor
3272 1843 3365 1898 Dei

1799 1932 2003 2001 qiiatvis
2039 1932 2233 1985 animae
2267 1931 2398 1986 vitia
2433 1942 2656 2002 superat
2696 1949 2709 1986 :
2748 1948 2817 1988 ne
2863 1932 2953 1988 isti
3002 1933 3220 2004 quidem
3255 1941 3367 1986 sta-

1799 2019 1897 2074 tim
1927 2020 2285 2092 deSperandi,
2331 2021 2427 2076 sed
2470 2021 2703 2076 ducendi
2734 2022 2801 2077 ad
2838 2022 3062 2077 idoneas
3100 2025 3367 2077 exercita—

1797 2112 2002 2176 tiones,
2038 2119 2093 2167 et
2138 2118 2382 2182 tempore
2434 2127 2498 2167 ac
2544 2113 2838 2170 laboriosis
2868 2115 3257 2170 certaminibus
3288 2113 3366 2168 fa-

1797 2202 1988 2258 cienda
2030 2219 2219 2259 eorum
2272 2204 2536 2274 propositi
2587 2205 2875 2275 probatio,
2917 2210 2992 2261 ita
3041 2215 3101 2262 ut
3144 2208 3191 2264 si
3233 2207 3364 2278 quid

1797 2294 1937 2349 ﬁrmi
1965 2296 2018 2349 in
2046 2294 2179 2366 ipsis
2219 2296 2615 2361 invenerimus,
2648 2305 2765 2352 tuto
2788 2298 3171 2368 admittamus;
3206 2317 3363 2358 secus

1798 2399 1925 2440 vero
1952 2384 2079 2439 dum
2111 2386 2289 2442 adhuc
2308 2397 2459 2443 extra
2486 2396 2634 2453 sunt,
2662 2389 3024 2455 dimittamus,
3051 2408 3152 2448 nec
3173 2409 3360 2449 eorum

1797 2477 2046 2547 probatio
2078 2476 2243 2549 479
2279 2478 2460 2533 damni
2494 2480 2785 2550 quidquam
2836 2481 3097 2540 fratribus
3148 2486 3357 2541 afferat.

1797 2565 1872 2636 (7)
1911 2566 1969 2619 Ei
2008 2576 2186 2621 autem
2236 2568 2329 2635 qui
2354 2568 2420 2622 ab
2444 2569 2739 2623 illustriore
2759 2571 2991 2639 quodam
3027 2574 3147 2628 vitae
3167 2589 3361 2643 genere

1796 2655 2098 2711 secundum
2137 2656 2349 2712 Domini
2378 2661 2688 2728 exemplum
2720 2661 2786 2715 ad
2821 2661 3181 2717 humilitatem
3210 2662 3360 2720 festi-

1794 2756 1909 2813 nat,
1945 2750 2148 2822 aliqua,
2173 2766 2294 2820 quae
2329 2751 2591 2820 probrosa
2617 2754 2908 2810 admodum
2937 2756 3076 2824 apud
3106 2765 3360 2813 externos

1794 2855 1918 2895 esse
1950 2841 2254 2909 videantur,
2285 2846 2685 2912 praescribenda
2729 2856 2895 2914 sunt;
2930 2849 3361 2905 observandum-

1794 2945 1931 3000 que,
1968 2947 2097 2986 num
2147 2948 2273 2987 cum
2319 2935 2467 2989 omni
2518 2937 2924 3007 aequanimitate
2976 2940 3215 3010 seipsum
3261 2957 3359 2997 ceu

1795 3023 2104 3092 Operarium
2128 3025 2353 3093 pudoris
2373 3036 2647 3096 expertem
2677 3029 2783 3083 Deo
2798 3029 3068 3085 exhibeat.
3090 3031 3167 3103 (8)
3192 3030 3360 3086 Porro

1794 3112 2106 3183 quicunque
2162 3114 2304 3168 servi
2357 3114 2461 3170 sub
2517 3115 2646 3186 jugo
2702 3116 2946 3184 detenti,
2999 3119 3066 3173 ad
3127 3122 3358 3175 fratrum

1793 3213 2115 3259 conventum
2146 3203 2489 3275 confugiunt,
2517 3207 2780 3262 admoniti
2804 3216 2857 3263 et
2882 3210 3133 3267 meliores
3158 3210 3356 3278 eii'ecti,

1792 3291 1857 3343 ad
1890 3288 2142 3346 dominos
2194 3308 2325 3348 suos
2376 3295 2689 3350 remittendi
2744 3304 2907 3362 sunt,
2936 3298 3002 3353 ad
3052 3302 3356 3383 exemplum

1790 3381 1932 3434 beati
1988 3381 2163 3447 Pauli,
2215 3385 2309 3454 qui
2365 3400 2488 3438 cum
2546 3387 2829 3455 genuisset
2886 3388 3204 3444 Onesimum
3263 3381 3357 3460 per

1788 3472 2164 3544 Evangelium,
2199 3491 2321 3531 eum
2351 3477 2418 3531 ad
2455 3476 2832 3534 Philemonem
2861 3481 3073 3537 remisit
3101 3483 3170 3549 ³⁸,
3198 3484 3354 3537 alteri

1788 3568 2007 3637 quidem
2061 3570 2430 3640 persuadens,
2483 3573 2765 3627 servitutis
2795 3573 3017 3644 juguin,
3056 3575 3102 3630 si
3151 3574 3259 3636 ita,
3296 3584 3354 3628 ut

1785 3657 2018 3714 Domino
2070 3660 2283 3730 placet,
2334 3660 2567 3727 feratur,
2615 3664 2880 3718 caelorum
2941 3680 3108 3735 regno
3159 3666 3353 3736 dignos

1784 3751 2047 3819 reddere;
2099 3752 2328 3807 alterum
2376 3767 2505 3809 vero
2538 3754 2869 3821 exhortans,
2917 3764 2974 3810 ut
3020 3771 3128 3811 non
3176 3757 3351 3812 solum

1782 3843 1964 3899 minas
2011 3858 2172 3900 servo
2212 3845 2508 3901 intentatas
2556 3847 2875 3913 remitteret,
2906 3847 2982 3919 (9)
3029 3849 3124 3904 sed
3168 3851 3352 3904 animo

1781 3936 1945 3989 etiam
1976 3937 2216 4007 muiore
2241 3953 2371 4009 erga
2396 3938 2577 4008 ipsum
2609 3937 2935 3995 aﬂiceretur.
2963 3940 3071 3996 Sed
3098 3951 3278 3997 tamen
3305 3943 3350 3995 si

1781 4022 2038 4081 dominus
2087 4027 2371 4097 improbus
2421 4030 2525 4098 sit,
2573 4029 2667 4098 qui
2712 4030 2896 4100 aliqua
2946 4040 3133 4087 contra
3181 4034 3349 4103 legem

1780 4117 2133 4185 prmscribat,
2176 4119 2397 4189 vimque
2443 4135 2602 4175 servo
2629 4119 2827 4175 inferat
2850 4122 2917 4176 ad
2947 4123 3204 4178 mandata
3236 4127 3348 4180 veri

1780 4207 1897 4262 heri
1928 4216 1983 4263 et
2023 4208 2230 4263 domini
2262 4212 2439 4267 nostri
2482 4211 2613 4267 .Iesu
2645 4210 2849 4268 Christi
2883 4214 3156 4281 violanda,
3186 4230 3349 4271 cona-

1779 4305 1869 4353 tus
1898 4299 2056 4355 nobis
2081 4299 2424 4357 adhibendus
2456 4311 2561 4368 est,
2586 4313 2643 4358 ut
2668 4320 2736 4359 ne
2759 4319 2956 4359 nomen
2984 4304 3077 4360 Dei
3108 4306 3348 4376 blasphe-

1779 4394 1958 4442 metur
1988 4398 2206 4458 propter
2236 4405 2455 4446 servum
2491 4392 2667 4455 illum,
2700 4392 2748 4448 si
2788 4392 2919 4463 quid
2962 4392 3170 4458 fecerit,
3203 4394 3347 4463 quod

91 4455 173 4525 τῷ
209 4456 303 4510 τὸν
327 4456 511 4512 δοῦλον
544 4462 750 4517 ἐκεῖνον
778 4466 1203 4539 καταρτισθῆναι
1229 4469 1365 4538 πρὸς
1398 4472 1675 4544 ὑπομονὴν

1792 4478 1890 4535 Deo
1940 4455 2244 4551 displiceat.
2292 4483 2406 4537 Erit
2436 4480 2618 4539 autem
2665 4455 2895 4539 conaius
2943 4486 3263 4550 laudabilis,
3299 4487 3345 4540 si

93 4547 203 4600 τῶν
236 4551 645 4623 ἐπιφερομένων
669 4556 818 4627 αὐτῷ
843 4559 1204 4632 μαθημάτων,
1240 4562 1382 4635 ὑπὲρ
1402 4565 1497 4618 τοῦ
1522 4567 1677 4620 πειθ-

93 4640 335 4710 αρχῆσαι
381 4641 502 4713 Θεῷ
553 4645 752 4715 μᾶλλον
801 4649 834 4720 ἢ
881 4650 1155 4724 ἀνθρώπῳ
1183 4669 1198 4684 ·
1331 4656 1391 4708 ἐν
1428 4656 1506 4728 τῷ
1550 4660 1676 4722 τοὺς

94 4731 523 4803 ὑποδεχομένους
555 4737 910 4804 ἀναδέξασθαι
953 4732 1079 4808 τοὺς
1114 4745 1253 4818 ὑπὲρ
1282 4748 1447 4801 αὐτοῦ
1479 4752 1675 4817 ἐπαγο-

93 4823 288 4893 μένους
342 4827 528 4891 αὐτοῖς
553 4823 918 4901 ’πειρασμούς
952 4835 1091 4899 Τοὺς
1140 4838 1198 4889 ἐν
1226 4836 1455 4910 συζυγίᾳ
1489 4838 1546 4891 δὲ
1574 4839 1673 4909 γά-

94 4933 195 4984 μου
224 4916 452 4989 τοιούτῳ
484 4919 586 4989 βίῳ
623 4924 1097 4995 προσερχομένους
1128 4927 1512 4999 ἀνακρίνεσθαι
1542 4930 1668 5002 χρὴ,

89 5007 136 5060 εί
165 5007 234 5060 ἐκ
280 5009 596 5079 συμφωνίας
627 5011 786 5066 τοῦτο
816 5014 1068 5084 ποιοῦσι,
1102 5017 1243 5073 κατὰ
1276 5018 1376 5090 τὴν
1407 5019 1668 5095 διαταγὴν

170 5162 219 5192 ’⁵
247 5158 436 5219 Matth.
473 5178 551 5227 ιι,
575 5161 667 5220 28.
741 5166 787 5199 ³⁸
807 5164 1040 5237 Philem.
1071 5168 1159 5227 12.
1236 5170 1283 5203 ’⁷
1305 5171 1429 5226 Act.
1460 5190 1514 5240 ν,
1543 5172 1633 5229 29.

1784 4573 1870 4627 vel
1913 4589 2130 4628 servum
2176 4574 2330 4629 illum
2377 4576 2766 4634 conﬁrmemus
2811 4579 2877 4632 ad
2914 4578 3184 4648 implenda
3213 4595 3345 4634 con-

1782 4671 1990 4719 stanter
2037 4674 2343 4737 praecepta,
2383 4683 2505 4737 quae
2544 4669 2649 4738 ipsi
2684 4668 2938 4739 imposita
2964 4677 3112 4732 sunt,
3146 4677 3205 4723 ut
3239 4668 3345 4723 Dco

1780 4753 1953 4823 magis
1985 4753 2206 4809 obediat
2265 4770 2428 4824 quam
2480 4758 2689 4812 homini
2714 4759 2795 4824 '7;
2848 4757 2936 4812 vel
2978 4758 3049 4824 si,
3080 4758 3173 4828 qui
3220 4773 3343 4812 eum

1778 4844 2072 4913 recipiunt,
2106 4846 2287 4901 illatas
2332 4848 2436 4903 sibi
2483 4848 2657 4917 ipsius
2687 4863 2853 4904 causa
2880 4848 3209 4904 tentationes
3235 4865 3341 4903 non

1774 4944 2052 4990 recusent.
2079 4936 2191 5006 (l0)
2214 4939 2255 4991 li
2288 4954 2418 4994 vero
2447 4940 2539 5008 qui
2564 4939 2914 4995 matrimonio
2940 4942 3240 5010 conjuncti,
3274 4941 3343 4994 ad

1774 5023 2089 5093 hujusmodi
2121 5028 2241 5081 vitai
2263 5043 2436 5101 genus
2459 5032 2748 5096 accedunt,
2784 5030 3159 5104 interrogandi
3191 5040 3340 5097 sunt,

158 5313 722 5401 (1)7Aayl6drortac.
790 5319 1029 5394 Uterque
1072 5324 1244 5380 codex
1290 5326 1658 5399 λαμϐάνοντες

1792 5331 2163 5401 ιοιήσαντάτι.
2200 5332 2393 5389 Melius
2419 5333 2471 5388 in
2500 5343 2775 5390 contextu.

145 5399 338 5440 ernera
348 5404 393 5438 Ίι
408 5399 440 5440 l.

86 5383 440 5459 [perperam].
679 5383 694 5387 ⁷
938 5383 956 5394 ’
1363 5383 1375 5399 ³
1639 5383 1655 5393 ’

86 5524 100 5539 '
141 5456 446 5539 _(2)‘chr...
493 5458 897 5539 ἐπειγόμενον.
945 5461 1248 5535 Syntaxeos
1280 5467 1425 5523 ratio
1465 5476 1658 5539 postu-

85 5523 290 5600 Ιιιι,“τιῖ›
320 5523 867 5600 ὲᾼπειγομένιξλἘυιτ.

158 5595 237 5663 (5)
278 5595 528 5671 Αὑτορς,
563 5595 659 5651 καὶ
692 5601 1144 5671 βελτιωθέντας.
1189 5603 1313 5660 llaec
1359 5604 1541 5661 addita
1585 5625 1650 5667 ex

83 5672 339 5739 contextu
368 5673 423 5721 et
445 5666 609 5739 Regio
630 5672 842 5739 codice.

153 5734 231 5804 (4)
271 5734 577 5807 Ἐντολῆξι.
606 5737 746 5794 Editi
778 5741 979 5799 addunt
1002 5743 1135 5798 Θεοῦ
1155 5752 1203 5802 et
1238 5746 1398 5816 paulo
1430 5757 1551 5818 post
1575 5748 1650 5822 μὴ

1833 5403 1907 5472 (ὃ)
1945 5401 2018 5455 Ex
2043 5400 2266 5472 Regalis
2292 5406 2461 5471 fusius
2493 5408 2758 5471 tractatis,
2790 5405 2907 5461 152.

1832 5471 1907 5542 (6)
1939 5471 2100 5542 ibid,
2132 5471 2219 5525 δυ.

1832 5538 1906 5611 (7)
1937 5538 2095 5611 ξοδδ..
2124 5542 2248 5597 55:5.

1830 5612 1909 5678 (8)
1945 5610 2076 5666 Ibid.

1829 5682 1905 5749 (9)
1932 5681 2069 5735 Ibid.

1827 5751 1940 5821 (ιο)
1974 5751 2134 5817 Ibid,
2157 5750 2280 5807 est.
