3840 6226
489 317 628 371 “39

1367 307 1732 365 APPENDIX.
1762 335 1832 345 —
1860 301 2204 358 SYMEONIS
2241 292 2782 357 METAPHRASTE

3588 278 3729 332 11ιο

489 450 558 485 un
590 439 778 486 mutuo
806 446 1080 487 consensu
1106 430 1161 485 id
1191 428 1429 486 eﬂiciant
1457 445 1525 485 ex
1558 426 1804 498 Apostoli
1846 438 2051 494 praece-

2182 422 2244 476 οὗ
2292 417 2616 474 ’Δποστόλου
2640 456 2656 481 ,
2697 415 2791 468 καὶ
2815 411 2987 474 οὕτως
3018 407 3109 463 ἐπὶ
3143 405 3400 460 πλειόνων
3431 402 3733 474 μαρτύρων

492 531 616 592 pto,
663 523 851 592 sicque
883 522 980 592 qui
1026 521 1258 585 accedit,
1300 533 1484 574 coram
1520 518 1768 589 pluribus
1818 515 2050 570 testibus

491 613 836 683 recipiendus
886 620 990 668 est.
1049 611 1204 678 Quod
1257 611 1306 667 si
1348 609 1634 666 dissentiat
1683 607 1853 662 altera
1902 619 2051 675 pars,

491 713 894 774 repugnetque,
926 703 1070 775 quod
1118 706 1300 759 minus
1355 701 1589 758 sollicita
1640 701 1732 764 sit,
1783 699 2055 770 quomodo

492 796 703 861 placeat
726 792 857 856 Deo,
892 795 947 847 in
983 800 1220 848 mentem
1250 791 1434 846 veniat
1463 789 1729 858 Apostoli,
1761 789 1854 858 qui
1881 786 2052 842 dicit:

2151 513 2399 585 δέχεσθαι
2451 513 2542 566 τὸν
2589 507 3047 580 προσερχόμενον.
3100 504 3164 556 El
3218 501 3275 554 δὲ
3333 497 3630 559 στασιάζοι
3682 495 3735 546 τὸ

2152 607 2340 681 ἕτερον
2380 603 2542 675 μέρος
2567 602 2663 656 καὶ
2693 598 3043 668 διαμάχοιτο,
3073 594 3293 647 έλαττον
3320 586 3618 660 φροντίζον
3643 586 3735 654 τῆς

2156 680 2295 766 πρὸς
2325 695 2457 748 Θεὸν
2488 691 2930 764 εὐαρεστήσεως,
2963 683 3384 757 μνημονευέσθω
3407 682 3438 734 ό
3481 680 3738 732 ’Δτι-όστο-

2155 787 2246 848 λος
2277 785 2479 854 λέγων·
2520 785 2616 835 Ἐν
2645 781 2713 833 δὲ
2730 778 2935 849 εἰρήνῃ
2973 777 3274 843 κέκληκεν
3303 769 3460 840 ἡμᾶς
3495 772 3527 822 ὀ
3570 769 3734 830 Θεός.

493 858 561 938 lu
601 901 728 952 pace
761 897 936 938 autem
980 884 1180 938 vocavit
1214 899 1310 937 nos
1340 881 1480 936 Deus
1509 883 1575 934 ³⁸.
1607 880 1686 949 (1)
1718 877 1852 934 Eum
1892 877 2058 950 igitur

2181 881 2262 934 Γὸν
2289 879 2469 932 τοίνυν
2494 875 2846 946 ὲξερχόμενον
2883 869 2990 924 ἀπὸ
3029 868 3140 921 τῶν
3188 866 3331 918 ἰδίων
3351 903 3368 927 ,
3400 859 3601 930 σκοπῷ
3649 858 3736 909 τοῦ

493 974 588 1042 qui
639 974 846 1028 relictis
894 973 1009 1028 suis
1047 972 1333 1026 Dominum
1379 970 1534 1041 sequi
1580 969 1835 1032 instituit,
1867 969 1934 1024 de
1968 968 2055 1032 iis,

493 1082 613 1135 quae
640 1073 886 1136 spectant
911 1065 978 1119 ad
1003 1079 1135 1134 opes
1163 1078 1315 1126 suas,
1351 1077 1462 1116 non
1489 1069 1702 1132 oportet
1727 1075 1851 1115 esse
1886 1057 2060 1128 negli—

496 1165 742 1228 gentem;
774 1157 870 1213 sed
903 1157 1034 1212 illud
1069 1169 1286 1218 curare,
1319 1165 1378 1208 ut
1407 1154 1587 1209 omnia
1622 1158 1879 1207 accurate
1903 1149 2064 1206 colli-

499 1265 654 1319 gens,
688 1248 801 1318 jam
845 1257 1104 1320 tanquam
1139 1246 1369 1301 Domino
1397 1251 1717 1299 consecrata
1758 1256 1882 1297 cum
1912 1239 2061 1296 omni

499 1341 698 1409 pietate
721 1339 1036 1404 distribuat,
1061 1344 1154 1391 aut
1185 1351 1280 1406 per
1309 1335 1570 1404 seipsum,
1603 1334 1649 1389 si
1675 1341 1878 1404 potest,
1903 1331 2064 1400 eique

495 1432 623 1485 licet
669 1444 766 1498 per
816 1426 1244 1498 experientiam,
1286 1431 1379 1478 aut
1410 1438 1506 1491 per
1547 1421 1719 1486 alios,
1770 1419 1864 1490 qui
1893 1419 2065 1472 multo

498 1536 622 1574 cum
649 1519 902 1574 examine
926 1517 1120 1572 delecti
1145 1516 1290 1580 sint,
1327 1514 1527 1584 quippe
1566 1511 1727 1568 editis
1753 1509 2066 1581 specimini-

501 1611 605 1666 bus
634 1610 978 1666 ostenderint
1005 1624 1064 1663 se
1088 1622 1180 1662 eas
1207 1605 1434 1661 ﬁdeliter
1461 1603 1867 1675 prudenterque
1886 1600 2067 1656 distri-

501 1703 667 1757 buere
696 1716 880 1772 posse,
909 1715 1032 1754 cum
1070 1699 1212 1754 scire
1249 1698 1441 1753 debeat
1471 1696 1616 1766 ipsas
1642 1708 1750 1749 non
1775 1695 1893 1748 sine
1916 1692 2065 1763 peri-

2159 970 2522 1040 ἀκολουθῆσαι
2579 965 2659 1037 τῷ
2710 963 2932 1035 Κυρίῳ,
2979 962 3042 1013 οὐ
3090 959 3195 1030 χρὴ
3247 949 3738 1024 καταφρονητικῶς

2161 1061 2430 1134 περὶτῶν
2469 1057 2829 1128 διαφερόντων
2855 1051 3003 1122 αὐτῷ
3046 1047 3385 1104 διακεῖσθαι·
3435 1043 3581 1098 ἀλλὰ
3621 1059 3738 1093 πει-

2164 1133 2361 1222 ρᾶσθαι
2407 1150 2584 1203 πάδτα
2621 1145 2758 1218 μετά
2783 1143 3068 1216 ἀκριϐείας
3108 1138 3373 1203 λαϐόντα,
3403 1135 3480 1198 ὡς
3511 1133 3599 1202 τῷ
3634 1135 3740 1186 Κυ-

2166 1244 2264 1316 ρίῳ
2292 1241 2476 1296 λοιπὸν
2514 1235 2898 1308 ἀφιερωμένα,
2935 1231 3073 1304 μετά
3106 1229 3287 1300 πάσης
3325 1224 3624 1286 εὐλαϐείας
3671 1223 3744 1274 oi-

2163 1315 2414 1406 κονομεῖν
2435 1373 2449 1397 ,
2487 1331 2521 1402 ἢ
2563 1331 2628 1384 δι’
2655 1327 2847 1382 ἑαυτοῦ
2867 1367 2882 1391 ,
2915 1325 3010 1378 ὲάν
3037 1321 3276 1382 δυνατῶς
3310 1319 3407 1372 καὶ
3456 1315 3743 1386 ἐμπείρως

2165 1427 2299 1498 ἔχῃ,
2333 1426 2366 1497 ἦ
2405 1424 2492 1478 διά
2538 1423 2646 1476 τῶν
2681 1419 2818 1493 μετά
2853 1415 3172 1487 δοκιμασίας
3216 1411 3417 1480 πολλῆς
3468 1406 3744 1473 Emisere“;-

2164 1534 2273 1570 των
2293 1555 2308 1580 ,
2337 1514 2433 1568 καὶ
2461 1510 2736 1575 ἀπόδειξιν
2768 1507 3076 1562 δεδωκότων
3115 1502 3209 1558 τοῦ
3242 1498 3503 1554 δύνασθαι
3533 1495 3743 1556 πιστῶς

2167 1605 2263 1660 καὶ
2293 1603 2567 1675 φρονίμως
2597 1602 2928 1671 οἰκονομεῖνο
2969 1597 3143 1650 εἰδότα
3167 1636 3183 1660 ,
3229 1595 3311 1646 ὅτι
3335 1592 3436 1644 οὐκ
3464 1586 3744 1642 ἀκίνδυνόν

2169 1699 2318 1750 ἐστιν
2351 1693 2475 1748 οὐτε
2495 1693 2558 1746 τὸ
2588 1693 2944 1764 προσαφεῖναι
2972 1690 3082 1751 τοῖς
3117 1685 3335 1746 οἰκείοις
3362 1723 3378 1748 ,
3415 1681 3544 1735 οὔτε
3574 1681 3640 1732 τὸ
3665 1677 3745 1730 διὰ

499 1791 622 1845 culo
654 1771 748 1845 aut
799 1789 1120 1861 propinquis
1172 1786 1430 1858 relinqui,
1463 1796 1556 1840 aut
1601 1800 1632 1840 a
1678 1784 1872 1855 quovis
1903 1783 2066 1838 obvio

2181 1786 2263 1841 τοῦ
2299 1785 2555 1857 τυχόντος
2580 1783 2953 1853 οἰκονομῆσαι.
2992 1781 3055 1833 Et
3089 1778 3197 1849 γὰρ
3234 1779 3264 1830 ὁ
3302 1773 3560 1847 φροντίδα
3594 1771 3746 1842 βασι-

498 1882 776 1939 distribui.
809 1881 1018 1936 Etenim
1059 1882 1106 1936 si
1137 1882 1207 1946 is,
1235 1880 1324 1935 cui
1359 1893 1493 1934 cura
1539 1876 1815 1948 regiarum
1849 1889 2068 1946 posses-

501 1976 719 2030 sionum
755 1975 1048 2030 commissa
1069 2013 1083 2037 ,
1117 1973 1332 2028 etiamsi
1365 1986 1508 2041 saepe
1539 1970 1676 2026 nihil
1705 1966 2072 2024 intervenerit

500 2082 565 2121 ex
610 2066 678 2122 iis
723 2081 845 2137 quae
897 2066 954 2119 in
995 2066 1248 2120 manibus
1289 2064 1557 2130 habebat,
1604 2061 1701 2118 sed
1742 2060 2072 2133 negligentia

501 2159 684 2228 aliqua
710 2155 1012 2229 prodiderit
1036 2172 1157 2228 qua:
1191 2157 1406 2227 acquiri
1445 2161 1732 2226 poterant,
1771 2167 1804 2206 a
1841 2152 2072 2206 crimine

502 2267 611 2305 non
661 2250 966 2306 absolvitur
1001 2269 1014 2304 :
1047 2250 1262 2320 qualem
1301 2247 1728 2318 exspectandum
1775 2254 1859 2301 est
1891 2245 1962 2299 ob
2007 2259 2072 2300 ea

501 2356 624 2411 quae
673 2339 787 2410 jam
847 2338 1080 2395 Domino
1139 2339 1322 2411 dicata
1377 2346 1507 2395 sunt
1562 2337 2072 2393 condemnationem

502 2433 834 2498 subiturum,
861 2433 956 2504 qui
978 2433 1034 2486 in
1061 2432 1142 2488 eis
1169 2430 1618 2487 administrandis
1652 2431 1843 2502 ignave
1875 2444 1941 2483 ac
1973 2443 2072 2482 ne-

502 2529 770 2598 gligenter
797 2541 857 2582 se
884 2525 1156 2597 gesserit?
1863 2514 1867 2519 ’

572 2639 628 2694 4.
672 2638 750 2710 (2)
779 2635 1044 2694 Secessus
1073 2645 1253 2692 autem
1281 2650 1312 2689 a
1340 2635 1563 2698 mundo,
1595 2649 1705 2689 non
1729 2643 1815 2690 est
1844 2648 2078 2705 corpcre

505 2741 660 2784 cura
687 2730 866 2800 ipsum
895 2744 1017 2785 esse
1037 2769 1052 2792 ,
1085 2727 1180 2784 sed
1213 2728 1450 2782 animam
1481 2726 1550 2781 ab
1576 2725 1922 2781 aﬂ‘ectionum
1953 2741 2078 2780 cum

507 2835 737 2891 corpore
761 2822 1125 2876 consensione
1148 2820 1399 2881 avellere,
1438 2833 1502 2873 ac
1531 2818 1652 2874 sine
1680 2819 1899 2872 civitate
1930 2832 2074 2881 esse,

508 2912 628 2967 sine
669 2913 866 2980 domo,
911 2913 1031 2968 sine
1077 2911 1316 2982 propriis
1360 2910 1548 2975 rebus,
1604 2913 1722 2964 sine
1778 2911 2078 2964 amicorum

508 3005 804 3069 societate,
841 3004 960 3060 sine
1007 3002 1483 3074 possessionibus,
1537 3003 1658 3056 sine
1707 3002 1872 3056 rebus
1903 3002 1968 3055 ad
2002 3001 2082 3056 vi-

509 3106 660 3151 ctum
699 3097 1050 3157 necessariis,
1082 3095 1202 3150 sine
1242 3096 1496 3166 negotiis,
1526 3095 1706 3149 nullas
1740 3109 1828 3149 res
1859 3101 2079 3148 contra-
2107 3122 2150 3179 ο

510 3189 764 3255 heutem,
811 3188 1175 3243 humanarum
1223 3186 1389 3259 480
1425 3186 1839 3257 disciplinarum
1888 3200 2082 3255 exper-

511 3288 642 3346 tem,
674 3287 928 3352 paratum
953 3280 1020 3334 ad
1043 3280 1424 3350 suscipiendas
1447 3278 1614 3333 corde
1643 3276 2080 3338 inlormationes,

512 3388 633 3443 quae
654 3388 719 3428 ex
751 3371 1001 3427 doctrina
1027 3371 1212 3426 divina
1239 3372 1536 3426 ducuntur.
1563 3369 1659 3424 Est
1687 3377 1868 3424 autem
1900 3367 2084 3423 cordis

513 3463 874 3533 praeparatio,
907 3463 1359 3517 documentorum
1396 3476 1461 3517 ex
1491 3475 1656 3530 prava
1689 3459 2088 3514 consuetudine

513 3555 650 3609 illud
681 3554 1178 3625 praeoccupantium
1201 3553 1425 3608 oblivio.
1460 3553 1539 3623 (5)
1586 3553 1764 3621 Atque
1795 3550 1926 3605 illud
1959 3549 2084 3620 qui-

515 3647 639 3702 dem
687 3647 742 3702 in
790 3647 984 3718 primis
1034 3646 1244 3700 homini
1292 3644 1463 3700 Deum
1499 3644 1704 3698 amanti
1753 3641 1935 3698 studio
1965 3656 2088 3696 esse

515 3738 697 3805 debet,
731 3753 984 3793 sermone
1005 3752 1112 3792 non
1141 3737 1334 3791 inscite
1361 3735 1460 3801 uti,
1490 3735 1584 3791 sed
1612 3733 1949 3804 inlerrogare
1971 3731 2089 3786 sine

517 3828 763 3901 litigandi
796 3829 1009 3894 studio,
1059 3827 1391 3898 respondere
1425 3827 1545 3880 sine
1595 3824 1930 3888 ambitione,
1979 3837 2089 3876 non

517 3921 872 3990 interpellare
900 3920 1288 3983 disserentem,
1319 3919 1367 3975 si
1392 3918 1524 3988 quid
1555 3917 1702 3971 dicat
1735 3915 1886 3978 utile,
1912 3928 2091 3983 neque

519 4013 780 4082 cupidum
815 4028 938 4068 esse
967 4011 1175 4082 proprii
1200 4010 1474 4066 sermonis
1505 4006 1890 4063 ostentationis
1919 4019 2090 4059 causa

520 4105 910 4170 interserendi,
945 4104 1168 4158 modum
1209 4111 1397 4158 tenere
1426 4101 1684 4171 loquendi
1711 4108 1764 4154 et
1793 4097 2087 4152 audiendi:

518 4199 734 4252 discere
774 4197 941 4252 etiam
979 4196 1097 4251 sine
1127 4193 1454 4250 verecundia
1476 4231 1492 4256 ,
1529 4191 1729 4246 docere
1772 4189 2090 4252 liberaliter,

520 4306 624 4345 nec
655 4290 936 4344 occultare
981 4288 1030 4343 si
1061 4287 1189 4358 quid
1243 4287 1310 4340 ab
1342 4285 1451 4339 alio
1485 4282 1772 4346 didiceris,
1804 4282 1954 4336 velut
1987 4280 2093 4333 im-

521 4382 708 4452 probae
747 4382 1006 4434 mulieres
1040 4377 1223 4432 facere
1252 4377 1450 4441 solent,
1490 4389 1612 4446 qua:
1644 4374 1864 4444 spurios
1896 4379 2088 4443 partus

2169 1879 2337 1933 λικῶν
2387 1876 2682 1948 κτημάτων
2724 1872 3122 1944 ἐγχειρισθεὶς,
3156 1867 3256 1922 κᾶν
3304 1866 3378 1938 μὴ
3422 1865 3748 1933 νοσφίσηται

2170 1967 2429 2032 πολλάκις
2465 1968 2530 2019 ἐκ
2564 1963 2674 2017 τῶν
2719 1962 2985 2033 ἑτοίμων,
3027 1959 3254 2030 ἀμελείᾳ
3299 1956 3357 2009 δέ
3407 1972 3518 2008 τινι
3575 1969 3749 2006 κατα-

2171 2061 2354 2136 προδῷ
2384 2061 2454 2114 τά
2491 2057 2897 2131 προσκτηθῆναι
2947 2054 3217 2123 δυνάμενα
3240 2092 3256 2116 ,
3309 2050 3410 2102 οὐκ
3450 2045 3753 2100 ἀπολύεται

2170 2155 2266 2208 τοῦ
2296 2152 2672 2222 ἐγκλήματοςο
2702 2148 2823 2203 τίνα
2864 2147 2971 2218 χρὴ
3014 2143 3318 2217 προσδοκᾷν
3349 2140 3443 2192 ἐπὶ
3485 2137 3600 2191 τῶν
3655 2137 3752 2206 ἥδη

2172 2241 2683 2316 κατονομασθέντων
2733 2238 2813 2309 τῷ
2851 2237 3042 2309 Κυρίῳ
3095 2235 3197 2306 τὴν
3248 2232 3580 2301 κατάκρισιν
3628 2230 3754 2281 ὐπο-

2175 2335 2468 2408 στήσεσθαι
2493 2374 2508 2399 ,
2551 2333 2644 2386 τὸν
2685 2330 2900 2402 χαύνως
2951 2329 3048 2381 καὶ
3085 2325 3445 2398 ἠμελημένως
3475 2321 3755 2376 διατεθέν-

2173 2447 2241 2482 τα
2271 2427 2347 2500 (4)
2388 2426 2524 2498 πρὸς
2557 2424 2655 2495 τὴν
2684 2421 2888 2476 τούτων
2920 2419 3221 2490 διοίκησιν;

2246 2629 2300 2684 4.
2333 2626 2557 2698 Κόσμου
2603 2625 2660 2678 δὲ
2710 2619 3093 2693 ἀναχώρησις,
3139 2617 3260 2688 οὐχὶ
3297 2633 3402 2681 εςω
3451 2612 3628 2667 αὐτοῦ
3679 2630 3760 2681 γε-

2177 2720 2363 2776 νέσθαι
2389 2717 2746 2789 σωματικῶς,
2775 2713 2912 2769 ἀλλά
2937 2712 3036 2782 τῆς
3081 2710 3217 2781 πρὸς
3248 2709 3308 2761 τὺ
3338 2707 3500 2777 σῶμα
3543 2722 3760 2775 συμπα-

2180 2814 2329 2876 θείας
2379 2811 2476 2882 τὴν
2517 2807 2693 2880 ψυχὴν
2722 2803 3068 2878 ἀπορρῆξαι,
3109 2801 3202 2855 καὶ
3249 2797 3506 2868 γενέσθαι
3541 2797 3757 2857 ἄπολιν,

2179 2906 2362 2960 ἄοικον
2391 2941 2407 2966 ,
2460 2900 2698 2965 ἀνίδιον,
2760 2895 3109 2965 ἀφιλέταιρον
3137 2931 3152 2956 ,
3206 2890 3492 2958 ἀκτήμονα
3527 2926 3543 2950 ,
3585 2886 3757 2945 ἅδιον,

2181 2995 2541 3068 ἀπράγμονα,
2578 2988 2982 3044 ἀσυνάλλακτον
3002 3026 3016 3051 ,
3047 2982 3237 3055 ἀμαθῆ
3269 2981 3379 3033 τῶν
3400 2979 3758 3050 ἀνθρωπίνων

2181 3085 2525 3158 διδαγμάτων
2545 3100 2559 3114 ·
2587 3082 2801 3152 ἕτοιμον
2845 3073 3201 3139 ὐποδέξασθαι
3235 3075 3301 3142 τῇ
3335 3070 3535 3141 καρδίᾳ
3574 3068 3677 3130 τὰς
3704 3069 3760 3118 ἐι

2182 3180 2282 3250 τῆς
2334 3178 2484 3240 θείας
2540 3171 2887 3234 διδασκαλίας
2945 3165 3302 3236 ἐγγινομένας
3353 3160 3754 3221 διατυπώσεις·

2192 3268 2512 3340 Ἐτοιμασία
2539 3266 2596 3319 δὲ
2629 3263 2883 3336 καρδίας,
2913 3262 2947 3332 ἡ
2980 3256 3328 3329 ἀπομάθησις
3358 3254 3468 3306 τῶν
3497 3254 3567 3305 ὲκ
3599 3267 3759 3319 πονη-

2188 3363 2286 3432 ρᾶς
2325 3357 2612 3429 συνηθείας
2653 3351 3142 3426 προκατασχόντων
3179 3346 3347 3418 αὐτὴν
3391 3344 3758 3413 διδαγμάτων.

2183 3451 2407 3524 Πρῶτόν
2457 3467 2522 3518 γε
2555 3447 2771 3502 πάντων
2792 3486 2808 3512 ,
2851 3439 3170 3505 σπουδάζειν
3199 3439 3470 3511 προσήκει
3495 3435 3595 3487 τὸν
3629 3433 3760 3503 φιλό-

2187 3545 2307 3598 θεον
2335 3542 2503 3613 άνδρα
2536 3539 2666 3610 περὶ
2712 3536 2811 3608 τὴν
2847 3533 2941 3587 τοῦ
2983 3533 3144 3601 λόγου
3191 3531 3388 3600 χρῆσιν
3423 3528 3498 3598 μὴ
3539 3524 3760 3596 ἀμαθῶς

2187 3633 2360 3703 ἔχειν,
2400 3630 2512 3684 ἀλλ’
2559 3628 2770 3700 ἐρωτᾷν
2814 3625 2910 3697 μὲν
2949 3621 3340 3692 ἀφιλονείκως,
3372 3614 3760 3687 ἀποκρίνεσθαι

2187 3726 2244 3778 δὲ
2270 3723 2606 3793 ἀφιλοτίμως
2628 3760 2642 3784 ,
2688 3719 2762 3789 μὴ
2791 3716 3147 3770 διακόπτοντα
3169 3711 3261 3764 τὸν
3303 3707 3762 3781 προσδιαλεγόμε-

2188 3835 2311 3884 νον,
2352 3817 2478 3868 ὂταν
2505 3830 2557 3865 τι
2593 3813 2863 3882 χρήσιμον
2895 3806 3025 3876 λέγῃ
3050 3845 3064 3870 ,
3107 3803 3238 3875 μηδὲ
3270 3799 3648 3870 ἐπιθυμοῦντα
3686 3799 3766 3848 τὸυ

2193 3905 2386 3961 ἑαυτοῦ
2429 3904 2586 3973 λόγον
2620 3897 2999 3960 ἐπιδεικτικῶς
3051 3894 3379 3965 ὲμὸάλλειν,
3439 3891 3621 3962 μέτρα
3668 3888 3762 3959 ὁρί-

2192 3999 2354 4064 ζοντα
2381 3997 2524 4066 λόγῳ
2565 3995 2660 4047 καὶ
2687 3994 2824 4062 ἀκοῇ
2845 4007 2858 4020 ο
2893 3987 3184 4060 μανθάνειν
3220 3985 3276 4039 δὲ
3301 3983 3772 4054 ἀνεπαισχὺντωςν

2192 4092 2287 4144 καὶ
2322 4088 2590 4142 διδάσκειν
2635 4081 3035 4151 ἀνεπιφθόνως,
3084 4080 3180 4132 καὶ
3225 4077 3280 4130 εἴ
3319 4093 3373 4128 τι
3426 4075 3560 4144 παρ’
3592 4075 3773 4143 ἐτέρου

2192 4181 2496 4236 δεδίδακται
2520 4219 2535 4243 ,
2573 4177 2647 4250 μὴ
2681 4174 3164 4246 ἀποκρυπτόμενον
3189 4212 3202 4235 ,
3234 4169 3311 4232 ὡς
3347 4170 3402 4221 αἱ
3435 4166 3649 4235 φαῦλαι
3678 4165 3776 4216 τῶν

2194 4272 2467 4343 γυναικῶν
2505 4272 2562 4324 αἱ
2596 4268 2667 4322 τά
2707 4265 2839 4322 νόθα
2877 4263 3314 4332 ὐποδαλλόμεναι
3339 4277 3352 4289 ·
3389 4257 3532 4311 ἀλλά
3582 4257 3776 4328 κηρύτ-

2197 4383 2312 4419 σειν
2347 4361 2706 4434 εὐγνωμόνως
2752 4359 2844 4412 τὸν
2898 4356 3112 4425 πατέρα
3163 4353 3258 4406 τοῦ
3305 4352 3488 4418 λόγου.
3518 4350 3694 4412 Τόνος
3728 4347 3777 4398 δὲ

521 4471 860 4540 subjiciunt;
912 4469 1006 4524 sed
1053 4475 1209 4538 grato
1267 4469 1451 4522 animo
1506 4441 1786 4535 parentem
1832 4441 2078 4519 doctrina

2198 4458 2381 4528 φωνῆς
2431 4457 2459 4508 ὁ
2513 4455 2675 4527 μέσος
2720 4448 3118 4523 προτιμητέος,
3149 4446 3225 4508 ὡς
3282 4445 3422 4515 μήτε
3460 4441 3778 4510 διαφεύγειν

521 4563 842 4635 praedicare.
868 4560 1033 4616 Vocis
1055 4575 1184 4616 vero
1216 4574 1384 4614 sonus
1410 4557 1703 4612 mediocris
1725 4556 2097 4626 praeferendus

522 4666 629 4717 est,
655 4665 715 4709 ut
745 4669 847 4710 nec
871 4653 1066 4709 exiliur
1093 4651 1339 4706 auditum
1368 4647 1757 4720 praeterfugiat,
1789 4661 1890 4701 nec
1927 4647 2098 4701 nimia

525 4747 877 4802 contentione
925 4745 1270 4814 importunus
1303 4741 1394 4796 sit.
1436 4737 1865 4809 Expendendum
1916 4747 2098 4792 tecum

525 4843 680 4911 prius
711 4839 844 4909 quid
876 4837 1125 4892 dicturus
1150 4835 1248 4900 sis,
1273 4841 1436 4902 atque
1467 4831 1543 4885 ita
1568 4833 1788 4885 demum
1823 4828 2096 4884 edendum

522 4941 577 4987 et
613 4931 965 5002 vulgandum.
1013 4926 1356 4982 Adeuntibus
1389 4922 1656 4978 aﬂ'abilem
1687 4936 1812 4977 esse
1855 4927 2096 4990 oportet,

525 5036 691 5097 atque
716 5027 772 5080 in
795 5023 1086 5094 colloquiis
1117 5036 1378 5086 suavem;
1416 5033 1517 5073 nec
1539 5018 1869 5086 voluptatem
1905 5013 2097 5068 facetis

527 5117 875 5172 sermonibus
923 5113 1220 5183 aucupari,
1281 5111 1376 5165 sed
1423 5108 1658 5179 benigna
1715 5105 2100 5161 adhortatione

525 5209 806 5264 lenitatem
839 5208 1106 5263 obtinere.
1157 5203 1372 5274 Ubique
1414 5201 1682 5271 asperitas
1707 5241 1722 5266 ,
1751 5197 1970 5253 etiamsi
2001 5197 2102 5251 ob-

506 5302 860 5372 'jurgandum
904 5302 1006 5368 sit,
1045 5299 1364 5370 rejicienda.
1410 5294 1545 5350 Nam
1581 5294 1675 5364 qui
1718 5293 1868 5363 prior
1900 5305 1959 5346 se
1987 5292 2102 5360 ipse

497 5480 505 5546 ἶ
596 5477 642 5510 ³³
666 5476 682 5528 l
707 5478 832 5531 Cor.
860 5491 958 5540 vn,
985 5477 1070 5530 l5.

501 5595 510 5676 ἶ
602 5637 678 5696 (υ
713 5635 787 5688 Ἐκ
831 5635 1039 5702 "Mulis
1077 5636 1244 5702 fusius
1284 5633 1547 5698 tractatis,
1592 5629 1716 5687 δὸτι,

461 5714 473 5723 ⁸
603 5707 678 5777 (2)
719 5705 793 5759 Ex
829 5717 985 5775 epist.
1021 5723 1075 5768 ιι,
1117 5706 1200 5757 71.

2195 4551 2293 4622 τὴν
2340 4549 2508 4620 ἀκοὴν
2558 4546 2664 4599 ὐπὸ
2704 4543 3104 4615 σμικρότητος,
3148 4539 3286 4608 μήτε
3333 4536 3598 4608 φορτικὸν
3651 4531 3778 4586 εἶναι

2195 4643 2273 4714 τῷ
2306 4641 2524 4714 μεγέθει
2567 4640 2665 4709 τῆς
2687 4637 2986 4697 διατάσεως
3010 4650 3024 4664 °
3063 4630 3503 4703 προεξετάσαντα
3555 4631 3621 4681 ἐν
3668 4630 3776 4680 ἐαυ-

2195 4734 2273 4804 τῷ
2323 4733 2386 4785 τὸ
2423 4729 2830 4803 ῥηθησόμενον,
2887 4724 3030 4777 οὕτω
3075 4719 3422 4791 δημοσιεύειν
3469 4718 3571 4771 τὸν
3607 4719 3775 4785 λόγον.

2197 4823 2617 4895 Εὐπροσήγορον
2655 4821 2711 4872 ἐν
2757 4820 2878 4880 ταῖς
2931 4813 3242 4878 ἐντεύξεσι,
3292 4811 3500 4879 γλυκὺν
3558 4814 3620 4864 έν
3669 4811 3776 4869 ταῖς

2197 4914 2438 4987 ὁμιλίαις
2460 4930 2475 4944 ο
2505 4914 2567 4966 οὐ
2595 4909 2684 4964 διὰ
2702 4911 2799 4980 τῆς
2823 4905 3185 4979 εὐτραπελίας
3213 4903 3276 4956 τὸ
3303 4903 3403 4975 ἡδὺ
3441 4903 3775 4975 θηρώμενον,

2199 5009 2336 5063 ἀλλά
2385 5007 2472 5060 διὰ
2509 5006 2606 5073 τῆς
2656 5001 2918 5074 εὐμενοῦς
2951 4998 3352 5072 παρακλήσεως
3402 4998 3465 5049 τὸ
3514 4997 3776 5068 «pone;

2201 5101 2395 5172 ἔχοντα
2418 5115 2432 5130 ⁶
2465 5095 2742 5168 πανταχοῦ
2800 5095 2860 5147 τὸ
2897 5094 3070 5166 τραχὺ
3091 5132 3106 5157 ,
3152 5090 3254 5144 κᾶν
3307 5090 3643 5160 ἐπιτιμῆσαι
3674 5090 3776 5154 δέῃ.

2204 5190 2614 5260 ἀπωθούμενον.
2647 5183 3088 5260 Προκαταὸαλὼν
3124 5182 3233 5254 γὰρ
3253 5182 3450 5235 ἑαυτὸν
3488 5181 3584 5234 διὰ
3613 5198 3776 5232 ταπει-

2205 5283 2542 5357 νοφροσύνης
2563 5327 2578 5353 ,
2607 5281 2779 5345 οὕτως
2811 5278 3213 5351 εὐπαράδεκτος
3246 5275 3403 5329 ἔσται
3436 5274 3516 5345 τῷ
3553 5273 3741 5343 δεομὲε

2279 5620 2354 5686 (3)
2397 5618 2552 5674 unm.
2584 5617 2668 5671 τε.

2282 5677 2356 5760 (Α)
2388 5687 2749 5743 Διατεϐἐνπα.
2788 5683 3023 5755 Uterque
3056 5680 3223 5738 codex
3260 5681 3288 5732 ὁ
3324 5677 3610 5740 διατεξὴες.
