3840 6226
162 279 288 335 iis]

970 270 1203 328 SERMO
1244 268 1305 325 ll.
1348 298 1413 308 -
1450 267 1537 322 DE
1579 260 1927 320 DOC'IRINA
1969 260 2056 317 ET
2096 258 2589 318 ΔΒΜΟΝΙΉΟΝΕ.

3269 254 3411 310 Ill?

155 394 257 463 τῆς
298 389 613 464 θεραπείας.
655 386 921 449 Πολλάκις
975 386 1033 439 δέ
1066 387 1337 456 χρήσιμος
1375 384 1506 452 ἡμῖν
1562 380 1657 432 καὶ
1710 378 1738 431 ό

1855 391 1937 445 ρει·
1978 374 2343 430 humilitatem
2389 370 2673 443 abiecerit,
2704 368 2806 425 hoc
2833 374 2994 440 pacto
3021 366 3094 431 ei,
3124 367 3215 422 cui
3243 383 3407 422 cura-

157 485 254 539 τοῦ
282 486 559 556 προφήτου
595 481 794 553 τρόπος
820 480 917 549 τῆς
946 477 1286 548 ἐπιπλήξεως
1312 493 1325 506 ·
1363 474 1423 538 ὃς
1463 473 1543 545 τῷ
1574 472 1736 525 Δαϐὶδ

158 577 492 650 ἁμαρτόντι,
531 575 592 628 οὐ
640 575 770 646 παρ’
795 571 991 627 ἐαυτοῦ
1046 571 1294 641 ἐπήγαγε
1341 568 1432 620 τὸν
1477 568 1601 638 ὅρον
1638 566 1736 636 τῆς

160 672 459 744 καταδίκης
485 713 500 737 ,
553 671 665 726 ἀλλ’
724 669 959 740 ὑποδολῇ
1016 665 1307 738 προσώπου
1356 661 1733 734 χρησάμενος,

159 764 328 819 αὑτὸν
366 764 573 817 ἐκεῖνον
620 760 714 815 τοῦ
756 761 888 814 ἰδίου
932 759 1191 830 δικαστὴν
1219 757 1471 810 ἐκάθισεν
1498 754 1739 825 ἁμαρτή-

162 871 334 926 ματος
369 870 382 883 ·
433 853 574 907 ὥστε
626 853 787 906 αὑτὸν
843 851 964 905 καθ’
1017 849 1205 904 ἐαυτοῦ
1276 844 1737 919 προεξενεγκόντα

158 946 260 1018 τὴν
308 946 528 1019 κρίσιν,
586 946 752 1017 μηδὲν
803 943 1220 1015 ἐπιμέμψασθαι
1274 940 1364 996 τὸν
1417 934 1765 1007 ἐλέγξαντα.’

172 1039 362 1102 Ὀλκὸς
394 1038 489 1109 μὲν
515 1037 624 1109 γὰρ
649 1036 838 1101 ὓδατος
869 1035 1107 1089 δείκνυσι
1147 1034 1248 1106 τὴν
1283 1033 1489 1088 οἰκείαν
1530 1030 1735 1101 πηγὴν,

158 1129 323 1199 λόγου
374 1129 431 1182 δὲ
478 1128 637 1198 φύσις
686 1129 784 1199 τὴν
829 1125 1268 1198 προενεγκοὼαν
1298 1123 1468 1176 αὐτὸν
1514 1121 1738 1190 καρδίαν

161 1220 580 1296 χαρακτηρίζει.

236 1395 289 1450 5.
319 1394 430 1450 Καὶ
466 1393 656 1467 ὥσπερ
683 1395 778 1447 ἐπὶ
805 1393 913 1447 τῶν
948 1391 1209 1466 ἰατρικῶν
1242 1389 1737 1464 παραγγελμάτων,

161 1486 292 1540 ὅταν
336 1486 604 1557 εὐστόχως
638 1486 732 1539 καὶ
776 1485 918 1539 κατὰ
955 1485 1112 1552 λόγον
1149 1483 1406 1554 γίνηται,
1462 1483 1599 1554 μετά
1643 1481 1740 1553 τὴν

163 1579 365 1650 πεῖραν
400 1575 633 1647 μάλιστα
674 1574 736 1629 τὸ
764 1575 858 1629 ἀπ’
892 1574 1070 1628 αὐτῶν
1097 1573 1372 1645 ὠφέλιμον
1418 1572 1691 1626 δείκνυται
1723 1591 1737 1604 ·

161 1667 309 1722 οὕτω
335 1669 431 1722 καὶ
463 1668 556 1721 ἐπὶ
584 1667 694 1721 τῶν
724 1665 1109 1737 πνευματικῶν
1150 1664 1524 1737 παραινέσεων
1549 1706 1565 1728 ,
1594 1667 1742 1718 ἐπει-

162 1761 263 1815 δάν
314 1761 554 1833 μάλιστα
603 1762 702 1833 τὴν
755 1729 981 1815 ἑκϐασιν
1036 1761 1175 1832 λάϐῃ
1234 1729 1619 1833 μαρτυροῦσαν
1675 1759 1744 1814 τὰ
1774 1729 1816 1783 Β

163 1852 603 1924 παραγγέλματα
627 1892 644 1917 ,
673 1851 796 1905 τότε
831 1851 894 1905 τὸ
924 1852 1087 1922 σοφὸν
1120 1851 1298 1905 αὐτῶν
1344 1852 1437 1905 καὶ
1468 1849 1743 1921 ὠφέλιμον

165 1944 305 2015 πρὸς
329 1944 429 2015 τὴν
464 1942 839 2015 ἐπανόρθωσιν
870 1942 964 1997 τοῦ
1002 1942 1119 2013 βίου
1156 1942 1253 1996 καὶ
1285 1942 1385 2013 τὴν
1424 1942 1534 1996 τῶν
1562 1942 1745 1996 πειθο-

168 2037 350 2107 μένων
381 2035 657 2090 τελείωσιν
704 2035 1080 2106 ἀναφαίνεται.
1120 2036 1181 2089 ὐ
1219 2035 1330 2107 7&9
1366 2034 1456 2089 τὸν
1493 2035 1744 2107 κείμενον

165 2127 401 2182 ἁνιστῶν
423 2170 443 2196 ,
471 2126 800 2200 ὑψηλότερος
831 2125 973 2181 εἶναι·
1010 2125 1105 2180 τοῦ
1136 2127 1487 2190 πεπτωκότος
1528 2125 1746 2191 πάντως

165 2218 401 2286 ὀφείλει·
435 2220 465 2273 ό
500 2218 558 2273 δέ
587 2218 647 2286 ἐξ
677 2219 793 2274 [eoo
832 2218 1191 2283 καταπεσὼν,
1232 2218 1422 2290 ἐτέρου
1465 2218 1558 2272 καὶ
1583 2217 1747 2283 αὐτὸς

165 2311 262 2366 τοῦ
302 2314 696 2385 ἀναστήσοντος
729 2313 1023 2368 ἐπιδέεται.
1051 2314 1116 2367 Οἱ
1158 2311 1216 2366 δέ
1251 2312 1473 2383 τυφλοῖς
1497 2310 1749 2366 διδασκά-

170 2415 283 2470 λοις
309 2406 409 2478 τὴν
460 2405 683 2477 ὁδηγίαν
727 2406 936 2461 ἐαυτῶν
978 2405 1407 2478 ἐπιτρέψαντες,
1447 2405 1748 2477 ἐπέρησαν

169 2498 400 2561 ἑαυτοὺς
422 2496 525 2566 τῆς
566 2496 661 2551 τοῦ
694 2498 869 2567 φωτὸς
908 2496 1280 2562 ἀπολαύσεως.
1334 2497 1409 2551 Τὸ
1456 2495 1566 2569 γὰρ
1613 2497 1751 2568 μετά

172 2587 346 2660 θυμοῦ
386 2589 481 2643 καὶ
515 2588 687 2662 ὀργῆς
738 2588 978 2661 ἐλέγχειν
1027 2591 1119 2645 τὸν
1173 2591 1566 2664 ἁμαρτήσαντα
1598 2590 1753 2644 ἀδελ-

172 2679 274 2750 φὺν
297 2719 313 2745 ,
342 2680 465 2752 οὐχὶ
497 2680 703 2744 ἐκεῖνόν
734 2682 882 2736 ἐστιν
915 2682 1187 2753 ἁμαρτίας
1217 2681 1602 2756 ἐλευθερῶσαι,
1636 2682 1750 2738 ἀλλ’

173 2772 365 2826 ἐαυτὸν
392 2772 707 2845 περιϐαλεῖν
742 2773 1229 2847 πλημμελήμασιν.
1288 2777 1377 2830 Ἐν
1425 2776 1536 2849 γὰρ
1577 2777 1752 2848 πραό-

173 2880 300 2935 τητι
372 2864 453 2917 δεῖ
507 2865 785 2919 παιδεύειν
838 2866 967 2931 τοὺς
1022 2867 1552 2941 ἀντιδιατιθεμένους
1579 2909 1594 2934 ,
1660 2869 1754 2922 καὶ

176 2956 255 3029 μὴ
292 2957 352 3009 ἐν
396 2951 478 3020 οἷς
522 2957 621 3028 μὲν
668 2958 830 3022 αὐτὸς
883 2958 1170 3031 παροφθῇ,
1213 2961 1443 3032 σφοδρὸν
1468 2955 1609 3015 εἶναι
1640 2977 1655 2992 ·
1694 2962 1754 3014 ἐν

1839 467 1986 520 tione
2015 480 2153 536 opus
2181 473 2285 530 est,
2320 473 2578 533 acceptus
2599 461 2723 518 erit.
2743 460 3074 529 Plerumque
3103 473 3233 514 vero
3258 458 3410 514 utilis

1838 558 1999 613 nobis
2043 567 2098 613 et
2148 557 2242 611 illa
2278 555 2672 625 increpationis
2712 553 2851 608 ratio
2881 567 2911 606 a
2942 551 3207 622 propheta
3248 550 3407 605 adhi-

1838 647 1983 710 bita,
2013 647 2139 717 qui,
2174 661 2298 701 cum
2349 645 2517 699 David
2564 650 2878 715 peccasset,
2916 657 3023 695 non
3055 656 3086 695 a
3118 641 3410 709 semetipso

1838 739 2169 794 sententiam
2205 737 2422 793 induxit
2468 735 2966 796 eondemnatiouis,
2999 733 3095 789 sed
3143 734 3408 787 accersita

1840 847 2075 902 persona
2107 840 2290 893 utens,
2323 831 2503 900 ipsum
2540 829 2746 898 proprii
2775 827 3013 897 judicent
3045 825 3251 896 peccati
3283 839 3410 877 con-

1837 924 2046 990 stituit;
2075 924 2149 977 ita
2198 928 2256 975 ut
2299 922 2508 985 cumin
2544 936 2603 975 se
2645 921 2762 990 ipse
2799 918 3125 975 sententiam
3156 915 3407 980 dixiSsct,

1837 1015 1974 1070 nihil
2011 1014 2123 1085 jam
2162 1021 2516 1068 succenseret
2557 1012 2827 1083 arguenti.
2866 1011 2940 1080 (5)
2984 1008 3117 1063 Nam
3145 1022 3408 1078 aquarmn

1837 1107 2059 1179 quidem
2085 1106 2296 1160 rivulus
2325 1104 2528 1160 fontem
2555 1120 2713 1160 suum
2742 1103 2982 1157 indicat;
3013 1100 3285 1156 sermonis
3313 1115 3412 1152 au-

1839 1211 1946 1258 tem
1998 1207 2191 1255 natura
2243 1208 2469 1271 peetus,
2516 1199 2659 1252 unde
2702 1200 3009 1261 emanavit,
3057 1192 3300 1263 depingit
3348 1207 3413 1247 ac

1838 1295 2108 1364 designat.

1910 1387 1965 1442 5.
2010 1387 2087 1456 (4)
2131 1387 2308 1455 Atque
2342 1392 2402 1438 ut
2453 1384 2508 1437 in
2562 1382 2897 1436 medicorum
2935 1377 3250 1450 praeceptis,
3286 1364 3413 1429 cum

1842 1479 2088 1550 apposite
2140 1486 2195 1532 et
2247 1492 2319 1546 ex
2370 1477 2582 1530 ratione
2619 1474 2784 1535 tium,
2842 1480 2966 1541 post
3019 1468 3414 1540 experientiam

1843 1570 2079 1625 maxime
2115 1585 2307 1624 eorum
2346 1566 2562 1622 utilitas
2588 1566 2724 1637 solet
2750 1564 2968 1620 ostendi
3000 1580 3016 1617 ι
3051 1562 3132 1618 sic
3165 1560 3220 1615 in
3251 1559 3417 1630 spiri-

1844 1664 2088 1717 tualibus
2141 1658 2651 1722 exhortationibus,
2687 1657 2777 1711 ubi
2830 1656 3063 1709 maxime
3111 1652 3314 1706 monita
3351 1664 3417 1704 ac

1845 1761 2114 1827 praecepta
2183 1752 2385 1807 fuerint
2445 1753 2598 1807 exitu
2662 1756 2861 1803 testata
2918 1743 3415 1814 comprobataque,

1845 1857 1977 1903 tunc
2008 1863 2073 1901 ea
2122 1845 2401 1917 sapienter
2431 1844 2748 1912 utiliterque
2792 1840 2858 1894 ad
2910 1839 3034 1893 vita:
3080 1835 3419 1892 emendatio-

1845 1957 1968 1997 nem
2003 1948 2166 2011 atque
2195 1939 2261 1993 ad
2295 1935 2787 2007 obtemperantium
2832 1931 3220 2005 perfectionem
3260 1928 3420 1983 adhi-

1846 2035 1958 2090 bita
2007 2032 2177 2089 fuisse
2219 2036 2464 2102 apparet.
2496 2028 2574 2101 (5)
2604 2025 2739 2081 Nam
2785 2026 3057 2096 jacentem
3099 2022 3193 2094 qui
3235 2021 3418 2091 erigit,

1848 2129 2011 2183 altior
2054 2125 2285 2180 omnino
2337 2124 2490 2193 lapso
2519 2136 2643 2177 esse
2672 2119 2834 2174 debet
2874 2138 2885 2172 :
2930 2116 3025 2186 qui
3056 2129 3186 2170 vero
3215 2113 3423 2185 pariter

1846 2217 2068 2283 cecidit,
2109 2217 2284 2272 altero
2324 2214 2417 2285 qui
2469 2213 2664 2284 erigat,
2715 2210 2878 2266 etiam
2908 2210 3023 2278 ipse
3069 2220 3208 2277 opus
3237 2204 3420 2259 habet.

1849 2310 1927 2383 (6)
1953 2308 2056 2376 Qui
2075 2323 2203 2365 vero
2231 2321 2404 2362 caecos
2421 2305 2675 2360 doctores
2705 2301 2788 2357 sui
2817 2301 2984 2357 duces
3008 2298 3202 2362 fecere,
3223 2297 3426 2367 jucun-

1848 2402 2078 2459 dissimo
2124 2416 2186 2457 se
2237 2399 2465 2456 luminis
2517 2396 2702 2451 fructu
2756 2394 3129 2465 privaverunt.
3160 2391 3249 2462 (7)
3286 2388 3425 2443 Nam

1851 2496 2182 2566 redarguere
2224 2491 2455 2547 fratrem
2496 2503 2620 2545 cum
2670 2486 3047 2558 indignatione
3083 2490 3138 2539 et
3177 2482 3278 2550 ira,
3314 2496 3428 2537 non

1849 2595 1937 2644 est
1976 2587 2133 2640 illum
2175 2598 2207 2638 a
2249 2590 2473 2654 peccato
2505 2579 2775 2642 liberare,
2820 2574 2913 2632 sed
2943 2575 3183 2644 seipsum
3215 2570 3429 2626 delictis

1852 2678 2220 2748 obstringere.
2253 2673 2481 2745 Oportet
2508 2670 2655 2727 enim
2702 2670 2759 2724 in
2802 2665 3222 2724 mansuetudine
3253 2662 3430 2719 corri-

1851 2788 1981 2845 pere
2000 2786 2096 2827 eos
2124 2769 2221 2841 qui
2242 2768 2506 2824 resistunt
2528 2768 2575 2798 “
2612 2783 2626 2819 :
2659 2778 2853 2834 neque,
2881 2774 3008 2816 cum
3038 2760 3154 2831 ipse
3179 2765 3430 2813 contem-

1853 2865 2025 2927 neris,
2056 2863 2128 2918 ob
2174 2860 2228 2917 id
2268 2861 2564 2917 vehemens
2606 2871 2767 2912 esse:
2796 2854 2889 2909 ubi
2917 2868 3049 2908 vero
3091 2851 3262 2907 alium
3299 2864 3433 2904 eon-

1857 2956 2024 3012 temni
2050 2952 2277 3018 videris,
2306 2966 2436 3023 erga
2463 2963 2590 3004 eum
2628 2945 2722 3018 qui
2753 2943 3012 3015 deliquit,
3038 2940 3431 3012 indulgentiam

175 3042 258 3111 οἷς
304 3048 361 3101 δὲ
411 3048 477 3102 ἂν
527 3048 687 3104 ἄλλον
732 3029 1269 3124 καταφρονούμενον
1292 3029 1378 3125 [δέ]
1400 3093 1415 3115 ,
1465 3054 1565 3125 τὴν
1617 3055 1751 3125 πρὸς

1858 3047 2149 3105 ostendere
2184 3063 2198 3101 :
2229 3043 2363 3115 quin
2413 3041 2598 3113 potius
2631 3048 2761 3093 tunc
2808 3037 2864 3090 in
2914 3040 3205 3106 peccatum
3250 3029 3432 3086 imehi

176 3141 267 3194 τὸν
301 3142 657 3213 ἡμαρτηκότα
706 3143 1089 3216 μακροθυμίαν
1143 3146 1546 3201 ἐπιδείκνυσθαι
1570 3165 1583 3178 ·
1620 3147 1757 3201 ἀλλὰ

177 3234 275 3285 καὶ
317 3233 515 3303 μᾶλλον
558 3235 931 3309 δυσχεραίνειν
973 3239 1064 3291 ἐπὶ
1092 3237 1171 3309 τῷ
1218 3239 1376 3310 κακῷ
1421 3239 1564 3296 τότε.
1599 3238 1756 3294 Οὕτω

178 3321 286 3393 7&9
316 3324 523 3394 καὶτῆς
565 3324 849 3393 φιλαυτίας
876 3326 974 3397 τὴν
1004 3327 1238 3398 ὑποψίαν
1272 3327 1631 3398 ἐκφεύξεται,
1663 3329 1759 3383 καὶ⁵

177 3414 452 3480 ἀπόδειξιν
473 3415 634 3469 δώσει
660 3416 751 3471 τοῦ
786 3418 860 3489 μὴ
889 3417 981 3472 τὸν
1006 3420 1367 3491 ἡμαρτηκότα
1401 3423 1597 3491 μισεῖν,
1621 3420 1759 3475 ἀλλά

178 3507 280 3576 τὴν
314 3506 586 3578 ἁμαρτίαν
639 3510 1115 3581 ἀποστρέφεσθαι⁹
1148 3511 1210 3564 τὸ
1266 3511 1366 3583 μὲν
1402 3511 1511 3584 7&9
1562 3513 1639 3584 μὴ
1691 3512 1758 3566 δι’

180 3599 374 3652 ἑαυτὸν
420 3600 494 3671 (1)
536 3604 806 3674 μεριμνᾷν
854 3604 949 3657 καὶ
997 3604 1360 3676 ἐργάζεσθαι,
1415 3604 1760 3676 φιλοχρίστου

183 3691 279 3743 καὶ¹
316 3690 637 3762 φιλαδέλφου
690 3692 980 3758 διαθέσεως
1018 3693 1315 3766 ἐγκώμιον.
1361 3696 1535 3749 Παντὶ
1580 3696 1762 3749 τοίνυν

181 3783 371 3855 τρόπῳ
403 3783 508 3856 χρὴ
544 3785 635 3838 τὸν
682 3785 1009 3839 ἀσθενοῦντα
1056 3786 1379 3859 θεραπεύειν
1408 3828 1424 3850 ,
1463 3787 1558 3840 καὶ
1599 3803 1763 3840 σπου-

181 3876 365 3938 δάζειν
415 3876 477 3928 τὸ
527 3873 945 3948 ἐξηρθρωμένον
970 3916 986 3940 ,
1042 3878 1107 3931 ἵν’
1147 3877 1319 3943 οὕτως
1376 3879 1515 3933 εἴπω
1542 3920 1557 3942 ,
1602 3880 1763 3950 μέλος

183 3968 485 4040 ἐναρθροῦν
511 3987 526 4000 ·
567 3970 662 4024 ἐὰν
708 3969 765 4022 δὲ
807 3972 873 4042 τῇ
906 3972 1263 4044 οίᾳδηποτοῦν
1306 3974 1472 4045 κακίᾳ
1504 3973 1760 4046 ἐπιμένῃ,

183 4061 405 4129 ἀφιέναι
449 4061 523 4125 ὡς
555 4062 834 4134 ἀλλότριον
857 4081 870 4094 ο
908 4064 1216 4136 γέγραπται
1246 4065 1391 4138 γάρ·
1434 4063 1613 4120 Πᾶσα
1654 4081 1766 4134 φυ-

184 4155 319 4209 τεία
337 4195 352 4217 ,
382 4153 461 4222 ἣν
484 4157 593 4209 οὐκ
618 4156 954 4225 ἐφύτευσεν
985 4160 1017 4210 ό
1046 4156 1248 4225 Πατήρ
1264 4174 1383 4226 μου
1409 4160 1441 4212 ό
1464 4157 1763 4227 οὐράνιος,

182 4245 654 4315 ἐκριζωθήσεται.
720 4248 844 4300 Ἐὰν
908 4248 1016 4319 7&9
1078 4248 1545 4312 δυσαποσπάστως
1601 4248 1766 4320 ἔχωσι

183 4339 297 4392 τῶν
337 4339 482 4392 ἰδίων
509 4338 647 4391 ἐθῶν
672 4381 686 4405 ,
718 4340 812 4391 καὶ
848 4342 968 4402 ταῖς
1016 4339 1229 4409 ἡδοναῖς
1263 4339 1360 4410 τῆς
1400 4339 1601 4410 σαρκὸς
1642 4340 1765 4392 δου-

1854 3140 2031 3196 decet.
2081 3136 2162 3191 Ita
2213 3135 2359 3192 enim
2393 3140 2448 3190 et
2491 3130 2861 3202 suspicionem
2893 3143 2925 3181 a
2969 3133 3025 3182 te
3052 3124 3291 3180 hominis
3343 3137 3433 3177 se-

1858 3232 2038 3302 ipsum
2088 3225 2381 3283 immodice
2430 3221 2667 3278 amantis
2692 3215 3080 3278 submovebis,
3126 3221 3180 3268 et
3224 3212 3434 3283 planis-

1859 3323 2000 3379 sime
2039 3329 2093 3376 te
2122 3334 2233 3374 non
2259 3322 2583 3389 peccantem
2616 3312 2820 3375 odisse,
2848 3307 2944 3365 sed
2966 3314 3251 3379 peccatum
3282 3318 3439 3358 avere

1859 3414 1970 3472 sari
2009 3409 2335 3469 declarabis.
2371 3406 2449 3479 (8)
2493 3405 2631 3460 Nam
2670 3401 2983 3469 sollicitum}
3004 3414 3127 3454 esse
3163 3406 3217 3452 et
3277 3410 3439 3467 agere

1859 3524 1970 3563 non
2013 3512 2238 3578 propter
2277 3501 2659 3569 semetipsum,
2687 3497 2807 3550 laus
2832 3501 2917 3549 est
2965 3490 3131 3546 animi
3155 3489 3437 3544 Christum

1859 3594 1914 3656 et
1943 3599 2139 3654 fratres
2171 3595 2428 3653 amantis.
2457 3592 2537 3664 (9)
2575 3588 2737 3646 Omni
2769 3586 2936 3659 igitur
2966 3584 3129 3639 modo
3158 3580 3438 3636 curandus

1861 3694 2135 3758 infirmus,
2166 3704 2231 3745 ac
2255 3686 2434 3744 danda
2464 3684 2653 3741 sedula
2684 3694 2873 3752 opera,
2903 3685 2961 3733 ut
2991 3679 3236 3732 luxatum
3269 3687 3439 3727 mem-

1863 3788 2043 3850 brum,
2078 3794 2137 3839 ut
2165 3785 2237 3837 ita
2262 3780 2463 3844 dicam,
2493 3777 2654 3851 481
2691 3776 2746 3830 in
2778 3788 2939 3829 suum
2967 3772 3147 3825 locum
3185 3767 3442 3823 restitua-

1865 3885 1973 3931 tur.
2004 3874 2161 3941 Quod
2190 3873 2236 3927 si
2277 3872 2333 3926 in
2384 3886 2486 3926 suo
2516 3869 2650 3925 vitio
2682 3866 3062 3937 qualecunque
3096 3858 3314 3914 tandem
3346 3856 3438 3921 sit,

1865 3963 2328 4039 perseveraverit,
2361 3970 2478 4015 tum
2527 3957 2755 4030 perinde
2789 3966 2952 4028 atque
2998 3953 3210 4008 alienus
3252 3946 3441 4003 dimit-

1867 4038 2063 4114 tendus
2097 4064 2200 4110 est.
2240 4052 2517 4124 Scriptum
2560 4056 2647 4105 est
2691 4049 2836 4102 enim
2874 4066 2887 4100 :
2923 4043 3109 4100 Omnis
3153 4038 3440 4112 plantatio,

1864 4166 2023 4220 quam
2060 4163 2164 4201 non
2203 4144 2462 4214 plantavit
2508 4141 2673 4195 Pater
2713 4155 2856 4192 meus
2905 4136 3160 4197 caelestis,
3200 4130 3434 4187 eradica-

1867 4242 2012 4294 bitur
2048 4240 2114 4294 ³ο.
2151 4239 2263 4308 (10)
2302 4234 2457 4302 Quod
2489 4235 2534 4288 si
2562 4233 2656 4302 qui
2679 4229 2897 4286 dilﬁcile
2928 4229 3231 4283 avellantur
3259 4239 3287 4277 a
3316 4240 3445 4293 pro-

1869 4332 2003 4402 priis
2037 4330 2303 4393 moribus,
2334 4327 2628 4395 carnisque
2674 4320 3046 4390 voluptatibus
3074 4317 3281 4373 servire
3330 4327 3447 4368 ma-

185 4430 369 4486 λεύειν
410 4429 635 4483 ἐθέλωσι
675 4429 934 4501 μᾶλλονῆ
967 4405 1049 4500 τῶ
1079 4405 1425 4501 Κυρίῳίκαὶ
1472 4405 1571 4501 τὴν
1624 4429 1751 4483 κατ-ὲ

1873 4423 1973 4475 lint
1993 4435 2156 4491 quam
2183 4418 2434 4482 Domino,
2471 4425 2525 4471 et
2559 4415 2726 4468 vitam
2761 4411 3063 4468 secundum
3082 4406 3446 4495 Evangelium

185 4523 251 4577 τὸ
281 4522 612 4590 Εὐαγγέλιον
669 4521 814 4591 ζωὴν
866 4520 942 4592 μὴ
974 4521 1395 4591 καταδέχωνται,
1430 4521 1605 4584 οὐδεὶς
1635 4523 1768 4592 ἡμῖν

187 4614 368 4679 κοινὸς
395 4614 529 4685 πρὸς
557 4614 751 4676 αὐτοὺς
782 4612 958 4682 λόγος.
999 4613 1190 4683 Ἡμεῖς
1222 4610 1330 4683 γὰρ
1367 4614 1424 4665 ἐν
1457 4611 1570 4682 λαῷ
1611 4613 1769 4664 ἀπει-

188 4707 277 4761 θεῖ
318 4706 412 4759 καὶ
459 4704 790 4773 άντιλέγοντι
838 4704 1197 4774 δεδιδάγμεθα
1245 4702 1500 4770 ἀκούειν,
1541 4704 1767 4759 61:303-

188 4797 302 4859 ζων
339 4795 487 4858 σῶζε
530 4797 646 4863 τὴν
690 4795 952 4850 σεαυτοῦ
1002 4794 1255 4864 ψυχὴν,
1307 4795 1402 4847 καὶ
1458 4794 1769 4866 ἀλλοτρίαις

187 4889 487 4961 ἁμαρτίαις
522 4888 596 4960 μὴ
626 4887 888 4942 κοινώνει.
924 4888 1032 4940 Καὶ
1057 4889 1106 4940 εἰ
1139 4891 1212 4958 μή
1242 4904 1326 4950 τις
1354 4886 1770 4958 ἐπιθυμητικῶς

187 4982 409 5052 ἔρχεται
438 4982 531 5034 ἐπὶ
559 4981 620 5034 τὸ
661 4979 914 5049 ψάλλειν,
964 4980 1058 5032 καὶ
1096 4981 1144 5032 εί
1186 4979 1261 5050 μὴ
1311 4978 1655 5047 ἐπιφαίνεται
1689 4979 1766 5049 (‘2)

1871 4489 2161 4567 instituere
2200 4508 2398 4571 nolint,
2432 4507 2582 4561 nulla
2604 4511 2691 4560 est
2721 4502 2880 4557 nobis
2902 4514 3039 4554 cum"
3069 4489 3178 4552 illis
3201 4507 3451 4550 commu-

1873 4604 1958 4659 nis
1987 4604 2146 4658 ratio.
2178 4600 2289 4657 Nos
2326 4600 2472 4656 enim
2508 4600 2565 4652 in
2598 4597 2799 4668 populo
2832 4580 3210 4661 inobsequenti
3241 4594 3297 4641 et
3325 4602 3452 4641 conc

1873 4697 2165 4753 tradicenti
2191 4694 2371 4750 edocti
2409 4707 2600 4747 sumus
2630 4688 2821 4743 audire
2851 4705 2863 4739 :
2894 4684 3119 4740 Servans
3150 4697 3299 4735 serva
3332 4678 3451 4732 aui-

1874 4807 2018 4844 mam
2063 4800 2210 4842 tuam
2240 4788 2317 4849 ³¹,
2360 4784 2558 4839 alienis
2601 4780 2844 4852 peccatis
2889 4794 2959 4832 ne
3008 4777 3452 4831 communicave-

1883 4887 1980 4939 ris.
1996 4882 2042 4952 (Ι
2057 4882 2106 4952 1)
2121 4879 2178 4934 Si
2203 4879 2327 4949 quis
2352 4877 2610 4934 alacriter
2626 4889 2733 4929 non
2754 4871 2977 4927 accedat
2996 4868 3062 4924 ad
3087 4864 3449 4937 psallendum,

1875 4994 1976 5034 nec
2007 4978 2145 5032 ferat
2184 4988 2297 5045 pra:
2333 4988 2393 5028 se
2437 4969 2690 5026 aﬂectum
2733 4966 2914 5028 illius,
2945 4962 3038 5034 qui
3072 4960 3245 5024 dixit,
3277 4958 3453 5024 Quam

262 5141 308 5173 “
332 5136 374 5192 ll
397 5136 539 5194 Tim.
569 5154 629 5203 ιι,
658 5137 753 5194 25.
812 5137 859 5169 ³⁸
884 5136 1075 5191 Matth.
1104 5151 1196 5201 xv,
1231 5136 1317 5191 15.
1394 5136 1438 5168 ³¹
1461 5134 1599 5192 Gen.
1631 5152 1744 5201 nx,
1783 5135 1867 5190 i7.

263 5293 338 5354 Η)
361 5291 460 5360 Μὴ
486 5291 561 5346 δι’
593 5291 831 5346 ἑαυτόν.
860 5289 1235 5360 Negationem,
1257 5308 1380 5359 qua:
1420 5309 1643 5362 prorsus
1675 5309 1771 5347 ne-

187 5366 431 5432 cessat-ia
463 5373 547 5416 est
580 5365 648 5417 ad
696 5363 979 5418 sententia:
1012 5363 1230 5425 seriem,
1265 5361 1672 5432 desumpsimus
1700 5380 1769 5417 ex

187 5436 378 5488 Codice
411 5430 601 5502 Regio.

263 5505 339 5573 (2)
378 5500 800 5571 Ἐπὶφαίι-εται.
839 5501 1076 5570 Uterque
1104 5500 1272 5573 codex
1306 5502 1679 5573 ἐπιφαίνηται,
1714 5509 1770 5557 et

189 5571 347 5627 antea
376 5574 620 5643 ἔρχηται,
651 5581 705 5627 et
729 5573 888 5641 paulo
921 5580 1044 5643 post
1071 5571 1240 5627 codex
1279 5572 1416 5626 19H)
1443 5572 1658 5642 ἡγῆται.

265 5644 343 5710 (5)
381 5641 647 5711 Εἰιὲρὶει.
678 5658 898 5705 cxxxtv,
924 5641 1052 5696 223.

261 5713 343 5784 (4)
381 5715 456 5769 Ex
486 5712 631 5770 hom.
658 5711 920 5768 Adversus
947 5729 1033 5768 eos
1068 5713 1157 5784 qui
1186 5711 1511 5768 irascuntur.
1539 5712 1627 5768 83.

1949 5288 2022 5357 (5)
2056 5284 2134 5357 Ex
2167 5284 2312 5337 hom.
2346 5281 2598 5357 in_mar_t.
2626 5274 2902 5357 fututam,
2934 5274 3020 5357 4‘2:

2059 5355 2296 5429 yterque
2325 5350 2521 5429 codex.
2549 5348 2751 5401 iudicat
2792 5342 3070 5429 sei-mg‘pe
3101 5341 3204 5395 ira.

1949 5415 2026 5498 (7)
2173 5415 2383 5492 Reguli;
2414 5418 2585 5498 [mitts
2617 5417 2881 5498 tractatis.

1947 5485 2024 5567 (8)
2061 5485 2299 5567 Uterque
2328 5485 2497 5567 codex
2541 5485 2757 5567 indicat
2802 5491 3060 5567 ascensa.

1947 5555 2025 5635 (9)
2060 5566 2132 5619 Ex
2175 5555 2385 5632 [tegulis
2416 5556 2915 5635 brumali-uetaris,
2940 5555 3063 5608 .551,

1949 5627 2061 5705 (‘10)
2092 5636 2169 5705 ljlx
2196 5627 2591 5705 ιξιῖἱειηεεκνιιι,
2625 5627 2750 5682 550.

1949 5692 2060 5779 (ll)
2093 5704 2168 5760 Ex
2200 5692 2409 5774 Reguli:
2437 5699 2638 5754 brevius
2667 5695 2935 5765 tractatis,
2968 5692 3091 5749 5H.
3149 5750 3156 5757 _
