3840 6226
410 274 549 329 1145

1264 269 1632 327 APPENDIX.
1669 302 1740 314 --
1779 271 2132 330 SYMEONIS
2170 270 2711 334 METAPHRASTE

3559 276 3695 330 tiu
3760 332 3761 347 γ

406 395 589 449 dulcia
638 390 881 462 faucibus
933 389 1062 444 meis
1113 388 1323 460 eloquia
1382 389 1508 443 tua!
1549 404 1705 458 super
1753 390 1858 445 mel
1910 391 1991 444 ori

2115 389 2243 462 ιύτῷ
2272 394 2305 463 ἡ
2337 391 2577 457 διάθεσις
2600 392 2695 447 τοῦ
2722 394 2996 475 εἰπόντος’
3037 393 3134 460 Ὠς
3172 391 3402 462 γλυκέα
3442 392 3541 457 τῷ
3589 392 3695 446 .ιὰ-
3762 438 3763 469 1

408 503 523 543 meo
548 486 592 518 ⁸³
627 503 641 540 :
678 498 780 539 nec
822 489 976 552 putet
1008 494 1266 551 magnum
1299 479 1691 536 detrimentum
1724 481 1991 537 desidiam

2115 485 2264 555 ηιγγι
2287 502 2408 554 μου
2444 486 2516 539 τὰ
2552 484 2731 555 λόγιά
2761 485 2917 540 σου]
2942 484 3096 553 ὑπὲρ
3123 484 3265 554 μέλι
3302 483 3384 550 τῷ
3421 486 3694 553 στόματι

408 593 563 635 esse:
597 582 692 630 aut
720 573 1054 644 corrigatur,
1092 578 1188 627 aut
1230 571 1560 642 expellatur,
1605 586 1677 626 ne
1714 572 1991 627 modicum

410 673 739 726 fermentum
779 673 948 722 totam
992 678 1234 721 massam
1265 669 1584 736 corrumpat
1612 663 1680 718 ".
1722 663 1801 735 (l)
1840 664 1992 732 Quos

408 772 731 816 communes
760 771 938 830 pinna:
967 758 1033 812 ad
1072 770 1265 813 sanam
1295 763 1535 813 mentem
1567 771 1678 813 non
1709 764 1990 823 revocant,

406 870 512 909 nec
540 868 570 907 a
601 865 827 923 precum
872 849 1258 905 communione
1290 848 1565 919 separatio
1606 846 1674 901 ad
1719 849 1993 918 poeniten-

408 945 541 999 tiam
587 941 843 1006 adducit,
884 955 981 996 eos
1029 955 1255 995 necesse
1292 949 1377 996 est
1418 939 1637 996 traditis
1684 954 1714 994 a
1763 939 1995 995 Domino

411 1034 718 1090 canonibus
749 1032 1043 1104 subjicere.
1080 1030 1359 1101 Scriptum
1387 1040 1471 1087 est
1498 1032 1644 1087 enim
1678 1051 1690 1086 :
1725 1030 1785 1086 Si
1826 1032 1995 1099 frater

415 1137 537 1180 tuus
568 1123 878 1194 peccaverit,
910 1124 1117 1191 corripe
1170 1139 1287 1177 eum
1330 1125 1467 1176 inter
1498 1132 1546 1177 te
1600 1132 1650 1177 et
1701 1123 1871 1192 ipsum
1901 1139 1920 1177 :
1950 1124 1998 1177 si

413 1226 463 1270 te
498 1231 603 1269 non
642 1213 895 1277 audierit,
938 1229 1147 1267 assume
1191 1222 1359 1266 tecum
1401 1213 1566 1266 alium
1605 1230 1623 1267 :
1655 1212 1792 1284 quod
1843 1214 1890 1268 si
1934 1230 1997 1267 ne

412 1308 490 1361 sic
519 1306 759 1377 quidem,
805 1303 891 1357 dic
931 1302 1218 1368 Ecclesiae;
1249 1304 1295 1356 si
1339 1318 1457 1356 vero
1496 1319 1657 1372 neque
1702 1301 1996 1357 Ecclesiant

414 1398 665 1463 audierit,
695 1399 765 1450 sit
812 1395 909 1449 tibi
951 1404 1007 1449 ut
1039 1396 1275 1449 ethnicus
1303 1405 1351 1451 et
1385 1394 1700 1466 publicanus
1725 1396 1794 1450 “.
1837 1396 1997 1462 Quod

413 1492 595 1560 ipsum
624 1497 678 1544 et
711 1490 767 1542 in
797 1488 908 1543 isto
944 1487 1147 1542 factum
1180 1487 1300 1542 l'uit.
1338 1486 1517 1542 Semel
1549 1496 1841 1543 accusatus
1871 1495 1992 1542 est:

411 1584 598 1636 c‘oram
638 1594 749 1635 uno
796 1587 849 1633 et
895 1579 1067 1634 altero
1096 1580 1385 1635 convictus
1429 1579 1531 1633 luit
1563 1598 1576 1633 :
1606 1580 1769 1633 tertio
1811 1594 1997 1634 coram

412 1670 679 1725 Ecclesia.
715 1670 851 1725 Cum
886 1669 1054 1739 igitur
1096 1685 1219 1724 eum
1254 1670 1511 1724 obtestati
1544 1669 1848 1733 fuerimus,
1894 1682 1995 1722 nec

412 1760 783 1831 acquieverit,
816 1760 888 1816 sit
917 1761 1179 1830 deinceps
1219 1760 1746 1816 excommunicatus.
1793 1759 1861 1812 Et
1891 1759 1994 1813 hoc
2026 1740 2067 1794 Β

415 1867 559 1922 pago
590 1852 691 1907 toti
735 1852 1113 1917 denuntietur,
1150 1867 1273 1907 eum
1308 1850 1704 1905 admittendum
1737 1865 1843 1904 non
1872 1866 1995 1906 esse

414 1943 484 1999 ad
514 1944 680 1998 ullam
708 1958 893 1999 rerum
923 1942 990 1997 ad
1018 1943 1185 1998 vitam
1217 1944 1609 2013 pertinentium
1639 1944 1990 1998 societatem:

414 2044 474 2090 ut
501 2050 567 2091 ex
587 2050 652 2091 eo
679 2036 823 2105 quod
852 2051 976 2089 cum
1004 2051 1069 2091 eo
1099 2050 1208 2090 non
1227 2036 1704 2098 commisceamur,
1738 2035 1809 2090 sit
1841 2051 1997 2105 pror-

414 2142 511 2183 sus
565 2127 770 2183 diaboli
824 2128 1105 2197 pabulum.
1149 2127 1227 2199 (2)
1278 2127 1346 2182 Ut
1386 2128 1530 2183 enim
1573 2129 1788 2197 pueruli
1824 2128 1994 2184 disci-

414 2218 691 2289 plinarum
743 2218 1102 2289 negligentes.
1146 2227 1271 2289 post
1308 2217 1515 2273 inﬂicta
1549 2218 1658 2273 illis
1694 2233 1723 2272 a
1757 2219 1997 2274 doctori-

413 2312 519 2369 bus
546 2312 803 2377 verbera,
839 2313 1154 2367 attentiores
1197 2311 1406 2377 ell‘ecti,
1460 2321 1733 2382 praecepta
1786 2314 1996 2382 ample-

415 2411 677 2470 ctuntur;
708 2419 982 2474 quemque
1004 2419 1314 2459 sermonem
1335 2419 1404 2458 ne
1425 2403 1722 2458 audiebant
1748 2390 1993 2473 quidem,

416 2504 708 2564 antequam
764 2495 1128 2565 vapularent,
1177 2493 1429 2549 eumdem
1481 2501 1706 2564 accepto
1741 2508 1773 2548 e
1810 2492 1996 2564 llagris

414 2584 640 2651 dolore,
681 2584 795 2655 jam
826 2585 954 2640 inde
994 2586 1198 2655 apertis
1231 2586 1460 2639 auribus
1489 2592 1544 2639 et
1573 2585 1767 2638 auditu
1816 2586 1995 2655 perci—

416 2677 604 2746 piunt,
649 2691 713 2731 ac
771 2677 1048 2731 memoria:
1099 2674 1404 2729 mandant:
1441 2677 1522 2730 sic
1572 2682 1629 2729 et
1680 2675 1766 2730 bis
1798 2675 1998 2729 accidit

417 2768 510 2838 qui
543 2766 638 2822 Dei
674 2765 981 2821 doctrinam
1013 2764 1389 2835 perfunctorie
1420 2764 1871 2835 negligenterque
1896 2778 1997 2817 au-

417 2862 607 2926 diunt,
653 2861 884 2931 ejusque
927 2858 1181 2913 mandata
1226 2873 1325 2928 pro
1371 2858 1544 2913 nihilo
1579 2859 1806 2915 ducunt.
1836 2858 1999 2914 Post-

418 2968 584 3024 quam
627 2953 733 3023 ipsi
768 2966 800 3005 a
833 2951 945 3006 Deo
974 2951 1339 3021 castigatione
1387 2949 1563 3004 allecti
1608 2949 1845 3015 fuerint,
1882 2958 2000 3005 tum

2086 589 2205 642 μου
2223 588 2236 601 ⁸
2271 576 2366 627 καὶ
2393 576 2442 627 εί
2471 574 2545 646 μὴ
2575 573 2778 645 ζημίαν
2806 573 3047 643 μεγάλην
3069 574 3285 644 ἡγεῖται
3313 573 3415 644 τὴν
3440 575 3689 645 ἀργίαν·

2090 658 2125 733 ἢ
2155 662 2555 735 διορθωσάσθω,
2584 665 2616 736 ἢ
2645 665 2928 737 ὲξαρθήτω
2954 664 3055 737 (ὅ),
3093 664 3182 719 ἵνα
3216 666 3290 737 μὴ
3323 666 3512 737 μικρὰ
3546 665 3694 737 ζύμη

2090 755 2213 812 ὅλον
2239 757 2301 811 τὸ
2334 757 2564 830 φύραμα
2599 758 2826 831 δολώσῃ.
2855 758 2961 823 Οὓς
2988 759 3100 831 γὰρ
3132 759 3200 813 τὰ
3239 761 3394 814 κοινά
3427 763 3696 832 ἐπιτίμια
3768 758 3769 803 1

2091 847 2154 901 οὐ
2191 848 2544 921 σωφρονίζει,
2587 849 2713 904 οὐτε
2762 851 2823 904 τὸ
2861 851 3145 922 εἱρχθῆναι
3191 851 3302 904 τῶν
3351 852 3545 923 εὐχῶν
3576 854 3696 921 ἄγει
3770 864 3771 887 ‘

2094 943 2175 1004 εἰς
2207 941 2497 1011 μετάνοιαν
2518 982 2533 1007 ,
2566 943 2778 1015 ἀνάγκη
2809 945 2924 1006 τοῖς
2951 944 3103 1015 παρά
3130 942 3224 996 τοῦ
3253 945 3460 1015 Κυρίου
3484 945 3697 1000 δοθεῖσι

2094 1032 2314 1084 κανόσιν
2343 1031 2667 1085 ὐποδάλλειν
2692 1049 2705 1062 ”
2739 1032 3051 1102 γέγραπται
3084 1034 3224 1104 γάρ’
3271 1034 3408 1087 Ἐὰν
3443 1038 3479 1089 ό
3507 1034 3697 1089 ἀδελ·
3774 1076 3775 1089 χ

2095 1122 2209 1190 590’;-
2238 1136 2356 1174 σου
2387 1120 2618 1191 ἁμάρτῃ
2638 1162 2654 1186 ,
2698 1122 2954 1192 ἔλεγξον
2977 1124 3168 1177 αὑτὸν
3181 1124 3414 1193 μεταξὺ
3440 1126 3576 1180 σοῦ
3600 1127 3696 1179 καί
3776 1182 3777 1209 ι

2094 1211 2381 1285 αὐτοῦκαὶ)
2408 1226 2420 1239 ·
2462 1210 2573 1264 ἐάν
2608 1226 2726 1266 σου
2748 1211 2836 1281 μὴ
2866 1213 3145 1280 ἀκούσῃ,
3189 1212 3507 1283 παράλαϐε
3540 1216 3697 1284 μετὰ
3776 1218 3777 1235 ‘

2096 1303 2357 1357 σεαυτοῦ
2408 1303 2507 1356 καὶ
2542 1302 2772 1357 ἀλλον·
2814 1304 2925 1358 ἐὰν
2985 1304 3054 1357 δὲ
3079 1304 3236 1374 μηδὲ
3277 1306 3510 1371 οὕτως,
3560 1305 3697 1359 εἰπὲ
3778 1288 3779 1309 ‘

2094 1393 2173 1462 τῇ
2211 1394 2545 1461 Ἐκκλησίᾳ
2567 1410 2582 1425 ⁶
2625 1393 2734 1448 ἐὰν
2768 1394 2837 1448 δὲ
2862 1396 2960 1449 καί
2988 1394 3097 1463 τῆς
3140 1397 3506 1463 Ἐκκλησίας
3540 1412 3698 1465 acup.

2095 1486 2328 1553 ἀκούσῃ
2351 1524 2366 1549 ,
2398 1485 2557 1538 ἔστω
2594 1501 2692 1539 σοι
2719 1486 2802 1552 ὡς
2830 1489 2863 1540 ὁ
2887 1487 3125 1553 ἐθνικὸς
3175 1486 3275 1540 καί
3316 1490 3349 1541 ό
3389 1489 3694 1555 τελώνης.

2104 1577 2168 1629 Ὃ
2204 1575 2336 1644 γοῦν
2392 1576 2609 1645 ἐγένετο
2645 1577 2742 1630 καὶ
2800 1577 2893 1629 ἐπὶ
2947 1577 3123 1635 τοῦδε.
3166 1578 3350 1645 Ἀπαξ
3392 1579 3694 1651 ἐνεκλήθη,

2100 1669 2189 1720 ἐπὶ
2213 1667 2330 1730 ἑνὸς
2350 1668 2442 1720 καὶ
2466 1667 2719 1738 δευτέρου
2745 1667 3061 1741 διηλέγχθη,
3094 1669 3275 1741 τρίτον
3295 1671 3388 1724 ἐπὶ
3421 1672 3526 1741 τῆς
3576 1674 3697 1725 Ἐκ-

2096 1756 2344 1829 κλησίας.
2389 1757 2542 1810 Ἐπεὶ
2579 1754 2673 1811 οὖν
2721 1757 3207 1830 διεμαρτυράμεθα
3255 1760 3445 1829 αὐτῷ,
3486 1762 3594 1815 καὶ
3634 1762 3698 1815 οὐ

2094 1843 2452 1908 κατεδέξατο,
2489 1844 2674 1898 λοιπὸν
2714 1845 2866 1900 ἔσται
2897 1848 3240 1919 έκκήρυκτος
3263 1889 3278 1912 ,
3315 1852 3410 1904 καὶ
3441 1851 3692 1920 διαγγελο

2095 1935 2243 2007 θήτω
2277 1938 2428 2011 πάσῃ
2454 1940 2520 2009 τῇ
2552 1938 2741 2000 πόλει,
2777 1939 3146 2012 ἀπρόσδεκτον
3177 1944 3341 1997 αὐτὸν
3375 1938 3522 1997 εἶναι
3555 1947 3697 2017 πρὸς

2095 2030 2275 2081 πᾶσαν
2319 2028 2605 2081 κοινωνίαν
2638 2029 2888 2099 χρήσεως
2923 2028 3219 2100 βιωτικῆς·
3252 2030 3330 2094 ὡς
3367 2032 3436 2084 ὲκ
3470 2031 3573 2085 τοῦ
3620 2033 3696 2103 μὴ

2097 2118 2598 2188 συναναμίγνυσθαι
2630 2120 2778 2189 ἡμᾶς
2802 2119 2953 2191 αὐτῷ
2972 2165 2986 2185 ,
3019 2121 3249 2192 γένηται
3273 2122 3567 2186 παντελῶς
3599 2141 3697 2176 κα-

2094 2208 2362 2281 τάῦρωμα
2407 2210 2502 2263 τοῦ
2552 2210 2822 2269 διαϐόλου.
2856 2214 3064 2284 Ὠσπερ
3097 2213 3207 2286 γὰρ
3241 2214 3353 2269 τῶν
3387 2216 3609 2270 παίδων
3647 2217 3698 2269 οἱ

2094 2303 2280 2372 νήπιοι
2299 2344 2314 2369 ,
2343 2303 2843 2376 κατολιγωροῦντες
2872 2305 2981 2361 τῶν
3018 2305 3390 2378 μαθημάτων,
3429 2308 3577 2380 μετά
3597 2308 3699 2372 τὰς

2098 2395 2390 2465 μάστιγας,
2419 2395 2486 2459 ἃς
2517 2397 2823 2451 διδάσκαλοι
2851 2399 3033 2462 αὐτοῖς
3061 2398 3095 2471 ῆ
3123 2400 3467 2468 παιδαγωγοὶ
3515 2416 3699 2471 προσ-

2093 2488 2322 2557 άγουσι,
2358 2488 2776 2561 προσεχέστεροι
2821 2488 3073 2560 δέχονται
3112 2491 3182 2544 τὰ
3220 2491 3567 2562 διδάγματα·
3600 2492 3700 2545 καὶ

2095 2581 2125 2633 ό
2173 2579 2336 2642 αὐτὸς
2369 2580 2525 2647 λόγος
2571 2580 2679 2650 πρὸ
2712 2580 2811 2650 μὲν
2865 2581 2976 2634 τῶν
3007 2580 3233 2651 πληγῶν
3272 2581 3376 2636 οὐκ
3416 2583 3697 2652 ἠκούετο,

2101 2667 2239 2738 μετά
2262 2668 2318 2721 δὲ
2342 2668 2438 2733 τὰς
2472 2670 2536 2721 ὲκ
2562 2668 2673 2722 τῶν
2709 2670 2988 2741 μαστίγων
3014 2671 3206 2736 ὀδύνας
3235 2673 3361 2743 ἄρτι
3393 2673 3509 2726 τῶν
3537 2673 3697 2727 ῶτων

2096 2759 2507 2828 διανοιγέντων,
2539 2761 2634 2814 καὶ
2661 2761 2967 2833 παρεδέχθη
2996 2765 3064 2833 τῇ
3104 2763 3242 2836 ἀκοῇ
3274 2766 3373 2817 καὶ
3409 2764 3695 2837 παρεδόθη

2097 2853 2164 2921 τῇ
2211 2854 2403 2925 μνήμῃ
2428 2868 2441 2881 ’
2486 2851 2629 2906 οὕτω
2680 2852 2776 2906 καὶ
2813 2853 2906 2906 ἐπὶ
2952 2852 3062 2905 τῶν
3120 2854 3549 2925 παρακουόντων
3594 2854 3697 2923 τῆς

2100 2941 2252 3007 θείας
2302 2943 2651 3009 διδασκαλίας
2706 2944 2803 2999 καὶ
2859 2945 3350 3018 καταφρονητικῶς
3401 2947 3549 3018 πρὸς
3597 2948 3697 3009 τὰς

419 3047 509 3102 vix
539 3046 761 3101 tandem
788 3043 887 3098 Dei
919 3050 1188 3113 praecepta
1212 3042 1421 3097 centies
1453 3043 1563 3098 illis
1591 3044 1844 3113 repetita,
1868 3059 1997 3099 cen-

2115 3037 2320 3101 ἐντολὰς
2370 3038 2730 3110 διακειμένων
2788 3040 3097 3112 συμϐαίνει.
3168 3040 3421 3095 Ἐπειδὰν
3479 3040 3693 3112 ὲπαχθῇ

419 3141 632 3209 tiesque
668 3137 738 3193 ab
762 3136 845 3193 eis
882 3136 1161 3207 neglecta,
1210 3134 1371 3205 quasi
1417 3136 1655 3206 primum
1691 3136 1762 3191 ad
1806 3151 1998 3192 eorum

2115 3130 2287 3193 αὐτοῖς
2319 3130 2473 3201 παρὰ
2510 3130 2606 3185 τοῦ
2635 3131 2773 3185 Θεοῦ
2801 3134 2835 3203 ἡ
2881 3133 3099 3187 παιδεία
3118 3173 3133 3196 ,
3165 3133 3289 3186 τότε
3318 3134 3385 3204 δὴ
3417 3133 3579 3205 μόλις
3624 3134 3696 3185 τὰ

421 3246 585 3287 aures
629 3228 999 3299 pervenirent,
1046 3227 1444 3298 suscipiuntur,
1479 3235 1539 3281 ut
1567 3226 1660 3282 ille
1690 3227 1798 3281 ait:
1829 3226 2002 3281 Disci-

418 3321 569 3392 plina
600 3319 819 3375 Domini
844 3320 1015 3389 aperit
1045 3318 1173 3372 mihi
1204 3335 1360 3373 aures
1392 3319 1461 3374 ³⁸.

492 3575 548 3631 6.
592 3576 671 3649 (5)
722 3576 1195 3643 Quemadmodum
1232 3585 1413 3632 autem
1453 3577 1544 3648 qui
1580 3588 1762 3634 mente
1800 3577 2004 3633 inlirmi

423 3677 589 3737 sunt,
638 3671 827 3727 sedato
861 3672 1045 3726 animo
1094 3671 1327 3725 curandi
1362 3689 1377 3725 :
1418 3672 1495 3726 ita
1535 3672 1777 3728 vicissim
1825 3673 1895 3729 ab
1935 3672 2003 3728 iis

421 3762 519 3832 qui
570 3769 870 3827 curantur,
915 3762 1327 3834 obiurgationes
1378 3762 1490 3819 odii
1543 3764 1664 3819 loco
1711 3781 1820 3820 non
1876 3772 2006 3821 sunt

422 3853 788 3925 accipiendae,
832 3868 1009 3925 neque
1053 3869 1187 3909 cura
1212 3870 1307 3919 ea,
1347 3870 1470 3925 quae
1509 3871 1572 3911 ex
1626 3857 2006 3912 misericordia

423 3946 493 4000 ad
535 3945 730 4001 animae
772 3962 962 4003 eorum
1006 3948 1241 4009 salutem
1276 3947 1590 4014 adhibetur,
1644 3950 1894 4006 ducenda
1919 3958 2006 4006 est

425 4054 526 4108 pro
548 4037 863 4110 tyrannide.
919 4038 1102 4110 Turpe
1132 4048 1217 4096 est
1260 4041 1407 4096 enim
1437 4058 1533 4098 eos
1561 4043 1654 4113 qui
1682 4058 1829 4114 aagro
1876 4058 2007 4099 cor-

424 4145 559 4200 pore
591 4138 749 4196 sunt,
799 4138 1013 4185 tantum
1062 4133 1291 4189 medicis
1338 4133 1631 4201 conlidere,
1664 4144 1723 4189 ut
1766 4136 1881 4192 sive
1919 4152 2006 4192 se-

423 4229 588 4287 cent,
634 4224 752 4279 sive
791 4234 990 4289 urant,
1031 4225 1146 4280 sive
1184 4227 1541 4281 amarulentis
1588 4228 2005 4285 medicamentis

424 4314 733 4369 molestiam
767 4322 975 4379 creent,
1012 4314 1161 4386 ipsos
1192 4317 1259 4371 de
1294 4332 1354 4372 se
1399 4318 1537 4374 bene
1569 4321 1794 4374 meritos
1829 4319 2003 4377 fuisse

2100 3220 2190 3274 ἀεὶ
2219 3219 2526 3291 λαλούμενα
2555 3222 2650 3275 καὶ
2687 3222 2776 3277 ἀεὶ
2819 3225 3242 3296 παρακουόμενα
3269 3223 3380 3277 τῶν
3428 3224 3527 3278 τοῦ
3559 3223 3692 3278 Θεοῦ

2101 3312 2573 3382 προσταγμάτων,
2612 3315 2689 3378 ὡς
2738 3314 2954 3388 πρῶτον
2997 3316 3307 3387 ἐμπεσόντα
3345 3317 3535 3371 αὐτῶν
3574 3320 3694 3379 ταῖς

2101 3404 2294 3468 ἀκοαῖς
2316 3444 2331 3468 ,
2371 3404 2682 3476 παρεδέχθη
2699 3446 2714 3469 ,
2746 3407 2889 3460 κατὰ
2914 3407 3007 3460 τὸν
3029 3406 3258 3476 λέγοντα
3281 3450 3298 3476 ,
3330 3408 3415 3462 ὅτι
3459 3410 3535 3463 Ἦ
3556 3425 3692 3463 ,παι-

2102 3496 2232 3550 δεία
2261 3498 2485 3567 Κυρίου
2510 3498 2740 3568 ἀνοίγει
2772 3517 2893 3568 μου
2920 3500 2993 3553 τὰ
3021 3495 3161 3554 ὦτα.

2174 3589 2227 3643 θ.
2260 3590 2472 3661 Ὥσπερ
2501 3590 2559 3643 δὲ
2606 3590 2835 3654 ἀπαθῶς
2862 3592 2969 3664 χρὴ
3000 3590 3375 3663 προσάγεσθαι
3394 3590 3498 3655 τὰς
3527 3590 3691 3660 θερα-

2100 3680 2265 3744 πείας
2290 3681 2367 3751 (7)
2401 3683 2514 3745 τοῖς
2547 3682 2832 3737 ἀσθενοῦσι
2865 3682 3006 3737 κατά
3042 3682 3221 3754 ψυχὴν
3241 3722 3256 3747 ,
3303 3680 3484 3745 οὕτως
3532 3682 3693 3734 πάλιν

2106 3772 2210 3845 χρὴ
2238 3774 2365 3837 τοὺς
2404 3773 2877 3847 θεραπευομένους
2912 3776 2985 3846 μὴ
3027 3775 3165 3847 πρὸς
3206 3774 3409 3846 ἔχθραν
3437 3774 3694 3845 δέχεσθαι

2103 3864 2172 3917 τὰ
2230 3866 2517 3937 ἐπιτίμια,
2588 3867 2722 3939 μηδὲ
2782 3866 3075 3941 τυραννίδα
3129 3863 3375 3938 νομίζειν
3427 3867 3531 3937 τὴν
3588 3866 3696 3919 ἀπὸ

2105 3957 2509 4027 εὐσπλαγχνίας
2532 3959 2625 4011 ἐπὶ
2651 3959 2895 4030 σωτηρίᾳ
2927 3958 3108 4028 ψυχῆς
3136 3957 3561 4029 προσαγομένην
3600 3956 3698 4010 αὐ-

2103 4047 2213 4101 τῶν
2241 4049 2577 4120 ἐπιμέλειαν.
2612 4049 2844 4120 Αίσχρὸν
2874 4049 2982 4121 γὰρ
3004 4088 3019 4113 ,
3049 4051 3176 4113 τοὺς
3228 4049 3327 4121 μὲν
3359 4047 3430 4101 τά
3462 4047 3698 4118 σώματα

2105 4136 2394 4202 νοσοῦντας
2426 4177 2441 4202 ,
2495 4136 2748 4190 τοσοῦτον
2800 4140 2912 4201 τοῖς
2970 4140 3186 4210 -ίατροῖς
3241 4137 3694 4199 καταπιστεύειν,

2106 4225 2248 4280 ῶστε
2297 4228 2402 4281 κᾶν
2448 4227 2723 4299 τέμνωσι,
2761 4229 2867 4282 κᾶν
2906 4228 3135 4297 καίωσι,
3166 4229 3270 4284 κᾶν
3313 4232 3537 4301 πικροῖς
3582 4232 3699 4293 τοῖς

2108 4320 2418 4392 φαρμάκοις
2445 4320 2670 4374 ἀνιῶσιν
2693 4359 2708 4385 ,
2745 4322 3039 4393 εὐεργέτας
3064 4321 3372 4391 λογίζεσθαι
3396 4339 3411 4353 ο
3447 4324 3596 4393 ἡμᾶς
3634 4322 3697 4374 δὲ

425 4412 656 4475 putent;
693 4422 795 4461 nos
824 4420 953 4461 vero
981 4421 1109 4476 erga
1141 4408 1446 4461 animarum
1479 4416 1797 4463 nostrarum
1830 4409 2003 4465 medi-

2115 4412 2243 4484 πρὸς
2274 4412 2401 4475 τοὺς
2425 4412 2534 4466 τῶν
2559 4413 2747 4484 ψυχῶν
2778 4412 3119 4485 θεραπευτὰς
3136 4453 3151 4478 ,
3177 4414 3307 4468 ὅταν
3336 4415 3402 4468 δι’
3430 4415 3696 4468 ἐπιπόνου

424 4512 545 4559 cos,
588 4497 808 4567 quando
836 4496 1130 4567 disciplina
1160 4498 1382 4553 duriore
1412 4500 1642 4553 salutem
1686 4500 1845 4554 nobis
1876 4499 2006 4557 alle-

425 4593 589 4653 rnnt,
624 4601 732 4640 non
763 4586 951 4641 eodem
993 4588 1156 4644 modo
1193 4586 1352 4643 allici.
1389 4587 1466 4659 (4)
1509 4588 1741 4655 Quando
1784 4590 2003 4660 quidem

427 4677 672 4733 terribile
721 4677 992 4747 judicium
1043 4678 1290 4733 imminet
1351 4678 1609 4749 prmlecto
1665 4679 1830 4752 482
1890 4697 2004 4736 non

426 4770 776 4841 redarguenti
805 4780 1132 4842 peccantes:
1166 4771 1215 4829 is
1254 4771 1344 4826 cui
1388 4772 1716 4828 demandata
1745 4782 1828 4829 est
1850 4790 2005 4831 com-

425 4862 610 4917 munis
653 4878 820 4927 cura,
859 4871 919 4918 ut
968 4865 1233 4920 rationem
1267 4864 1337 4921 de
1383 4864 1616 4935 singulis
1652 4865 1999 4935 redditurus,

2108 4505 2329 4575 ἀγωγῆς
2359 4506 2457 4576 τὴν
2494 4503 2766 4575 σωτηρίαν
2798 4506 2933 4575 ἡμῖν
2968 4504 3418 4575 κατεργάζωνται
3458 4504 3537 4574 (8)
3563 4547 3581 4571 ,
3618 4503 3699 4575 μὴ

2106 4595 2206 4666 τὴν
2236 4594 2407 4665 αὐτὴν
2438 4593 2582 4663 ἔχειν
2603 4594 2863 4648 διάθεσιν.
2913 4594 3063 4648 Ἐπεὶ
3095 4591 3187 4648 οὖν
3209 4593 3443 4666 φοϐερὸν
3480 4595 3544 4649 τὸ
3578 4597 3700 4665 κρῖ-

2110 4703 2187 4758 μα
2222 4684 2299 4755 τῷ
2327 4684 2631 4757 προεστῶτι
2668 4684 2744 4756 μὴ
2777 4685 3054 4756 ἐλέγχοντι
3081 4686 3206 4749 τοὺς
3252 4685 3696 4756 ἁμαρτάνοντας,

2106 4776 2202 4848 τὴν
2232 4777 2417 4847 κοινὴν
2446 4775 2704 4846 φροντίδα
2747 4775 3168 4846 πεπιστευμένῳ
3186 4789 3200 4803 ·
3237 4773 3314 4836 ὡς
3340 4774 3577 4842 ὀφείλων
3608 4773 3699 4825 λό-

2105 4884 2202 4937 γον
2247 4866 2432 4921 δοῦναι
2479 4867 2608 4938 περὶ
2656 4866 2924 4930 ἑκάστου,
2953 4865 3098 4919 οὕτω
3129 4865 3425 4919 διακείσθω
3450 4907 3466 4929 ,
3517 4864 3695 4928 εἰδὼς.

424 4954 500 5009 ita
545 4970 743 5024 parare
797 4971 857 5011 se
903 4955 1065 5012 debet
1095 4975 1109 5012 :
1144 4956 1313 5027 probe
1354 4957 1537 5013 sciens
1574 4957 1622 5012 si
1654 4957 1907 5014 inciderit
1943 4959 2001 5017 in

2115 4963 2182 5014 ὅτι
2214 4958 2311 5013 ἐὰν
2355 4958 2570 5032 ἐμπέσῃ
2613 4961 2694 5022 είς
2737 4960 3012 5031 ἁμαρτίαν
3043 4953 3123 5021 εἷς
3156 4956 3264 5013 τῶν
3291 4956 3577 5026 ἀδελφῶν,
3612 4957 3686 5026 μὴ

424 5056 716 5120 peccatum
768 5047 935 5105 frater
983 5064 1162 5116 unus,
1214 5048 1305 5104 cui
1355 5060 1515 5106 antea
1547 5049 1999 5122 justiﬁcationem

2100 5051 2455 5123 προειπόντος
2501 5050 2651 5123 αὐτῷ
2683 5050 2745 5106 τὸ
2774 5050 3048 5122 δικαίωμα
3089 5048 3185 5104 τοῦ
3218 5047 3354 5103 Θεοῦ
3377 5090 3393 5114 ,
3442 5048 3479 5120 ἢ
3524 5050 3689 5120 ἐμπε-

496 5206 542 5238 ³¹
563 5203 712 5259 Psal.
746 5219 938 5270 cxvul,
965 5205 1087 5259 105.
1163 5204 1210 5237 ³³
1233 5201 1354 5261 Gal.
1385 5222 1439 5270 ν,
1470 5205 1524 5262 9.
1604 5209 1649 5240 “
1672 5207 1863 5267 Matth.
1895 5225 2006 5264 xvu

2115 5208 2273 5264 5-17.
2351 5209 2397 5241 ³³
2422 5208 2529 5264 lsa.
2562 5225 2614 5277 ιο,
2646 5207 2701 5264 5.

496 5362 573 5433 (ι)
604 5328 683 5416 Ex
723 5361 885 5431 epist.
918 5376 1244 5427 ccmmn,
1275 5363 1403 5417 426.

517 5431 575 5504 ᾖ)
612 5432 850 5504 Uterque
878 5434 1049 5504 codex
1082 5435 1285 5487 indicat
1312 5436 1475 5504 epist.

521 5500 577 5583 ξ)
612 5501 948 5583 ἓκ-Ιίρρίιέὶε
987 5504 1160 5575 fusius
1187 5500 1455 5570 tractatis,
1486 5505 1612 5559 596.

501 5570 577 5643 (4)
612 5571 771 5634 lbid.,
801 5572 926 5627 570.
987 5570 997 5575 ⁷

501 5641 578 5717 (ξ)
628 5641 981 5717 Ἑξαρθήτω.
1021 5642 1201 5717 Codex
1229 5641 1367 5717 199?.
1389 5643 1493 5717 ἔξω
1529 5643 1768 5717 ἀρθήτω.

501 5709 577 5783 (6)
609 5713 824 5767 Αὐτοῦ.
854 5711 1002 5769 idem
1026 5714 1194 5770 codex
1227 5714 1377 5770 addit
1410 5709 1590 5785 μόνον’.

2180 5364 2257 5436 (7)
2294 5365 2406 5436 Τὰς
2449 5363 2784 5436 θεραπείας.
2816 5363 2966 5436 Ιάεηι
3001 5361 3103 5436 τὰς
3138 5361 3399 5432 ἰατρείας,
3426 5368 3508 5436 et_
3536 5361 3690 5436 paulo

2111 5431 2248 5521 post;
2270 5434 2448 5489 αὐτῶν
2496 5434 2831 5505 ἐπιμέλειαν.
2874 5431 3021 5489 Ειιὶιὶ
3056 5441 3112 5489 et
3154 5439 3444 5488 contextus
3494 5431 3688 5487 habent

2109 5522 2776 5643 αυῖἕλᾟατερτάζωνται.
2799 5573 2889 5629 Sic
2906 5581 3136 5643 uterque
3160 5572 3351 5628 codex.
3375 5569 3523 5625 Editi
3553 5585 3687 5643 κατ-

2110 5640 2452 5716 εργάζονταιζ
2486 5640 2641 5716 ίιιΐτιι
2699 5645 2982 5714 legendum
3019 5640 3080 5699 ut
3118 5644 3176 5699 in
3220 5652 3482 5700 contextu
3519 5644 3548 5694 ὁ
3594 5640 3686 5710 τὴν

2112 5714 2296 5787 κοινὴν
2328 5714 2581 5787 φροντίδα
2610 5716 3055 5788 πεπιστευμένος.
