3840 6226
112 322 257 379 1145

926 305 1159 363 SERMO
1198 303 1264 357 ιι.
1302 327 1374 341 -
1410 299 1499 352 DE
1537 294 1886 351 DOCTRINA
1922 292 2010 345 ΕΤ
2049 287 2541 346 ADMONlTiONE.

3227 278 3365 334 Hi6

116 445 229 500 σὼν
256 441 485 512 ἐπιμένῃ
504 479 518 502 ,
551 435 625 509 μὴ
656 431 926 505 διδαχθεὶς
951 430 1042 485 τὸν
1087 428 1290 501 τρόπον
1331 426 1432 495 τῆς
1474 424 1696 490 ἐπανορ-
1724 474 1726 481 η

1827 416 1892 471 lei
1923 430 2032 470 non
2065 412 2380 479 declararit,
2413 418 2506 466 aut
2548 409 2595 464 si
2636 409 2846 475 lapsus,
2878 405 2932 458 in
2957 416 3022 458 eo
3046 402 3347 473 perstiterit

116 538 373 599 θώσθως,
402 532 462 587 τὺ
498 527 638 602 αἷμα
670 523 834 581 αὑτοῦ
862 526 928 578 ἐκ
953 522 1063 577 τῶν
1103 519 1302 593 χειρῶν
1333 515 1498 570 αὑτοῦ
1534 512 1698 584 ὲκζη-

1797 522 1906 561 non
1938 505 2166 562 edoctus
2197 504 2267 559 ab
2294 518 2361 559 eo
2388 501 2457 557 de
2493 497 2894 556 emendationis
2921 494 3114 558 modo,
3148 492 3342 561 sangui

118 581 459 701 3511;};
701 619 1036 691 γέγραπταιο
1065 581 1162 667 κᾶι
1194 581 1427 701 μάλιστα
1443 646 1485 701 ,_

1827 612 1921 652 lem
1965 595 2141 666 ipsius
2180 608 2250 649 ex
2293 591 2412 648 suis
2461 588 2715 645 manibus
2764 583 3090 656 requisitum
3136 581 3244 647 iri,
3289 590 3373 635 uti

1893 688 1904 700 .
1950 696 1961 701 -
2154 693 2169 701 -
2196 686 2240 701 ε.
2339 691 2353 701 .
2393 682 2620 701 μΑ-εμ-
2686 680 2728 701 -2
2766 677 2891 701 ---με
2925 690 3110 701 mum...
3132 672 3350 701 .-.υ-...1-

116 694 191 777 δέ
223 694 444 790 ἀγνοιάν
489 732 543 770 τι
594 711 797 785 παρίδῃ
833 707 944 762 τῶν
991 701 1333 777 ἀρεσκόντων
1378 697 1499 769 Θεῷ
1521 735 1535 760 ,
1563 694 1699 750 ἀλλά

117 812 212 868 διὰ
242 808 529 867 κολακείαν
570 799 1110 876 συμπεριφερόμενος
1159 795 1273 857 τοῖς
1325 791 1556 846 ἑκάστου
1601 803 1701 841 κα-

120 903 279 964 κοῖς,
323 897 424 969 τὴν
462 894 746 966 ἀκρίϐειαν
785 890 888 959 τῆς
920 885 1197 949 πολιτείας
1229 882 1452 955 ὲκλύσῃ.
1491 878 1702 969 Ὠσπερ

121 993 183 1046 δὲ
220 993 249 1046 ὁ
280 968 557 1061 προεστὼς
594 981 893 1044 ὑπεύθυνός
936 981 1083 1032 εστιν
1133 977 1345 1047 ὁδηγεῖν
1399 974 1479 1035 είς
1527 968 1703 1023 πάντα

122 1082 226 1153 τὴν
274 1060 641 1147 ἀδελφότητα,
689 1072 833 1126 οὕτω
866 1069 1027 1123 πάλιν
1056 1067 1153 1121 καί
1195 1067 1309 1126 τοῖς
1338 1062 1544 1123 λοιποῖς
1585 1060 1706 1112 ὲπιο

125 1173 334 1238 ϐάλλει,
365 1172 459 1225 ὲάν
495 1184 625 1221 ποτε
662 1161 977 1234 ὑποπτευθῇ
1010 1178 1064 1215 τι
1098 1158 1227 1230 περί
1256 1157 1348 1210 τὸν
1386 1150 1708 1226 προεστῶτα

127 1265 527 1338 πλημμέλημα,
577 1257 1014 1331 ὑπομιμνήσκειν
1061 1250 1223 1306 αὑτὸν
1273 1246 1399 1309 τοὺς
1437 1241 1706 1338 προέέονῖ

124 1326 352 1427 ταςΙῖτῆν
379 1326 443 1408 τέ
466 1326 700 1426 ἡλικίαν-
719 1326 814 1404 καὶ
840 1326 941 1418 τὴν
970 1343 1205 1398 σύνεσιν.
1252 1337 1379 1393 Ἐὰν
1416 1334 1514 1427 μὲν
1541 1328 1633 1385 οὖν

126 1466 181 1501 τι
226 1426 375 1513 ἀξιον
412 1443 750 1517 διορθώσεως
772 1479 788 1505 ,
834 1438 930 1493 τόν
965 1453 1027 1489 τε
1069 1429 1296 1501 ἀδελφὸν
1324 1426 1707 1517 ώφελήσαμεν,

127 1540 226 1593 καὶ
271 1512 512 1597 ἑαυτοὺς.
537 1533 602 1586 δι’
636 1529 844 1586 ἐκείνου
862 1567 878 1593 ,
907 1525 1000 1580 τὸν
1030 1521 1196 1578 οἱονεὶ
1224 1517 1425 1573 κανόνα
1465 1512 1560 1567 τοῦ
1585 1514 1714 1582 ἠμε-

129 1631 288 1704 τέρου
325 1628 440 1700 βίου
489 1625 618 1680 ὄντα
640 1664 658 1692 ,
690 1622 783 1676 καὶ
813 1622 882 1692 τῇ
933 1613 1099 1670 αὑτοῦ
1146 1610 1401 1684 ὀρθότητι
1449 1605 1513 1704 το
1547 1603 1715 1704 ενδιά-

1799 688 2063 759 scriptum
2091 693 2177 742 est
2194 686 2278 739 ":
2304 691 2360 741 et
2391 682 2647 745 maxime,
2684 680 2732 736 si
2760 677 2894 750 quid
2922 690 3113 733 eorum
3129 688 3250 746 quae
3266 672 3353 744 pla

1801 768 1925 838 cent
1964 779 2098 842 Deo,
2136 792 2247 832 non
2275 791 2342 831 ex
2371 773 2591 829 inscitia
2619 769 2939 841 neglexerit,
2972 766 3069 825 sed
3097 765 3279 836 potius
3305 778 3373 818 ex

1800 888 1867 929 eo
1908 872 2056 944 quod
2085 871 2157 926 ob
2200 866 2633 925 assentationem
2672 861 2741 917 ad
2774 860 3212 930 uniuscujusque
3244 855 3372 911 vitia

1804 980 1924 1022 sese
1954 961 2361 1023 accommodet,
2405 957 2711 1029 disciplinae
2757 953 3127 1024 integritatem
3175 948 3350 1004 lahel‘a

1804 1056 1988 1112 ctarit.
2019 1056 2096 1128 (3)
2132 1056 2315 1125 Atque
2362 1054 2528 1106 etiam
2579 1046 3039 1120 quemadmodum
3088 1042 3376 1113 praefectus

1806 1149 1861 1203 in
1909 1147 2165 1203 omnibus
2206 1145 2440 1199 fratrum
2472 1143 2585 1197 dux
2634 1153 2756 1195 esse
2798 1137 2992 1202 debet,
3044 1134 3121 1188 ita
3164 1146 3380 1203 quoque

1806 1238 2049 1295 vicissim
2078 1237 2301 1307 reliquis
2325 1232 2602 1299 convenit,
2633 1231 2678 1287 si
2703 1227 2922 1301 quando
2946 1224 3235 1298 praefectus
3268 1223 3384 1293 ipse

1808 1330 1995 1386 delicti
2042 1328 2280 1399 alicujus
2315 1335 2609 1396 suspectus
2635 1322 2829 1386 fuerit,
2862 1328 2923 1374 ut
2962 1320 3142 1388 ipsum
3188 1315 3351 1371 admo

1810 1430 1975 1479 neant
2003 1422 2098 1493 qui
2136 1436 2265 1476 cum
2306 1426 2467 1474 aetate
2498 1424 2618 1471 tum
2652 1412 2943 1487 prudentia
2986 1417 3272 1481 praestant.
3323 1406 3377 1462 Si

1812 1514 1945 1587 quid
1977 1514 2142 1584 igitur
2175 1510 2373 1574 fuerit,
2406 1506 2558 1579 quod
2595 1503 2883 1563 emendari
2927 1515 3109 1573 opera:
3151 1498 3375 1571 pretiun

1812 1609 1919 1675 sit,
1967 1604 2284 1678 juvabimus
2329 1610 2384 1657 et
2435 1599 2698 1663 fratrem,
2742 1603 2797 1651 et
2836 1610 2934 1667 per
2963 1594 3116 1649 illum
3147 1597 3377 1648 nosmet.

130 1687 363 1795 στροφόν
411 1721 545 1791 ἡμῖν
594 1687 888 1784 διελέγχειν
934 1707 1238 1779 ὀφείλοντα,
1285 1697 1524 1795 πρὸς-τὸ
1582 1695 1711 1795 εὑθὺ

1827 1715 1984 1773 ipsos,
2010 1714 2076 1755 eo
2105 1697 2199 1768 qui
2230 1693 2400 1750 veluti
2429 1693 2554 1748 vitae
2580 1699 2788 1746 nostra:
2818 1687 3008 1760 regula
3042 1693 3147 1750 est,
3179 1698 3388 1753 suaque

1936 1789 1946 1795 .
2032 1787 2068 1795 ..
2420 1783 2454 1795 .-
2502 1791 2511 1795 -
2755 1787 2768 1795 -
2818 1794 2821 1795 ν
2878 1794 2883 1795 ,
2970 1778 3257 1795 -.__--_-_-
3294 1774 3353 1795 λ-

830 1768 1006 1874 μάτην
1035 1795 1181 1859 τινὲς
1205 1768 1542 1884 ταραχθῶσι,
1578 1786 1714 1884 πληῖ-

1827 1768 2144 1847 rectitudine
2191 1783 2606 1857 perversitatem
2647 1787 2896 1836 nostram
2930 1778 3262 1848 redarguere
3289 1774 3359 1828 de

134 1877 529 1975 ροφορηθέντες
584 1898 674 1953 διά
721 1897 820 1966 τῆς
879 1888 1239 1963 φανερώσεως
1459 1881 1520 1934 οὑ
1561 1877 1714 1975 μετὰ

435 1986 913 2048 ὑποπτευθέντων,
946 1982 1046 2053 τῆς
1083 1977 1171 2031 ἐπ’
1210 1972 1360 2045 αὑτῷ
1384 1970 1715 2043 διακρίσεως

133 2083 599 2139 ἀπαλλάσσονται.

210 2351 262 2404 7.
294 2348 371 2403 Οὑ
416 2345 527 2418 γὰρ
575 2343 852 2413 ἀγνοεῖτε,
906 2339 982 2404 ὡς
1012 2339 1063 2392 οἰ
1106 2334 1446 2408 προεστῶτες
1483 2331 1719 2404 δημοσίᾳ

139 2444 276 2497 πᾶσι
310 2438 690 2510 προκείμενοι,
725 2433 914 2505 ῶσπερ
946 2432 996 2486 oi
1041 2431 1100 2484 ὲν
1136 2432 1202 2502 τῇ
1244 2427 1490 2500 θαλάσσῃ
1521 2423 1719 2496 προϐε-

139 2533 400 2604 ϐλημένοι
449 2527 702 2583 σκόπελοι
731 2566 747 2592 ,
796 2525 952 2580 αὑτοὶ
977 2523 1068 2577 τὸν
1118 2520 1288 2593 θυμὸν
1323 2519 1433 2573 τῶν
1464 2515 1721 2571 ἐναντίων

139 2623 406 2694 κυμάτων
446 2618 840 2689 ὑποδέχονται,
872 2615 968 2670 καί⁷
995 2613 1126 2686 περὶ
1159 2612 1358 2674 αὐτοὺς
1386 2608 1720 2694 ῥηγνύμενᾳν

140 2712 213 2767 τά
240 2710 473 2765 κατόπιν
507 2706 687 2762 αὑτῶν
713 2706 815 2760 οὑκ
855 2704 1260 2769 ὲπικλύζουσιν.
1306 2698 1447 2770 Ἐγὼ
1486 2699 1584 2772 μὲν
1629 2692 1724 2751 οὖν

141 2807 179 2859 ἀ
204 2804 470 2876 κράτιστα
491 2796 630 2855 εἶναι
651 2798 822 2872 κρίνω
839 2839 855 2864 ,
877 2797 948 2853 τά
979 2799 1075 2869 μὲν
1105 2794 1202 2850 νῦν
1232 2794 1499 2867 εἰρημένα
1522 2835 1538 2861 ,
1571 2791 1642 2845 τὰ
1666 2791 1725 2846 δὲ

143 2895 297 2967 παρά
326 2895 504 2948 πάντα
529 2891 622 2946 τόν
665 2890 780 2962 βίον
809 2891 939 2962 ὑμῖν
973 2886 1381 2959 ξυμϐουλεύσω.
1405 2883 1525 2939 Κᾶν
1550 2883 1657 2953 γὰρ
1690 2883 1722 2953 ἡ

143 2988 241 3042 τοῦ
273 2988 524 3058 σώματος
550 2985 804 3040 ἀσθένεια
828 2980 1096 3055 ἐμποδίζῃ
1131 2998 1199 3053 με
1231 2980 1319 3050 (ἣν
1353 2978 1455 3032 οὑκ
1482 2977 1727 3045 ἀγνοεῖτε

147 3082 366 3144 πάντως
395 3081 510 3151 (1),
545 3080 644 3148 ὅση
674 3094 764 3148 μοι
788 3076 1051 3146 πάρεστιν
1075 3113 1091 3140 ,
1122 3075 1187 3127 ὲκ
1210 3071 1322 3143 τῆς,
1353 3069 1580 3143 πρώτης
1606 3067 1728 3140 ἡλι-

148 3175 274 3237 κίας
306 3173 468 3244 μέχρι
492 3170 587 3225 τοῦ
624 3172 811 3241 γήρως
847 3166 1037 3222 τούτου
1082 3163 1449 3238 συντραφεῖσά
1481 3179 1571 3232 μοι
1592 3201 1610 3225 ,
1634 3158 1731 3213 καὶ

148 3264 483 3320 παιδεύουσά
513 3280 580 3336 με
601 3302 616 3325 ,
647 3261 791 3316 κατὰ
836 3259 934 3331 τὴν
961 3258 1178 3313 δικαίαν
1207 3257 1388 3328 κρίσιν
1429 3252 1526 3308 τοῦ
1553 3252 1732 3306 πάντα

149 3359 210 3410 ὲν
250 3353 414 3425 σοφίᾳ
436 3350 844 3422 οἰκονομοῦντος
872 3348 1066 3420 Θεοῦ),
1098 3346 1213 3401 ἀλλ’
1241 3346 1347 3409 ἕως
1369 3343 1730 3413 ἀναπνέομεν,

153 3445 443 3503 ὑπεύθυνοί
487 3445 654 3514 ἐσμεν
686 3441 851 3514 μηδὲν
885 3440 1237 3512 ὲλλιμπάνειν
1277 3437 1388 3490 τῶν
1425 3436 1506 3499 είς
1531 3434 1735 3488 οίκοδο-

158 3539 264 3611 μὴν
302 3537 413 3591 τῶν
455 3535 658 3590 καλῶν.
710 3534 899 3605 Ὑμεῖς
926 3531 1020 3600 δὲ,
1061 3530 1231 3601 τριῶν
1283 3526 1736 3602 ἀρρωστημάτων

160 3631 235 3702 μὴ
276 3628 355 3699 τῷ
387 3626 590 3698 ἀνιάτῳ
641 3623 1022 3697 προσεοικέναι
1055 3622 1282 3692 δόξητε,
1326 3619 1462 3691 μηδὲ
1492 3619 1593 3690 τὴν
1634 3616 1737 3685 τῆς

162 3720 387 3791 γνώμης
413 3720 567 3773 νόσον
601 3714 989 3788 παραπλησίαν
1023 3714 1121 3784 τῆς
1146 3710 1254 3765 τῶν
1283 3712 1365 3774 εἰς
1404 3709 1475 3763 τὰ
1514 3706 1739 3778 σώματα

161 3811 611 3883 δυστυχησάντων
657 3808 887 3878 δείξητε.
937 3807 1001 3860 Οἱ
1036 3806 1133 3877 μὲν
1164 3804 1274 3876 γὰρ
1313 3802 1385 3856 τὰ
1419 3800 1592 3873 μικρὰ
1632 3799 1740 3853 τῶν

164 3902 349 3958 παθῶν
384 3902 684 3972 κάμνοντες
706 3937 722 3963 ,
756 3898 912 3951 αὐτοὶ
939 3895 1092 3967 παρὰ
1122 3896 1247 3958 τοὺς
1295 3894 1512 3967 ίατροὺς
1557 3891 1744 3963 ἔρχον-

170 4013 252 4050 ται
278 4011 293 4025 ’
339 3993 391 4046 οἰ
423 3993 479 4046 δὲ
521 3990 627 4045 ὑπὸ
675 3988 936 4061 μειζόνων
966 3984 1410 4056 καταληφθέντες
1449 3983 1742 4054 ἀρρωστη-

167 4087 375 4158 μάτων,
403 4084 487 4153 ὲφ’
516 4083 742 4145 ἑαυτοὺς
769 4077 995 4134 καλοῦσι
1027 4078 1154 4140 τοὺς
1188 4074 1630 4148 θεραπεύσοντας
1650 4088 1664 4102 θ
1695 4073 1745 4124 οἰ

167 4179 211 4232 δ’
243 4180 325 4241 εἰς
349 4178 646 4248 ἀνήκεστον
684 4171 963 4234 παντελῶς
995 4168 1355 4241 μελαγχολίαν
1386 4163 1746 4237 παρενεχθέν-

171 4287 297 4335 τες,
342 4269 466 4340 ρὺδὲ
495 4266 816 4340 προσιόντας
840 4263 917 4335 (2)
959 4261 1295 4334 προσίενται.
1330 4260 1395 4312 '0
1428 4257 1504 4330 μὴ
1537 4255 1747 4326 πάθητε

175 4362 270 4417 νῦν
296 4361 455 4431 ὑμεῖς
473 4400 487 4423 ,
513 4357 688 4429 ὀρθῶς
719 4355 940 4426 ἔχοντας
966 4354 1074 4408 τῶν
1103 4350 1380 4423 λογισμῶν
1406 4347 1748 4417 ἀποφεύγον-

1815 1884 1936 1950 bet,
1984 1881 2052 1936 ad
2083 1886 2292 1934 rectam
2323 1875 2466 1931 viam
2509 1888 2541 1928 a
2587 1873 2746 1929 nobis
2773 1870 3002 1926 reducto
3037 1886 3051 1923 :
3082 1868 3170 1924 sin
3210 1874 3385 1920 autem

1814 1983 2019 2030 temere
2045 1970 2250 2028 turbati
2278 1969 2486 2025 iuerint
2508 1966 2759 2024 nonnulli
2784 1965 2935 2020 illius
2959 1977 3147 2028 causa,
3165 1961 3292 2032 ipsi,
3324 1959 3399 2014 iis

1815 2083 1937 2139 quae
1959 2066 2099 2122 falso
2128 2072 2386 2135 suspecta
2415 2061 2638 2117 fuerant
2668 2057 2925 2131 cognitis,
2957 2056 3222 2112 certiores
3241 2053 3393 2118 facti,

1816 2154 1887 2208 ab
1917 2167 1983 2208 ea
2021 2166 2187 2223 quam
2221 2150 2292 2207 de
2335 2150 2457 2220 ipso
2491 2153 2862 2220 conceperant
2903 2144 3217 2218 suspicione
3259 2143 3394 2199 libe-

1817 2249 2034 2296 rantur.

1887 2334 1943 2390 7.
1983 2333 2063 2406 (4)
2096 2331 2218 2388 Νοιι
2247 2331 2395 2388 enim
2430 2328 2718 2401 ignoratis,
2753 2343 2849 2386 eos
2877 2328 2973 2399 qui
3003 2334 3269 2399 praesunt,
3306 2341 3398 2397 pa-

1818 2428 1928 2483 lam
1969 2426 2227 2483 omnibus
2256 2423 2606 2497 propositos,
2640 2422 2806 2478 veluti
2851 2422 3109 2492 scopulos
3154 2422 3213 2476 in
3259 2420 3398 2474 mari

1820 2519 2199 2591 prominentes
2217 2556 2233 2583 ,
2261 2517 2506 2573 furorem
2536 2514 2805 2570 ﬂuctuum
2844 2513 3226 2568 haereticorum
3256 2514 3401 2568 exci-

1820 2625 1973 2681 pere,
2001 2609 2096 2681 qui
2125 2609 2257 2664 dum
2289 2612 2438 2663 circa
2478 2622 2575 2664 eos
2613 2606 2965 2678 franguntur,
3003 2622 3068 2661 ea
3103 2621 3225 2677 qua;
3255 2613 3403 2661 retro

1824 2711 1974 2771 sunt,
2001 2719 2112 2759 non
2133 2704 2370 2758 alluunt.
2395 2700 2475 2775 (5)
2508 2700 2621 2772 Ego
2648 2700 2871 2772 quidem
2902 2716 3023 2771 quae
3046 2701 3253 2770 optima
3278 2715 3403 2754 esse

1824 2809 2047 2860 censeo,
2081 2795 2279 2865 partim
2308 2806 2458 2848 nunc
2491 2791 2628 2858 dixi,
2659 2790 2860 2861 partim
2889 2790 3048 2845 vobis
3073 2805 3169 2860 per
3189 2804 3406 2844 omnem

1824 2885 1992 2939 vitam
2019 2883 2283 2939 suadebo.
2309 2880 2387 2954 (6)
2418 2879 2650 2937 Etiamsi
2681 2880 2827 2936 enim
2854 2895 2941 2935 me
2969 2878 3223 2950 corporis
3254 2877 3404 2932 inﬁr-

1827 2977 1991 3032 mitas
2033 2974 2379 3047 constringat
2413 2976 2618 3045 (quam
2664 2987 2894 3045 prorsus
2948 2987 3059 3027 non
3122 2972 3411 3043 ignoratis,

1829 3077 2036 3140 quanta
2081 3068 2215 3123 mihi
2256 3068 2433 3132 adsit,
2476 3082 2507 3121 a
2540 3066 2719 3138 prima
2753 3073 2914 3122 aatate
2963 3065 3029 3120 ad
3064 3065 3209 3119 hanc
3241 3079 3412 3132 usque

1832 3165 2170 3215 senectutem
2197 3160 2440 3215 enutrita
2480 3172 2730 3225 mecum,
2778 3172 2975 3228 meque
3016 3157 3294 3228 castigans
3319 3172 3411 3212 se-

1832 3253 2074 3309 cundum
2097 3253 2312 3323 justum
2342 3251 2443 3307 Dei
2466 3251 2759 3322 judicium,
2789 3250 2884 3321 qui
2905 3251 3088 3306 omnia
3112 3251 3167 3304 in
3198 3249 3413 3320 sapien-

1831 3346 1910 3399 tia
1954 3340 2330 3415 moderatur),
2358 3342 2436 3413 (7)
2475 3351 2658 3397 tamen
2705 3342 2948 3412 quandiu
3000 3340 3415 3410 respirahimus,

1836 3437 1978 3493 nihil
2011 3436 2282 3493 debemus
2315 3451 2506 3492 eorum
2536 3435 2816 3499 omittere,
2848 3449 2971 3505 qua
2996 3433 3066 3488 ad
3096 3420 3412 3488 aediﬁcatio-

1834 3544 1960 3585 nem
2008 3530 2278 3585 bonorum
2328 3528 2624 3599 pertinent.
2670 3526 2747 3597 (8)
2799 3525 2913 3581 Vos
2962 3540 3093 3581 vero
3138 3540 3262 3580 cum
3310 3528 3415 3579 tria

1837 3623 1948 3677 sint
1993 3621 2381 3693 aegritudinum
2431 3634 2672 3692 genera,
2704 3619 2755 3675 ei
2799 3617 2944 3689 quod
2991 3618 3297 3673 insanabile
3331 3628 3414 3672 est

1839 3713 2047 3770 similes
2092 3729 2161 3768 ne
2191 3712 2504 3774 videamini,
2534 3726 2710 3781 neque
2739 3708 3045 3765 ostendatis
3073 3709 3240 3763 animi
3271 3725 3419 3764 more

1839 3806 1970 3861 bum
2000 3805 2196 3860 morbo
2227 3818 2417 3859 eorum
2449 3804 2543 3873 qui
2577 3816 2809 3871 corpore
2835 3808 3124 3872 aegrotant,
3155 3801 3419 3857 ροιιείιιιίο

1841 3898 1970 3952 lem.
2034 3895 2249 3952 Etenim
2316 3896 2687 3952 invaletudine
2749 3909 2917 3966 parva
2987 3895 3083 3966 qui
3142 3894 3418 3957 laborant,

1843 3991 1949 4062 ipsi
1979 3988 2250 4045 accedunt
2284 3988 2353 4044 ad
2396 3988 2676 4044 medicos:
2713 3988 2807 4059 qui
2838 4003 2969 4043 vero
3010 3988 3217 4044 morbis
3247 3987 3424 4056 majo-

1843 4081 1999 4137 ribus
2027 4080 2264 4152 correpti
2291 4080 2464 4144 fuere,
2487 4078 2732 4136 medicos
2763 4088 3059 4136 accersunt
3091 4079 3160 4134 ad
3197 4094 3291 4134 se:
3328 4077 3422 4149 qui

1845 4183 2029 4229 autem
2080 4173 2136 4227 in
2166 4173 2404 4244 aliquem
2439 4185 2572 4227 atra:
2603 4172 2733 4228 bilis
2765 4173 3020 4228 morbum
3050 4187 3283 4243 prorsus
3315 4171 3422 4225 im-

1847 4266 2227 4321 medicabilem
2269 4265 2407 4336 lapsi
2438 4275 2590 4329 sunt,
2621 4280 2690 4320 ne
2716 4264 3042 4320 accedentes
3068 4263 3289 4335 quidem
3326 4262 3423 4319 ad-

1847 4357 2091 4412 mittunt.
2123 4357 2280 4423 Quod
2312 4365 2500 4413 cavete
2519 4372 2589 4412 ne
2612 4357 2769 4412 vobis
2803 4372 2953 4411 nunc
2983 4356 3220 4421 accidat,
3253 4355 3299 4411 si
3328 4371 3426 4411 eos

175 4469 266 4516 τες
286 4470 300 4484 ’
336 4450 473 4504 ἀλλὰ
502 4446 953 4516 καὶπαιδεύθητε
970 4488 985 4509 ,
1010 4446 1105 4498 καὶ
1140 4440 1520 4512 στοιχειώθητε
1551 4438 1629 4510 τῷ
1655 4438 1726 4510 φό

1850 4451 1944 4522 qui
1992 4456 2175 4505 mente
2219 4463 2284 4504 ac
2326 4449 2543 4503 ratione
2588 4446 2802 4517 praediti
2837 4457 2998 4512 sunt,
3033 4446 3292 4517 fugiatis;
3328 4446 3424 4501 sed

174 4547 255 4617 σῳ
280 4544 491 4615 Κυρίου
539 4542 632 4596 τοῦ
664 4540 799 4595 Θεοῦ
842 4538 1002 4611 ἡμῶν
1025 4578 1041 4603 ,
1070 4539 1157 4591 ἵνα
1188 4534 1415 4590 καὶτῶν
1447 4532 1746 4604 μελλόντων

167 4636 389 4706 ἀγαθῶν
440 4633 770 4705 ὲπιτύχητε,
824 4635 882 4686 ὲν
932 4630 1153 4703 Χριστῷ
1211 4625 1385 4700 Ἰησοῦ
1430 4624 1511 4696 τῷ
1558 4623 1747 4696 Κυρίῳ

170 4728 350 4800 ἡμῶν,
379 4720 425 4796 ᾧ
449 4729 483 4797 ἡ
513 4727 641 4792 δόξα
671 4727 765 4780 καὶ
791 4724 854 4778 τὸ
879 4723 1079 4795 κράτος
1108 4723 1204 4776 σὺν
1231 4720 1311 4791 τῷ
1331 4719 1554 4789 ἀνάρχῳ
1581 4714 1746 4770 αὑτοῦ

173 4820 379 4892 Πατρὶ,
426 4819 522 4873 καὶ
567 4817 645 4888 τῷ
696 4815 946 4886 παναγίιρ
991 4814 1087 4869 καὶ
1145 4810 1394 4882 ζωοποιῷ
1446 4808 1746 4879 Πνεύματι,

178 4912 267 4968 νῦν
288 4912 383 4966 καὶ
409 4911 518 4976 ἀεὶ,
549 4910 639 4964 καί
668 4911 747 4972 εἰς
771 4909 896 4972 τοὺς
925 4907 1128 4970 αἰῶνας
1148 4903 1259 4958 τῶν
1284 4902 1517 4959 αἰώνων.
1553 4902 1746 4973 Ἀμήν.

249 5178 295 5210 ⁸⁸
315 5176 511 5232 Ezech.
545 5191 628 5242 ιιι,
660 5174 752 5230 ΞΟ.

248 5333 325 5416 ρ
366 5328 741 5416 Ἑμποέίζῃ...
799 5326 1058 5411 πάντως.
1119 5325 1211 5379 Sic
1265 5330 1496 5394 uterque
1557 5320 1748 5377 codex.

181 5398 323 5460 Editi
356 5398 725 5472 συμποδίσῃέ..
760 5398 979 5472 πάντες.

249 5472 328 5541 (2)
358 5464 743 5541 ΠροσιόνξιιςΪ
772 5467 951 5541 codex
986 5464 1456 5541 1992_rtpggt6vm.

252 5534 331 5610 (5)
357 5534 431 5595 Εἰ
477 5534 889 5610 Regulisfusius
917 5534 1336 5610 t‘ractatis,'57l.

255 5606 332 5674 in
368 5612 447 5666 Ex
478 5606 635 5681 epist.
676 5606 823 5674 com,
850 5606 975 5665 302.

1851 4541 2145 4598 erudimini
2167 4550 2330 4612 atque
2352 4540 2645 4595 initiamini
2669 4540 2863 4595 timore
2876 4538 3090 4594 Domini
3109 4539 3201 4594 Dei
3224 4538 3425 4597 nostri.

1852 4643 1913 4690 ut
1953 4633 2266 4690 futurorum
2296 4627 2573 4689 bonorum
2596 4632 2891 4704 participes
2923 4648 3047 4689 esse
3086 4631 3330 4702 possitis,
3368 4633 3423 4685 in

1853 4730 2078 4787 Christo
2104 4727 2234 4785 Jesu
2263 4727 2496 4783 Domino
2525 4737 2737 4793 nostro,
2773 4728 2861 4781 cui
2892 4727 3066 4798 gloria
3100 4735 3155 4782 et
3183 4734 3427 4797 potestas

1854 4838 1979 4878 cum
2011 4828 2219 4877 aeterno
2251 4821 2373 4891 ejus
2415 4819 2608 4885 Patre,
2655 4827 2712 4875 et
2760 4821 3111 4876 sanctissimo
3148 4818 3428 4875 viviﬁcan-

1856 4923 2020 4985 teque
2045 4912 2279 4985 Spiritu,
2310 4929 2458 4969 nunc
2485 4920 2539 4967 et
2566 4927 2806 4983 semper,
2838 4922 2894 4967 et
2931 4912 2986 4967 in
3029 4912 3228 4967 saecula
3257 4924 3426 4967 saecu-

1857 5007 2056 5062 lorum.
2087 5008 2284 5064 Amen.

1923 5312 2002 5455 £5)
2034 5311 2114 5367 Ex
2150 5328 2317 5369 serm.
2346 5310 2423 5364 De
2456 5310 2684 5379 legendis
2711 5308 2857 5363 libris
2886 5316 3051 5381 gent.,
3078 5304 3199 5361 186.

1947 5384 2002 5453 6)
2042 5382 2120 5437 Ex
2142 5384 2492 5455 episttccm,
2531 5380 2660 5436 299.

2041 5382 2120 5469 Es
2140 5384 2492 5469 Iepiskgccm,
2531 5380 2660 5436 299.

1926 5450 2004 5525 (7)
2041 5450 2202 5516 lbidf,
2234 5450 2358 5508 502.

1928 5525 2004 5597 (8)
2032 5522 2111 5579 Ex
2138 5538 2302 5580 serm.
2336 5521 2412 5578 De
2445 5519 2669 5592 legendis
2708 5517 2858 5574 libris
2898 5524 3062 5589 gent.,
3099 5513 3221 5572 ιδι.
