3840 6226
453 243 586 300 ΙιιἹ

1327 248 1688 303 APPENDI’X.
1731 281 1800 290 —-
1839 249 2179 304 SYMEONIS
2202 243 2743 302 ΙΕΪΑΡΙΙΚΔΒΤΑΣ

3575 245 3728 299 “is

448 384 610 455 533
655 382 752 435 οε
796 383 1340 461 cauatr.4_r_e_t.\'
1377 389 1585 442 οεωι
1628 389 1720 442 ετ
1767 389 2018 446 mox}-

2123 393 2290 444 ΠΕΡι
2337 389 2634 443 unum:
2693 389 2831 439 nu:
2851 388 3074 461 dum;
3129 386 3322 438 eam
3376 388 3500 438 ιίυ
3577 388 3729 440 nm

1119 457 1311 511 ΚΕΗ.

1063 569 1296 625 SERIIO
1327 571 1412 624 Ill.

521 679 571 733 i.
599 681 674 749 (Ι)
708 679 812 747 Qui
839 684 1168 752 semetipsos
1191 700 1221 737 a
1252 687 1436 739 muli
1469 687 1620 740 curis
1649 697 2018 754 removerunt,

449 785 548 824 cor
596 786 756 825 suum
798 775 948 826 omni
1000 775 1252 829 custodia
1297 792 1518 830 servare
1557 777 1777 841 debent,
1829 794 1898 832 ne
1927 795 2022 831 un-

450 877 614 932 quam
657 864 749 918 Dei
799 867 1187 935 cogitationem
1234 869 1518 936 abjiciant,
1565 877 1658 921 aut
1699 870 2019 923 memoriam

451 956 600 1009 illius
638 957 969 1010 mirabilium
1020 959 1350 1027 imaginibus
1385 975 1647 1012 ranarum
1675 975 1856 1014 rerum
1888 976 2021 1014 con—

449 1048 750 1114 taminent;
796 1048 890 1102 sed
930 1065 997 1102 ex
1047 1059 1308 1118 perpetua
1350 1065 1414 1103 ac
1457 1066 1594 1119 pura
1641 1052 2020 1106 recordatione

451 1141 719 1208 impressa
748 1143 944 1195 animis
975 1143 1203 1204 nostris,
1235 1144 1382 1195 velut
1423 1143 1662 1211 sigillum
1709 1143 2019 1207 indelebile,

452 1241 644 1284 sancta
696 1230 792 1285 Dei
846 1234 1108 1302 cogitatio
1163 1231 1620 1288 circumferenda.
1677 1233 1754 1288 lta
1797 1235 1941 1290 enim
1988 1251 2020 1288 α

450 1322 611 1378 nobis
644 1334 999 1392 comparatur
1031 1324 1123 1378 Dei
1166 1324 1408 1388 dilectio,
1444 1339 1566 1394 qua
1613 1325 1776 1380 simul
1817 1326 2021 1379 excitat

452 1413 520 1465 ad
554 1414 895 1467 conficienda
932 1414 1027 1468 Dei
1055 1415 1332 1480 mandata,
1364 1425 1420 1470 et
1452 1417 1570 1485 ipsa
1600 1417 1670 1470 ab
1703 1418 1839 1486 ipsis
1859 1417 2020 1470 vicis-

450 1504 554 1557 sim
622 1513 895 1568 servatur,
969 1517 1029 1560 ut
1086 1519 1345 1575 perpetua
1415 1507 1488 1562 sit
1559 1522 1624 1562 ac
1687 1524 1794 1562 non
1850 1508 2021 1562 inter-

452 1595 639 1648 missa.
690 1596 767 1666 (2)
818 1595 989 1662 Quem
1040 1606 1220 1652 autem
1252 1599 1545 1654 vehemens
1601 1597 1879 1654 Christum
1929 1615 2018 1654 se-

450 1689 653 1755 quendi
674 1690 946 1756 cupiditas
981 1698 1148 1754 tenet,
1188 1691 1234 1744 is
1263 1707 1370 1744 non
1399 1693 1636 1762 amplius
1664 1707 1725 1747 se
1753 1691 1821 1745 ad
1847 1692 2016 1746 ullam

452 1793 590 1842 rem,
624 1795 745 1848 qua:
774 1782 841 1834 ad
891 1781 1033 1835 hanc
1069 1783 1236 1834 vitam
1278 1784 1528 1848 attineat,
1562 1792 1880 1838 convertere
1921 1799 2021 1852 po-

450 1877 577 1933 test,
602 1887 709 1925 non
735 1871 803 1925 ad
826 1881 1135 1941 parentum,
1169 1882 1262 1926 aut
1291 1876 1723 1944 pr0pinquorum
1754 1891 2013 1938 amorem,

451 1962 498 2014 si
535 1961 746 2016 Domini
781 1967 1067 2033 praeceptis
1098 1965 1435 2018 adversetur.
1467 1965 1622 2019 Tunc
1655 1968 1800 2020 enim
1837 1967 2016 2020 locum

448 2053 613 2106 etiam
648 2055 810 2109 habet
837 2057 968 2110 illud
1008 2075 1023 2109 :
1058 2055 1119 2110 Si
1144 2058 1260 2126 quis
1290 2060 1424 2111 venit
1464 2058 1533 2110 ad
1565 2073 1663 2120 me,
1692 2065 1741 2110 et
1774 2074 1876 2110 non
1909 2057 2020 2110 odit

449 2155 652 2214 patrem
696 2164 851 2201 suum
883 2158 934 2203 et
981 2159 1203 2202 matrem
1251 2150 1317 2214 ³⁷,
1368 2160 1422 2205 et
1473 2159 1668 2204 caetera
1704 2164 1719 2200 :
1760 2149 1838 2220 (5)
1871 2149 2018 2219 quod

449 2238 615 2290 etiam
670 2238 976 2293 docuerunt
1017 2255 1121 2295 nos
1165 2239 1342 2295 sancti
1375 2239 1588 2293 Domini
1619 2238 1898 2307 discipuli,
1924 2237 2019 2292 Ja-

449 2327 623 2382 cobus
661 2337 717 2380 et
758 2327 1021 2392 Joannes,
1063 2331 1156 2397 qui
1200 2338 1411 2398 patrem
1460 2343 1621 2382 suum
1672 2326 2016 2391 Zehedaeum,

449 2416 760 2488 ipsumque,
807 2435 838 2474 a
869 2436 979 2490 quo
1022 2430 1136 2475 tota
1165 2422 1384 2475 illorum
1418 2421 1596 2475 victus
1640 2422 1782 2472 ratio
1823 2420 2021 2488 pende-

449 2507 563 2575 bat,
607 2512 880 2580 navigium
931 2513 1246 2581 reliquere;
1280 2511 1566 2564 .‘llatthmus
1597 2509 1786 2573 etiam,
1823 2509 1915 2580 qui
1950 2509 2020 2564 ab

447 2599 569 2668 ipso
598 2603 800 2656 telonio
828 2606 1088 2666 surrexit,
1117 2603 1516 2672 Dominumque
1533 2611 1755 2657 secutus
1777 2611 1880 2664 est,
1909 2617 2018 2655 non

448 2693 634 2745 telonii
690 2696 866 2748 solum
928 2696 1246 2765 relinquens
1293 2695 1682 2759 emolumenta,
1728 2695 1824 2748 sed
1877 2695 2021 2764 peri-

447 2782 570 2834 cula
620 2785 782 2836 etiam
829 2793 1209 2849 contemnens,
1249 2800 1371 2854 qua:
1413 2799 1441 2836 a
1489 2785 1853 2854 potestatibus
1904 2796 2017 2838 tum

449 2872 554 2925 sibi
599 2881 715 2928 tum
763 2879 1188 2947 consanguineis
1239 2881 1356 2932 suis
1400 2877 1824 2947 impendebant,
1873 2878 2019 2947 quod

451 2964 796 3033 vectigalium
846 2968 1089 3022 rationes
1151 2969 1470 3037 reliquisset
1534 2968 1785 3023 infectas.
1848 2966 2018 3022 Paulo

448 3054 684 3125 denique
726 3065 874 3114 totus
918 3061 1086 3114 etiam
1133 3062 1374 3116 mundus
1420 3061 1718 3116 cruciﬁxus
1757 3069 1908 3124 erat,
1965 3072 2019 3116 et
2048 3095 2089 3148 ς

451 3143 568 3213 ipse
611 3147 838 3202 mundo.
872 3148 951 3218 (4)
980 3148 1118 3204 Cum
1158 3151 1302 3204 enim
1334 3151 1553 3220 pietatis
1593 3165 1748 3204 amor
1783 3151 2018 3204 animam

447 3250 702 3310 occupat,
746 3251 859 3295 tum
907 3243 1024 3311 ipsa
1055 3259 1216 3298 omne
1244 3258 1547 3313 pugnarum
1591 3258 1762 3312 genus
1794 3242 2018 3307 irridet;

451 3344 618 3403 atque
650 3335 869 3390 etiamsi
915 3351 1109 3390 omnes
1138 3335 1286 3388 illam
1316 3335 1395 3390 rei
1442 3334 1711 3388 adamata;
1742 3349 1911 3390 causa
1937 3337 2022 3404 ja-

449 3426 590 3478 culis
649 3424 847 3494 ligant,
909 3424 1185 3478 delectant
1237 3425 1411 3493 magis
1462 3437 1626 3493 quam
1682 3426 2018 3480 excruciant.

449 3517 526 3585 (5)
549 3514 682 3568 Nam
721 3514 768 3568 si
799 3530 927 3586 erga
952 3529 1048 3569 eos
1079 3515 1172 3584 qui
1200 3514 1273 3569 de
1292 3515 1448 3569 nobis
1475 3515 1615 3570 bene
1647 3515 1827 3570 meriti
1868 3524 2022 3580 sunt,

451 3606 886 3662 benevolentiam
951 3621 1308 3676 amoremque
1356 3606 1663 3660 naturalem
1715 3606 2018 3672 habemus,

450 3698 769 3767 nullumque
835 3711 944 3750 non
999 3697 1253 3751 subimus
1308 3697 1586 3761 laborem,
1642 3705 1699 3750 ut
1754 3697 2016 3752 beneﬁcia

449 3792 600 3860 prius
629 3791 687 3845 in
712 3805 814 3844 nos
841 3789 1038 3843 collata
1067 3804 1482 3844 remuneremur
1507 3807 1521 3855 ;
1547 3790 1802 3860 quisnam
1833 3804 2015 3844 sermo

452 3882 544 3935 Itei
581 3881 725 3934 dona
766 3894 866 3949 pro
904 3879 1101 3933 merito
1132 3879 1408 3948 explicare
1450 3879 1667 3949 possit?
1694 3879 1868 3933 Tanta
1897 3881 2009 3950 quit

449 3971 572 4024 dem
601 3979 685 4024 est
714 3969 910 4022 horum
947 3969 1258 4033 multitudo,
1291 3977 1352 4022 ut
1390 3970 1554 4022 etiam
1604 3986 1891 4025 numerum
1939 3970 2020 4025 ef-

450 4060 663 4130 fugiant
701 4078 715 4113 :
756 4060 883 4113 item
917 4058 1293 4129 magnitudine
1321 4069 1470 4112 tanta
1505 4069 1634 4114 sunt
1681 4067 1735 4114 et
1778 4063 1924 4126 talia,
1958 4069 2018 4113 ut

450 4151 534 4204 vei
561 4150 783 4203 unicum
809 4149 946 4203 satis
973 4149 1041 4202 ad
1072 4149 1126 4201 id
1149 4150 1243 4212 sit,
1280 4157 1341 4202 ut
1369 4150 1737 4204 onmimodam
1773 4135 2014 4222 largitori

448 4243 680 4311 gratiam
721 4241 1019 4310 rependere
1062 4239 1378 4296 debeamus.
1419 4243 1494 4314 (6)
1526 4241 1622 4295 Est
1661 4251 1838 4298 autem
1881 4244 2016 4300 adeo

450 4336 647 4394 bonus,
689 4341 750 4386 ut
796 4347 976 4401 neque
1021 4333 1516 4387 remunerationem
1551 4335 1751 4404 exigat,
1791 4336 1884 4389 sed
1929 4344 2015 4390 sat

2734 458 3076 508 nmmo);

2735 571 2858 621 ΔυΓ
2864 571 2948 620 ΟΣ
2995 571 3071 622 Γ.

2187 683 2240 738 1.
2289 685 2430 747 Τοὺς
2469 683 2579 734 τῶν
2607 682 2878 752 βιωτικῶν
2920 683 3146 742 Eas-.95;
3171 682 3583 744 ἀποξενοῦντας
3624 698 3722 750 με.

2120 776 2351 847 ριμνῶν,
2583 775 2797 844 φυλακῇ
2834 778 3022 844 τηρεῖν
3051 776 3317 843 πφσήκει
3343 775 3442 843 τὴν
3486 776 3720 826 ἑαυτῶν

2119 868 2365 938 καρδίαν,
2392 869 2468 929 ὠς
2497 870 2572 937 μή
2620 885 2749 919 ποτε
2783 868 2882 934 τὴν
2921 883 2986 917 πε
2994 868 3048 934 pi.
3089 866 3224 918 Θεοῦ
3253 867 3457 918 ἔννοιαν
3494 867 3718 918 ἐκϐαλ-

2115 960 2253 1022 λειν,
2293 959 2327 1027 ἦ
2353 959 2450 1028 τὴν
2499 960 2720 1028 μνήμην
2769 957 2878 1009 τῶν
2923 957 3244 1026 θαυμασίων
3287 957 3450 1009 αὐτοῦ
3484 976 3716 1026 παντα-

2119 1050 2261 1110 σίαις
2293 1048 2400 1100 τῶν
2445 1048 2687 1117 ματαίων
2731 1047 3229 1116 καταρρυπαίνειν·
3279 1047 3413 1098 ἀλλὰ
3459 1048 3562 1099 διὰ
3615 1049 3714 1116 τῆς

2114 1137 2395 1208 διηνεκοῦς
2431 1137 2510 1207 (8)
2544 1137 2641 1190 καὶ
2686 1135 2935 1206 καθαρᾶς
2983 1140 3203 1206 μνήμης
3244 1138 3714 1205 ἐντετυπωμένην

2116 1234 2236 1292 ταῖς
2279 1229 2480 1298 ψυχαῖς
2518 1228 2698 1298 ἡμῶν,
2742 1229 2930 1298 ὥσπερ
2966 1229 3238 1297 σφραγῖδα
3281 1229 3712 1293 ἀνεξάλειπτον,

2117 1323 2213 1391 τὴν
2240 1323 2394 1373 ὁσίαν
2422 1320 2515 1373 τοῦ
2547 1321 2685 1373 Θεοῦ
2727 1321 2933 1373 ἔννοιαν
2983 1321 3317 1391 πεμτέρειν.
3366 1322 3563 1384 οὕτως
3597 1322 3712 1390 γὰρ

2118 1413 2465 1483 προσγίνεται
2492 1415 2627 1482 ἡμῖν
2670 1414 2705 1482 ἡ
2739 1411 2875 1482 πρὸς
2931 1413 3065 1464 Θεὸν
3108 1414 3318 1480 ἀγάπη,
3356 1414 3472 1481 ἄμα
3511 1429 3581 1463 τε
3627 1412 3711 1463 δι-

2119 1505 2411 1575 εγείρουσα
2461 1504 2561 1571 τὴν
2603 1503 2864 1573 ἐργασίαν
2899 1503 3009 1555 τῶν
3056 1503 3286 1556 ἐντολῶν
3335 1503 3431 1555 τοῦ
3460 1504 3711 1572 Κυρίου,

2117 1599 2212 1649 καὶ
2250 1597 2341 1649 ὑπ’
2391 1596 2572 1649 αὐτῶν
2615 1596 2780 1649 πάλιν
2820 1596 2957 1667 αῦτη
3008 1599 3416 1667 συντηρουμένη
3457 1598 3608 1667 πρὸς
3651 1599 3712 1649 τὸ

2118 1686 2342 1756 διαρκὲς
2381 1688 2478 1739 καὶ
2503 1687 2865 1740 ἀδιάπτωτον.
2916 1689 2975 1740 Ὀ
2999 1687 3055 1740 δὲ
3085 1689 3288 1758 στόδρα
3319 1692 3384 1757 τῇ
3424 1688 3711 1756 ἐπιθυμίᾳ⁵

2118 1778 2213 1831 τοῦ
2245 1777 2556 1831 ἀκολουθεῖν
2593 1777 2672 1848 τῷ
2699 1779 2917 1849 Χριστῷ
2959 1780 3341 1849 κατεχόμενος,
3372 1780 3513 1850 πρὸς
3546 1780 3712 1832 οὐδὲν

2120 1870 2200 1922 ἑτι
2227 1871 2326 1940 τῆς
2353 1869 2498 1939 ζωῆς
2523 1871 2724 1940 ταύτης
2749 1873 3148 1940 ἐπιστραφῆναι
3191 1873 3438 1934 δύναται,
3465 1875 3530 1925 οὐ
3565 1873 3713 1940 πρὸς

2118 1961 2373 2030 γονέωνῆ
2403 1963 2621 2014 οἰκείων
2649 1961 2890 2032 φίλτρον,
2922 1963 3051 2016 ὅταν
3081 1963 3492 2033 ἐναντιούμενον
3593 1967 3711 2026 τοῖς

2117 2052 2212 2104 τοῦ
2269 2054 2474 2122 Κυρίου
2528 2054 2934 2124 προστάγμασι.
2990 2057 3124 2108 Τότε
3183 2057 3292 2126 γὰρ
3339 2058 3536 2127 καιρὸν
3591 2059 3709 2126 ἔχει

2119 2145 2215 2195 καὶ
2249 2144 2332 2206 τὸ,
2356 2145 2429 2195 El
2465 2161 2556 2210 τις
2582 2145 2818 2214 ἔρχεται
2844 2147 2990 2214 πρὸς
3015 2147 3114 2214 μὲ,
3143 2148 3238 2200 καί
3278 2150 3350 2202 οὐ
3380 2149 3562 2216 μισεῖ
3599 2151 3711 2200 τίν

2120 2235 2345 2303 πατέρα
2387 2237 2596 2298 αὐτοῦ,
2645 2238 2745 2291 καὶ
2781 2237 2899 2304 τὴν
2943 2238 3189 2307 μητέρα,
3238 2239 3334 2291 καὶ
3379 2241 3450 2292 τὰ
3496 2241 3707 2293 λοιπα’

2120 2327 2263 2379 καθὰ
2323 2329 2419 2381 καὶ
2462 2330 2510 2381 οἱ
2543 2329 2687 2398 ἅγιοι
2737 2329 2976 2399 μαθηταὶ
3021 2331 3116 2383 τοῦ
3156 2332 3363 2401 Κυρίου
3406 2333 3710 2397 ὑπέδειξαν

2120 2420 2270 2488 ἡμῖν,
2319 2419 2573 2483 Ἰάκωϐος
2603 2421 2703 2491 μὲν
2739 2422 2836 2473 καὶ
2880 2422 3150 2490 Ἰωάννης,
3186 2421 3586 2486 καταλιπόντες
3614 2425 3709 2476 ceu

2122 2511 2332 2581 πατέρα
2365 2512 2544 2564 αὐτῶν
2593 2513 2924 2577 Ζεϐεδδαῖον,
2955 2516 3050 2566 καὶ
3097 2515 3229 2567 αὐτὸ
3270 2515 3332 2567 τὸ
3362 2515 3570 2579 πλοῖον,
3605 2515 3710 2583 τὴν

2121 2603 2299 2656 πᾶσαν
2339 2604 2594 2676 ἀφορμὴν
2615 2605 2710 2658 τοῦ
2730 2606 2845 2676 βίου
2865 2624 2880 2637 ο
2905 2607 3180 2670 Ἀίατθαίος
3198 2609 3255 2660 δὲ
3286 2609 3379 2660 ἀπ’
3409 2609 3582 2661 αὑτοῦ
3609 2609 3708 2660 τοῦ

2120 2694 2371 2748 τελωνίου
2400 2698 2656 2760 ἀναστὰς,
2705 2698 2801 2752 καὶ
2840 2699 3212 2768 ἀκολουθήσας
3255 2698 3335 2769 τῷ
3366 2699 3587 2770 Κυρίῳ,
3643 2700 3706 2748 οὐ

2119 2787 2187 2839 τὲ
2213 2788 2376 2859 κέρδη
2406 2791 2566 2859 μόνον
2589 2790 2659 2843 τὰ
2700 2791 2758 2842 ὲν
2801 2791 2878 2861 τῷ
2917 2791 3155 2860 τελωνίῳ
3189 2792 3530 2854 καταλιπὼν,
3567 2792 3708 2844 ἀλλὰ

2121 2877 2214 2929 καὶ
2253 2878 2363 2930 τῶν
2391 2878 2652 2932 κινδύνων
2697 2877 2988 2949 ὑπεριδὼν,
3031 2879 3082 2930 οἳ
3111 2878 3497 2931 ἐπακολουθεῖν
3540 2879 3706 2948 ἐμελ-

2120 2967 2212 3019 λον
2244 2966 2392 3036 αὐτῷ
2435 2984 2495 3019 τε
2539 2969 2633 3021 καὶ
2666 2971 2778 3031 τοῖς
2822 2967 3040 3030 οἰκείοις
3085 2968 3239 3038 παρά
3283 2968 3381 3038 τῆς
3426 2968 3703 3031 ἐξουσίας,

2124 3058 2332 3120 ἀτελεῖς
2374 3059 2501 3120 τοὺς
2543 3057 2734 3125 λόγους
2755 3057 2849 3111 τοῦ
2887 3057 3140 3110 τελωνίου
3179 3059 3656 3127 καταλιμπάνοντι
3691 3076 3704 3087 ·

2126 3149 2324 3216 Παύλῳ
2365 3149 2422 3202 δὲ
2474 3151 2568 3202 καὶ
2614 3153 2642 3203 ό
2686 3150 2907 3219 σύμπας
2956 3150 3159 3219 κόσμος
3207 3150 3562 3220 ἐσταύρωτο,
3609 3151 3702 3202 καὶ

2122 3241 2281 3303 αὐτὸς
2308 3240 2386 3310 τῷ
2415 3241 2625 3310 κόσμῳ.
2659 3242 2827 3294 Ὅταν
2855 3241 3081 3311 γὰρτῆς
3109 3241 3390 3304 εὐσεϐείας
3432 3241 3578 3310 ἔρως
3604 3242 3704 3308 τὴν

2120 3330 2297 3400 ψυχὴν
2337 3331 2713 3402 προκατάσχῃ,
2757 3331 2902 3383 ἆπαν
2932 3332 3066 3400 αὐτῇ
3100 3330 3351 3398 πολέμων
3394 3330 3702 3397 καταγέλα-

2123 3436 2246 3471 στον
2271 3415 2412 3483 εἶδος
2431 3435 2447 3449 ·
2477 3421 2582 3473 κᾶν
2623 3421 2823 3483 πάντες
2849 3422 3017 3490 αὐτὴν
3049 3422 3187 3490 ὑπὲρ
3230 3419 3324 3473 τοῦ
3355 3420 3702 3489 ποθουμένου

2120 3508 2399 3573 τοξεύωσι,
2448 3510 2710 3580 τέρπουσι
2759 3510 2959 3578 μᾶλλον
2993 3511 3026 3579 ῆ
3081 3510 3435 3579 πλήττουσιν.
3486 3511 3553 3561 Εἰ
3595 3512 3703 3578 γὰρ

2119 3599 2207 3651 διὰ
2238 3600 2336 3669 τὴν
2370 3600 2507 3670 πρὸς
2529 3603 2654 3664 τοὺς
2681 3601 2975 3672 εὐεργέτας
3008 3600 3221 3653 εὔνοιαν
3254 3601 3349 3652 καὶ
3382 3601 3446 3652 τὸ
3481 3600 3703 3668 φίλτρον

2122 3692 2366 3760 φυσικῶς
2397 3692 2719 3763 αἱρούμεθα,
2755 3697 2848 3747 καὶ
2885 3695 3065 3747 πάντα
3101 3695 3260 3746 πόνον
3294 3696 3376 3756 εἰς
3407 3695 3706 3746 ἀνταπόδο-

2123 3801 2207 3836 σιν
2252 3784 2362 3836 τῶν
2414 3787 2860 3855 προσγενομένων
2915 3789 3048 3858 ἡμῖν
3094 3785 3276 3838 καλῶν
3324 3787 3701 3855 ὑπομένομεν,

2117 3873 2202 3936 τίς
2231 3873 2386 3942 λόγος
2417 3873 2581 3938 ἀξίως
2621 3876 2909 3942 ἐφικέσθαι
2939 3875 3049 3928 τῶν
3078 3876 3297 3946 δωρεῶν
3328 3875 3423 3927 τοῦ
3448 3876 3588 3927 Θεοῦ
3617 3876 3704 3927 δύο

2119 3983 2309 4032 ναται;
2361 3967 2427 4018 Δί
2472 3966 2732 4020 τοσαῦται
2791 3967 2890 4038 μὲν
2943 3970 3049 4020 εἰσὶ
3098 3969 3160 4020 τὺ
3206 3968 3431 4038 πλῆθος,
3479 3968 3560 4030 ὡς
3612 3971 3706 4020 καὶ

2119 4056 2351 4126 ἀριθμὸν
2381 4057 2727 4126 διαφεύγεινο
2765 4057 3083 4128 τηλικαῦται
3128 4059 3184 4111 δὲ
3223 4059 3284 4111 τὸ
3331 4058 3570 4128 μέγεθος
3614 4061 3706 4110 καὶ

2118 4148 2382 4212 τοιαῦται,
2400 4147 2540 4201 ὥστε
2555 4151 2804 4220 ἐξαρκεῖν
2838 4150 2932 4203 καὶ
2951 4150 3078 4220 μίαν
3099 4150 3439 4212 ὑπευθύνους
3453 4153 3609 4220 ἡμεῖς
3627 4153 3704 4212 εἰς

2118 4244 2297 4294 πᾶσαν
2326 4243 2485 4312 χάριν
2516 4243 2594 4312 τῷ
2629 4243 2882 4296 δεδωκότι
2907 4243 3151 4313 ποιῆσαι.
3194 4244 3250 4296 Ὁ
3282 4244 3326 4293 δ’
3345 4243 3523 4307 οὕτως
3557 4247 3704 4298 ἐστὶν

2115 4330 2336 4397 ἀγαθὸς,
2366 4331 2505 4383 ὥστε
2550 4330 2673 4383 οὔτε
2711 4331 2979 4384 ἀντίδοσιν
3010 4335 3254 4396 ἀπαιτεῖ,
3289 4333 3403 4385 ἀλλ’
3451 4334 3701 4403 ἀρκεῖται

449 4426 641 4487 habet,
691 4425 738 4480 si
789 4425 965 4478 solum
1012 4438 1112 4492 pro
1159 4424 1227 4478 iis
1284 4439 1405 4493 qua:
1449 4425 1672 4488 tribuit,
1736 4426 2013 4496 diligatur.

2123 4421 2283 4492 μόνον
2333 4421 2697 4492 ἀγαπώμενος
2749 4425 2833 4492 ἐφ’
2884 4420 2968 4487 οἷς
3022 4423 3241 4477 ἔδωκεν.
3293 4420 3394 4476 Ὦν
3446 4426 3702 4478 ἁπάντων

447 4516 581 4580 Quae
625 4514 803 4567 omnia
843 4513 935 4568 ubi
981 4521 1170 4568 mente
1215 4515 1400 4568 recolo
1430 4514 1514 4585 (ut
1552 4529 1732 4569 meum
1765 4517 2018 4570 allectum

450 4608 735 4678 prodam),
795 4608 853 4662 in
918 4607 1207 4662 horrorem
1257 4608 1553 4677 quemdam
1614 4617 1669 4663 et
1719 4609 2018 4662 territicum

449 4709 732 4768 stuporem
765 4697 966 4761 incido,
994 4697 1285 4768 nequando
1314 4699 1385 4752 ob
1408 4699 1575 4752 animi
1612 4700 2020 4754 inconsideran-

449 4795 602 4854 tiam,
650 4797 745 4844 aut
777 4797 998 4859 propter
1044 4804 1219 4843 meam
1268 4790 1414 4844 circa
1453 4805 1542 4844 res
1565 4806 1736 4846 vanas
1782 4806 2016 4861 occupa-

448 4883 651 4936 tionem
689 4897 719 4934 a
752 4881 846 4936 Dei
877 4881 1168 4936 dilectione
1207 4881 1488 4945 excidens,
1537 4880 1761 4937 Christo
1791 4883 1894 4937 sim
1922 4886 2018 4937 de-

447 4973 631 5027 decori
670 4987 735 5025 ac
782 4971 1101 5041 opprobrio.
1139 4971 1216 5040 (7)
1259 4969 1468 5024 Prohro
1515 4970 1661 5024 enim
1711 4978 1882 5026 vertet
1913 4969 2020 5025 Do-

450 5063 596 5118 mino
641 5069 1012 5132 contemptum
1062 5069 1313 5116 nostrum
1355 5061 1629 5125 diabolus,
1678 5076 1743 5115 ac
1792 5063 1858 5116 de
1889 5078 2020 5116 con-

519 5241 562 5273 ³⁷
593 5239 726 5295 Luc.
764 5256 874 5306 xlv,
904 5239 974 5294 26

520 5395 598 5532 (1)
640 5394 714 5448 Ex
751 5395 962 5463 Regalis
995 5395 1166 5463 fusius
1203 5395 1469 5465 tractatis,
1499 5396 1624 5452 342.

542 5466 596 5532 ι)
627 5465 785 5528 lbid.,
821 5466 944 5519 549.

542 5466 596 5534 ι)
627 5465 785 5534 ima,
821 5466 944 5519 549.

523 5533 599 5604 (5)
633 5533 789 5604 Iliid.,
819 5537 938 5589 549.

549 5605 603 5669 4)
637 5603 706 5656 Ex
755 5607 895 5659 hom.
941 5606 1012 5658 De
1040 5605 1097 5658 S.
1141 5607 1420 5670 Barlaam,
1463 5607 1577 5661 I59.

549 5607 603 5669 4)
637 5607 706 5656 Ex
755 5607 895 5659 hom.
941 5607 1012 5658 De
1040 5607 1097 5658 S.
1141 5607 1420 5670 Barlaam,
1463 5607 1577 5661 I59.

526 5607 602 5744 (ὃ)
638 5675 712 5728 hx
747 5675 956 5745 [legalis
987 5677 1158 5745 fusius
1202 5679 1466 5742 tractatis,
1503 5677 1626 5732 558.

2118 4514 2248 4566 ὅταν
2290 4515 2369 4576 εἰς
2401 4512 2610 4566 ἔννοιαν
2641 4513 2781 4568 ἔλθω
2813 4515 2920 4585 (ἵνα
2962 4515 3024 4567 τὸ
3057 4517 3191 4586 ὲμὺν
3235 4515 3409 4578 πάθος
3453 4516 3700 4580 ἐξείπω),

2119 4606 2202 4667 εἰς
2246 4605 2448 4676 φρίκην
2477 4605 2599 4658 τινὰ
2651 4607 2746 4659 καὶ
2776 4606 3032 4660 ἔκστασιν
3076 4607 3315 4677 φοϐερὰν
3346 4609 3697 4668 καταπίπτω,

2122 4696 2197 4766 μή
2236 4713 2367 4748 ποτε
2395 4696 2453 4762 ὲξ
2492 4696 2821 4768 ἀπροσεξίας
2850 4697 2944 4750 τοῦ
2971 4697 3086 4764 νοῦ,
3116 4699 3150 4767 ἢ
3183 4698 3283 4766 τῆς
3312 4699 3452 4768 πρδς
3492 4700 3565 4751 τὰ
3596 4701 3698 4770 μά,

2117 4805 2248 4843 ταια
2272 4788 2548 4859 ἀσχολίας,
2586 4789 2688 4859 τῆς
2716 4791 2939 4861 ἀγάπης
2966 4788 3060 4842 τοῦ
3091 4789 3225 4842 Θεοῦ
3261 4789 3536 4852 ἐκπεσὼν,
3566 4791 3698 4843 ὄνει-

2118 4880 2208 4945 δος
2233 4882 2476 4953 γένωμαι
2504 4881 2584 4952 τῷ
2625 4882 2865 4954 Χριστῷ.
2897 4884 2992 4946 Εἰς
3023 4882 3328 4953 ὀνειδισμὸν
3371 4883 3484 4952 γὰρ
3533 4900 3697 4955 προσο

2119 4971 2253 5025 οίσει
2285 4972 2363 5043 τῷ
2390 4974 2578 5044 Κυρίῳ
2602 4973 2702 5044 τὴν
2742 4975 3017 5044 ἡμετέραν
3061 4974 3470 5044 καταφρόνησιν
3516 4977 3548 5027 ὁ
3588 4976 3695 5028 δια-

2120 5063 2294 5129 ϐολος,
2324 5065 2418 5118 καὶ¹
2464 5068 2860 5136 ὲγκαυχήσεται
2901 5068 2968 5138 τῇ
3001 5064 3257 5135 ἀπειθείᾳ
3297 5064 3493 5135 ἡμῶν·
3534 5068 3594 5128 ὃς
3635 5081 3691 5131 γε

2193 5401 2266 5466 (6)
2295 5399 2456 5466 lbid.,
2486 5401 2608 5456 539.

2191 5472 2267 5537 (7)
2303 5469 2434 5524 Ibid.

2191 5541 2396 5612 (arma
2434 5540 2542 5610 τῆς
2570 5540 2906 5610 διηνεκοῦς.
2945 5541 3266 5612 Prwpcsitio
3298 5543 3479 5598 add;ta
3514 5560 3582 5599 ex
3607 5556 3688 5600 co-

2119 5610 2237 5664 diu-
2261 5609 2446 5681 Regio.
