3840 6226
197 253 351 310 IN!)

1335 255 1566 311 SERMO
1599 255 1768 311 lll.—
1804 257 1887 310 DE
1925 256 2339 312 CHARITATE.

3319 261 3456 314 “50

197 373 337 426 οὗτε
372 372 560 436 κτίσας
599 374 765 445 ἡμᾶς,
795 373 919 430 οὔτε
959 375 1246 432 ἀποθανὼν
1279 377 1417 449 ὑπὲρ
1449 376 1628 448 ἡμῶν,
1668 377 1783 429 ἀλλ’

1904 378 2127 432 μυιιιεοίο
2165 386 2220 432 et
2267 377 2335 431 de
2378 375 2685 430 defectione
2730 382 2914 430 nostra
2948 375 3270 444 gloriabitur
3313 396 3326 432 :
3360 378 3453 447 qui

197 467 362 534 ὅμως
401 467 556 535 ἔσχεν
587 469 734 537 ἡμᾶς
774 468 1200 531 ἀκολουθοῦντας
1245 469 1395 541 αὐτῷ
1423 471 1482 523 ὲν
1519 473 1584 542 τῇ
1631 471 1786 523 ἀπει-

199 555 368 626 θείᾳ,
414 556 509 608 καὶ
554 557 611 609 ὲν
659 559 724 628 τῇ
778 557 1008 630 ἀμελείᾳ
1051 559 1160 611 τῶν
1208 558 1438 612 ἐντολῶν
1486 559 1580 612 τοῦ
1626 558 1782 611 Θεοῦ.

203 648 387 700 Τοῦτο
417 648 480 701 τὸ
524 649 745 712 ὄνειδος,
785 651 846 702 τὸ
891 651 1031 703 κατά
1073 649 1167 703 τοῦ
1213 651 1440 722 Κυρίου,
1491 651 1787 722 βαρύτερόν

209 758 309 810 μοι
335 739 442 792 τῶν
481 743 538 792 ὲν
566 744 631 812 τῇ
656 741 847 812 γεέννῃ
896 743 1166 797 κολάσεων
1200 743 1467 810 φαίνεται,
1501 742 1578 812 τῷ
1609 741 1788 812 ἐχθρῷ

206 829 312 882 τοῦ
338 831 570 900 Χριστοῦ
600 830 730 899 ὕλην
759 831 1010 898 γενέσθαι
1033 833 1385 902 καυχήματος
1409 834 1503 886 καὶ
1535 832 1786 902 ἀφορμὴν

208 925 503 992 ὲπάρσεως
562 924 704 976 κατὰ
751 925 846 976 τοῦ
894 925 1034 994 ὑπὲρ
1077 927 1234 994 ἡμων
1281 925 1642 986 ἀποθανόντος
1692 924 1786 975 mi.

211 1013 566 1077 ἀναστάντος.

290 1294 348 1347 2.
391 1293 500 1346 Καὶ
527 1292 636 1366 γὰρ
663 1291 865 1366 Κύριον
890 1291 980 1346 τὸν
1023 1292 1154 1345 Θεὸν
1193 1293 1412 1363 ἀγαπᾷν
1441 1292 1521 1344 δεῖ
1548 1294 1693 1364 πάσῃ
1722 1295 1788 1364 τῇ

219 1383 604 1453 ὲνυπαρχούση
652 1386 784 1453 ἡμῖν
833 1385 969 1453 πρὸς
1023 1382 1084 1436 τὸ
1130 1383 1349 1453 ἀγαπᾷν
1393 1383 1640 1452 δυνάμει,
1701 1384 1796 1435 καὶ

219 1475 446 1544 ἀγαπᾷν
481 1473 575 1526 καὶ
612 1473 702 1526 τὸν
745 1473 992 1543 πλησίον,
1037 1475 1131 1528 καὶ
1156 1475 1374 1545 ἀγαπᾷν
1416 1477 1509 1528 καὶ
1535 1478 1663 1540 τοὺς
1707 1479 1797 1546 ἐχ-

221 1566 411 1637 Θροὺς,
437 1567 524 1618 ἵνα
547 1559 695 1636 ὦμεν
722 1565 935 1630 τέλειοι,
971 1566 1292 1637 μιμούμενοι
1319 1567 1418 1636 τὴν
1456 1568 1798 1638 χρηστότητα

220 1658 320 1710 τοῦ
350 1659 408 1708 ἐν
445 1658 693 1728 οὐρανοῖς
719 1657 953 1728 Πατρὸς,
984 1657 1075 1709 τὸν
1103 1657 1252 1728 ἥλιον
1279 1657 1442 1712 αὐτοῦ
1486 1657 1796 1710 ἀνατέλλον-

219 1765 318 1811 τος
353 1748 445 1801 ἐπὶ
472 1718 743 1819 πονηροὺς
769 1718 864 1802 καί
895 1718 1166 1818 ἀγαθούςο
1204 1751 1280 1812 είς
1317 1748 1449 1801 ἄλλα
1477 1749 1534 1802 δὲ
1575 1748 1673 1819 τὴν
1698 1747 1792 1800 τοῦ
1828 1718 1870 1774 Β

221 1841 448 1910 ἀγαπᾷν
502 1839 729 1910 δύναμιν
775 1840 1200 1911 παραναλίσκειν
1245 1842 1304 1893 οὑ
1357 1840 1790 1911 συγκεχώρηται.

222 1931 300 1983 Τὸ
342 1930 451 2001 γὰρ
497 1931 596 2002 τῆς
640 1931 859 2002 ἀγάπης
903 1931 1086 1996 καλὸν,
1118 1934 1164 1985 εί
1217 1933 1314 2002 μὲν
1357 1935 1415 1986 ὲν
1455 1933 1532 2005 τῷ
1573 1934 1795 2004 ὀνόματι

223 2023 326 2092 τῆς
349 2021 570 2092 ἀγάπης
608 2022 1002 2094 περιγράψεται
1023 2023 1189 2093 μόνῳ,
1219 2024 1624 2092 καταγέλαστόν
1655 2027 1792 2090 ἐστι,

223 2115 320 2167 τὸν
358 2114 503 2167 δεῖνα
547 2115 644 2168 καὶ
687 2115 780 2168 τὸν
826 2116 974 2168 δεῖνα
1022 2117 1412 2186 ἐκλεγομένους
1455 2119 1554 2187 (1),
1587 2117 1796 2182 τούτοις

229 2206 414 2277 μένοις
461 2207 796 2276 μεταδιδόναι
823 2207 915 2260 τοῦ
950 2209 1188 2279 ἀγαπᾷν,
1225 2208 1442 2278 ἑτέρους
1470 2210 1527 2262 δὲ
1572 2210 1796 2280 μυρίους

224 2297 532 2351 ἀποκλείειν
561 2298 660 2368 τῆς
713 2299 848 2370 πρὸς
893 2299 954 2352 τὸ
1001 2299 1166 2352 καλὸν
1219 2299 1524 2363 κοινωνίας.
1561 2302 1624 2354 Ei
1655 2301 1713 2353 δὲ
1762 2305 1795 2372 ἡ

225 2389 366 2460 πρὸς
393 2391 521 2453 τοὺς
549 2390 845 2461 nam»;
887 2393 1174 2461 συμφωνία
1201 2394 1258 2444 ὲν
1298 2393 1520 2463 ἀγάπης
1557 2396 1798 2465 προσκή-

231 2501 364 2552 ματι
405 2483 474 2536 τά
505 2484 612 2537 τῶν
643 2485 918 2553 πολεμίων
960 2487 1088 2548 τοὺς
1132 2486 1595 2556 προσδεχομένους
1631 2489 1798 2557 ὲργάο

227 2580 400 2642 ζεται,
437 2581 656 2631 σκοπεῖν
688 2579 971 2647 ὀφείλομεν
1016 2574 1096 2641 οἷς
1136 2579 1360 2642 ἑαυτοὺς
1403 2579 1797 2650 ἀναμίγνυμεν.

228 2671 292 2722 Εί
315 2670 423 2741 γὰρ
454 2672 482 2722 ὁ
515 2672 796 2742 ἀγαπητὸς
830 2672 958 2735 Υἱὸς
990 2672 1084 2725 τοῦ
1109 2672 1242 2725 Θεοῦ
1280 2676 1537 2743 μισεῖται,
1575 2673 1629 2726 τί
1662 2675 1803 2744 μέγα

229 2765 279 2816 εί
306 2765 470 2833 ἡμεῖς
494 2763 589 2816 τοῦ
636 2763 826 2832 μίσους
859 2763 1157 2833 ἀξιούμεθα
1191 2763 1342 2834 παρά
1365 2764 1692 2836 ἀνθρώποις,
1723 2760 1804 2829 οἷς

230 2853 543 2925 περισσεύει
574 2855 636 2907 τὸ
658 2855 842 2925 κτῆμα
873 2854 966 2908 τοῦ
999 2855 1226 2925 μίσους;
1255 2856 1402 2926 Πλὴν
1435 2855 1560 2909 οὔτε
1597 2857 1801 2910 οἰκοδο-

235 2947 344 3018 μὴν
393 2947 672 3016 συστῆναι,
725 2947 1034 3017 συνδέσμων
1077 2947 1508 3018 ὑφαιρεθὲντων,
1558 2950 1802 3016 δυνατὸν,

1888 463 2027 521 (ξυιιϊ
2073 483 2174 522 nec
2222 467 2490 521 creaverit
2541 481 2672 528 nos,
2721 481 2822 519 nec
2873 481 2973 535 pro
3023 466 3178 520 nobis
3228 468 3455 522 subierit

1889 565 2142 621 mortem,
2179 566 2359 611 tamen
2388 571 2500 612 suae
2533 557 2910 620 contumacia,
2942 570 3163 624 suzeque
3188 556 3242 609 in
3272 559 3459 611 obser-

1889 648 2082 702 vandis
2136 648 2228 702 Dei
2288 647 2559 701 mandatis
2611 647 2955 716 negligentiae
3003 646 3185 701 socios
3246 662 3347 700 nos
3393 662 3458 701 ac

1890 744 2117 794 comites
2140 739 2409 793 habuerit.
2442 738 2578 791 lllud
2611 737 2755 807 quod
2787 737 3014 792 Domino
3049 737 3311 792 inferetur
3334 754 3460 808 pro—

1891 831 2074 894 brum,
2103 840 2158 885 et
2197 832 2289 884 illa
2331 831 2629 885 adversarii
2676 829 2943 898 jactantia
2987 829 3121 882 mihi
3175 830 3459 898 suppliciis

1891 924 2150 994 gehennaa
2199 923 2416 993 gravior
2479 921 2713 984 videtur,
2761 919 2908 990 quod
2968 920 3174 975 Christi
3236 922 3460 974 inimico

1894 1015 2230 1085 praebeamus
2281 1013 2564 1067 materiam
2591 1052 2606 1076 ,
2653 1011 2820 1084 484
2865 1013 3131 1067 adversus
3169 1027 3316 1078 eum,
3367 1012 3462 1082 qui

1894 1120 1993 1175 pro
2024 1105 2184 1160 nobis
2207 1112 2457 1159 mortuus
2488 1113 2572 1160 est
2602 1112 2655 1159 et
2695 1104 3017 1167 resurrexit,
3044 1105 3292 1174 jactandi
3323 1119 3381 1158 se
3408 1110 3464 1157 et

1893 1195 2172 1250 efferendi.

1964 1309 2018 1363 2.
2055 1309 2131 1380 (2)
2163 1308 2297 1362 Nam
2345 1305 2634 1363 Dominum
2679 1307 2846 1364 Deum
2877 1316 3096 1378 oportet
3136 1308 3363 1378 diligere
3399 1323 3464 1363 ea

1896 1409 2009 1457 tota
2045 1402 2267 1463 virtute,
2312 1415 2433 1470 qua:
2470 1399 2628 1454 nobis
2662 1399 2807 1455 inest
2838 1400 2906 1453 ad
2938 1400 3274 1470 diligendum
3309 1400 3468 1454 :dili-

1897 1492 2107 1562 gendus
2139 1491 2364 1560 insuper
2392 1492 2675 1560 proximus
2714 1506 2726 1542 :
2759 1501 2887 1546 sunt
2925 1507 3144 1560 quoque
3176 1498 3229 1545 et
3258 1491 3466 1545 inimici

1897 1579 2184 1649 diligendi,
2216 1587 2278 1632 ut
2305 1579 2480 1633 simus
2512 1579 2764 1648 perfecti,
2797 1579 3136 1634 inimitantes
3163 1579 3470 1650 benignita-

1900 1683 2004 1728 tem
2019 1670 2199 1727 Patris
2221 1672 2418 1736 nostri,
2448 1672 2542 1741 qui
2571 1671 2625 1725 in
2649 1671 2806 1726 caelis
2835 1678 2920 1725 est
2945 1689 2959 1726 :
2989 1671 3082 1740 qui
3107 1673 3276 1727 solem
3309 1687 3468 1726 suum

1895 1760 2031 1815 oriri
2077 1759 2211 1813 facit
2256 1773 2422 1828 super
2455 1759 2628 1813 bonos
2676 1764 2731 1812 et
2777 1758 2951 1812 malos
2995 1758 3062 1810 ³⁸.
3103 1756 3275 1812 Porro
3313 1758 3469 1810 nefas

1896 1850 2057 1906 estin
2077 1850 2185 1903 alia
2213 1863 2497 1919 perperam
2525 1863 2846 1904 consumere
2866 1848 2974 1903 vim
2999 1849 3279 1920 diligendi.
3304 1848 3380 1920 (5)
3410 1847 3470 1903 Si

1894 1942 2177 1997 charitatis
2222 1939 2425 1994 bonum
2471 1940 2589 1994 solo
2637 1940 2919 1995 charitatis
2972 1942 3196 1996 nomine
3239 1941 3472 1995 circum-

1896 2034 2175 2099 scribitur,
2241 2032 2530 2086 ridiculum
2584 2037 2668 2086 est
2708 2031 2852 2085 hunc
2890 2040 2944 2086 et
2986 2033 3138 2085 illum
3188 2033 3470 2102 eligentes,

1895 2128 1964 2182 iis
1987 2126 2120 2180 solis
2138 2124 2464 2178 charitatem
2499 2123 2798 2193 impertire,
2840 2125 2977 2179 alios
3002 2139 3130 2179 vero
3159 2124 3476 2177 innumera-

1895 2218 2033 2273 biles
2058 2217 2127 2270 ab
2155 2216 2302 2270 illius
2335 2214 2466 2269 boni
2490 2214 2984 2270 communicatione
3005 2214 3312 2270 excludere.
3367 2213 3476 2270 Sed

1898 2310 1946 2366 si
1988 2325 2114 2364 cum
2159 2307 2487 2378 perniciosis
2540 2307 2857 2364 hominibus
2905 2309 3201 2362 consensio
3271 2308 3379 2374 iis,
3445 2321 3478 2360 a

1902 2400 2107 2470 quibus
2158 2398 2479 2468 suscipitur,
2524 2398 2629 2451 sub
2674 2398 2829 2467 pacis
2872 2398 3054 2468 specie
3094 2396 3355 2451 damnum
3393 2396 3478 2450 in—

1900 2491 2006 2546 fert
2049 2491 2248 2546 liostile
2281 2507 2295 2556 ;
2338 2487 2689 2544 considerare
2736 2489 2998 2544 debemus
3039 2489 3264 2558 quinam
3295 2487 3406 2542 sint
3440 2487 3478 2542 ii

1899 2583 2099 2652 quibus
2158 2597 2258 2636 nos
2304 2581 2695 2636 admiscemus.
2742 2580 2820 2652 (4)
2853 2579 2908 2634 Si
2942 2580 3086 2635 enim
3119 2579 3351 2635 dilectus
3386 2581 3480 2635 Dei

1901 2675 2082 2730 Filius
2132 2676 2260 2730 odio
2293 2675 2548 2740 habetur,
2593 2676 2726 2747 quid
2772 2677 2974 2730 mirum
3016 2676 3062 2730 si
3101 2692 3202 2732 nos
3247 2675 3483 2732 homini-

1903 2767 2007 2821 bus
2043 2765 2218 2822 odiosi
2258 2782 2450 2822 sumus
2495 2766 2564 2831 ³⁹,
2607 2767 2665 2821 in
2723 2768 2925 2838 quibus
2977 2767 3223 2837 profecto
3295 2766 3479 2822 odium

1903 2841 2237 2926 exsuperat?
2287 2856 2559 2912 Caeterum
2609 2873 2787 2928 neque
2843 2857 3134 2912 aedilicium
3181 2858 3487 2913 consistere

1909 2950 2107 3004 ablatis
2173 2949 2617 3020 colligationibus
2688 2958 2903 3021 potest,
2978 2967 3156 3021 neque
3239 2950 3485 3005 Ecclesia

229 3039 356 3090 οὔτε
395 3037 718 3109 Ἐκκλησίαν
747 3039 826 3100 εἰς
859 3036 992 3106 ὕψος
1020 3037 1338 3109 αὐξηθῆναι,
1387 3038 1461 3109 μὴ
1501 3039 1801 3110 συνδεδεμέ-

1913 3040 2194 3110 adaugeri,
2231 3040 2338 3094 nisi
2378 3041 2533 3109 pacis
2570 3042 2888 3112 amorisque
2925 3042 3150 3097 vinculo
3183 3041 3347 3096 fuerit
3371 3041 3487 3094 col-

232 3147 330 3202 νην
361 3129 438 3200 τῷ
473 3129 754 3200 συνδέσμῳ
784 3129 881 3198 τῆς
911 3130 1132 3200 εἰρήνης
1158 3129 1251 3183 καὶ
1284 3129 1387 3198 τῆς
1423 3129 1661 3200 ἀγάπης.
1698 3131 1806 3183 Καὶ

232 3223 344 3293 γὰρ
373 3221 520 3275 οὐδὲν
548 3221 720 3284 οὕτως
744 3221 872 3275 ἴδιον
899 3223 996 3292 τῆς
1022 3222 1234 3290 φύσεως
1272 3222 1447 3293 ἡμῶν,
1475 3225 1550 3285 ὼς
1600 3223 1660 3276 τὸ
1693 3241 1808 3276 κοι-

234 3316 423 3367 νωνεῖν
460 3313 729 3383 ἀλλήλοις,
758 3314 852 3366 καὶ
883 3311 1102 3384 χρῄζειν
1136 3312 1400 3384 ἀλλήλων,
1453 3315 1548 3367 καὶ
1589 3315 1809 3384 ἀγαπᾷν

233 3406 297 3458 τὸ
345 3403 633 3475 ὁμόφυλον.
691 3402 857 3456 Πλέον
904 3403 1012 3475 γὰρ
1062 3405 1223 3474 ἡμεῖς
1267 3403 1368 3472 τῆς
1413 3404 1529 3467 ἐνὸς
1580 3405 1810 3458 ἑκάστου

236 3497 349 3550 τῶν
384 3496 624 3565 ἀδελφῶν
669 3496 988 3564 ἐπικουρίας
1035 3495 1346 3566 δεόμεθα,ἢ
1394 3497 1514 3549 ὅσον
1556 3498 1590 3568 ἡ
1652 3497 1812 3568 ἑτέρα

238 3586 349 3640 τῶν
381 3585 578 3657 χειρῶν
611 3585 708 3655 τῆς
734 3585 945 3655 ἑτέρας.
982 3585 1146 3638 Ὅταν
1173 3585 1281 3656 γὰρ
1310 3586 1446 3656 πρὸς
1471 3587 1610 3638 αύτά
1639 3587 1814 3641 ἀπίδω

238 3680 312 3733 τὰ
359 3679 495 3750 μέλη
540 3679 716 3750 ἡμῶν,
770 3680 849 3732 ὅτι
888 3678 947 3732 ἓν
994 3679 1113 3732 οὐδὲ
1158 3678 1334 3750 ἐαυτῷ
1368 3680 1501 3752 πρὸς
1537 3681 1814 3752 ἐνέργειαν

242 3769 532 3842 αὔταρκες,
574 3772 692 3833 πῶς
733 3771 968 3841 ἐμαυτὸν
1021 3771 1306 3842 λογίσομαι
1345 3772 1594 3843 ἐξαρκεῖν
1639 3774 1815 3844 ἑαυτῷ

242 3863 384 3934 πρὸς
430 3864 498 3916 τὰ
549 3861 643 3914 τοῦ
691 3862 804 3931 βίου
856 3865 1186 3934 πράγματας
1240 3863 1376 3918 Οὔτε
1410 3866 1518 3936 γὰρ
1573 3866 1638 3918 ἂν
1683 3866 1817 3930 ποῦς

242 3954 500 4018 ἀσφαλῶς
550 3954 804 4024 βαδίσειε,
845 3955 918 4026 μὴ
972 3957 1524 4027 συνυποστηρίζοντος
1568 3956 1662 4008 τοῦ
1697 3956 1816 4008 ἑτέ-

245 4063 373 4118 ρου·
411 4045 531 4098 οὔτε
576 4045 850 4114 ὀφθαλμὸς
881 4047 1048 4114 ὑγιῶς
1082 4048 1199 4107 ἴδοι,
1252 4047 1324 4118 μὴ
1371 4047 1625 4100 κοινωνὸν
1678 4047 1816 4116 ἔχων

241 4140 332 4192 τὸν
376 4139 584 4207 ἕτερον,
623 4139 718 4191 καὶ
754 4139 868 4208 μετ’
907 4136 1073 4190 αὑτοῦ
1110 4137 1414 4207 συμφώνως
1468 4138 1818 4208 προσϐάλλων

243 4234 354 4294 τοῖς
401 4233 634 4301 ὁρατοῖς.
669 4231 775 4282 Καὶ
809 4230 944 4299 ἀκοὴ
998 4229 1380 4297 ἀκριϐεστέρα,
1428 4231 1461 4298 ὴ
1515 4229 1580 4280 δι’
1619 4231 1820 4297 ἀμφοῖν

244 4329 356 4378 τοῖν
418 4323 605 4394 πόροιν
652 4323 750 4394 τὴν
806 4321 988 4392 φωνὴν
1033 4321 1294 4391 δεχομένη
1323 4337 1337 4350 ’
1389 4321 1484 4373 καὶ
1537 4319 1820 4390 ἀντίληψις

1912 3133 2097 3202 ligata.
2133 3132 2346 3187 Etenim
2386 3133 2519 3186 nihil
2558 3142 2644 3188 est
2693 3143 2906 3188 natura:
2941 3146 3148 3189 nostra;
3184 3136 3320 3188 adeo
3360 3149 3488 3204 pro-

1911 3225 2110 3296 prium,
2147 3233 2206 3278 ut
2253 3234 2445 3278 mutuo
2492 3225 2633 3279 inter
2673 3241 2774 3280 nos
2804 3226 3228 3293 communicare,
3266 3235 3487 3278 mutuo-

1911 3330 2016 3385 que
2051 3313 2317 3382 indigere,
2362 3324 2526 3384 atque
2562 3315 2808 3383 ejusdem
2839 3318 3058 3386 generis
3107 3317 3357 3371 homines
3399 3317 3491 3370 ad-

1912 3421 2118 3462 amare.
2153 3406 2230 3476 (5)
2267 3406 2437 3474 Magis
2474 3408 2618 3460 enim
2662 3421 2764 3463 nos
2797 3408 3228 3477 uniuscujusque
3257 3407 3488 3462 fratrum

1913 3499 2119 3553 auxilio
2170 3499 2497 3569 indigemus,
2573 3514 2735 3568 quam
2795 3515 2990 3554 manus
3041 3501 3211 3553 altera
3263 3500 3489 3554 alterius

1914 3607 2036 3663 Ope.
2085 3589 2160 3662 (6)
2193 3590 2328 3644 Cum
2370 3591 2514 3645 enim
2553 3589 2667 3644 haec
2710 3591 2826 3660 ipsa
2857 3602 3044 3646 nostra
3084 3591 3327 3645 membra
3355 3607 3488 3645 con-

1915 3684 2117 3748 sideto,
2151 3698 2384 3753 quorum
2415 3683 2624 3737 nullum
2655 3682 2758 3737 sibi
2789 3683 2894 3751 ipsi
2925 3681 2992 3734 ad
3043 3681 3312 3752 agendum
3357 3683 3492 3737 satis

1915 3786 2019 3838 est,
2065 3775 2339 3845 quomodo
2376 3775 2512 3828 mihi
2557 3775 2674 3844 ipse
2721 3774 2946 3828 videbor
2999 3773 3067 3828 ad
3107 3775 3231 3826 vitae
3276 3774 3492 3843 negotia

1917 3867 2202 3922 sullicere?
2248 3866 2437 3937 Neque
2491 3869 2636 3922 enim
2691 3882 2788 3936 pes
2835 3873 2954 3919 tuto
3016 3866 3317 3936 gradiatur,
3382 3880 3492 3920 non

1918 3958 2268 4012 su-ll'ulciente
2317 3959 2492 4012 altero
2535 3974 2548 4010 :
2593 3973 2772 4027 neque
2835 3957 3028 4012 oculus
3075 3966 3222 4011 recte
3269 3955 3490 4020 videat,

1917 4062 2028 4101 non
2055 4047 2262 4100 habens
2293 4046 2523 4100 alterum
2563 4053 2900 4110 consortem,
2951 4055 3159 4101 etcum
3205 4060 3270 4100 eo
3315 4046 3495 4100 socia-

1917 4140 2044 4194 liter
2086 4139 2174 4193 his
2218 4154 2339 4208 quae
2368 4140 2643 4206 videntur,
2679 4139 2945 4193 intentus.
2985 4137 3220 4191 Auditus
3268 4149 3498 4190 accura-

1921 4231 2047 4295 tior,
2085 4230 2177 4300 qui
2210 4245 2308 4298 per
2367 4241 2627 4301 utrosque
2665 4236 2880 4284 meatus
2924 4245 3112 4284 vocem
3162 4228 3414 4297 suscipit,
3443 4234 3498 4280 et

1923 4320 2118 4374 fortior
2145 4320 2510 4390 apprehensio
2538 4320 2833 4390 digitorum
2876 4319 3283 4388 conjunctione.
3329 4319 3397 4372 Et
3439 4317 3498 4370 in

246 4415 611 4488 κραταιοτέρα
642 4418 709 4486 τῇ
745 4415 998 4486 κοινωνίᾳ
1026 4414 1132 4467 τῶν
1168 4413 1464 4467 δακτύλων.
1503 4415 1612 4466 Καὶ
1646 4409 1801 4478 ἀπαξ-

1922 4427 2154 4477 summa,
2209 4411 2347 4466 nihil
2403 4427 2578 4482 neque
2629 4426 2819 4467 eorum
2859 4425 2980 4480 quae
3035 4418 3270 4470 natura,
3321 4421 3499 4476 neque

248 4509 454 4571 απλῶς,
505 4507 655 4559 οὐδὲν
705 4504 830 4558 οὔτε
884 4505 993 4559 τῶν
1042 4507 1108 4558 ὲκ
1152 4505 1386 4575 φύσεως,
1440 4503 1561 4558 οὔτε
1599 4505 1707 4558 τῶν
1756 4509 1801 4558 ὲ)

1920 4519 2112 4559 eorum
2173 4520 2295 4574 qua:
2341 4504 2515 4559 libera
2575 4505 2859 4558 voluntate
2918 4501 3298 4572 perﬁciuntur,
3350 4500 3497 4553 citra

251 4599 621 4672 προαιρέσεως
674 4597 1118 4668 κατορθουμένων
1168 4597 1312 4668 ὁρῶ,
1374 4596 1502 4650 ἄνευ
1560 4598 1659 4667 τῆς
1713 4597 1801 4649 τῶι

1920 4598 2384 4667 conspirationem
2431 4611 2619 4651 eorum
2657 4611 2780 4664 quae
2814 4595 3060 4664 ejusdem
3088 4593 3307 4664 generis
3342 4598 3493 4652 sunt,

250 4693 534 4762 ὁμοφύλων
582 4690 883 4761 συμπνοίας
929 4689 1372 4761 ἐπιτελούμενον·
1427 4690 1561 4741 ὅπου
1613 4706 1678 4758 γε
1726 4691 1801 4741 κα

1926 4689 2112 4759 perlici
2159 4688 2363 4754 video;
2403 4703 2530 4742 cum
2575 4695 2628 4742 et
2674 4703 2864 4758 preces
2908 4687 3062 4754 ipsae,
3097 4685 3144 4740 si
3188 4684 3369 4738 desint
3406 4682 3501 4752 qui

252 4784 387 4854 αὐτὴ
417 4783 450 4851 ή
499 4781 794 4852 προσευχὴ,
852 4780 925 4851 μὴ
973 4779 1166 4849 ἔχουσα
1214 4781 1341 4841 τοὺς
1381 4777 1800 4848 συμφωνοῦντας

1925 4781 2263 4850 conspirent,
2303 4780 2463 4850 longe
2516 4781 2627 4834 sint
2669 4779 2866 4848 seipsis
2904 4778 3220 4833 debiliores.
3267 4776 3344 4846 (7)
3391 4774 3504 4828 Ad-

254 4874 620 4946 ἁδρανεστέρα
653 4873 768 4925 ἐστὶ
801 4871 978 4941 πολλῷ
1003 4872 1220 4942 ἑαυτῆς.
1254 4869 1592 4924 Νουθετείτω
1629 4887 1687 4922 σε
1715 4868 1801 4920 τῶι

1932 4883 2149 4927 moneat
2188 4881 2242 4927 te
2290 4885 2514 4928 mutuus
2565 4872 3018 4942 vespertilionum
3051 4883 3206 4922 amor
3239 4868 3332 4937 qui
3366 4882 3506 4922 con-

251 4966 574 5037 νυκτερίδων
612 4965 674 5018 τὸ
703 4964 1042 5035 φιλάλληλον,
1075 4965 1129 5017 αἳ
1159 4963 1348 5034 ὥσπερ
1381 4961 1621 5034 ὁρμαθὸς
1659 4960 1791 5031 ἀλλή

1932 4967 2120 5021 textim
2155 4966 2296 5020 inter
2325 4982 2384 5020 se
2411 4966 2686 5020 cohaarent
2723 4984 2735 5018 :
2783 4979 2959 5034 neque
2985 4961 3132 5032 quod
3169 4969 3253 5015 est
3283 4974 3505 5030 separa-

252 5061 356 5113 λων
406 5059 651 5129 ἔχονται·
700 5058 795 5112 καὶ
839 5056 1007 5130 μὴτὸ
1052 5055 1451 5126 ἀπεσχισμένον
1486 5055 1581 5108 καὶ
1625 5053 1801 5118 ἰδιάζοι

1931 5063 2046 5111 tum
2087 5071 2151 5111 ac
2211 5057 2506 5129 singulare,
2552 5056 2905 5126 praestantius
2954 5069 3080 5110 esse
3119 5051 3396 5118 existima,
3440 5065 3508 5106 eo

324 5265 368 5296 ιι
408 5262 595 5317 Matth.
631 5279 684 5327 ν,
719 5261 905 5314 43-45.
983 5260 1026 5292 δ’
1061 5259 1220 5313 10.ιιι.
1255 5276 1344 5321 xv,
1387 5237 1482 5312 l8.

331 5451 408 5520 (Ι)
467 5449 946 5519 Ἑκλεγομένους.
1002 5445 1092 5500 Sic
1149 5455 1374 5514 uterque
1433 5445 1622 5498 codex.
1682 5442 1820 5496 Editi

261 5517 478 5587 ἑκλελεγ
485 5517 695 5590 μένους.

331 5592 407 5660 ('2)
439 5586 511 5645 Ei
549 5601 842 5644 comment.
879 5589 929 5660 in
967 5586 1100 5660 ιδεμ,
1128 5588 1250 5641 MU.

334 5659 408 5735 (5)
441 5661 517 5716 Ex
550 5661 708 5732 epist.
738 5675 856 5724 CCL,
880 5659 1002 5713 3:55.

2002 5439 2078 5508 (1t)
2118 5435 2354 5508 literque
2387 5433 2556 5487 codex
2585 5432 2787 5508 indicat
2808 5433 2968 5500 epist.

2217 5501 2378 5592 epist.
2408 5519 2570 5566 τογιι,
2606 5501 2727 5555 190.

2004 5580 2080 5647 (θ)
2116 5577 2251 5630 lbid.

2002 5648 2079 5719 (7)
2122 5647 2196 5700 lix
2226 5645 2371 5701 hom.
2410 5659 2505 5700 vm
2541 5643 2594 5695 in
2630 5640 2909 5705 Hc.raent.,
2937 5636 3006 5691 77
