3840 6226
403 249 533 304 “5|

1292 246 1657 303 APPENDIX.
1700 278 1771 289 -
1807 245 2159 304 SYSIEONIS
2195 243 2736 301 METAPHRASTAB

3579 238 3713 295 ηδε
3786 238 3787 325 γ

402 366 548 438 quod
600 372 917 424 sootetatem
969 381 1096 421 cum
1138 366 1352 423 unitate
1392 366 1652 423 admittit.
1706 368 1783 439 (ι)
1832 366 1986 423 Nihil

2089 366 2185 420 τοῦ
2226 363 2547 420 κοινωνικοῦ
2599 364 2695 419 καὶ
2742 363 3027 436 ήνωμένου
3076 364 3212 433 ήγοῡ
3262 361 3710 433 προτιμότερον.

402 459 548 513 enim
577 475 679 514 nos
708 459 776 514 ab
804 458 1040 515 invicem
1084 468 1328 530 separat,
1366 460 1474 515 nisi
1496 459 1667 514 animi
1703 459 1987 531 proposito

402 551 790 609 dissociemur.
823 549 978 607 Unus
1002 552 1164 608 nobis
1194 559 1278 608 est
1300 551 1592 618 Dominus,
1626 567 1734 607 una
1762 552 1896 609 ﬁdes
1916 552 1987 618 “,

401 661 531 716 spes
567 643 782 701 eadem.
811 642 942 700 Sive
966 653 1133 714 caput
1162 659 1262 698 vos
1305 644 1458 715 ipsos
1492 643 1844 709 existimatis,
1876 657 1988 698 non

401 744 582 808 potest
609 743 776 806 caput
808 735 992 792 dicere
1031 735 1262 806 pedibus
1309 754 1321 789 :
1366 735 1489 791 NOII
1534 744 1621 792 est
1667 735 1804 789 mibi
1848 750 1988 806 opus

402 830 558 885 vobis
580 829 647 883 “.
683 832 811 885 Sive
847 846 948 887 vos
977 831 1033 885 in
1066 830 1176 884 alio
1206 829 1401 885 ordine
1426 829 1717 898 reponitis,
1744 827 1905 883 nobis
1929 828 1986 881 in

399 919 595 975 eodem
648 935 884 990 corpore
913 921 1231 976 constitutis
1278 936 1393 975 non
1456 920 1687 990 potestis
1734 919 1919 974 dicere
1970 937 1983 974 :

400 1011 588 1068 Vestri
612 1030 721 1069 non
746 1013 1077 1084 indigemus.
1104 1013 1239 1067 Nam
1268 1021 1323 1068 et
1345 1028 1539 1067 manus
1561 1013 1732 1067 altera
1760 1013 1987 1067 alterius

400 1112 545 1173 eget,
577 1113 632 1158 et
664 1118 761 1168 pes
793 1103 932 1158 alter
970 1104 1202 1157 alterum
1236 1102 1436 1166 ﬁrmat,
1467 1110 1521 1155 et
1550 1102 1695 1156 oculi
1734 1116 1831 1171 per
1862 1116 1990 1156 con-

399 1195 647 1250 cordiam
686 1195 834 1250 clare
877 1209 942 1249 ac
984 1196 1276 1264 perspicue
1317 1194 1524 1249 vident.
1572 1192 1650 1264 (2)
1688 1191 1810 1248 Non
1839 1193 1985 1249 enim

400 1304 500 1345 vos
542 1288 635 1342 illa
677 1287 941 1359 cogitatio
978 1287 1268 1342 detineat:
1307 1285 1476 1341 Extra
1519 1286 1823 1341 multorum
1867 1299 1988 1339 ma-

399 1381 513 1436 lum
546 1397 764 1445 sumus,
803 1380 1163 1451 quamobrem
1207 1379 1338 1449 quid
1380 1379 1542 1435 nobis
1574 1394 1715 1450 opus
1744 1385 1830 1434 est
1859 1393 1987 1434 cum

398 1474 521 1529 aliis
544 1472 896 1529 communio?
927 1471 1196 1528 Dominus
1236 1475 1385 1528 enim
1437 1472 1651 1527 insulas
1689 1472 1908 1542 quidem
1954 1486 1988 1526 a

398 1568 718 1623 continente
772 1582 871 1636 per
914 1581 1067 1621 mare
1107 1564 1315 1628 divisit,
1362 1566 1670 1620 insularum
1708 1581 1841 1620 vero
1902 1565 1989 1619 in-

398 1659 550 1715 colas
579 1674 677 1729 per
721 1659 1045 1713 cliaritatem
1082 1673 1208 1713 cum
1245 1657 1446 1713 incolis
1481 1657 1820 1713 continentis
1857 1657 1989 1727 juna

2093 459 2262 513 Ούδὲν
2310 457 2420 532 γὰρ
2454 460 2604 530 ἡμᾶς
2648 457 2872 529 χωρίζει
2927 457 3023 509 ἀπ’
3048 455 3313 527 ἀλλήλων,
3349 455 3460 508 ἐὰν
3516 455 3604 524 μὴ
3650 456 3710 523 τῇ

2092 551 2413 625 προαιρέσει
2447 551 2543 605 τὸν
2567 550 2846 624 χωρισμὸν
2874 548 3219 620 ὕποστῶμεν.
3258 543 3354 612 Εἷς
3385 548 3572 620 ἡμῶν
3598 545 3710 601 Κύ-

2095 660 2230 716 ριος,
2283 644 2383 715 μία
2418 643 2622 710 πίστις,
2656 643 2814 705 ἐλπὶς
2847 643 2881 713 ἡ
2915 642 3078 713 αὐτή.
3126 642 3251 695 Εἴτε
3296 635 3392 696 οῦν
3447 639 3712 709 κεφαλὴν

2091 738 2319 800 ἑαυτοὺς
2347 735 2655 805 λογίζεσθε,
2683 735 2744 788 ού
2771 734 2991 788 δύναται
3024 736 3058 805 ή
3093 734 3303 804 κεφαλὴ
3347 734 3549 786 εἰπεῖν
3600 736 3711 796 rei;

2090 826 2217 879 ποσί
2236 842 2250 856 ’
2280 827 2485 899 Χρείαν
2512 826 2667 897 ὑμῶν
2697 827 2798 879 ούκ
2829 824 2939 896 ἔχω
2963 840 2976 854 ο
3018 825 3129 879 εἴτε
3160 825 3253 903 καὶ
3279 827 3339 878 ἐν
3368 825 3524 896 ἄλλῃ
3551 822 3708 887 τάξει

2088 918 2316 982 ἑαυτοὺς
2354 917 2604 983 τάσσετε,
2648 918 2708 971 ού
2739 916 2968 971 δύνασθε
3009 921 3122 981 τοῖς
3162 919 3221 971 ἐν
3249 916 3329 988 τῷ
3378 915 3552 987 αύτῷ
3606 914 3710 968 σὼ-

2093 1026 2222 1080 ματι
2269 1008 2767 1080 κατατεταγμένοις
2814 1008 2993 1077 λέγειν
3030 1009 3108 1079 (8)
3159 1009 3243 1073 τὸ,
3286 1009 3506 1080 Χρείαν
3548 1005 3708 1078 ὑμῶν

2087 1103 2190 1155 οὐκ
2218 1100 2440 1172 ἔχομεν.
2472 1101 2543 1155 Αἵ
2576 1118 2637 1155 τε
2675 1103 2787 1173 γὰρ
2820 1104 3003 1174 χεῖρες
3021 1099 3266 1169 ἀλλήλων
3312 1100 3565 1163 δέονται,
3611 1099 3707 1152 καὶ

2087 1194 2138 1246 oi
2181 1192 2338 1256 πόδες
2385 1191 2648 1263 ἀλλήλους
2697 1191 3039 1264 στηρίζουσι,
3088 1191 3182 1245 καὶ
3231 1193 3279 1245 οἱ
3314 1190 3613 1262 ὀφθαλμοὶ
3647 1192 3706 1242 ὲν

2086 1285 2153 1354 τῇ
2205 1283 2497 1355 συμφωνίᾳ
2542 1283 2606 1337 τὸ
2644 1284 2874 1355 ἐναργὲς
2910 1284 3010 1354 τῆς
3057 1284 3421 1355 καταλήψεως
3480 1284 3700 1354 ἔχουσι.

2089 1373 2181 1445 Μὴ
2228 1373 2335 1445 γὰρ
2394 1376 2603 1439 ἐκεῖνος
2654 1375 2800 1447 ὑμᾶς
2846 1377 2876 1429 6
2923 1375 3182 1446 λογισμὸς
3236 1376 3553 1446 κατεχέτω,
3620 1376 3704 1428 ὅτι

2100 1468 2293 1539 Ἡμεῖς
2323 1467 2429 1534 ἔξω
2465 1468 2558 1523 τοῦ
2599 1470 2806 1535 πάθους
2847 1472 3014 1543 ἐσμὲν
3057 1470 3168 1525 τῶν
3197 1470 3435 1535 πολλῶν,
3472 1473 3581 1525 καὶ
3620 1472 3704 1534 τίς

2089 1561 2221 1633 ἡμῖν
2251 1562 2409 1633 χρεία
2439 1563 2539 1633 τῆς
2570 1563 2706 1636 πρὸς
2738 1564 2938 1629 αὐτοὺς
2970 1563 3283 1631 κοινωνίας;
3337 1565 3396 1617 'O
3430 1565 3550 1634 γάρ
3588 1564 3702 1617 Κύ-

2094 1670 2206 1723 ριος
2238 1653 2394 1725 ήμῶν
2422 1655 2523 1719 τὰς
2571 1655 2672 1726 μὲν
2720 1656 2919 1727 νήσους
2955 1655 3057 1725 τῆς
3090 1655 3324 1727 ὴπείρου
3353 1655 3447 1709 διὰ
3485 1655 3700 1709 6213':—

398 1754 500 1807 xit.
559 1752 637 1824 (5)
687 1750 803 1806 lloc
860 1753 1007 1829 enim
1057 1752 1403 1821 potissimum
1445 1749 1611 1823 485
1655 1751 1870 1806 amicus
1915 1751 1984 1805 ab

2089 1763 2188 1817 σης
2215 1745 2486 1817 διέστησε,
2519 1748 2647 1810 τοὺς
2676 1746 2734 1800 δὲ
2770 1746 3042 1818 νησιώτας
3071 1750 3184 1810 τοῖς
3218 1747 3574 1819 ὴπειρώταις
3607 1747 3699 1800 διὰ

396 1844 683 1901 adulatore
722 1841 924 1908 diﬁ‘ert,
970 1842 1119 1914 quod
1160 1843 1251 1899 hic
1285 1841 1508 1913 quidem
1560 1843 1627 1897 ad
1661 1843 1985 1898 delectatio-

400 1951 526 1992 nem
560 1934 827 2005 loquitur,
865 1934 957 1990 ille
976 1949 1108 1991 vero
1142 1949 1212 1989 ne
1240 1934 1476 1989 molesta
1501 1932 1724 2003 quidem
1758 1942 1985 2003 praeter-

398 2028 591 2082 mittit.
627 2027 701 2098 (4)
736 2027 860 2082 Scis
886 2026 1021 2096 quid
1047 2042 1078 2080 a
1106 2034 1162 2081 te
1193 2025 1565 2097 praestandum
1597 2026 1670 2081 sit
1695 2024 1986 2096 proximo?

395 2121 546 2189 quod
586 2118 682 2174 tibi
710 2119 813 2189 ipsi
836 2120 907 2176 ab
931 2120 1105 2175 altero
1127 2119 1214 2175 vis
1247 2118 1389 2174 ﬁeri.
1420 2117 1578 2174 Nosti
1609 2118 1743 2190 quid
1770 2121 1844 2174 sit
1869 2135 1987 2172 ma-

395 2209 705 2279 lum?quod
740 2210 856 2279 ipse
891 2209 1036 2265 nolis
1069 2208 1137 2263 ali
1165 2208 1273 2264 alio
1309 2209 1443 2280 pati.
1476 2209 1552 2280 (5)
1577 2207 1715 2263 Cum
1738 2209 1883 2263 enim
1916 2223 1983 2264 ex

397 2301 510 2356 Deo
542 2300 846 2356 audiverim
875 2319 889 2356 :
916 2299 983 2354 In
1013 2300 1113 2354 Itoc
1149 2310 1466 2371 cognoscent
1504 2316 1707 2370 omnes,
1730 2300 1872 2373 quod
1895 2302 1982 2355 dt"-

392 2394 587 2462 scipuli
638 2395 741 2449 mei
773 2393 924 2460 estis,
972 2395 1021 2448 si
1065 2393 1309 2465 diligatis
1352 2395 1576 2448 invicem
1630 2393 1700 2460 δ’,
1748 2409 1985 2464 cumque

394 2492 704 2539 extremum
749 2499 953 2540 munus
993 2482 1281 2554 discipulis
1316 2484 1460 2549 suis,
1505 2500 1664 2540 suam
1710 2484 1768 2539 in
1815 2499 1985 2539 carne

393 2572 861 2642 dispensationem
897 2574 1274 2638 absoluturus,
1331 2590 1523 2645 pacem
1576 2591 1734 2632 suam
1797 2574 1986 2631 Domi-

395 2680 502 2720 nus
539 2665 846 2735 reliquerit,
895 2665 1130 2723 dicens:
1173 2665 1372 2722 Pacem
1416 2668 1654 2736 relinquo
1687 2667 1854 2731 vobis,
1884 2685 1985 2739 pa-

392 2773 504 2810 cem
530 2773 703 2811 meam
729 2757 798 2812 do
824 2757 970 2812 vobis
1000 2758 1069 2825 ⁸³,
1102 2758 1285 2815 dicere
1325 2775 1435 2815 non
1471 2775 1719 2830 possum,
1748 2776 1836 2817 me
1864 2762 1985 2818 sine

393 2855 586 2903 mutua
622 2849 916 2913 cbaritate,
968 2858 1024 2905 et
1062 2851 1195 2916 nisi,
1226 2859 1498 2922 quantum
1530 2852 1588 2907 in
1634 2868 1721 2909 me
1748 2861 1856 2920 est,
1885 2870 1984 2925 pa-

394 2952 513 2992 cem
564 2953 690 2993 cum
733 2940 992 2997 omnibus
1044 2941 1297 3010 habeam,
1348 2943 1575 3016 dignum
1630 2960 1797 3017 posse
1848 2945 1979 3003 Jesu

390 3029 598 3086 Christi
631 3046 853 3088 servum
883 3033 1075 3090 vocari

465 3209 521 3264 5.
551 3208 628 3281 (6)
669 3208 874 3266 Eodem
920 3209 1087 3282 igitur
1115 3212 1281 3269 modo
1308 3229 1657 3272 communem
1701 3224 1755 3274 et
1793 3234 1981 3290 aequa-

392 3300 501 3354 lem
542 3299 800 3354 omnibus
846 3299 994 3356 inter
1037 3316 1097 3357 se
1143 3302 1468 3359 cbaritatem
1514 3322 1641 3363 esse
1687 3312 1977 3375 convenit,

391 3403 501 3458 quo
547 3387 712 3444 homo
751 3390 1081 3447 naturaliter
1127 3406 1257 3463 erga
1309 3394 1525 3467 singula
1581 3413 1682 3453 sua
1736 3402 1979 3457 membra

389 3480 624 3535 aﬁ‘ectus
670 3490 777 3546 est,
824 3483 921 3552 qui
972 3491 1147 3539 totum
1197 3502 1358 3541 suum
1404 3503 1609 3559 corpus
1651 3492 1853 3562 pariter
1890 3510 1979 3548 sa-

389 3587 522 3625 num
560 3572 699 3636 vult,
742 3573 965 3643 quando
1011 3581 1067 3629 et
1127 3577 1566 3651 uniuscujusque
1607 3583 1838 3637 membri
1876 3584 1979 3638 do-

389 3660 474 3715 lor
514 3661 776 3730 aequalem
820 3665 1040 3733 corpori
1089 3666 1401 3721 molestiam
1459 3669 1703 3727 exhibet.
1752 3673 1830 3744 (7)
1873 3673 1976 3741 Qui

388 3753 535 3808 enim
570 3753 628 3806 in
670 3764 947 3809 conventu
980 3771 1151 3811 unum
1193 3773 1305 3827 pra:
1337 3760 1462 3815 aliis
1490 3762 1690 3833 diligit,
1731 3767 1978 3835 seipsum

390 3844 731 3915 imperfectae
756 3846 1043 3903 cbaritatis
1078 3849 1379 3906 insimulat.
1404 3852 1587 3918 Quare
1612 3870 1679 3909 ex
1704 3867 1976 3913 conventu

389 3937 674 3993 contentio
708 3939 968 3994 indecora
1003 3948 1057 3995 et
1089 3942 1387 4013 singularis
1420 3960 1578 4000 amor
1624 3955 1755 4003 sunt
1792 3964 1973 4019 atqua-

389 4029 519 4084 liter
554 4031 906 4087 amandandi.
932 4032 1120 4089 Oritur
1147 4036 1293 4090 enim
1321 4052 1385 4091 ex
1414 4040 1766 4095 contentione
1794 4041 1978 4095 inimi-

384 4122 517 4178 citia
571 4140 587 4178 :
641 4124 711 4178 ab
744 4125 988 4180 amicitia
1035 4141 1166 4182 vero
1215 4129 1535 4198 particulari
1584 4137 1640 4185 et
1687 4130 1978 4188 sodalitate

384 4216 732 4286 suspiciones
796 4223 851 4271 et
914 4217 1134 4273 invidiae
1199 4228 1525 4276 nascuntur.
1612 4221 1751 4275 Cum
1824 4223 1971 4277 enim

383 4309 674 4378 aequalitas
700 4307 968 4373 aufertur,
996 4309 1050 4364 id
1080 4311 1287 4380 ubique
1312 4312 1394 4367 eis
1423 4314 1516 4382 qui
1547 4328 1612 4368 ea
1642 4313 1971 4383 spoliantur,

2085 1839 2188 1909 τῆς
2214 1839 2436 1910 ἀγάπης
2465 1838 2743 1911 συνέδησε.
2780 1839 2891 1893 Καὶ
2917 1839 3092 1910 τούτῳ
3129 1839 3368 1910 μάλιστα
3407 1841 3573 1908 φίλος
3607 1839 3699 1892 κός

2086 1929 2251 1992 λακος
2296 1932 2593 2003 διενήνοχε,
2638 1930 2717 2003 τῷ
2758 1931 2848 1986 τὸν
2881 1932 2979 2003 μὲν
3028 1931 3169 2003 πρὸς
3205 1930 3402 2003 ἡδονὴν
3448 1931 3692 2003 ὁμιλεῖν,

2085 2024 2177 2079 τὸν
2208 2024 2265 2078 δὲ
2300 2024 2437 2096 μηδὲ
2460 2025 2571 2077 τῶν
2611 2023 2926 2078 λυπούντων
2971 2023 3290 2093 ἀπέχεσθαι.
3336 2019 3507 2088 Οἶδας
3535 2026 3601 2078 δὲ
3641 2026 3693 2076 τί

2086 2115 2335 2185 ποιήσεις
2367 2114 2447 2185 τῷ
2478 2114 2734 2186 πλησίον;
2771 2114 2800 2168 6
2842 2113 3053 2185 σεαυτῷ
3098 2114 3281 2185 βούλει
3319 2116 3457 2185 παρ’
3497 2117 3693 2187 ἑτέρου

2083 2207 2358 2276 γενέσθαι.
2388 2202 2551 2271 Οἶδας
2593 2208 2623 2261 ὅ
2656 2207 2708 2261 τί
2751 2206 2883 2260 ποτέ
2911 2209 3029 2261 ἐστι
3060 2207 3123 2261 τὸ
3166 2207 3373 2272 κακόν;
3402 2208 3435 2261 ὃ
3479 2210 3586 2262 οὐκ
3627 2209 3695 2262 ἂν

2084 2295 2247 2361 αὐτὸς
2277 2298 2472 2352 παθεῖν
2512 2299 2655 2352 ἓλοιο
2690 2299 2820 2371 παρ’
2863 2298 3077 2370 ἐτέρου.
3122 2299 3265 2368 Ἐγὼ
3294 2300 3404 2370 γὰρ
3443 2301 3693 2365 ἀκούσας

2085 2389 2237 2461 παρά
2265 2388 2359 2442 τοῦ
2388 2389 2546 2455 Θεοῦ,
2578 2390 2660 2444 ὅτι
2706 2392 2810 2445 Ἔν
2844 2391 3034 2456 τούτῳ
3069 2391 3403 2463 γνώσονται
3432 2393 3692 2458 πάντες,

2084 2479 2175 2534 ὅτι
2216 2481 2346 2551 ἐμοὶ
2383 2483 2650 2551 μαθηται
2678 2483 2841 2548 ἐστε,
2874 2483 2985 2538 ἐὰν
3023 2483 3292 2554 ἀγαπᾶτε
3321 2483 3652 2552 ἀλλήλους
3674 2502 3688 2515 ·

2084 2574 2180 2630 καὶ
2209 2575 2290 2629 ὃτι
2319 2573 2593 2650 ὲξιτήριον
2620 2576 2795 2644 δῶρον
2832 2579 2945 2640 τοῖς
2982 2576 3180 2632 ἑαυτοῦ
3215 2578 3513 2649 μαθηταῖς,
3554 2579 3690 2649 μέλ-

2083 2668 2190 2722 λων
2220 2665 2578 2739 συμπληροῦν
2618 2665 2718 2738 τὴν
2756 2668 2814 2722 ἐν
2847 2667 3013 2738 σαρκὶ
3052 2667 3388 2738 οἰκονομίαν,
3422 2669 3530 2740 τὴν
3560 2670 3688 2723 ἐαυ-

2081 2756 2177 2811 τοῦ
2236 2757 2465 2829 εἰρήνην
2516 2756 2813 2810 κατέλιπεν
2866 2755 3070 2810 εἰπών’
3132 2756 3403 2826 Εἰρήνην
3467 2760 3688 2828 ἀφίημι

2080 2847 2245 2919 ὑμῖν,
2275 2848 2526 2917 εἰρήνην
2562 2848 2678 2917 τὴν
2707 2847 2864 2918 ἐμὴν
2895 2846 3103 2919 δίδωμι
3132 2849 3279 2918 ὑμῖν
3302 2865 3316 2879 °
3348 2850 3410 2903 οὐ
3443 2849 3686 2920 δύναμαι

2082 2944 2279 3005 εἰπεῖν,
2312 2941 2394 2994 ὅτι
2432 2939 2561 2994 ἄνευ
2612 2942 2713 3012 τῆς
2764 2942 2822 2994 ἐν
2860 2939 3115 3011 ἀλλήλοις
3158 2940 3383 3011 ἀγάπης
3427 2943 3527 2996 καὶ
3558 2942 3682 2995 ἄνευ

2081 3031 2199 3101 τοῦ,
2224 3033 2287 3088 τὸ
2308 3035 2389 3097 είς
2426 3033 2529 3105 ἐμὲ
2556 3029 2714 3105 ἦχον,
2750 3032 3055 3105 εἰρηνεύειν
3088 3033 3226 3105 πρὸς
3253 3035 3494 3100 πάντας,
3520 3035 3681 3089 δύνα-

2085 3143 2185 3196 μαι
2217 3124 2366 3191 ἄξιος
2398 3124 2664 3197 κληθῆναι
2688 3124 2875 3189 δοῦλος
2915 3124 3093 3198 Ἰησοῦ
3119 3125 3384 3198 Χριστοῦ.

2150 3220 2205 3275 5.
2246 3218 2406 3273 Οὕτω
2448 3218 2629 3273 τοίνυν
2671 3220 2941 3290 προσήκει
2978 3219 3164 3291 κοινὴν
3212 3220 3310 3274 καὶ
3365 3220 3495 3292 τσην
3550 3222 3679 3274 πᾶσι

2082 3309 2220 3382 πρὸς
2249 3309 2515 3382 ἀλλήλους
2555 3309 2657 3381 τὴν
2687 3310 2912 3382 ἀγάπην
2943 3307 3106 3374 εἶναι,
3141 3310 3218 3375 ὼς
3265 3314 3521 3381 φυσικῶς
3550 3313 3678 3385 πρὸς

2081 3400 2151 3453 τά
2181 3399 2304 3455 καθ’
2332 3399 2563 3454 ἕκαστον
2589 3400 2783 3453 ἑαυτοῦ
2828 3399 2964 3473 μέλη
3003 3402 3031 3456 6
3064 3399 3353 3473 ἄνθρωπος
3407 3401 3553 3472 ἔχει,
3588 3406 3678 3455 ἐπι

2086 3493 2208 3565 ίσης
2248 3492 2418 3547 θέλων
2465 3493 2631 3548 παντὶ
2661 3492 2739 3564 τῷ
2768 3494 2983 3565 σώματι
3024 3495 3122 3564 τὴν
3153 3494 3392 3564 ὑγίειαν,
3412 3494 3555 3548 διότι
3591 3494 3676 3548 καὶ

2079 3582 2110 3634 6
2136 3580 2296 3645 πόνος
2323 3580 2554 3635 ἑκάστου
2587 3581 2784 3653 μέλους
2817 3581 2937 3652 ἴσην
2964 3583 3197 3655 παρέχει
3222 3583 3303 3655 τῷ
3331 3583 3556 3654 σώματι
3585 3586 3675 3656 τὴν

2081 3672 2294 3743 ἀηδίαν.
2340 3673 2397 3727 Ὀ
2432 3673 2541 3745 γὰρ
2567 3675 2625 3728 ἐν
2660 3674 2877 3746 συνοδίᾳ
2904 3674 2996 3728 τὸν
3022 3674 3120 3728 ἕνα
3153 3675 3297 3747 ὑπὲρ
3326 3677 3460 3739 τοὺς
3486 3677 3676 3738 ἄλλους

2081 3764 2332 3833 ἀγαπῶν,
2386 3769 2686 3838 κατηγορεῖ
2731 3765 2923 3819 ἑαυτοῦ
2987 3767 3063 3838 μὴ
3118 3766 3257 3838 ἔχων
3309 3766 3410 3838 τὴν
3466 3769 3675 3822 τελείαν

2079 3854 2322 3925 ἀγάπην.
2361 3855 2595 3926 Ὁμοίως
2623 3852 2716 3909 οὖν
2745 3857 3054 3929 ἀπόϐλητός
3082 3859 3231 3912 ἐστιν
3272 3858 3383 3911 ἀπὸ
3427 3860 3675 3924 συνοδίαῖ

2078 3948 2114 4019 ἥ
2143 3965 2204 4001 τε
2241 3947 2497 4020 ἀπρεπὴς
2538 3949 2711 4019 μάχη,
2743 3950 2839 4003 καὶ
2887 3952 2920 4022 ή
2977 3951 3181 4023 μερικὴ
3232 3950 3501 4016 διάθεσις.
3543 3952 3673 4006 ’Δπὶ

2082 4037 2181 4108 μὲν
2212 4037 2321 4109 γὰρ
2354 4038 2453 4110 τῆς
2486 4041 2666 4110 μάχης
2713 4037 2884 4110 ἔχθρα
2925 4038 3159 4107 γίνεται,
3193 4040 3302 4093 ἀπὸ
3338 4040 3398 4093 δὲ
3442 4041 3548 4112 τῆς
3576 4058 3673 4112 με·

2080 4130 2243 4202 ρικῆς
2286 4130 2469 4201 φιλίας
2501 4132 2595 4185 καὶ
2637 4133 2915 4204 ἑταιρείας
2947 4131 3174 4204 ὑποψίαι
3226 4133 3323 4187 καὶ
3354 4133 3547 4204 φθόνοι
3590 4136 3671 4204 γε.

2077 4238 2294 4277 νονταιο
2352 4225 2632 4296 πανταχοῦ
2686 4224 2796 4297 γὰρ
2853 4226 2886 4297 ἡ
2936 4224 3033 4278 τοῦ
3087 4227 3203 4279 ῑσου
3234 4226 3496 4298 στέρησις
3529 4227 3671 4299 ἀρχὴ

2078 4316 2173 4369 καὶ
2226 4315 2485 4380 ὑπόθεσις
2533 4314 2729 4385 φθόνου
2773 4317 2868 4371 καὶ
2905 4315 3229 4387 δυσμενείας
3274 4321 3390 4377 τοῖς
3417 4318 3670 4372 ὲλαττουυ

384 4400 607 4455 invidia:
636 4409 690 4456 et
715 4401 827 4455 odii
876 4403 1032 4472 origo
1061 4410 1117 4458 et
1143 4418 1313 4459 causa
1353 4413 1459 4459 est.
1497 4404 1968 4471 Quemadmodum

2084 4408 2262 4480 μένοις
2310 4409 2542 4479 γίνεται.
2581 4410 2794 4480 ’Ὠσπερ
2844 4403 2937 4461 οὖν
2989 4410 3018 4462 6
3065 4409 3274 4477 ἀγαθὸς
3311 4410 3448 4473 Θεὸς
3485 4410 3669 4481 κοινὴν

390 4492 559 4561 igitur
595 4491 742 4548 Deus
793 4495 1034 4563 optimus
1082 4509 1149 4549 ex
1200 4509 1360 4564 atquo
1401 4496 1648 4567 impertit
1709 4498 1970 4553 omnibus

385 4586 587 4650 lucem,
630 4585 803 4641 solem
838 4601 1000 4641 suum
1047 4603 1215 4657 super
1258 4589 1438 4658 justos
1475 4604 1539 4644 ac
1577 4590 1813 4660 injustos
1872 4607 1971 4647 ex-

378 4677 520 4732 oriri
567 4691 770 4732 curans
801 4676 886 4732 “:
925 4678 1000 4732 ita
1043 4690 1099 4734 et
1144 4678 1240 4734 Dei
1276 4680 1581 4736 imitatores
1620 4696 1969 4739 communem

377 4776 436 4825 et
481 4785 668 4841 parem
710 4770 1000 4826 cbaritatis
1056 4770 1272 4826 radium
1314 4772 1373 4827 in
1432 4789 1628 4829 omnes
1662 4773 1967 4832 eﬁundant.

384 4861 489 4918 Ubi
536 4864 686 4920 enim
727 4864 913 4920 deﬁcit
955 4865 1231 4931 charitas,
1276 4866 1390 4922 illic
1446 4869 1638 4939 utique
1675 4869 1797 4940 ejns
1842 4871 1966 4928 loco

380 4957 634 5012 succedit
667 4956 877 5013 odium.
942 4958 1103 5023 Quod
1156 4958 1227 5025 si,
1282 4966 1342 5013 ut
1395 4958 1638 5017 Joannes
1678 4962 1777 5027 ait,
1821 4962 1963 5018 Deus

374 5049 615 5106 charitas
670 5058 751 5106 est
813 5051 883 5115 ",
954 5066 1186 5122 prorsus
1259 5068 1490 5112 necesse
1537 5063 1623 5112 est
1677 5056 1962 5113 diabolum

373 5143 562 5199 odium
584 5159 729 5200 esse.
766 5144 921 5199 Sicut
941 5160 1075 5216 ergo
1103 5146 1197 5217 qui
1221 5145 1383 5203 habet
1405 5146 1754 5217 Charitatem,
1792 5149 1963 5208 Deum

374 5301 492 5425 Iv“
511 5300 720 5426 ἧρπε.
768 5317 843 5366 Iv,
875 5302 929 5360 5.
1008 5304 1049 5336 "
1084 5304 1102 5356 l
1139 5302 1269 5362 Cor.
1309 5320 1406 5371 xu,
1449 5304 1534 5360 15.

450 5491 524 5562 (l)
557 5490 829 5562 Exiepist.
866 5507 1016 5553 ccnI,
1051 5492 1177 5547 501.

448 5560 525 5626 (ξι)
556 5560 686 5615 Ibid.

451 5631 528 5697 (ὅ)
561 5630 632 5700 Ex
668 5632 830 5700 epist.
866 5648 956 5693 xx.
991 5632 1080 5687 98.

448 5701 524 5770 (et)
564 5699 641 5754 Ex
664 5699 809 5757 Item.
847 5712 900 5757 Ix
933 5703 988 5758 in
1018 5701 1300 5770 Hexaem,
1335 5702 1425 5763 85.

2073 4501 2256 4555 δίδωσι
2299 4502 2434 4555 πᾶσι
2478 4501 2576 4571 τὴν
2622 4502 2718 4555 τοῦ
2767 4503 2943 4571 φωτὸς
2995 4499 3309 4572 μετουσίαν,
3359 4502 3666 4558 ἀνατέλλων

2072 4599 2164 4655 τὸν
2195 4599 2348 4670 ἧλιον
2390 4600 2487 4653 ἐπὶ
2537 4599 2782 4666 δικαίους
2829 4601 2926 4654 καὶ
2973 4599 3215 4665 ἀδίκους,
3249 4598 3427 4664 οὕτως
3470 4602 3569 4656 καὶ
3620 4602 3667 4655 oi

2076 4694 2313 4766 μιμηταὶ
2356 4692 2450 4748 τοῦ
2489 4692 2629 4747 Θεοῦ
2674 4696 2862 4765 κοινήν
2905 4710 2967 4747 τε
2998 4693 3094 4746 καὶ
3123 4692 3389 4763 ὁμότιμον
3434 4692 3539 4763 τὴν
3567 4692 3666 4763 τῆς

2072 4785 2295 4857 ἀγάπης
2332 4785 2530 4840 ἀκτῖνα
2560 4785 2654 4839 ἐπὶ
2698 4786 2908 4850 πάντας
2959 4786 3297 4855 φερέτωσαν.
3342 4785 3525 4839 Ὅπου
3560 4786 3664 4856 γὰρ

2072 4876 2311 4930 ἐλλείπει
2356 4877 2390 4949 ή
2437 4876 2652 4949 ἀγάπη,
2699 4879 2818 4930 ἐκεῖ
2876 4877 3093 4940 πάντως
3146 4875 3564 4947 ἀντεισέρχεται
3608 4876 3665 4929 τὸ

2076 4971 2252 5039 μῖσος.
2279 4969 2343 5023 Εἰ
2362 4969 2442 5033 δὲ,
2472 4968 2655 5033 καθώς
2677 4987 2843 5040 φησιν
2881 4969 3157 5040 Ἰωάννης,
3192 4967 3254 5020 '0
3287 4966 3434 5033 Θεὸς
3460 4967 3664 5038 ἀγάπη

2070 5062 2266 5126 ἐστὶν,
2296 5061 2512 5134 ἀνάγκη
2566 5063 2718 5116 πᾶσα
2749 5062 2813 5115 τὸ
2860 5064 3018 5134 μῖσος
3065 5056 3215 5114 εἶναι
3251 5058 3348 5115 τὸν
3394 5059 3661 5115 διάὸολον.

2074 5153 2286 5226 Ὥσπερ
2313 5149 2405 5208 οῦν
2433 5154 2462 5206 6
2493 5153 2591 5226 τὴν
2623 5154 2848 5226 ἀγάπην
2886 5152 3049 5224 έχων,
3085 5151 3180 5205 τὸν
3219 5151 3353 5205 Θεὸν
3379 5152 3497 5223 ἔχει
3521 5168 3538 5182 °
3573 5151 3660 5205 οὔ·

1646 5305 1692 5339 "
1715 5304 1876 5365 Joan.
1917 5323 2037 5378 xm,
2063 5310 2153 5365 '55.
2228 5310 2276 5341 ”
2305 5307 2466 5364 Joan.
2502 5326 2614 5374 xiv,
2647 5310 2739 5364 27.
2782 5322 2788 5326 ‘
2817 5310 2864 5343 “
2888 5307 3082 5365 Matth.
3119 5326 3170 5373 v,
3199 5308 3287 5363 45.
3366 5308 3414 5341 ⁸⁸
3452 5306 3473 5361 ι
3502 5305 3654 5365 Joan.

2145 5493 2222 5565 (5)
2252 5492 2329 5565 Ex
2359 5495 2520 5565 epist.
2551 5510 2702 5559 CCIII,
2736 5492 2861 5548 999.

2258 5563 2543 5647 ‘ljlxserm.
2574 5565 2834 5643 ascetico,
2862 5563 2987 5620 525.

2502 5704 2704 5780 Regius
2727 5706 2901 5763 codex
2927 5708 3100 5760 εἰπεῖν
3133 5706 3343 5778 χρείαν.
