3860 6224
207 265 347 326 “53

1301 260 1537 317 SERMO
1575 259 1736 315 IV.—
1764 259 1851 317 DE
1882 258 2367 317 ELEEMOSYNA.

3327 264 3466 320 H55

203 396 313 442 τως
341 380 370 432 ὀ
401 377 462 432 τὸ
489 379 644 448 μῖσος
683 376 842 448 ἔχων,
880 377 972 445 τὸν
998 375 1242 431 διάϐολον
1267 377 1324 429 ὲν
1353 373 1530 445 ἐαυτῷ
1566 372 1776 445 τρέφει.

1896 372 2050 428 liabet
2076 391 2092 440 ;
2122 374 2203 428 sic
2232 373 2326 444 qui
2361 373 2548 428 odium
2590 372 2773 437 habet,
2806 375 2854 431 is
2884 375 3163 432 diabolum
3199 376 3255 432 in
3286 378 3467 448 seipso

206 469 307 523 Διά
331 468 490 523 τοῦτο
513 471 780 541 προσήκει
806 468 903 541 τὴν
935 469 1033 539 μὲν
1066 470 1287 538 ἀγάπην
1322 468 1442 539 ἴσην
1473 467 1567 520 καὶ
1589 465 1779 536 ὁμοίαν

206 558 357 628 παρά
400 557 618 613 πάντων
649 562 761 622 τοῖς
804 561 969 613 πᾶσιν
1013 554 1173 623 εἶναι,
1204 558 1303 629 τὴν
1342 557 1398 611 δὲ
1428 557 1594 628 τιμὴν
1639 555 1780 609 κατὰ

204 649 266 702 τὸ
311 650 521 720 πρέπον
564 650 780 720 ἑκάστῳ
831 650 1096 718 γίνεσθαι.
1147 650 1258 703 Καὶ
1304 634 1491 719 ὥσπερ
1542 651 1600 702 ὲν
1650 649 1780 720 ἡμῖν

204 740 409 803 αὐτοῖς,
437 742 466 794 ὁ
491 741 588 810 μὲν
627 741 787 805 πόνος
832 741 1064 794 ἑκάστου
1095 741 1202 793 τῶν
1235 739 1658 811 ἀρρωστούντων
1687 756 1783 809 με-

204 830 313 884 λῶν
346 831 474 895 ἴσως
499 832 727 885 ἅπτεται
759 830 852 885 τοῦ
883 832 1082 895 παντὸς
1113 831 1384 901 σώματος,
1409 831 1605 885 ἔστιδὲ
1632 832 1781 902 ὅμως

204 924 365 993 ἕτερα
409 922 609 993 ἐτέρων
638 921 940 995 τιμιώτερα
988 922 1124 994 μέλη
1155 923 1237 991 (ού
1272 921 1383 992 γὰρ
1412 922 1612 993 ὁμοίως
1652 923 1782 993 περὶ

203 1014 296 1066 τὸν
333 1012 609 1085 ὀφθαλμὸν
642 1015 738 1069 καὶ
769 1014 845 1085 (1)
875 1015 1004 1086 περὶ
1049 1014 1141 1068 τὸν
1184 1014 1280 1068 τοῦ
1318 1014 1477 1078 ποδὸς
1519 1014 1781 1068 δάκτυλον

204 1105 419 1177 ἔχομεν,
469 1107 573 1161 κᾶν
615 1108 643 1161 ὁ
693 1107 853 1172 πόνος
894 1109 955 1161 τὸ
991 1109 1104 1162 ἴσον
1145 1107 1298 1180 ἕχῃ)·
1335 1107 1508 1172 οὕτως
1554 1109 1652 1179 τὴν
1683 1109 1783 1179 μὲν

206 1197 467 1268 συμπαθῆ
498 1198 758 1263 διάθεσιν,
802 1198 896 1255 καὶ
922 1200 1021 1271 τὴν
1066 1199 1412 1271 ἀγαπητικὴν
1443 1199 1627 1270 σχέσιν
1660 1198 1782 1269 ἴσην

204 1292 301 1344 ἐπὶ
344 1292 559 1344 πάντων
588 1290 696 1344 τῶν
744 1292 802 1345 ὲν
836 1294 900 1361 τῇ
949 1292 1166 1363 συνοδίᾳ
1214 1291 1431 1356 ζώντων
1478 1286 1618 1345 εἶναι
1651 1292 1780 1362 παρ’

206 1381 439 1435 ἑκάστου
484 1382 785 1453 προσῆκεν
822 1383 854 1451 ἡ
887 1381 945 1434 δὲ
978 1381 1133 1453 τιμὴ,
1167 1381 1308 1436 κατὰ
1336 1382 1398 1435 τὸ
1423 1381 1644 1451 εὔλογον
1689 1384 1784 1437 ἐπὶ

204 1471 317 1525 τῶν
348 1474 777 1545 χρησιμωτέρων
829 1474 889 1527 τὸ
938 1474 1099 1527 πλέον
1145 1473 1278 1539 ἕξει.
1348 1475 1471 1527 Ἐπὶ
1522 1476 1628 1546 γὰρ
1673 1473 1782 1527 τῶν

208 1564 596 1634 πνευματικῶν
628 1564 877 1635 ἀλλήλοις
910 1564 1422 1636 συναρμοζομένων,
1452 1565 1573 1618 οὐδὲ
1619 1567 1653 1635 ἡ
1703 1564 1782 1637 (2)

209 1656 496 1727 σωματικὴ
525 1655 814 1725 συγγένεια
840 1654 1000 1708 πλέον
1025 1672 1077 1708 τι
1105 1654 1247 1709 κατὰ
1272 1654 1371 1725 τὴν
1402 1654 1621 1726 ἀγάπην
1641 1654 1778 1720 ἒξειο

204 1725 332 1801 οὐδὲ
369 1746 425 1800 εἴ
445 1725 531 1811 τις
564 1745 789 1815 ἀδελφός
816 1762 959 1808 τινος
993 1746 1133 1800 κατὰ
1167 1745 1346 1817 σάρκα
1381 1744 1488 1813 εἴη,
1524 1725 1722 1818 ἢίυὶὸς,
1749 1745 1783 1818 ἢ
1814 1725 1857 1783 Β

208 1837 487 1908 θυγάτηρ,
540 1838 596 1891 ὲν
646 1836 850 1891 πλείονι
904 1837 1140 1892 διαθέσει
1183 1836 1319 1909 πρὸς
1366 1836 1457 1890 τὸν
1513 1836 1591 1907 τῷ
1639 1836 1786 1906 γένει

208 1935 555 2002 προσήκοντα
589 1931 740 2002 παρά
764 1932 888 1995 τοὺς
919 1931 1112 1996 ἄλλους
1149 1931 1434 2002 γενήσεται
1474 1932 1503 2002 ἡ
1533 1931 1786 1984 κοινωνία

206 2021 308 2075 τοῦ
330 2022 579 2093 αἵματος.
628 2021 687 2075 '0
707 2021 816 2094 γάρ
848 2023 908 2076 ὲν
935 2020 1145 2087 τούτοις
1171 2025 1238 2093 τῇ
1271 2021 1429 2092 φύσει
1456 2023 1784 2089 ἀκολουθῶν,

209 2117 510 2185 κατηγορεῖ
563 2112 780 2180 ἑαυτοῦ,
831 2115 913 2168 ὅτι
947 2114 1102 2169 οὔπω
1153 2114 1374 2180 τελείως
1423 2115 1635 2187 ἀπέστη
1687 2115 1789 2184 τῆς

210 2207 449 2276 φύσεως,
479 2205 594 2259 ἀλλ’
628 2204 708 2258 ἔτι
743 2205 847 2258 ὑπὸ
884 2205 1086 2276 σαρκὸς
1116 2206 1418 2259 διοικεῖται.
1464 2205 1555 2277 Τῷ
1582 2206 1639 2259 δὲ
1669 2203 1790 2276 Θεῷ

208 2302 245 2370 ἡ
255 2299 371 2369 μῶν
399 2299 525 2363 δόξα
559 2300 639 2361 εἰς
665 2298 792 2362 τοὺς
824 2297 1025 2362 αἰῶνας
1055 2298 1162 2351 τῶν
1190 2297 1421 2353 αἰώνων.
1467 2298 1659 2370 Ἀμήν.

591 2496 778 2552 ΠΕΡΙ
826 2491 1030 2549 ΕΛΕΗ
1034 2496 1092 2548 Μ
1097 2495 1188 2547 ΟΣ
1198 2493 1410 2547 ΥΝΗΣ.

838 2604 1054 2660 ΛΟΓΟΣ
1089 2605 1163 2657 A'.

285 2721 340 2777 1.
370 2722 433 2775 Ei
459 2718 756 2791 θαυμάζεις
777 2715 851 2788 (5)
873 2717 941 2771 τὰ
969 2718 1246 2788 χρήματα,
1283 2714 1557 2786 ἄνθρωπε,
1587 2712 1673 2769 διὰ
1694 2712 1793 2784 τὴν

211 2815 310 2882 ᾲπ’
356 2814 534 2867 αὐτῶν
579 2812 775 2883 τιμὴν,
833 2811 1025 2864 σκόπει
1080 2808 1247 2862 πόσον
1283 2808 1403 2861 ἐστὶ
1446 2806 1583 2879 πρὸς
1634 2806 1792 2871 δόξαν

212 2906 691 2975 λυσιτελέστερον,
750 2901 958 2974 μυρίων
1008 2900 1212 2954 παίδων
1263 2899 1478 2972 πατέρα
1518 2915 1792 2972 προσαγο-

214 2997 474 3071 ρεύεσθαι
498 3036 516 3061 ,
549 2997 582 3069 ἢ
635 2994 859 3067 μυρίους
894 2994 1169 3065 στατῆρας
1213 2992 1356 3064 ἔχειν
1404 2993 1463 3046 ὲν
1499 2991 1790 3064 βαλαντίῳ.

1880 464 2077 519 nutrit.
2109 462 2475 531 Quamobrem
2522 472 2583 518 ιιι
2616 465 2844 535 mqualis
2890 468 3196 536 similisque
3226 468 3467 524 eharitas

1879 557 2169 627 quibusvis
2214 557 2284 612 ab
2331 558 2589 613 omnibus
2628 566 2712 613 est
2741 557 3046 615 exhibenda
3084 575 3098 611 :
3151 561 3225 614 ita
3263 560 3465 624 honor,

1881 651 1963 704 uti
1998 648 2249 715 addecet,
2293 649 2592 720 unicuique
2616 660 2702 705 est
2728 649 3078 707 tribuendus.
3114 651 3191 723 (5)
3224 650 3290 706 Et
3317 659 3379 706 ut
3410 651 3467 706 in

1885 740 2334 812 nobismetipsis,
2393 741 2550 796 dolor
2633 741 3071 813 uniuscujusque
3135 744 3456 813 aegrotantis

1881 830 2115 886 membri
2166 830 2419 886 similiter
2460 838 2634 884 totum
2677 846 2881 901 corpus
2917 833 3152 903 attingit,
3185 839 3241 887 et
3285 841 3464 887 tamen

1882 929 2012 976 sunt
2053 922 2296 978 membra
2354 923 2460 976 alia
2510 923 2635 978 aliis
2690 923 3073 993 prmstantiora
3128 925 3272 993 (non
3319 924 3465 977 enim

1882 1015 2088 1086 pariter
2161 1014 2230 1071 de
2280 1016 2443 1070 oculo
2493 1029 2557 1069 ac
2610 1014 2679 1070 de
2735 1016 2893 1086 pedis
2941 1014 3115 1086 digito
3173 1016 3463 1077 allicimur,

1881 1105 2100 1162 etiamsi
2139 1106 2297 1161 dolor
2333 1106 2559 1176 aequalis
2598 1106 2691 1175 sit)
2738 1125 2751 1160 :
2796 1108 2868 1160 ita
2917 1122 3365 1176 unumquemque
3409 1107 3466 1160 in

1882 1211 2075 1250 omnes
2095 1196 2191 1266 qui
2235 1195 2293 1250 in
2327 1204 2600 1251 conventu
2636 1195 2891 1260 vixerint,
2925 1197 3466 1252 commiserationem

1881 1288 2104 1356 quidem
2160 1295 2327 1358 atque
2387 1304 2628 1344 amorem
2699 1303 2883 1358 parem
2937 1290 3232 1345 ostendere
3287 1302 3470 1359 operae

1881 1382 2118 1454 pretium
2152 1388 2274 1447 est;
2314 1380 2409 1436 sed
2444 1389 2643 1443 tamen,
2684 1390 2745 1436 ut
2774 1381 2953 1443 decet,
2989 1381 3060 1437 iis
3094 1381 3188 1452 qui
3224 1381 3469 1437 utiliores

1884 1479 2036 1533 sunt.
2096 1471 2275 1542 major
2336 1470 2618 1527 deferetur
2670 1471 2865 1527 honor.
2928 1470 3065 1527 Nam
3124 1473 3180 1528 in
3237 1472 3324 1529 bis
3374 1472 3470 1543 qui

1883 1564 2155 1635 Spirituali
2212 1564 2520 1619 animorum
2569 1563 2961 1631 conjunctione
3024 1564 3170 1618 inter
3212 1579 3274 1619 se
3338 1573 3470 1620 sunt

1885 1653 2165 1724 copulati,
2216 1670 2328 1709 non
2378 1652 2561 1708 futura
2611 1661 2695 1709 est
2734 1655 2914 1722 major
2964 1654 3185 1710 dilectio
3233 1655 3304 1711 ob
3344 1670 3471 1711 cor-

1886 1745 2130 1818 poralem
2170 1743 2704 1814 consanguinitatem
2736 1762 2751 1811 ;
2795 1760 2973 1815 neque
3003 1746 3048 1801 si
3080 1745 3207 1815 quis
3249 1746 3471 1816 quidem

1888 1850 2184 1908 germanus
2207 1834 2445 1904 alicujus
2479 1834 2648 1889 frater
2685 1835 2778 1899 sit,
2815 1835 3049 1899 ﬁliusve,
3077 1844 3172 1892 aut
3195 1836 3325 1902 ﬁlia,
3352 1852 3473 1892 ma-

1883 1925 2064 1995 jorem
2095 1939 2225 1995 erga
2262 1925 2756 1994 consanguineum,
2787 1941 2951 1995 quam
2981 1941 3110 1997 erga
3140 1927 3300 1993 alios,
3321 1942 3473 2002 amo-

1889 2033 2005 2074 rem
2043 2017 2232 2073 aﬁ'eret
2262 2018 2550 2089 sanguinis
2589 2019 2928 2089 conjunctio.
2969 2020 3074 2086 Qui
3105 2020 3251 2075 enim
3288 2021 3346 2076 in
3384 2020 3476 2076 bis

1889 2117 2146 2165 naturam
2194 2111 2469 2182 sequitur,
2520 2110 2569 2168 is
2615 2110 2854 2167 nondum
2909 2128 2940 2167 a
2980 2119 3178 2167 natura
3227 2111 3472 2184 perfecte

1891 2203 2190 2259 recessisse
2227 2203 2605 2269 convincitur,
2648 2204 2743 2260 sed
2777 2204 3077 2259 etiamnum
3108 2221 3139 2258 a
3168 2219 3333 2261 carne
3370 2220 3475 2274 gu-

1888 2294 2132 2351 bernari.
2165 2294 2273 2352 Deo
2299 2303 2483 2351 autem
2532 2303 2723 2352 nostro
2750 2298 2822 2353 sit
2851 2297 3027 2369 gloria
3055 2297 3112 2353 in
3144 2298 3342 2354 saecula
3373 2313 3477 2355 sa‘

1890 2391 2165 2446 culorum.
2202 2388 2400 2445 Amen.

2245 2503 2413 2576 486
2451 2503 2553 2558 DE
2589 2502 3090 2559 ELEE'MOSYNA
3104 2544 3117 2557 .

2510 2615 2746 2672 SERMO
2770 2615 2859 2672 IV.

1967 2734 2016 2791 Ι.
2043 2729 2123 2805 (6)
2160 2732 2218 2787 Si
2248 2748 2380 2805 opes
2406 2731 2648 2795 miraris,
2678 2747 2712 2785 ο
2745 2730 2929 2792 homo,
2967 2729 3038 2785 ob
3065 2729 3478 2799 provenientem

1892 2842 1961 2882 ex
1990 2827 2073 2883 eis
2103 2826 2393 2890 honorem,
2438 2823 2729 2880 considera
2772 2829 2980 2893 quanto
3029 2823 3102 2878 sit
3134 2820 3204 2876 ad
3244 2821 3478 2894 gloriam

1893 2916 2320 2982 conducibilius,
2374 2915 2790 2970 innumerorum
2840 2912 3080 2967 ﬁliorum
3131 2919 3343 2983 patrem
3383 2925 3475 2982 ap-

1895 3009 2111 3081 pellari,
2141 3024 2307 3080 quam
2338 3008 2660 3063 innumeros
2705 3005 2764 3061 in
2797 3006 3076 3076 marsupio
3110 3013 3347 3060 stateres
3382 3004 3480 3058 ba-

212 3086 297 3139 Τά
328 3085 427 3156 μὲν
468 3084 573 3156 γάρ
620 3084 882 3156 χρήματα
922 3081 1272 3153 καταλείψεις
1301 3082 1556 3150 ἐνταῦθα,
1591 3082 1688 3137 καλ¹
1718 3082 1791 3155 μὴ

1896 3079 2044 3158 bere.
2088 3079 2227 3156 Nam
2268 3099 2533 3171 pecunias
2574 3098 2796 3169 quidem
2834 3101 3134 3152 relicturus
3172 3096 3264 3151 hic
3307 3111 3368 3151 es
3396 3094 3480 3150 vel

214 3175 574 3246 βουλόμενος·
608 3174 709 3246 τὴν
749 3173 805 3227 δὲ
841 3173 936 3227 ἐπὶ
967 3174 1081 3237 τοῖς
1108 3173 1333 3242 ἀγαθοῖς
1369 3173 1553 3246 ἔργοις
1590 3175 1795 3246 φιλοτι-

214 3267 349 3338 μίαν
380 3265 735 3335 ἀποκομίσεις
773 3264 912 3337 πρὸς
956 3264 1047 3318 τὸν
1088 3263 1403 3335 Δεσπότην,
1441 3265 1571 3318 ὅταν
1622 3263 1795 3337 δῆμος

212 3360 337 3423 εολος
372 3359 468 3412 ἐπὶ
498 3358 594 3412 τοῦ
628 3357 809 3412 κοινοῦ
835 3358 1038 3430 Κριτοῦ
1071 3358 1425 3428 περιστάντες
1457 3358 1556 3429 (ά),
1591 3360 1797 3431 τροφέα

213 3450 314 3504 καὶ
344 3449 639 3520 εὐεργέτην
663 3449 758 3503 καὶ
780 3449 958 3503 πάντα
995 3448 1064 3502 τὰ
1093 3448 1194 3518 τῆς
1223 3447 1632 3519 φιλανθρωπίας
1659 3450 1796 3502 ἀπο-

214 3541 460 3596 καλῶσιν
513 3540 771 3611 ὀνόματα.
832 3540 944 3593 Καὶ
997 3540 1056 3592 ὲν
1108 3539 1208 3610 μὲν
1265 3538 1571 3612 πανηγύρει
1622 3541 1797 3605 οὐδεὶς

213 3632 469 3686 λυπεῖται
515 3632 817 3708 προέμενος
848 3631 918 3686 τά
951 3631 1216 3703 παρόντα,
1253 3632 1349 3685 καὶ
1394 3628 1798 3702 ἀντικτώμενος

214 3726 291 3778 τὰ
335 3725 613 3779 ἐνδέονταο
670 3723 790 3784 ἀλλ’,
815 3725 1034 3796 ὅσῳπερ
1086 3724 1152 3779 ἂν
1191 3725 1473 3787 ἐλάττονος
1527 3724 1693 3796 τιμῆς
1728 3722 1798 3778 τὰ

214 3816 495 3888 πολύτιμα
549 3816 811 3889 πρίηται,
862 3816 1102 3888 τοσούτῳ
1150 3816 1366 3888 χαίρει,
1419 3817 1495 3881 ὡς
1542 3814 1797 3888 λαμπροῦ

214 3905 374 3974 αὐτῷ
419 3903 514 3959 τοῦ
566 3904 1010 3977 συναλλάγματος
1058 3907 1375 3978 γενομένου.
1429 3908 1502 3962 Σὺ
1549 3906 1605 3960 δὲ
1652 3906 1796 3979 λυπῇ

214 3997 467 4068 χρυσίον,
506 3998 602 4052 καὶ
629 3996 912 4070 ἀργύριον,
954 3998 1048 4052 καὶ
1089 3999 1344 4070 κτήματα
1394 3999 1592 4064 διδοὺς,
1638 4017 1800 4054 τουτ-

217 4089 342 4144 έστι
391 4089 568 4153 λίθους
598 4091 694 4144 καλ⁵
741 4090 872 4161 χοῦν
917 4090 1309 4162 παρεχόμενος,
1345 4091 1431 4144 ἴνα
1476 4093 1650 4165 κτήσῃ
1701 4092 1800 4163 τὴν

221 4181 507 4252 μακαρίαν
533 4180 712 4252 ζωήν;
740 4181 805 4234 Τί
825 4181 882 4233 δὲ
907 4182 1001 4235 καὶ
1025 4182 1204 4255 χρήσῃ
1231 4182 1309 4253 τῷ
1334 4181 1582 4253 πλούτῳ;
1614 4181 1800 4254 ἐσθῆτι

219 4271 579 4342 πολυτιμήτω
629 4270 939 4342 περιϐαλεϊς
998 4273 1260 4338 σεαυτόν;
1308 4271 1519 4327 Οὔκουν
1562 4273 1655 4327 δύο
1703 4273 1803 4345 μέν

221 4379 312 4415 σοι
338 4360 529 4432 πηχῶν
547 4362 865 4432 χιτωνίσκος
897 4363 1148 4434 ἀρκέσει,
1167 4364 1286 4427 ἑνὸς
1313 4363 1371 4418 δὲ
1400 4365 1618 4436 ἱματίου
1645 4383 1804 4437 περι-

221 4452 359 4523 δολὴ
392 4454 576 4506 πᾶσαν
593 4453 702 4508 τῶν
730 4453 1043 4524 ἐνδυμάτων
1076 4454 1421 4526 ἐκπληρώσει
1453 4457 1553 4527 τὴν
1576 4458 1796 4530 χρείαν;

238 4545 380 4599 Ἀλλ’
409 4547 490 4609 εἰς
515 4546 724 4617 τροφὴν
760 4547 1083 4619 καταχρήσῃ
1110 4545 1188 4617 τῷ
1224 4546 1474 4619 πλούτῳ;
1515 4544 1596 4612 εἷς
1638 4548 1803 4613 ἄρτος

226 4635 412 4699 ἱκανὸς
466 4635 864 4708 ἀποπληρῶσαι
916 4637 1179 4709 γαστέρα.
1236 4637 1302 4690 Τί
1357 4636 1451 4693 οὖν
1505 4637 1680 4710 λυπῇς
1728 4638 1807 4704 ὡς

222 4728 370 4791 τίνος
413 4726 838 4799 ὑστερούμενος;
879 4728 1048 4799 Δόξης
1091 4729 1191 4800 τῆς
1217 4730 1325 4784 ἀπὸ
1377 4729 1472 4783 τοῦ
1527 4730 1802 4795 πλούτου;

224 4818 345 4872 ἀλλ’
375 4819 470 4872 ἐάν
499 4820 574 4891 μὴ
607 4820 779 4891 χαμαὶ
808 4822 1052 4893 ζητήσῃς
1082 4820 1181 4892 τὴν
1210 4820 1390 4887 δόξαν,
1427 4821 1680 4895 εὑρήσεις
1707 4821 1806 4894 τὴν

225 4909 491 4981 ἀληθινὴν
516 4911 610 4967 καὶ
640 4910 919 4984 λαμπρὰν,
949 4914 1295 4986 προάγουσάν
1321 4930 1382 4967 σε
1411 4915 1490 4977 εἰς
1518 4913 1617 4985 τὴν
1651 4912 1807 4983 βασι-

226 5001 384 5054 λείαν
415 5001 522 5054 τῶν
572 5001 838 5072 οὐρανῶν.
873 5002 1310 5074 Σκορπιζόμενος
1359 5004 1469 5076 γὰρ
1501 5004 1529 5056 ὁ
1558 5004 1812 5070 πλοῦτος,

228 5090 354 5144 καθ’
381 5090 441 5144 ὃν
472 5093 502 5145 ὁ
528 5090 732 5163 Κύριος
759 5090 1073 5144 ὑποτίθεται
1104 5090 1329 5163 τρόπον,
1373 5092 1588 5162 πέφυκε
1623 5110 1811 5166 παρα-

306 5248 385 5318 (l')
420 5248 557 5316 Περὶ
576 5248 685 5301 τὸν
712 5247 1024 5318 ὀφθαλμὸν
1043 5249 1162 5304 καί.
1193 5247 1320 5303 Haec
1359 5246 1542 5303 addita
1571 5265 1640 5306 ex
1679 5265 1829 5307 cons

229 5327 386 5389 textu
413 5325 466 5371 et
491 5318 680 5389 codice
706 5318 896 5389 Regio.

305 5388 382 5462 (εξ)
423 5388 575 5462 Οὐδὲ
599 5391 656 5455 ἠ.
694 5388 839 5462 idem
874 5389 1044 5462 codex
1081 5389 1237 5462 οὐδὲν
1259 5392 1314 5462 ἡ.

306 5454 386 5524 (5)
414 5454 843 5534 Εἱᾼθαυμᾴζε-ις.
881 5457 1104 5534 Legitur
1131 5454 1197 5512 τί
1219 5454 1539 5534 θαυμάζεις,
1575 5465 1701 5533 quid
1725 5466 1813 5519 ad-

230 5529 453 5603 miraris
482 5531 518 5603 ?_
546 5529 599 5581 in
645 5529 1189 5603 duobusﬂcodicibus
1222 5529 1431 5603 Regiis,
1481 5529 1810 5601 quibuscum

228 5600 335 5652 bas
364 5599 659 5653 conciones
689 5599 1042 5655 Contulimus.
1076 5601 1217 5654 Sunt
1251 5599 1560 5661 hi'codices
1592 5607 1729 5661 lOlO
1760 5617 1813 5661 et
1846 5635 1853 5643 -

236 5670 389 5721 1992.

1895 3193 2133 3260 invitus;
2166 3199 2384 3257 contra,
2422 3197 2635 3260 partam
2668 3189 2738 3242 ob
2768 3187 2910 3243 bona
2936 3202 3102 3257 opera
3134 3187 3364 3257 gloriam
3389 3202 3481 3241 ex—

1895 3281 2143 3354 portabis
2182 3281 2253 3336 ad
2300 3279 2615 3342 Dominum,
2660 3293 2785 3333 cum
2850 3277 3066 3332 scilicet
3115 3278 3482 3333 circumstans

1897 3388 2086 3429 coram
2114 3369 2394 3428 communi
2417 3368 2609 3424 Judice
2642 3367 2878 3439 populus
2914 3367 3117 3430 omnis,
3152 3367 3482 3420 nutritorem

1895 3473 1951 3522 et
1979 3463 2285 3520 beneﬁcum
2338 3460 2657 3532 largitorem
2701 3474 2768 3515 ac
2816 3458 3076 3514 omnibus
3124 3456 3483 3511 humanitatis

1897 3554 2194 3627 appellabit
2220 3551 2563 3608 nominibus.
2599 3548 2678 3623 (7)
2716 3548 2928 3604 Etenim
2972 3550 3028 3604 in
3068 3548 3333 3605 nundinis
3362 3548 3482 3618 qui-

1897 3648 2020 3703 dem
2053 3660 2216 3701 nemo
2250 3643 2400 3699 dolet
2428 3642 2575 3713 quod
2603 3640 2902 3712 profundat
2924 3656 3047 3712 quae
3076 3638 3299 3703 adsunt,
3324 3648 3378 3694 et
3401 3639 3483 3691 vi-

1898 3738 2084 3795 cissim
2119 3751 2242 3809 quae
2285 3736 2486 3790 desunt
2534 3744 2852 3806 comparet;
2905 3741 3118 3798 contra,
3154 3746 3265 3803 quo
3302 3730 3483 3787 viliori

1899 3832 2077 3899 pretio
2107 3845 2198 3886 res
2217 3828 2651 3901 pretiosissimas
2675 3828 2893 3891 emerit,
2922 3827 3026 3883 hoc
3055 3827 3230 3897 magis
3257 3826 3481 3899 gaudet,

1900 3927 1961 3974 ut
1994 3920 2089 3990 qui
2120 3919 2341 3991 egregie
2375 3919 2690 3990 negotiatus
2722 3918 2814 3973 sit.
2850 3917 2931 3972 Tu
2971 3934 3101 3974 vero
3131 3919 3306 3982 doles,
3337 3918 3483 3990 quod

1901 4024 2097 4063 aurum
2125 4017 2178 4064 et
2208 4016 2498 4080 argentum
2539 4016 2594 4061 et
2645 4021 2780 4075 opes
2817 4006 3026 4070 tradas,
3065 4006 3171 4061 hoc
3196 4013 3302 4070 est,
3347 4005 3484 4075 lapi-

1901 4102 2025 4159 dem
2055 4117 2118 4155 ac
2148 4103 2430 4173 pulverem
2462 4100 2731 4170 praebeas,
2765 4106 2824 4153 ut
2850 4098 3068 4154 beatam
3096 4102 3263 4152 vitam
3295 4099 3485 4167 acqui-

1902 4212 2014 4253 ras.
2049 4195 2156 4251 Sed
2177 4195 2267 4250 cui
2298 4193 2393 4249 tibi
2417 4194 2544 4249 usui
2571 4194 2804 4248 aurum?
2830 4192 3072 4263 pretiosa
3096 4197 3152 4246 te
3171 4197 3323 4245 veste
3344 4191 3485 4244 ami-

1902 4288 2057 4362 cies?
2097 4287 2295 4342 Annon
2338 4286 2573 4342 duorum
2621 4285 2933 4340 cubitorum
2978 4283 3166 4338 tunica
3220 4283 3355 4339 satis
3388 4280 3485 4337 tibi

1906 4381 2094 4449 fuerit,
2130 4386 2184 4436 et
2218 4380 2385 4435 unius
2417 4379 2569 4451 pallii
2605 4378 2843 4432 amictus
2879 4391 3096 4431 omnem
3132 4374 3486 4430 indumento-

1904 4487 2026 4525 rum
2082 4469 2470 4526 necessitatem
2519 4467 2805 4537 explebit?
2849 4465 3105 4522 Uterisne
3152 4465 3361 4521 divitiis
3415 4463 3486 4518 ad

1905 4561 2112 4616 lautius
2153 4559 2485 4615 vivendum?
2527 4557 2730 4614 Verum
2771 4559 2930 4628 panis
2976 4572 3119 4611 unus
3161 4554 3488 4610 exsatiando

1904 4653 2080 4708 ventri
2116 4651 2340 4707 suﬁicit.
2386 4650 2530 4718 Quid
2570 4651 2739 4721 igitur
2789 4649 3013 4705 tristitia
3062 4646 3338 4702 afﬁceris?
3379 4649 3486 4699 (lu-

1903 4744 2124 4815 jusnam
2152 4745 2233 4799 rei
2262 4744 2444 4799 fecisti
2468 4744 2742 4813 jacturam
2766 4743 2789 4797 ?
2825 4742 2908 4796 An
2933 4742 3125 4813 gloriae
3157 4755 3279 4812 qum
3304 4756 3370 4795 ex
3400 4740 3487 4793 di-

1906 4837 2057 4891 vitiis
2086 4836 2305 4890 oritur?
2335 4836 2406 4890 At
2455 4835 2502 4890 si
2552 4835 2705 4889 humi
2751 4835 2980 4906 gloriam
3019 4848 3129 4889 non
3180 4832 3485 4902 quaesieris,

1906 4944 2094 4985 veram
2124 4930 2272 4984 illam
2298 4943 2363 4983 ac
2390 4928 2759 4999 splendidam,
2787 4941 2908 4998 qum
2941 4937 2990 4981 te
3022 4925 3079 4980 in
3111 4939 3338 4994 regnum
3372 4938 3484 4978 eos-

1909 5018 2089 5073 lorum
2118 5020 2370 5083 deducet,
2412 5018 2684 5075 invenies.
2710 5017 2789 5090 (8)
2819 5017 3092 5089 Dispersae
3119 5014 3267 5071 enim
3296 5029 3488 5069 secun-

1910 5109 2043 5165 dum
2093 5110 2309 5167 Domini
2358 5113 2630 5167 monitum
2674 5114 2876 5168 divitiae
2925 5112 3104 5168 solent
3142 5124 3487 5182 permanere,

1988 5262 2064 5334 (4)
2098 5265 2517 5333 Περιστάντες.
2555 5266 2781 5340 Legitur
2810 5269 2869 5323 in
2904 5275 3164 5325 contextu
3200 5266 3487 5340 περιστάν-

1910 5351 2005 5396 τες
2042 5351 2126 5388 σε.

1984 5404 2062 5474 (5)
2091 5404 2166 5457 Ex
2207 5422 2371 5459 serm.
2409 5408 2672 5470 ascetico,
2710 5408 2838 5463 325.

1987 5475 2061 5539 (6)
2093 5474 2169 5528 Ex
2202 5477 2351 5528 hom.
2391 5477 2443 5528 iu
2478 5478 2606 5530 illud
2637 5478 2817 5540 Lucan,
2855 5477 3155 5543 Destruam,
3184 5477 3273 5534 45.

1986 5545 2063 5612 (7)
2098 5544 2172 5597 Ex
2217 5549 2360 5598 born.
2399 5548 2451 5598 in
2481 5546 2699 5614 Divites,
2734 5550 2822 5606 52.

1987 5616 2062 5684 (8)
2107 5614 2264 5681 ιυῖά.,
2297 5616 2385 5670 55.
