3840 6226
400 286 541 344 1155

1271 284 1638 341 ΑΡΡΕΝΒΙΧ.
1680 315 1748 325 —-
1791 283 2145 341 SYMEONIS
2187 279 2734 338 METAPHBAST.E

3553 277 3703 334 “56

400 416 605 468 clausa:
634 419 815 478 autem
846 411 1096 467 alienari.
1142 410 1201 466 Si
1240 410 1543 474 custodies,
1581 425 1688 465 non
1728 410 1990 474 habebis;

2099 409 2279 480 μένειν
2300 424 2314 437 ’
2345 405 2703 477 συνεχόμενος
2741 404 2819 470 δὲ,
2854 399 3286 474 ἀλλοτριοῦσθαι.
3327 397 3457 453 Ἐὰν
3476 399 3701 468 φυλάσο

401 503 450 558 si
475 504 781 574 dispergas,
808 518 917 558 non
942 503 1182 559 amittes.
1216 502 1476 573 Dispersit
1496 503 1664 566 enim,
1687 500 1830 555 dedit
1852 517 1987 569 pau-

399 593 634 659 peribus,
661 594 883 663 justitia
927 594 1043 657 eius
1096 602 1273 647 manet
1316 595 1369 647 in
1420 593 1673 648 saeculum
1707 592 1889 648 σιτευίὶ
1919 592 1986 646 ⁸⁸.

404 685 482 755 tl)
497 684 676 751 Quare
688 685 994 755 debentqui
1007 686 1300 756 prudenter
1313 685 1583 753 iudicant,
1601 701 1758 740 usum
1772 683 1990 739 divitia-

401 792 526 831 rum
553 777 620 831 ad
645 778 1116 848 dispensationem
1149 792 1477 833 concessum
1504 778 1850 841 existimare,
1878 792 1988 831 non

401 869 467 922 ad
500 869 931 939 perfruendum:
967 876 1022 923 et
1055 869 1142 923 his
1167 858 1434 939 depositis
1460 868 1653 933 laetari,
1680 877 1739 921 ut
1763 867 1831 922 ab
1860 868 1991 922 alie-

402 961 491 1014 nis
531 961 731 1015 remoti
756 1002 771 1027 ,
807 977 918 1014 non
954 976 1099 1031 aegre
1138 961 1305 1026 ferre,
1336 968 1396 1016 ut
1437 961 1555 1016 suis
1592 961 1813 1032 privati.
1846 958 1990 1027 Quid

402 1052 572 1122 igitur
602 1050 909 1108 alllictare?
936 1052 1069 1122 quid
1110 1054 1295 1108 animo
1325 1053 1667 1120 discruciare
1712 1068 1838 1106 cum
1888 1067 1988 1105 au-

402 1144 490 1199 dis
515 1163 531 1199 :
575 1142 748 1199 Vende
775 1161 892 1215 qua:
918 1144 1099 1212 habes,
1129 1153 1180 1199 et
1202 1144 1274 1199 da
1313 1145 1629 1214 pauperibus
1649 1145 1738 1198 ‘7?
1780 1145 1990 1198 Etenim

403 1237 450 1290 si
484 1245 538 1291 te
565 1244 931 1306 sequerentur
956 1238 1009 1291 in
1044 1238 1287 1292 futurum
1317 1239 1601 1300 saeculum,
1632 1253 1701 1291 ne
1751 1238 1831 1293 sic
1868 1237 1990 1307 qui-

401 1328 526 1383 dem
570 1337 760 1383 essent
801 1329 1105 1384 studiosius
1147 1329 1507 1401 exquirenda,
1550 1336 1741 1399 utpote
1791 1344 1913 1398 quae
1958 1342 1990 1382 a

403 1420 647 1491 praemiis
681 1420 793 1475 illic
828 1422 1085 1492 repositis
1102 1420 1472 1477 obscurentur
1504 1440 1518 1475 :
1564 1422 1648 1475 sin
1679 1429 1858 1475 autem
1890 1436 1990 1474 ne-

403 1528 561 1569 cesse
588 1520 674 1568 est
708 1528 772 1569 ea
801 1513 891 1568 hic
920 1529 1165 1577 manere,
1194 1530 1294 1570 cur
1327 1529 1441 1568 non
1469 1529 1535 1569 ex
1564 1514 1652 1569 his
1687 1512 1989 1569 divenditis

402 1605 618 1660 lucrum
663 1606 1063 1676 exponamus?
1088 1605 1165 1677 (2)
1195 1605 1459 1676 Quisquis
1498 1607 1644 1662 enim
1692 1606 1837 1661 male
1872 1605 1991 1661 suis

402 1694 569 1749 rebus
598 1693 792 1759 utitur,
828 1693 1158 1750 miserabilis
1185 1704 1293 1758 est,
1341 1710 1451 1749 non
1484 1696 1647 1751 aliter
1694 1710 1858 1766 quam
1893 1693 1987 1765 qui

2061 518 2214 574 ,σῖ-ις,
2257 500 2355 570 οὐχ
2398 498 2541 563 ἕξεις
2567 497 2679 569 (7)°
2704 496 2802 550 ἐὰν
2848 495 3184 568 σκορπίζῃς,
3224 494 3326 547 οὐκ
3365 492 3697 553 ἀπολέσεες.

2104 592 2521 658 Ἐσκόρπισεν,
2556 588 2741 642 ἔδωκε
2767 586 2894 655 τοῖς
2929 587 3210 655 πένησιν,
3239 586 3277 654 ἡ
3314 585 3699 651 δικαιοσύνη

2090 680 2280 736 αὑτοῦ
2329 683 2499 752 μένει
2554 683 2645 747 εἰς
2694 678 2804 733 τὸν
2842 678 3031 733 αἰῶνα
3060 677 3168 733 τοῦ
3214 675 3456 742 αἰῶνος.
3521 676 3698 728 ’Ὥστε

2090 771 2441 843 οἰκονομικὴν
2480 771 2575 825 τοῦ
2611 769 2843 824 πλούτου
2876 770 2976 841 τὴν
3008 768 3224 840 χρῆσιν,
3248 767 3363 822 ἀλλ’
3403 769 3507 821 οὐκ
3554 769 3699 820 ἁπο-

2089 863 2387 935 λαυστικὴν
2411 902 2427 926 ,
2478 864 2606 926 τοὺς
2663 861 2956 933 σωφρόνως
3007 858 3387 930 λογιζομένους
3435 859 3697 929 νομίζειν

2091 958 2362 1028 προσῆκε,
2394 957 2489 1010 καὶ
2521 954 2947 1024 ἀποτιθεμένους
2989 952 3232 1023 χαίρειν,
3265 951 3341 1014 ὡς
3376 950 3695 1021 ἀλλοτρξων

2091 1049 2513 1122 χωριζομένους,
2530 1048 2781 1117 ἀλλὀὑχὶ
2809 1046 3198 1118 δυσχεραίνειν,
3218 1044 3295 1108 ὡς
3320 1045 3433 1097 τῶν
3460 1043 3695 1097 οἰκείων

2091 1141 2483 1204 ἐκπίπτοντας.
2505 1140 2572 1194 Τί
2595 1135 2691 1193 οὖν
2722 1139 2899 1210 λυπῇ;
2934 1141 2987 1192 τί
3016 1138 3375 1203 κατα-πενθεῖς
3400 1140 3471 1209 τῇ
3502 1138 3689 1208 ψυχῇ,

2090 1233 2336 1286 ἀκούων·
2370 1230 2672 1300 Πώλησόν
2725 1246 2842 1284 σου
2874 1229 2946 1283 τὰ
2995 1229 3365 1298 ὑπάρχοντα,
3417 1229 3523 1283 καὶ
3578 1228 3689 1294 δὸς

2090 1324 2349 1395 πτωχοῖς
2366 1341 2386 1389 ;
2419 1325 2484 1378 El
2517 1323 2616 1394 μὲν
2646 1322 2757 1396 γὰρ
2785 1321 3066 1393 ἠκολούθει
3102 1340 3184 1376 σοι
3216 1322 3352 1394 πρὸς
3372 1320 3436 1375 τὸ
3462 1322 3685 1393 μέλλον,

2089 1412 2196 1465 οὐδ’
2229 1411 2404 1476 οὕτως
2449 1411 2515 1466 ἂν
2550 1408 2617 1483 ἦν
2653 1411 3117 1483 περισπούδαστα,
3149 1411 3253 1464 ὑπὸ
3296 1411 3405 1464 τῶν
3444 1413 3571 1464 ὲκεί
3604 1428 3686 1463 τι-

2092 1502 2232 1574 μίων
2275 1502 2712 1574 ὲπισκοτούμενα
2731 1519 2746 1534 ·
2776 1503 2824 1555 εἰ
2855 1501 2913 1556 δὲ
2939 1502 3152 1573 ἀνάγκη
3188 1502 3370 1573 μένειν
3410 1502 3682 1564 ἐνταῦθα,

2088 1592 2142 1645 τί
2179 1592 2254 1665 μὴ
2283 1593 2655 1666 πωλήσαντες,
2683 1593 2745 1647 τὺ
2782 1593 2877 1647 ἀπ’
2908 1593 3088 1647 αὐτῶν
3124 1593 3317 1666 κέρδος
3353 1593 3685 1661 ἀπενεγκώ⁹

2094 1688 2274 1756 μεθα;
2321 1686 2381 1740 '0
2428 1686 2527 1757 μὲν
2577 1687 2688 1759 γὰρ
2737 1687 2923 1753 κακῶς
2971 1691 3085 1752 τοῖς
3134 1683 3254 1740 οὖσι
3306 1688 3681 1759 κεχρημένος,

405 1791 632 1855 accepto
662 1784 728 1840 ad
777 1785 966 1839 hostes
1014 1784 1361 1842 ulciscendas
1401 1786 1584 1857 gladio
1630 1788 1986 1857 semetipsum

2095 1777 2343 1843 ἐλεεινὸς,
2379 1779 2455 1843 ὼς
2475 1779 2505 1831 ὁ
2542 1778 2622 1850 τῷ
2655 1778 2797 1849 ξίφει
2825 1780 2853 1834 δ
2880 1780 3041 1834 ἔλαϐε
3070 1781 3207 1850 πρὸς
3235 1779 3334 1852 τὴν
3362 1779 3477 1832 τῶν
3515 1780 3683 1832 πολε-

404 1876 585 1933 libens
614 1877 850 1933 sauciat.
883 1875 990 1942 Qui
1033 1884 1218 1932 autem
1252 1877 1392 1932 bene
1434 1884 1491 1932 et
1536 1877 1839 1932 secundum
1897 1891 1989 1931 re-

402 1979 548 2024 ctam
583 1970 855 2026 rationem
887 1986 977 2025 res
1006 1985 1137 2026 suas
1171 1977 1393 2035 tractat,
1428 1984 1494 2024 ac
1520 1969 1869 2040 dispensator
1905 1977 1991 2025 est

403 2063 673 2116 bonorum
710 2078 741 2117 a
774 2063 883 2118 Deo
914 2063 1194 2126 datorum,
1233 2078 1334 2118 nec
1364 2077 1451 2128 ea,
1483 2068 1544 2117 ut
1582 2063 1701 2133 ipse
1745 2061 1992 2133 perfrua-

407 2165 522 2220 tur,
551 2155 823 2225 congerit,
857 2156 1022 2210 laude
1048 2164 1103 2210 et
1133 2171 1325 2211 amore
1361 2155 1562 2226 dignus
1598 2162 1685 2210 est
1723 2155 1795 2209 ob
1852 2154 1991 2210 dile—

403 2248 642 2302 ctionem
669 2247 723 2300 in
765 2245 965 2303 fratres
1004 2261 1069 2300 ac
1095 2246 1378 2302 liberalem
1407 2253 1464 2303 et
1492 2245 1794 2303 beneﬁcam
1823 2245 1986 2300 indo-

405 2339 534 2394 lem.
1898 2342 1903 2345 ’

2093 1870 2235 1942 μίων
2268 1870 2507 1941 ἄμυναν,
2548 1872 2725 1943 τούτῳ
2770 1872 3035 1936 ἑκουσίως
3086 1872 3277 1927 ἑαυτὸν
3326 1870 3679 1943 κατατιτρώ-

2092 1976 2265 2016 σκων⁸
2293 1963 2322 2014 ὁ
2340 1962 2396 2016 δὲ
2421 1962 2602 2026 καλῶς
2626 1963 2721 2016 καὶ
2753 1962 2895 2017 κατὰ
2920 1963 3012 2016 τὸν
3043 1963 3201 2035 ὀρθὸν
3223 1962 3380 2031 λόγον
3403 1961 3475 2015 τά
3508 1977 3681 2032 προσ-

2089 2053 2219 2108 όντα
2269 2054 2661 2127 μεταχειρίζων
2685 2095 2700 2119 ,
2736 2054 2831 2109 καὶ
2885 2055 3169 2127 οίκονόμος
3216 2056 3326 2109 τῶν
3370 2055 3531 2129 παρά
3585 2054 3680 2108 τοῦ

2089 2147 2226 2202 Θεοῦ
2261 2146 2563 2219 δεδομένων
2587 2148 2890 2220 γινόμενος,
2929 2147 3004 2219 μὴ
3031 2149 3152 2219 οὐχὶ
3190 2149 3326 2221 πρὸς
3360 2149 3504 2202 ἰδίαν
3534 2150 3680 2204 ἀπόο

2089 2239 2280 2293 λαυσιν
2309 2239 2679 2313 θησαυρίζων,
2724 2239 3063 2293 ἐπαινεῖσθαι
3101 2240 3196 2293 καὶ
3229 2240 3553 2308 ἀγαπᾶσθαι
3598 2240 3681 2293 δὶ-

2091 2333 2247 2397 καιός
2299 2334 2416 2386 ἐστι
2439 2372 2455 2397 ,
2488 2332 2578 2387 διὰ
2607 2331 2669 2386 τὸ
2704 2331 3029 2402 φιλάδελφον
3072 2332 3168 2386 καὶ
3218 2333 3542 2387 κοινωνικὸν
3578 2333 3676 2387 τοῦ

1986 2432 1989 2439 “
2089 2424 2314 2498 τρόπου.

470 2513 528 2573 2.
559 2515 637 2587 (5)
662 2513 862 2572 Videte
889 2515 1354 2585 quemadmodum
1400 2515 1697 2573 multitudo
1740 2525 1993 2588 peccato-

404 2622 529 2663 rum
557 2615 877 2663 nostrorum
904 2614 960 2662 et
983 2608 1116 2661 anni
1148 2614 1505 2676 tempestates
1542 2623 1575 2663 a
1611 2624 1712 2664 sua
1740 2609 1988 2680 ipsarum

366 2686 369 2689 ’
405 2708 606 2753 natura
646 2698 963 2764 abduxerit,
998 2708 1053 2754 et
1081 2705 1391 2770 temporum
1417 2700 1626 2756 formas
1647 2708 1988 2758 transmuta-

406 2790 546 2845 verit
570 2790 628 2845 in
661 2790 869 2845 alienas
907 2798 1331 2860 temperaturas.
1375 2792 1451 2864 (Δ)
1485 2790 1679 2847 Omnia
1710 2794 1854 2850 enim
1909 2794 1992 2849 in-

406 2881 571 2937 solito
595 2881 760 2935 modo
783 2881 1053 2938 terminos
1075 2883 1372 2937 creationis
1388 2883 1552 2955 587
1577 2885 1990 2955 transgredien-

407 2974 504 3037 tia,
554 2987 621 3028 ac
664 2972 806 3027 male
839 2972 907 3028 ad
942 2983 1186 3028 nostram
1235 2975 1613 3044 conspirantia
1666 2976 1988 3045 perniciem,

405 3083 435 3120 a
475 3067 621 3121 victu
654 3073 710 3120 et
733 3081 764 3120 a
791 3067 902 3120 vita
934 3067 1196 3122 mortales
1229 3068 1477 3137 abigunt.
1510 3067 1643 3133 Quae
1667 3081 1798 3137 ergo
1821 3082 1989 3122 causa

406 3167 495 3215 est
528 3157 954 3213 inordinationis
986 3158 1150 3227 hujus
1185 3165 1351 3228 atque
1379 3157 1763 3214 confusionis?
1784 3157 1860 3229 (5)
1892 3156 1989 3213 Ni-

406 3248 610 3303 mirum
643 3246 775 3315 quia
820 3261 945 3301 cum
989 3248 1389 3318 acceperimus,
1441 3248 1566 3302 aliis
1600 3262 1711 3303 non
1747 3247 1992 3319 imperti-

405 3356 552 3403 mus.
580 3340 872 3395 laudamus
897 3339 1335 3403 beneficentiam,
1366 3347 1421 3397 et
1465 3339 1657 3395 eadem
1703 3339 1989 3411 privamus

407 3446 631 3502 egenos.
684 3430 866 3486 Liberi
908 3446 974 3486 ex
1025 3431 1202 3486 servis
1238 3430 1392 3497 facti,
1437 3446 1833 3488 conservorum
1880 3447 1989 3488 non

407 3526 767 3590 miseremur;
792 3523 1101 3578 esurientes
1126 3522 1423 3588 nutrimur,
1453 3532 1509 3579 et
1534 3530 1785 3594 egentem
1817 3526 1993 3596 negli-

405 3616 608 3686 gimus.
636 3613 867 3669 Divitem
898 3611 1145 3668 datorem
1173 3628 1236 3667 ac
1265 3629 1520 3684 promum
1551 3613 1816 3670 habentes
1839 3614 1991 3684 parci

406 3706 587 3763 el'l‘ecti
616 3721 836 3771 sumus,
881 3704 1129 3774 nihilque
1159 3719 1283 3759 cum
1317 3704 1652 3775 pauperibus
1681 3705 1993 3759 communi-

407 3811 624 3852 camus.
677 3793 821 3851 Oves
874 3805 1079 3848 nostrae
1128 3793 1413 3849 abundant
1459 3793 1684 3861 fetibus,
1728 3803 1782 3849 et
1817 3794 1994 3864 major

408 3886 681 3942 nudorum
706 3898 974 3939 numerus
1003 3898 1170 3953 quam
1201 3884 1408 3937 ovium.
1440 3881 1651 3938 Horrea
1680 3885 1752 3938 ob
1776 3885 1993 3955 reposi-

409 3989 587 4032 tarum
622 3976 841 4047 frugum
876 3974 1092 4044 copiam
1136 3974 1193 4027 in
1226 3980 1523 4044 angustum
1557 3983 1850 4045 coguntur,
1902 3991 1994 4030 .iec

409 4080 593 4125 tamen
637 4068 910 4132 hominis,
945 4066 1041 4138 qui
1088 4068 1363 4138 angustiis
1400 4074 1660 4138 urgetur,
1703 4069 1995 4124 commise-

409 4162 701 4217 rescimus.
733 4160 810 4233 (6)
857 4159 1075 4231 Pauper
1116 4160 1219 4215 es?
1265 4160 1418 4215 Alter
1453 4167 1541 4215 est
1590 4168 1646 4214 te
1675 4162 1990 4232 pauperior.

411 4252 553 4307 Sunt
580 4252 677 4306 tibi
720 4251 928 4307 cibaria
959 4251 1175 4306 dierum
1214 4251 1443 4320 decem;
1472 4250 1573 4315 illi,
1618 4251 1806 4308 unius.
1837 4251 1995 4319 Quod

410 4345 509 4400 tibi
540 4352 813 4415 superest,
847 4359 911 4398 ae
938 4344 1230 4407 redundat,
1261 4343 1314 4399 id
1347 4351 1407 4398 tu
1440 4359 1540 4398 ceu
1575 4344 1754 4400 bonus
1783 4360 1847 4399 ac
1869 4360 1994 4416 gra-

2159 2518 2214 2572 2.
2247 2517 2466 2589 Ὁρᾶτε,
2489 2514 2565 2579 ὡς
2585 2515 2645 2569 τὸ
2662 2514 2865 2587 πλῆθος
2893 2515 3002 2569 τῶν
3018 2515 3308 2588 ἡμετέρων
3334 2514 3677 2588 ἁμαρτημά-

2088 2627 2198 2665 των
2230 2610 2327 2663 καὶ
2356 2608 2455 2673 τὰς
2486 2607 2637 2680 ὥρας
2667 2608 2775 2662 τῶν
2802 2609 3020 2662 οἰκείων
3043 2609 3277 2680 ἐξήγαγε
3311 2608 3555 2677 φύσεων,
3582 2609 3677 2661 καὶ

2088 2702 2199 2756 τῶν
2227 2702 2444 2774 ¹καιρῶν
2488 2701 2587 2765 τὰς
2635 2700 2778 2765 ίδέας
2830 2702 2910 2765 είς
2960 2700 3283 2764 ἀλλοκότους
3326 2699 3560 2773 κράσεις
3598 2692 3679 2754 δι-

2090 2796 2312 2867 ήμειψε.
2340 2795 2525 2851 Πάντα
2554 2795 2663 2868 γὰρ
2694 2795 2897 2859 καινῶς
2922 2795 2997 2867 (8)
3029 2794 3349 2865 ὑπερϐάντα
3366 2796 3498 2859 τοὺς
3520 2795 3680 2868 ὅρους

2088 2888 2187 2958 τῆς
2223 2886 2474 2950 κτίσεως,
2511 2886 2605 2940 καὶ
2641 2887 2827 2950 κακῶς
2865 2888 2946 2950 είς
2967 2886 3067 2957 τὴν
3098 2885 3220 2940 καθ’
3249 2886 3408 2958 ἡμῶν
3444 2903 3671 2958 συμφω-

2091 2974 2332 3044 νήσαντα
2372 2972 2599 3044 βλάϐην,
2639 2973 2738 3027 τοῦ
2789 2973 2903 3045 βίου
2948 2974 3043 3027 καὶ
3086 2974 3185 3045 τῆς
3233 2974 3381 3044 ζωῆς
3416 2977 3551 3040 τοὺς
3583 2976 3676 3029 ἀν-

2091 3060 2345 3133 θρώπους
2389 3065 2697 3120 ἐλαύνουσι.
2737 3066 2835 3128 Τίς
2886 3062 2980 3120 οὖν
3017 3067 3117 3136 τῆς
3164 3067 3391 3132 ἀταξίας
3434 3068 3534 3121 καὶ
3583 3068 3676 3136 τῆς

2093 3152 2408 3221 συγχύσεως
2435 3155 2470 3225 ἡ
2503 3155 2685 3220 αίτία;
2716 3154 2841 3209 ’Ότι
2872 3154 3240 3228 λαμϐάνοντες
3275 3158 3462 3228 ἡμεῖς,
3495 3158 3676 3220 ἄλλος

2089 3243 2151 3297 οὐ
2178 3244 2521 3316 παρέχομεν·
2557 3246 2657 3317 τὴν
2688 3248 3009 3320 εὐεργεσίαν
3042 3247 3395 3319 ἐπαινοῦμεν,
3429 3250 3531 3303 καὶ
3556 3249 3677 3304 ταύο

2090 3351 2192 3405 της
2245 3336 2658 3409 ἀποστεροῦμεν
2709 3339 2838 3403 τοὺς
2891 3339 3203 3411 δεομένους.
3265 3341 3457 3395 Δοῦλοι
3526 3342 3676 3402 ὄντες
3790 3344 3791 3349 “

2091 3424 2556 3499 ἑλευθερούμεθα,
2608 3431 2705 3484 καὶ
2760 3430 3082 3502 ὁμοδούλους
3129 3434 3237 3486 οὐκ
3289 3434 3673 3506 οἰκτείρομεν·

2091 3521 2387 3585 πεινῶντες
2423 3523 2762 3594 τρεφόμεθα,
2803 3526 3015 3579 καὶτὸν
3044 3526 3197 3594 ἐνδεῆ
3230 3528 3673 3599 παρατρέχομεν.

2105 3610 2356 3683 ’Δνενδεῆ
2382 3613 2619 3686 χορηγὸν
2645 3616 2738 3668 καὶ
2766 3616 2972 3688 ταμίαν
3012 3616 3251 3688 ἔχοντες,
3278 3619 3539 3689 φειδωλοὶ
3560 3623 3677 3689 ἐγε-

2092 3702 2300 3773 νόμεθα
2338 3706 2436 3759 καὶ
2459 3704 2817 3779 ἀκοινώνητοι
2852 3709 2988 3780 πρὸς
3026 3711 3156 3774 τοὺς
3196 3710 3442 3783 πένητας
3464 3727 3479 3741 ⁸
3510 3711 3676 3765 πολύ-

2092 3809 2228 3846 τοκα
2257 3794 2415 3864 ἡμῶν
2447 3796 2518 3849 τὰ
2555 3797 2827 3868 πρόϐατα,
2859 3799 2955 3851 καὶ
2998 3801 3048 3851 οἱ
3088 3799 3287 3869 γυμνοὶ
3320 3800 3433 3851 τῶν
3473 3799 3679 3873 προϐά-

2092 3902 2202 3938 των
2238 3885 2478 3948 πλείους.
2530 3886 2597 3939 Αἱ
2639 3887 2916 3959 ἀποθῆκαι
2961 3887 3042 3959 τῷ
3086 3888 3277 3960 πλήθει
3306 3887 3418 3942 τῶν
3452 3890 3679 3944 ἀποκει-

2097 3977 2273 4049 μένων
2299 3977 2631 4042 στενοῦνται,
2655 3979 2751 4033 καὶ
2776 3980 2868 4033 τὸν
2887 3980 3255 4050 ἐστενωμένον
3272 3981 3373 4034 οὐκ
3392 3980 3676 4053 ἐλεοῦμεν,

2094 4072 2273 4142 Πένης
2299 4066 2385 4138 εἷς
2425 4072 2542 4126 ἀλλ’
2576 4073 2734 4128 ἀλλον
2768 4073 2913 4145 ἔχεις
2944 4074 3162 4137 πάντως
3207 4074 3561 4146 πενέστερον.
3592 4075 3679 4129 Σοὶ

2093 4160 2226 4214 δέκα
2263 4162 2489 4235 ἡμερῶν
2521 4162 2590 4216 τὰ
2628 4163 2798 4226 σιτία,
2830 4164 3023 4235 ἐκείνῳ
3054 4166 3203 4236 μιᾶς.
3235 4164 3325 4228 Ὠς
3373 4165 3545 4230 καλὸς
3591 4167 3679 4221 καὶ

2095 4252 2397 4325 εὐγνώμων
2423 4254 2521 4326 (9),
2553 4255 2615 4308 τὸ
2646 4255 2738 4309 σὸν
2776 4257 3029 4327 περιττὸν
3051 4257 3388 4310 ὲπανίσωσον
3418 4257 3561 4329 πρὸς
3594 4258 3679 4312 τὸν

2095 4345 2270 4417 ἐνδεῆ.
2306 4346 2399 4417 Μὴ
2435 4348 2675 4421 ὀκνήσῃς
2706 4348 2771 4401 ἐκ
2810 4348 2907 4401 τοῦ
2954 4348 3138 4417 ὀλίγου
3175 4348 3392 4402 δοῦναι·
3423 4350 3500 4420 μὴ
3549 4367 3680 4422 προ-

411 4448 499 4491 tus
527 4452 595 4492 ex
644 4449 801 4505 atque
832 4451 956 4489 cum
1000 4442 1194 4506 egente
1236 4436 1513 4506 partiaris.
1565 4434 1644 4491 Ne
1674 4435 1890 4492 dubites
1929 4452 1993 4492 ex

2097 4440 2337 4509 τιμήσῃς
2374 4437 2436 4491 τὸ
2480 4438 2573 4493 σὺν
2617 4438 2896 4511 συμφέρον
2941 4439 3008 4492 ὲκ
3053 4438 3146 4492 τοῦ
3177 4438 3362 4492 κοινοῦ
3402 4439 3675 4492 κινδύνου.

412 4527 628 4582 modico
653 4526 819 4582 dare:
849 4540 919 4581 ne
945 4526 1294 4581 commodum
1331 4533 1482 4580 tuum
1509 4527 1752 4596 periculo
1773 4527 1995 4597 publico

413 4629 734 4691 anteponas.
755 4617 912 4685 Quod
937 4619 1063 4673 siad
1082 4634 1250 4673 unum
1275 4634 1471 4689 panem
1490 4620 1748 4676 redactus
1778 4620 1996 4675 cibatus

413 4713 506 4775 sit,
535 4719 750 4783 stetque
781 4726 881 4782 pro
907 4710 1121 4766 foribus
1149 4710 1457 4779 mendicus,
1490 4711 1728 4782 promito
1752 4728 1816 4768 ex
1851 4728 1993 4781 penu

415 4804 565 4858 illum
588 4819 781 4868 unum,
807 4817 968 4874 quem
994 4802 1283 4872 imponens
1306 4804 1583 4868 manibus,
1613 4811 1668 4857 et
1695 4805 1915 4859 intuens
1940 4805 1994 4857 in

412 4896 636 4950 caelum.
676 4895 1045 4950 miserabilem
1076 4895 1220 4948 hanc
1266 4895 1430 4950 simul
1470 4903 1524 4949 et
1552 4904 1762 4967 gratam
1802 4914 1991 4952 vocem

482 5051 532 5083 δ’
567 5049 716 5106 Psal.
749 5065 861 5113 cxi,
891 5048 946 5103 9.
1024 5049 1069 5083 "
1120 5047 1446 5119 Matt-lngus,
1468 5051 1559 5106 2i.

508 5206 563 5343 η
595 5207 672 5261 Ex
702 5207 854 5262 hom.
887 5207 940 5260 in
975 5206 1185 5269 divites,
1223 5207 1314 5262 st.
1376 5190 1379 5191 ⁷

508 5277 541 5332 2
593 5276 671 5331 Ex
698 5279 847 5331 hom.
874 5277 937 5331 de
971 5277 1204 5343 Invidia,
1236 5277 1328 5332 96-

505 5276 563 5343 2)
593 5276 671 5331 Ex
698 5279 847 5331 hom.
874 5277 937 5331 de
971 5277 1204 5344 Invidia,
1236 5277 1328 5332 96-

897 5350 951 5403 in
983 5346 1226 5413 Famem,
1256 5348 1346 5403 b5.

509 5417 560 5482 ιι)
595 5417 755 5475 Ihid..
784 5417 874 5473 δε.

509 5487 561 5558 ξε)
596 5486 756 5558 lbid.,
787 5489 856 5541 64
877 5526 894 5543 .

485 5556 556 5623 (6',
597 5557 755 5623 lbid.,
789 5559 876 5613 es.
1404 5603 1408 5607 ,

597 5596 925 5706 ρτ’›χ”ξξεῖς,
955 5627 1193 5706 Uterque
1221 5629 1388 5706 «foder
1420 5632 1519 5706 ούκ
1547 5630 1708 5706 ἔχεις.

482 5698 559 5768 (8)
596 5697 838 5762 Καινῶς.
873 5700 962 5753 δὶς
1001 5697 1192 5769 legitur
1231 5701 1284 5755 in
1318 5703 1535 5756 humilia
1567 5697 1708 5756 unde
1739 5700 1851 5755 hac
1878 5697 1978 5754 de-

2096 4528 2215 4582 Κᾶν
2243 4531 2323 4592 εἰς
2363 4529 2459 4583 ἕνα
2487 4531 2651 4602 ἄρτον
2699 4532 2929 4601 περιστῇ
2959 4528 3207 4600 ήτροφὴ,
3244 4531 3441 4601 ἐπιστῇ
3473 4529 3534 4582 δὲ
3569 4530 3676 4603 (ill)

2094 4622 2213 4683 ταῖς
2242 4620 2436 4693 θύραις
2460 4623 2489 4675 ὁ
2515 4620 2716 4692 ζητῶν,
2740 4621 3075 4693 προκόμισον
3100 4621 3165 4673 ὲκ
3189 4620 3283 4674 τοῦ
3308 4622 3569 4692 ταμιείου
3592 4623 3677 4676 τὸν

2095 4712 2215 4773 ἕνα,
2239 4714 2335 4766 καὶ
2356 4712 2565 4776 ἐπιθεὶς
2588 4715 2707 4776 ταῖς
2741 4730 2802 4784 χε
2811 4714 2919 4785 ρσὶ,
2945 4713 3081 4781 πρὸς
3105 4713 3333 4785 οὐρανὸν
3365 4715 3674 4777 ἀνατείνας.

2095 4806 2219 4859 εἰπὲ
2256 4805 2414 4875 λόγον
2448 4805 2677 4859 ἐλεεινὸν
2705 4806 2840 4877 ὁμοῦ
2870 4807 2966 4859 καὶ
3003 4804 3322 4876 εὐγνώμονα
3343 4823 3358 4835 ·
3392 4800 3490 4869 Εἷς
3516 4807 3676 4878 ἄρτος

2093 4898 2154 4951 ὃν
2188 4899 2341 4970 ὁρᾷς,
2375 4897 2570 4972 Κύριε,
2609 4899 2704 4952 καὶ
2745 4900 2774 4951 ὁ
2808 4897 3050 4961 κίνδυνος
3090 4896 3398 4970 προφανὴς,
3427 4897 3550 4951 ἀλλ’
3574 4897 3677 4968 ἐγὼ

2096 5215 2312 5279 sumpta
2344 5215 2493 5262 sunt.
2522 5205 2592 5261 At
2619 5207 2730 5262 duo
2754 5188 2936 5279 nostri
2968 5206 3187 5279 codices
3224 5207 3429 5262 habent
3462 5207 3670 5279 κοινῶς,

2095 5276 2463 5361 εοξηῇιιιηὶιεν,
2488 5279 2634 5334 unde
2684 5278 2924 5334 arbitror
2960 5277 3164 5333 factum
3194 5294 3317 5334 esse
3350 5276 3572 5341 κοινούς
3622 5280 3673 5331 iu

2093 5350 2474 5490 ῗόὶἓῗλναλὸς
2506 5420 2605 5473 καὶ
3013 5415 3106 5490 Sic
3135 5415 3442 5490 inbomil.‘
3469 5416 3668 5473 Basilii.

2096 5486 2673 5560 Be‘gi'orumrcodicum
2701 5486 2841 5560 alter
2863 5488 3025 5552 καλὸς
3054 5487 3551 5560 εὐγνώμωνῘ-Ειιίιᾶ
3574 5505 3670 5542 και

2091 5556 2201 5623 λῶς
2248 5559 2564 5630 εὐγνώμων.
2600 5559 2724 5614 Mox
2764 5558 2899 5615 editi
2942 5556 3314 5613 ἐπανάσωσὸν.
3349 5556 3485 5613 Mss.
3529 5568 3590 5612 ut
3623 5564 3669 5612 in

2084 5637 2257 5683 textu.

2155 5697 2266 5771 (10)
2284 5700 2538 5772 Ἐπιστῇ
2554 5701 2642 5758 δέ,
2671 5700 2763 5758 Sic
2779 5701 2999 5758 codices
3017 5716 3151 5757 mss.
3176 5698 3320 5756 Editi
3349 5701 3545 5771 ἐπιστῇ
3564 5700 3667 5753 καί.
