3860 6224
169 317 305 371 1157

1223 313 1455 370 SERMO
1494 313 1582 369 IV.
1615 343 1682 354 —
1724 312 1809 368 DE
1851 312 2330 370 ELEEMOSYNA.

3277 310 3414 364 H58

176 432 268 502 τὴν
290 429 388 499 σὴν
424 428 641 500 ἐντολὴν
669 429 801 500 εμοῦ
838 427 1155 500 προτίθημι,
1188 427 1284 480 καὶ
1331 431 1394 481 ὲκ
1428 427 1523 480 τοῦ
1557 427 1738 495 ὀλίγου

1867 427 2111 481 :mittito:
2141 425 2296 482 Unus
2321 425 2412 479 hic
2439 431 2522 479 est
2552 423 2728 494 panis,
2759 436 2919 492 quem
2955 420 3130 484 vides,
3164 417 3415 482 Domine.

171 523 363 593 δίδωμι
405 521 484 591 τῷ
535 520 859 592 λιμώττοντι
903 519 1116 590 ἀδελφῷ
1140 536 1154 550 °
1187 520 1275 582 δὸς
1306 519 1371 588 δὴ
1423 521 1516 573 καὶ
1553 522 1618 573 σὺ
1666 518 1744 589 τῷ

171 613 532 667 κινδυνεύοντι
568 613 760 684 δούλῳ.
795 609 928 666 Οἶδά
952 631 1044 666 σου
1066 612 1166 682 τὴν
1198 612 1528 682 ἀγαθότητα,
1558 611 1746 683 θαρρῶ

172 705 267 757 καὶ
305 707 372 774 τῇ
419 703 682 773 δυνάμει’
741 705 840 773 οὐχ
890 704 1240 773 ὑπερτίθεσαι
1283 706 1362 767 είς
1413 704 1604 773 χρόνον
1649 703 1746 766 τὰς

171 796 420 866 χάριτας,
448 795 583 848 ἀλλά
617 795 976 858 σκεδαννύεις,
1004 796 1131 849 ὃταν
1154 796 1364 867 ἐθέλῃς,
1394 795 1493 857 τὰς
1517 795 1744 864 δωρεάς.

173 885 292 938 Κᾶν
325 884 498 948 οὕτως
526 887 686 957 εἴπῃς
717 885 811 937 καὶ
842 885 1076 954 πράξῃς,
1103 883 1162 936 ὃν
1200 883 1357 946 δίδως
1389 884 1453 936 ὲκ
1485 886 1583 953 τῆς
1623 898 1746 934 στε-

174 976 391 1039 νώσεως
424 978 607 1048 ἄρτον,
636 976 856 1047 σπέρμα
892 976 1098 1043 γίνεται
1132 973 1424 1044 γεωργίας,
1456 974 1549 1026 καὶ
1585 972 1748 1026 πολύ-

173 1083 302 1138 χουν
326 1069 603 1138 ἀπογεννᾷ
635 1067 725 1120 τὸν
756 1066 992 1138 καρπόν.

243 1241 298 1296 5.
337 1241 408 1294 Σὺ
441 1241 498 1294 δὲ
525 1239 705 1308 λέγεις
735 1239 834 1310 μὲν
871 1240 1092 1309 ἀγαπᾷν
1124 1240 1217 1292 τὸν
1253 1238 1480 1307 πλησίον
1513 1238 1588 1302 ὡς
1625 1239 1749 1291 ἐαυ-

173 1327 294 1392 τὸν,
323 1327 384 1380 τὸ
424 1327 480 1380 δὲ
527 1329 679 1399 παρὰ
708 1327 804 1381 τοῦ
835 1329 1040 1400 Κυρίου
1071 1327 1258 1397 λεχθὲν
1301 1329 1512 1399 ἐλέγχει
1554 1346 1612 1381 σε
1651 1330 1750 1400 τῆς

175 1417 434 1490 ἀληθινῆς
478 1419 700 1487 ἀγάπης
747 1419 1192 1488 ἀπολειπόμενον.
1243 1419 1309 1474 Εἰ
1351 1421 1460 1491 γάρ
1501 1419 1751 1474 τοσοῦτον

175 1513 464 1576 ἀπέδωκας
497 1513 712 1582 ἑκάστῳ
745 1514 867 1566 ὅσον
899 1514 993 1566 καὶ
1015 1512 1248 1584 σεαυτῷ,
1285 1514 1449 1568 πόθεν
1477 1530 1558 1568 σοι
1587 1515 1753 1586 ἡτῶν

176 1602 473 1672 χρημάτων
516 1600 751 1671 τοσαύτη
783 1601 1104 1672 περιουσίας
1160 1602 1218 1656 Ὀ
1256 1601 1365 1674 γὰρ
1397 1601 1624 1672 ἀγαπῶν
1659 1603 1753 1656 τὸν

177 1692 406 1761 πλησίον
450 1691 525 1756 ὼς
581 1692 812 1757 ἑαυτὸν,
857 1694 1009 1746 οὐδὲν
1049 1695 1434 1766 περισσότερον
1491 1693 1752 1766 κέκτηται

1844 525 1899 572 et
1923 518 2223 587 periculum
2271 523 2459 588 aperte
2485 516 2760 579 imminet,
2795 514 2889 569 sed
2935 528 3036 583 ego
3086 513 3218 566 milii
3266 522 3417 565 tuum

1845 609 2161 662 mandatum
2192 623 2471 678 prmpono,
2500 614 2554 660 et
2586 621 2656 660 ex
2682 605 2902 659 modico
2932 605 3111 658 tribuo
3153 604 3419 657 esurienti

1847 695 2024 760 fratri,
2076 698 2192 767 jam
2235 706 2294 751 tu
2338 712 2557 767 quoque
2593 696 2663 750 da
2707 694 3036 766 periclitanti
3071 709 3251 748 servo.
3286 692 3422 746 Novi

1846 796 1996 842 tuam
2018 789 2342 854 bonitatem,
2367 788 2586 842 conﬁdo
2608 788 2770 842 etiam
2792 787 3076 857 potentiae:
3106 801 3212 840 non
3237 786 3423 841 differs

1847 878 1941 932 diu
1969 878 2268 942 beneﬁcia,
2320 878 2414 933 sed
2465 878 2609 932 dona
2652 885 2768 942 tua,
2804 893 2927 931 cum
2980 878 3131 939 libet,
3185 877 3421 947 spargis.

1848 969 2005 1036 Quod
2036 971 2081 1028 si
2117 971 2190 1024 ita
2230 971 2449 1026 locutus
2476 971 2646 1026 fueris
2675 986 2740 1024 ac
2771 969 2988 1033 feceris,
3029 985 3190 1040 quem
3229 986 3294 1023 ex
3327 985 3426 1022 an-

1849 1060 2030 1128 gustia
2059 1075 2254 1130 panem
2283 1061 2542 1132 porrigis,
2569 1060 2617 1116 is
2660 1075 2844 1115 semen
2877 1061 2965 1116 ﬁet
2995 1061 3194 1132 segetis
3219 1076 3284 1115 ac
3302 1060 3428 1116 edet

1850 1151 2065 1207 fructus
2099 1152 2316 1207 uberes.

1920 1247 1974 1300 3.
2009 1245 2084 1316 (4)
2115 1244 2196 1298 Tu
2229 1260 2360 1299 vero
2391 1243 2531 1299 dicis
2567 1243 2874 1313 proximum
2907 1252 3060 1298 tuum
3107 1256 3138 1296 a
3177 1253 3230 1300 te
3267 1243 3426 1315 diligi

1851 1345 1911 1392 ut
1941 1338 2211 1406 lcipsum;
2265 1337 2361 1391 sed
2403 1337 2550 1407 quod
2599 1337 2806 1391 dictum
2854 1345 2939 1390 est
2975 1352 3003 1389 a
3040 1337 3289 1400 Domino,
3329 1337 3430 1393 de-

1851 1437 2118 1483 monstrat
2149 1436 2202 1483 te
2233 1443 2263 1482 a
2295 1443 2423 1483 vera
2450 1429 2721 1483 cliaritate
2753 1428 2914 1498 longe
2946 1429 3158 1483 abesse.
3191 1429 3246 1482 Si
3281 1431 3428 1483 enim

1852 1531 2064 1576 tantum
2117 1521 2360 1576 tribuisti
2406 1521 2723 1590 unicuique,
2752 1528 3017 1590 quantum
3063 1528 3117 1575 et
3143 1521 3240 1574 tibi
3300 1520 3428 1590 ipsi,

1852 1613 2016 1680 unde,
2047 1628 2255 1684 quaeso,
2282 1613 2397 1669 hac
2433 1613 2532 1668 tibi
2563 1613 2882 1668 divitiarum
2913 1615 3111 1684 copia?
3146 1613 3250 1679 Qui
3284 1616 3428 1668 enim

1853 1706 2030 1776 diligit
2064 1706 2373 1776 proximum
2405 1705 2482 1760 uti
2526 1706 2790 1776 seipsum,
2839 1705 2976 1759 nihil
3006 1707 3240 1777 amplius
3266 1721 3431 1776 quam

177 1783 270 1836 τοῦ
319 1783 564 1854 πλησίον.
606 1785 760 1837 Ἐπεὶ
802 1784 860 1836 δὲ
903 1785 1166 1854 κέκτησαι
1222 1787 1322 1852 σὺ,
1372 1786 1537 1857 φαίνῃ
1579 1787 1753 1858 δηλῶν

1867 1799 2140 1867 proximus
2163 1798 2426 1868 possidet.
2451 1797 2592 1865 Quia
2617 1806 2797 1853 autem
2830 1799 2954 1869 plus
2980 1800 3294 1869 possedisti,
3322 1814 3432 1853 ma-

177 1877 506 1948 τὴνοίκείαν
547 1877 845 1929 ἀπόλαυσιν
890 1877 1290 1950 προτιμοτέραν
1336 1879 1434 1947 τῆς
1479 1879 1590 1930 τῶν
1628 1877 1754 1930 πολ-

178 1966 287 2019 λῶν
328 1967 677 2040 παραμυθίας
723 1965 1079 2036 ποιούμενος·
1117 1969 1240 2021 ὅσον
1286 1968 1397 2040 γάρ
1445 1969 1754 2033 πλεονάζεις

179 2061 258 2131 τῷ
300 2061 535 2130 πλούτῳ,
583 2059 834 2113 τοσοῦτον
887 2061 1150 2124 ἐλλείπεις
1189 2063 1253 2132 τῇ
1302 2062 1512 2136 ἀγάπῃ.
1549 2062 1609 2116 Εἰ
1647 2061 1755 2134 γὰρ

179 2154 495 2223 ὴγαπήκεις
539 2170 631 2205 σου
684 2153 775 2205 τὸν
822 2152 1068 2224 πλησίον,
1113 2153 1277 2206 πάλαι
1316 2154 1381 2207 ἂν
1422 2153 1755 2225 ἐμελέτησας

179 2242 287 2294 τῶν
309 2260 412 2314 χρη
423 2242 608 2312 μάτων
628 2241 726 2312 τὴν
750 2241 1106 2313 ἀλλοτρίωσιν
1128 2261 1140 2273 ν
1173 2243 1288 2296 νυνὶ
1316 2243 1372 2296 δὲ
1402 2243 1755 2313 προσπέφυκε

181 2351 266 2386 σοι
305 2334 373 2387 τά
405 2334 666 2404 χρήματα
699 2333 858 2387 πλέον
888 2335 920 2404 ἣ
955 2335 1024 2387 τά
1063 2335 1196 2406 μέλη
1232 2335 1325 2388 τοῦ
1359 2336 1628 2406 σώματος’
1665 2337 1757 2390 καὶ

179 2425 344 2478 λυπεῖ
373 2443 431 2478 σε
465 2424 646 2478 αὐτῶν
677 2427 706 2478 ὁ
749 2426 1048 2497 χωρισμὸς,
1079 2427 1154 2490 ὡς
1194 2428 1654 2500 ἀκρωτηριασμὸς
1681 2431 1756 2498 (1)

181 2517 292 2569 τῶν
323 2516 571 2589 καιρίων.
602 2519 667 2570 Ei
709 2518 818 2590 γὰρ
864 2518 1143 2589 ὴμφίεσας
1185 2519 1430 2589 γυμνὸν,
1465 2522 1513 2574 εἰ
1554 2520 1759 2585 ἔδωκας

183 2609 439 2662 πεινῶντι
495 2608 586 2662 τὸν
631 2610 796 2681 ἄρτον
845 2627 971 2673 σου,
1019 2612 1068 2662 εί
1112 2613 1145 2680 ἠ
1190 2610 1328 2681 θύρα
1371 2629 1464 2664 σου
1520 2612 1760 2684 ἀνέῳκτο

183 2704 350 2756 παντὶ
383 2702 550 2773 ξένῳ,
605 2705 652 2755 εί
703 2702 890 2771 ἐγένου
947 2703 1130 2773 πατὴρ
1160 2704 1444 2776 ὀρφανῶν,
1502 2707 1550 2758 εί
1596 2708 1760 2760 παντὶ⁸

187 2794 522 2864 συνέπασχες
554 2794 800 2866 ἀδυνάτῳ
819 2812 832 2825 ο
857 2795 1008 2866 ὑπὲρ
1044 2795 1214 2848 ποίων
1239 2796 1303 2849 ἂν
1332 2797 1609 2868 ὲλυπήθης
1635 2815 1763 2868 χρη-

189 2887 396 2956 μάτων,
447 2885 615 2939 πάλαι
663 2886 968 2958 μελετήσας
1016 2887 1156 2941 αύτά
1203 2888 1478 2958 διανέμειν
1511 2892 1623 2953 τοῖς
1673 2891 1763 2942 ὲν-

184 2979 401 3043 δεέσιν;
437 2980 502 3031 Ὢ
542 2981 716 3048 πόσην
747 2979 852 3032 ἔδει
895 2997 954 3032 σε
987 2981 1146 3052 χάριν
1178 2981 1322 3051 ἔχειν
1371 2981 1448 3052 τῷ
1477 2983 1760 3054 εὐεργέτῃ,

1857 1889 2053 1945 nifeste
2087 1890 2340 1946 declaras
2371 1899 2422 1945 te
2445 1890 2663 1960 propria
2699 1891 2984 1945 commoda
3015 1892 3312 1945 multorum
3343 1907 3436 1946 so-

1857 1979 1988 2033 latio
2022 1980 2302 2051 praeferre.
2343 1978 2532 2050 Itaque
2568 1994 2679 2046 quo
2714 1979 2888 2050 magis
2925 1979 3175 2034 abundas
3204 1980 3432 2044 divitiis,

1854 2081 1922 2120 eo
1949 2068 2126 2137 magis
2171 2067 2439 2122 charitate
2471 2067 2808 2123 destitueris.
2850 2067 2985 2122 Nam
3030 2069 3076 2124 si
3122 2070 3434 2140 proximum

1858 2167 2009 2211 tuum
2039 2157 2351 2227 dilexisses,
2377 2157 2700 2228 jamdudum
2733 2159 2788 2212 in
2818 2159 3124 2214 alienandis
3158 2159 3435 2215 facultati-

1859 2249 2006 2304 tihus
2038 2251 2371 2305 exercitatus
2411 2265 2589 2306 esses.
2640 2250 2793 2304 Nunc
2826 2260 3004 2304 autem
3056 2251 3439 2307 adhaerescunt

1859 2341 1957 2395 tibi
1982 2355 2114 2410 opes
2145 2342 2352 2396 arctius
2385 2357 2551 2411 quam
2579 2341 2824 2396 membra
2870 2342 3140 2411 corporis,
3177 2342 3439 2413 dolesque

1859 2433 1988 2487 dum
2020 2447 2049 2486 a
2085 2445 2137 2488 te
2167 2442 2512 2503 separantur,
2550 2433 2776 2504 perinde
2818 2448 2882 2486 ac
2913 2433 2959 2488 si
2997 2435 3282 2503 praecipuae
3313 2450 3438 2489 cor-

1861 2525 2012 2594 poris
2045 2533 2230 2594 partes
2278 2533 2718 2595 amputarentur.
2756 2523 2890 2579 Nam
2935 2527 2981 2581 si
3019 2525 3295 2582 induisses
3338 2543 3440 2581 nu-

1860 2615 2012 2677 dum,
2048 2616 2094 2671 si
2141 2617 2392 2673 dedisses
2439 2618 2706 2673 esurienti
2763 2633 2954 2686 panem
3001 2625 3178 2682 tuum,
3213 2619 3259 2675 si
3294 2619 3439 2674 fores

1861 2717 1968 2762 tuae
1997 2717 2198 2778 aperta:
2245 2708 2480 2764 fuissent
2518 2709 2722 2779 hospiti
2753 2709 2924 2774 omni,
2969 2710 3016 2765 si
3065 2711 3441 2781 orplianorum

1862 2802 2170 2857 exstitisses
2195 2812 2370 2872 pater,
2399 2803 2445 2858 si
2471 2802 2766 2859 miseratus
2791 2801 2991 2858 fuisses
3011 2803 3286 2857 inﬁrmum
3324 2817 3441 2856 om-

1865 2909 2016 2947 nem:
2043 2894 2110 2948 de
2134 2896 2356 2964 quibus,
2382 2909 2590 2965 quaeso,
2623 2894 2821 2964 opibus
2852 2909 3000 2948 nunc
3030 2893 3268 2958 doleres,
3297 2894 3442 2962 jam-

1869 2983 2077 3051 pridem
2138 2984 2193 3037 in
2251 2984 2334 3039 eis
2386 2999 2558 3054 egeno
2614 2984 3008 3039 distribuendis
3071 2984 3446 3038 exercitatus?

186 3072 284 3123 καὶ
323 3070 546 3141 φαιδρὸν
569 3067 726 3134 εἶναι,
769 3069 864 3124 καὶ
907 3071 1320 3142 λαμπρύνεσθαι
1362 3076 1428 3144 τῇ
1471 3078 1634 3146 τιμῇ,
1681 3075 1764 3128 ὅτι

1869 3072 1944 3142 (5)
1973 3071 2241 3139 Quantam
2279 3075 2565 3143 oportebat
2611 3074 2813 3129 habere
2846 3081 2900 3134 te
2930 3074 3174 3129 beneﬁco
3205 3075 3446 3146 largitori

186 3163 289 3214 οὐκ
333 3162 496 3225 αὐτὸς
543 3161 770 3232 διοχλεῖς
819 3162 990 3234 θύρας
1046 3165 1289 3234 ἐτέρων,
1337 3166 1473 3218 ἀλλά
1514 3169 1614 3232 τὰς
1667 3169 1767 3232 σάς

187 3253 338 3307 ἄὶλοι
387 3254 897 3323 καταλαμϐάνουσιί
947 3257 1332 3327 Συμμεριστάς
1387 3258 1609 3329 ποίησαι
1660 3259 1768 3313 τῶν

191 3347 379 3400 σιτίων
409 3347 535 3410 τοὺς
577 3347 860 3416 ἀδελφούς.
895 3348 967 3400 Τὸ
1011 3347 1199 3417 αὔριον
1247 3350 1549 3420 σηπόμενον
1595 3352 1768 3422 σήμε-

193 3459 288 3511 ρον
323 3441 604 3512 παράσχου
630 3441 707 3509 τῷ
729 3440 985 3510 δεομένῳ.
1020 3439 1334 3506 Πλεονεξίας
1356 3437 1494 3506 εἶδος
1521 3443 1582 3495 τὸ
1614 3442 1774 3513 χαλε-

191 3531 443 3585 πώτατον
502 3532 610 3600 (‘2),
677 3531 813 3602 μηδὲ
862 3533 970 3584 τῶν
1017 3533 1384 3604 φθειρομένων
1433 3536 1770 3605 μεταδιδόναι

191 3627 304 3686 τοῖς
364 3623 616 3678 ἐνδεέσιν.
669 3624 731 3676 Εἰ
777 3627 805 3677 ὁ
859 3623 951 3676 τὸν
998 3625 1343 3695 ἐνδεδυμένον
1398 3628 1728 3698 ἀπογυμνῶν
1753 3669 1768 3693 ,

191 3715 510 3786 λωποδύτης
533 3715 965 3785 όνομασθήσεται
992 3732 1004 3744 ’
1034 3718 1062 3768 ὁ
1085 3716 1174 3768 τὸν
1208 3718 1412 3786 γυμνὸν
1445 3719 1520 3789 μὴ
1552 3719 1770 3785 ἐνδύων,

191 3808 490 3877 δυνάμενος
533 3807 689 3860 τοῦτο
731 3811 924 3870 ποιεῖν,
961 3807 1126 3878 ἄλλης
1163 3810 1307 3872 τινός
1347 3811 1562 3880 ἐστι(5)
1603 3830 1772 3884 προσ-

190 3900 426 3971 ηγορίας
459 3899 636 3966 ἄξιος;
680 3899 788 3952 Τοῦ
826 3899 1119 3963 πεινῶντός
1150 3903 1298 3954 ἐστιν
1339 3902 1368 3954 ὁ
1395 3903 1578 3972 ἄρτος,
1617 3903 1675 3956 ὂν
1710 3905 1773 3958 σὺ

194 3990 479 4061 κατέχειςο
519 3990 615 4043 τοῦ
661 3991 1094 4061 γυμνητεύοντος
1125 3991 1186 4044 τὸ
1229 3995 1462 4063 ἱμάτιον,
1491 3994 1519 4047 ὃ
1563 3995 1626 4048 σὺ
1672 4014 1776 4066 φυ-

193 4082 417 4144 λάσσεις
448 4083 505 4133 ὲν
538 4081 873 4152 ἀποθήκαις·
906 4081 1000 4133 τοῦ
1037 4083 1364 4135 ἁνυποδέτου
1396 4083 1457 4136 τὸ
1501 4084 1774 4156 ὑπόδημα,

193 4174 224 4226 ὃ
249 4173 402 4244 παρά
425 4174 507 4224 σοὶ
537 4173 914 4243 κατασήπεται
936 4189 947 4200 ⁸
977 4171 1072 4224 τοῦ
1100 4172 1390 4244 χρῄζοντος
1412 4175 1471 4228 τὸ
1493 4175 1776 4246 ἀργύριον,

194 4264 224 4316 ὂ
277 4262 582 4333 κατορύξας
616 4261 778 4332 ἔχεις.
824 4261 987 4313 ’Ὥστε
1035 4263 1324 4326 τοσούτους
1372 4264 1599 4328 ἀδικεῖς.
1633 4265 1778 4328 ὅσοις

197 4355 466 4425 παρέχειν
503 4353 744 4407 ἐδύνασο.
784 4353 908 4418 Πῶς
942 4371 1023 4406 σοι
1053 4355 1143 4406 ὑπ’
1187 4354 1310 4424 ὄψιν
1338 4357 1530 4425 ἀγάγω
1575 4356 1642 4410 τὰ
1671 4357 1780 4410 πά-

1869 3167 2123 3234 gratiam,
2157 3181 2322 3234 quam
2355 3166 2583 3220 hilarem
2617 3181 2758 3228 esse,
2803 3181 2966 3235 quam
3001 3167 3178 3221 laetum
3218 3168 3288 3222 ob
3321 3183 3447 3222 eum

1869 3259 1962 3327 qui
1999 3258 2095 3312 tibi
2120 3258 2366 3312 defertur
2395 3258 2678 3318 honorem,
2711 3258 2965 3313 videlicet
2994 3259 3139 3329 quod
3179 3273 3289 3312 non
3324 3274 3448 3329 per-

1869 3349 2061 3404 turbes
2092 3348 2237 3404 fores
2263 3350 2494 3411 alienas,
2521 3348 2613 3402 sed
2646 3349 2738 3402 alii
2777 3357 2898 3403 tuas
2929 3351 3239 3420 occupent?
3269 3349 3448 3404 Parti-

1871 3441 2021 3510 cipes
2042 3439 2126 3494 fac
2142 3440 2476 3494 cibariorum
2510 3439 2730 3494 fratres.
2751 3440 2905 3506 Quod
2927 3456 3049 3496 cras
3073 3450 3373 3512 putreseet,
3395 3445 3448 3498 id

1873 3532 2034 3586 hodie
2062 3531 2215 3585 trade
2261 3532 2464 3602 egenti.
2497 3531 2755 3587 Avaritiae
2797 3533 3092 3602 pessimum
3129 3548 3303 3603 genus
3347 3546 3450 3599 est,

1873 3641 1942 3679 ne
1975 3640 2038 3679 ea
2080 3624 2300 3694 quidem
2332 3640 2453 3694 qua!
2498 3636 2950 3694 corrumpuntur,
2984 3625 3171 3694 egenis
3207 3641 3450 3696 erogare.

1877 3716 1952 3787 (6)
1970 3716 2024 3768 Si
2040 3717 2134 3785 qui
2154 3715 2402 3769 indutum
2427 3716 2614 3778 nudat,
2636 3713 2726 3769 fur
2741 3715 3224 3785 appellabitur,qui
3247 3719 3453 3773 nudum

1874 3807 2043 3878 488
2072 3821 2178 3860 non
2224 3805 2423 3867 induit,
2459 3823 2582 3862 cum
2625 3805 2808 3861 facere
2841 3807 3036 3876 possit,
3084 3823 3316 3876 quanam
3348 3811 3456 3864 alia

1877 3898 2238 3968 appellatione
2262 3898 2462 3968 dignus
2496 3897 2619 3952 est?
2652 3897 2954 3954 Esurientis
2980 3907 3064 3953 est
3089 3901 3266 3968 panis,
3295 3917 3455 3971 quem

1877 3996 1936 4042 tu
1961 3989 2210 4056 detines;
2245 3989 2376 4044 nudi
2418 3997 2504 4044 est
2545 3989 2791 4058 pallium,
2826 3991 2969 4060 quod
3005 4001 3060 4045 tu
3090 3992 3146 4046 in
3176 4007 3300 4046 arca
3335 4009 3458 4048 ser-

1877 4096 2006 4146 vas;
2037 4081 2350 4136 discalceati
2381 4081 2619 4140 calceus,
2657 4081 2750 4150 qui
2783 4080 2925 4149 apud
2957 4091 3008 4136 te
3040 4084 3336 4150 putrescit;
3368 4084 3446 4136 in-

1878 4167 2115 4237 digentis
2161 4173 2470 4237 argentum,
2503 4164 2648 4236 quod
2699 4167 2981 4220 defossum
3033 4167 3224 4221 habes.
3277 4167 3460 4232 Quare

1879 4266 2012 4328 quot
2047 4257 2358 4312 hominibus
2394 4257 2527 4312 dare
2559 4267 2737 4327 potes,
2770 4265 2850 4310 tot
2880 4265 3010 4312 sunt
3051 4259 3254 4327 quibus
3290 4258 3459 4311 infers

1883 4349 2167 4419 injuriain.
2196 4347 2478 4414 Quomodo
2505 4349 2602 4402 tibi
2633 4348 2705 4401 ob
2729 4349 2922 4402 oculos
2955 4363 3153 4417 ponam
3183 4363 3460 4402 aerumnas

197 4447 270 4516 θη
297 4447 390 4499 τοῦ
420 4447 670 4516 πένητος,
710 4447 796 4501 ἵνα
841 4445 986 4516 γνῷς
1019 4447 1127 4499 ἀπὸ
1156 4448 1412 4501 ποταπῶν
1460 4450 1765 4519 στεναγμῶν

1883 4441 2161 4509 pauperis,
2197 4448 2256 4492 ut
2285 4441 2589 4509 perspicias
2633 4456 2698 4493 ex
2730 4440 2982 4509 qualibus
3031 4440 3325 4509 gemitibus
3363 4441 3459 4493 tibi

201 4536 416 4606 σεαυτῷ
449 4535 838 4607 θησαυρίζεις;
871 4539 934 4590 Ὢ
960 4537 1126 4590 πόσου
1155 4537 1303 4603 ἄξιόν
1330 4556 1410 4592 σοι
1449 4543 1694 4608 φανεῖται
1718 4543 1775 4593 ὲν

197 4632 268 4699 τῇ
320 4628 501 4700 ἡμέρα
552 4629 649 4699 τῆς
700 4630 936 4700 κρίσεως
959 4630 1020 4682 τὸ
1055 4631 1206 4700 ῥῆμα
1245 4633 1442 4692 ἐκεῖνο,
1483 4632 1682 4695 Δεῦτε,
1725 4636 1778 4686 οι

199 4719 594 4789 εὐλογημένοι
652 4721 756 4772 τοῦ
811 4721 1040 4786 Πατρός
1079 4738 1233 4788 μου,
1286 4721 1780 4790 κληρονομήσατε

199 4810 321 4878 τὴν
376 4811 827 4880 ἡτοιμασμένην
861 4811 1004 4880 ὑμῖν
1048 4813 1415 4875 βασιλείαν]
1447 4814 1673 4885 Ποταπὴ
1726 4814 1782 4867 δέ

204 4920 290 4954 σοι
343 4903 536 4973 φρίκη,
586 4905 680 4956 καὶ
737 4903 931 4974 ἱδρὼς,
976 4904 1070 4957 καὶ
1129 4905 1316 4968 σκότος
1355 4905 1783 4977 περιχυθήσεται

201 4992 457 5046 ἀκούοντι
477 4994 576 5064 τῆς
609 4995 940 5066 καταδίκης,
985 4995 1319 5063 Πορεύεσθε
1363 4996 1464 5048 ἀπ’
1497 4996 1675 5064 ἐμοῦ,
1729 5000 1782 5049 οι

203 5084 624 5152 κατηραμένοι,
645 5089 729 5150 εὶς
753 5085 818 5138 τὸ
849 5087 1071 5151 σκότος
1100 5085 1166 5139 τὸ
1191 5085 1498 5154 ἐξώτερον,
1529 5086 1595 5139 τὸ
1620 5088 1782 5154 ἡτοι-

281 5284 329 5316 “
360 5284 547 5340 Matth.
591 5302 719 5350 xxv,
761 5285 852 5340 '54.
930 5283 974 5316 “
1007 5283 1162 5340 ibid-
1193 5284 1285 5339 Η.

285 5465 361 5534 (ξ)
405 5468 938 5534 Ἀκρωτηριασμος.
976 5463 1165 5518 Deerat
1197 5464 1250 5518 in
1279 5462 1463 5527 editis,
1497 5463 1694 5534 legitur
1735 5462 1798 5524 in

205 5539 400 5594 homil.
435 5545 488 5588 et
529 5545 758 5604 utroque
785 5537 991 5604 codice.

286 5607 364 5676 (2)
397 5609 467 5659 Τὸ
487 5603 927 5674 χαλεπώτατον.
958 5603 1048 5659 Sic
1071 5613 1300 5676 uterque
1326 5603 1498 5658 codex
1521 5611 1575 5658 et
1602 5603 1790 5658 homil.

207 5679 356 5734 Εὐιιί
387 5677 447 5729 τὸ
479 5675 876 5747 χαλεπώτερον.

281 5749 357 5824 (5)
385 5743 614 5814 Ἀλλης
642 5743 802 5812 τινός
828 5745 977 5800 ἐστι.
1000 5744 1090 5801 Sic
1117 5743 1440 5814 scripsimus
1470 5752 1791 5802 accentuum

1884 4535 2002 4601 ipse
2030 4534 2349 4586 thesaurum
2382 4533 2646 4602 colligas?
2671 4533 2714 4587 Ο
2738 4534 2927 4601 quanti
2960 4533 3121 4600 pretii
3155 4533 3249 4586 tibi
3283 4533 3335 4585 in
3373 4533 3464 4586 die

1880 4623 2072 4691 judicii
2117 4625 2393 4678 videbitur
2438 4626 2664 4678 verbum
2719 4623 2852 4677 illud
2905 4622 3156 4688 :Venite,
3208 4622 3464 4675 benedicti

1885 4715 2068 4768 Patris
2095 4716 2215 4776 mei,
2242 4716 2506 4785 possidete
2535 4727 2785 4784 paratum
2808 4715 2950 4768 vobis
2974 4731 3189 4784 regnum
3215 4715 3290 4766 u’i
3324 4715 3463 4766 [iur-

1885 4827 1980 4868 sus
2018 4821 2258 4880 quantus
2286 4813 2382 4866 tibi
2424 4813 2623 4865 horror
2649 4812 2925 4881 sudorque
2951 4821 3004 4865 et
3049 4819 3263 4880 quantm
3308 4817 3464 4863 tene«

1885 4903 1996 4958 brae
2026 4904 2562 4967 circumfundentur,
2591 4904 2857 4972 judicium
2898 4904 3028 4956 illud
3060 4903 3462 4956 damnatoriuni

1888 4995 2167 5050 audienti:
2193 4997 2458 5050 Discedite
2483 5014 2515 5049 a
2548 5013 2658 5058 me,
2690 4995 2990 5057 maledicti,
3022 4996 3077 5048 in
3111 4993 3348 5048 tenebras
3371 5009 3464 5046 ex-

1885 5089 2126 5151 teriores,
2156 5106 2273 5160 quae
2299 5100 2506 5158 parata:
2535 5100 2660 5144 sunt
2687 5089 2902 5143 diabolo
2931 5099 2980 5143 et
3013 5090 3214 5160 angelis
3251 5089 3363 5156 ejus
3381 5088 3423 5118 δ’
3447 5089 3458 5141 l

1903 5463 2304 5534 immutatione,
2345 5477 2442 5532 pro
2468 5461 2632 5534 ἄλλης
2665 5459 2810 5523 τίνος
2843 5459 2979 5525 ἐστί,
3019 5458 3162 5528 quod
3190 5458 3464 5530 legebatur

1900 5534 1954 5587 in
1989 5533 2169 5585 editis.
2206 5531 2361 5585 Eutr.

1973 5604 2048 5671 (4)
2087 5602 2162 5656 Ex
2189 5604 2334 5655 hom.
2371 5604 2421 5656 in
2454 5601 2672 5656 Divitiis.
2707 5601 2792 5654 52.

1972 5670 2049 5742 (5)
2086 5673 2161 5742 Ex
2198 5674 2344 5725 hom.
2390 5674 2443 5727 in
2480 5674 2609 5728 illud
2645 5671 2823 5738 Lucze,
2861 5670 3165 5737 Destruam,
3203 5670 3291 5726 l9.

1974 5743 2050 5814 (6)
2089 5741 2246 5811 una,
2284 5742 2370 5796 50.
