3840 6226
449 274 588 329 1159

1324 272 1687 329 ΑΡΡΕΝΒΙΧ.
1727 305 1798 318 --
1836 274 2188 331 SYMEONIS
2227 274 2771 337 METAPHRASTAE

3598 286 3734 341 “60

444 388 523 461 (1)
548 386 729 458 Neque
743 386 891 443 enim
910 386 1287 447 misericordia
1304 393 1429 451 sine
1442 392 1654 463 judicio
1667 394 1810 464 apud
1834 392 2027 457 Deum,

2128 397 2445 466 μασμένον
2477 396 2557 463 τῷ
2592 397 2852 463 διαϐόλῳ
2889 397 2989 453 καί
3020 396 3145 466 τοῖς
3177 398 3461 470 ἀγγέλοις
3497 403 3733 457 αὐτοῦί

443 495 625 552 neque
661 478 928 549 judicium
960 481 1082 538 sine
1127 482 1532 538 misericordia.
1568 488 1710 539 Ante
1753 484 2026 555 judicium

443 568 612 643 igitur
641 570 819 640 diligit
848 570 1310 637 misericordiam,
1346 583 1399 630 et
1432 584 1558 645 post
1587 574 2023 631 misericordiam

442 664 594 719 venit
622 663 687 717 ad
709 661 1005 732 judicium.
1046 662 1177 720 Haec
1213 672 1394 721 autem
1436 667 1583 722 inter
1630 682 1690 722 se
1730 667 2027 738 conjuncta

442 761 605 813 sunt:
644 755 1027 811 misericordia
1056 772 1181 812 cum
1209 758 1455 828 judicio;
1484 774 1552 814 ne
1584 765 1682 814 aut
1711 759 2016 815 misericor-

440 844 531 899 dia
559 845 675 901 sola
701 846 986 901 mollitiem
1014 848 1214 918 pariat,
1245 856 1341 905 aut
1371 849 1645 920 judicium
1678 851 1857 908 solum
1892 850 2026 908 affe-

431 943 527 991 rat
564 937 1031 1008 desperationem.

508 1108 564 1163 4.
599 1108 675 1181 (2)
705 1107 763 1163 Si
798 1125 907 1165 non
945 1110 1218 1177 occidisti,
1267 1126 1378 1167 non
1420 1113 1753 1170 adulterium
1791 1115 2023 1171 commi-

440 1198 582 1265 sisti,
633 1215 810 1271 neque
863 1199 1079 1258 furatus
1126 1217 1206 1269 es,
1255 1218 1434 1275 neque
1478 1215 1667 1260 contra
1707 1206 2020 1276 quempiam

439 1288 638 1346 falsum
696 1292 1073 1347 testimonium
1130 1292 1323 1348 dixisti
1370 1296 1777 1352 :nihilominus
1834 1306 2019 1353 tamen

438 1382 740 1438 adhibitam
774 1381 831 1437 in
854 1382 940 1438 bis
968 1383 1194 1453 agendis
1212 1384 1551 1455 diligentiam
1582 1386 1679 1442 tibi
1711 1386 2020 1445 infructuo-

436 1489 556 1531 sam
585 1474 774 1539 ellicis,
820 1475 917 1545 qui
961 1476 1108 1546 quod
1170 1477 1445 1548 reliquum
1483 1486 1571 1533 est
1613 1494 1726 1534 non
1765 1480 2014 1551 adjicias,

436 1582 547 1639 quo
565 1567 685 1623 solo
714 1567 897 1638 possis
933 1568 989 1621 in
1022 1564 1117 1622 Dei
1146 1582 1371 1639 regnum
1406 1569 1639 1640 ingredi.
1677 1570 1758 1626 Ac
1794 1573 2016 1642 quidem

438 1660 485 1715 si
520 1658 763 1717 medicus
788 1675 852 1715 ea
876 1659 1120 1714 membra
1151 1676 1272 1733 quae
1299 1675 1329 1715 a
1360 1669 1560 1715 natura
1589 1661 1673 1718 vel
1702 1677 1733 1717 a
1757 1662 2016 1734 quapiam

2133 488 2273 543 Οὔτε
2297 488 2408 561 γὰρ
2438 491 2472 560 ἠ
2518 490 2860 563 ἐλεημοσύνη
2888 492 3116 564 ἄκριτος
3144 494 3296 567 παρά
3338 493 3482 565 Θεῷ,
3525 494 3665 549 οὔτε
3701 500 3731 568 ή

2132 581 2316 653 κρίσις
2343 581 2683 654 ἀνελεήμων.
2718 583 2833 655 Πρὸ
2856 585 2956 655 μὲν
2987 585 3096 657 γὰρ
3127 587 3229 657 τῆς
3261 586 3504 658 κρίσεως
3534 589 3730 659 ἀγαπᾷ

2131 673 2524 747 ἐλεημοσύνην,
2554 676 2651 730 καὶ
2685 676 2826 746 μετά
2852 676 2953 749 τὴν
2975 676 3348 748 ἐλεημοσύνην
3374 678 3611 750 ἔρχεται
3641 682 3729 733 ἐπὶ

2129 767 2230 838 τὴν
2253 768 2456 839 κρίσιν.
2487 767 2674 822 Ταῦτα
2702 770 2762 823 δὲ
2809 769 3062 840 ἀλλήλοις
3096 769 3484 837 συνέζευκται,
3516 775 3547 825 6
3578 772 3728 835 ἕλεος

2133 860 2274 929 μετὰ
2304 860 2406 930 τῆς
2431 860 2685 934 κρίσεως,
2717 862 2805 915 ἵνα
2838 863 2976 933 μήτε
2997 863 3027 915 ό
3055 862 3206 926 ἔλεος
3230 863 3390 934 μόνος
3409 865 3727 936 χαυνότητα

2130 954 2430 1026 ἐμποιήσῃ,
2475 955 2615 1024 μήτε
2649 953 2784 1025 μόνη
2827 957 2861 1026 ή
2907 954 3088 1026 κρίσις
3137 956 3453 1026 ἀπόγνωσιν
3492 958 3726 1030 ἐνεργὰ-

2129 1059 2310 1113 σηται.
2943 1046 2969 1063 ⁸

2196 1134 2249 1190 4.
2275 1136 2340 1188 Ei
2370 1137 2471 1190 οὐκ
2505 1136 2827 1207 ἐφόνευσας,
2860 1137 2986 1192 οὔτε
3019 1139 3367 1211 ἐμοίχευσας,
3401 1140 3533 1194 οὗτε
3570 1141 3723 1194 ἔκλε-

2124 1224 2253 1294 ψας,
2280 1224 2404 1280 οὔτε
2438 1228 2936 1300 κατεμαρτύρησάς
2979 1247 3126 1293 τινος
3160 1230 3474 1302 μαρτυρίαν

2124 1317 2386 1387 ἀνόνητον
2426 1319 2641 1391 σεαυτῷ
2683 1324 2860 1386 ποιεῖς
2908 1321 3008 1393 τὴν
3052 1323 3183 1395 περὶ
3218 1322 3393 1377 ταῦτα
3439 1322 3716 1394 σπουδὴν,

2128 1407 2204 1480 μὴ
2244 1410 2556 1478 προστιθεὶς
2593 1413 2657 1467 τὸ
2688 1412 2904 1475 λεῖπον,
2936 1414 3004 1467 δι’
3047 1408 3110 1468 οὗ
3153 1415 3315 1486 μόνου
3344 1414 3556 1488 δυνήσῃ
3607 1417 3720 1467 είσ-

2124 1500 2301 1554 ελθεῖν
2331 1502 2412 1565 είς
2440 1502 2540 1574 τὴν
2567 1503 2847 1574 βασιλείαν
2873 1505 2969 1559 τοῦ
2990 1505 3150 1561 Θεοῦ.
3176 1507 3288 1561 Καὶ
3312 1510 3361 1561 εί
3384 1507 3491 1578 μὲν
3528 1510 3717 1581 ἰατρὸς

2123 1595 2496 1664 ἐπηγγέλλετο
2543 1596 2906 1669 κολοόὡματα
2948 1599 3149 1670 μελῶν,
3187 1601 3253 1654 ἐκ
3303 1600 3528 1670 φύσεως
3573 1603 3610 1673 ἢ
3659 1602 3717 1666 ἐξ

2122 1687 2435 1759 ἀρρωστίας
2464 1690 2737 1761 προσόντα
2772 1707 2876 1757 σοι,
2896 1691 3316 1765 διορθώσασθαι,
3352 1693 3456 1746 οὐκ
3485 1695 3554 1748 ἂν
3582 1694 3716 1764 ἠθύ-

435 1749 754 1805 inﬁrmitate
776 1749 967 1803 mutila
1001 1749 1191 1815 habes,
1226 1749 1610 1806 restituturum
1646 1767 1706 1808 se
1741 1754 2019 1821 promitte-

2125 1749 2248 1851 μείς
2294 1749 2540 1835 ἀκούωνλ
2574 1784 2719 1837 ἐπεὶ.
2745 1784 2804 1837 δὲ
2928 1749 3104 1855 μέγας
3147 1786 3256 1839 τῶν
3296 1749 3492 1857 dauva
3529 1749 3716 1858 ἰατρὸς

434 1847 539 1906 ret,
581 1838 832 1910 profecto
866 1839 919 1895 id
970 1855 1096 1894 cum
1143 1854 1380 1895 moerere
1426 1856 1534 1895 non
1587 1842 1845 1899 audires:
1889 1846 2018 1913 quia

433 1947 566 1987 vero
594 1946 827 2001 magnus
851 1931 1159 1986 animorum
1192 1932 1437 1989 medicus
1464 1940 1513 1989 te
1533 1936 1822 2007 prazcipuis
1851 1937 2019 1993 rebus

434 2019 752 2077 destitutum
776 2023 890 2076 vult
909 2021 1210 2093 perfectum
1233 2024 1463 2080 reddere
1478 2041 1575 2095 per
1590 2027 2014 2099 eleemosynam,

435 2113 761 2170 beneficium
791 2113 1063 2184 ejusmodi
1092 2130 1202 2169 non
1233 2116 1462 2187 accipis,
1489 2117 1584 2173 sed
1611 2119 1764 2189 luges
1795 2135 1859 2174 ac
1880 2134 2018 2175 mae-

432 2220 524 2261 res
559 2205 766 2270 animo,
796 2206 1008 2276 tibique
1032 2205 1246 2261 inutilia
1276 2206 1476 2271 efficis.
1497 2224 1840 2280 quaecunque
1855 2219 2017 2266 antea

432 2294 719 2352 laborasti.
755 2298 833 2368 ('5)
866 2296 986 2353 Non
1029 2297 1129 2352 tibi
1163 2298 1283 2368 ipse
1313 2314 1650 2371 magnopere
1693 2302 2018 2360 laborabis?

433 2403 543 2443 non
570 2388 627 2443 in
661 2389 919 2460 praesenti
952 2391 1154 2445 saeculo
1179 2392 1447 2449 recondes
1473 2408 1596 2464 quae
1625 2392 1693 2447 ad
1723 2395 1822 2450 aevi
1848 2394 2019 2452 futuri

434 2480 674 2552 requiem
710 2488 980 2552 spectant,
1025 2482 1118 2538 ubi
1166 2481 1235 2536 ad
1270 2482 1515 2540 formicae
1561 2487 1874 2558 exemplum
1928 2503 2016 2544 re-

433 2573 722 2643 spexeris?
761 2588 883 2643 quae
909 2574 964 2628 in
988 2582 1179 2630 testate
1213 2575 1321 2631 sibi
1351 2575 1454 2647 ipsi
1487 2577 1738 2633 recondit
1783 2579 2016 2636 hiemale

433 2665 777 2729 alimentum,
817 2680 940 2730 nec,
967 2667 1097 2737 quia
1130 2670 1379 2724 nondum
1425 2669 1631 2725 adsunt
1667 2657 2015 2730 incommoda

431 2755 630 2813 hiemis
651 2797 667 2822 ,
699 2758 941 2828 segniter
969 2766 1189 2829 tempus
1220 2760 1498 2827 traducit,
1548 2762 1645 2818 sed
1687 2764 2014 2820 inexorabili

430 2849 665 2919 quadam
697 2850 975 2921 diligentia
1012 2851 1077 2905 ad
1116 2866 1339 2923 operam
1373 2870 1432 2910 se
1467 2856 1587 2926 ipsa
1627 2869 1805 2927 urget.
1837 2859 2016 2915 donec

431 2938 798 2997 sufﬁcientem
843 2940 898 2993 in
933 2942 1149 2997 cellulis
1180 2944 1489 3012 reposuerit
1534 2945 1871 3004 alimoniam.
1902 2947 2013 3004 Ne-

430 3047 536 3103 que
566 3031 620 3086 id
649 3032 1010 3103 negligenter,
1054 3033 1147 3088 sed
1191 3034 1354 3089 efIicit
1393 3038 1625 3107 sapienti
1659 3038 1895 3109 quadam
1919 3056 2014 3096 so-

431 3229 607 3271 vetur.
643 3215 892 3272 Dissecat
923 3218 1070 3272 enim
1110 3218 1228 3274 suis
1260 3220 1481 3291 ungulis
1519 3221 1733 3277 medios
1776 3221 2012 3286 fructus.

428 3323 500 3364 ne
527 3307 900 3379 germinantes
935 3308 1042 3365 sibi
1087 3309 1155 3364 ad
1184 3311 1585 3366 nutrimentum
1625 3313 1851 3372 inutiles
1888 3316 2014 3371 red-

430 3398 653 3455 dantur.
685 3397 919 3454 Eosdem
949 3398 1115 3455 etiam
1137 3401 1401 3466 exsiccat,
1434 3409 1571 3470 tum,
1605 3418 1731 3459 eum
1769 3420 1866 3461 eos
1887 3421 2016 3462 sen-

429 3490 496 3545 tit
534 3490 904 3547 madefactos:
944 3507 1046 3547 nec
1088 3493 1237 3547 omni
1276 3503 1523 3565 tempore
1572 3511 1670 3552 eos
1718 3500 2010 3569 expromit,

429 3583 523 3639 sed
563 3599 687 3639 cum
739 3599 920 3640 aerem
971 3584 1027 3638 in
1077 3599 1277 3641 sereno
1331 3594 1479 3643 statu
1524 3603 1846 3644 mansurum
1889 3606 2014 3647 esse

429 3677 796 3744 praesenserit.
834 3674 958 3730 Non
983 3677 1173 3746 utique
1204 3678 1394 3734 videas
1423 3679 1655 3734 imbrem
1679 3696 1746 3736 ex
1771 3682 2013 3740 nubibus

428 3764 774 3831 defluentem,
803 3775 1008 3837 quanto
1050 3777 1299 3837 tempore
1339 3784 1371 3823 a
1418 3767 1666 3825 formicis
1703 3773 2009 3842 expositum

430 3857 768 3913 frumentum
799 3868 905 3914 est.
941 3858 1017 3931 (4)
1048 3858 1271 3915 Imitare
1297 3867 1527 3925 terram,
1574 3876 1609 3915 ο
1649 3860 1855 3924 homo;
1898 3861 2014 3917 fru-

428 3959 579 4004 ctum
609 3949 793 4020 profer
821 3951 970 4006 velut
998 3950 1114 4013 illa,
1142 3967 1211 4007 ne
1242 3966 1298 4007 re
1331 3952 1631 4006 inanimata
1665 3952 1885 4008 videare
1915 3954 2013 4010 de-

427 4042 617 4096 terior.
651 4040 777 4097 Haec
809 4043 956 4097 enim
996 4041 1234 4110 fructus,
1267 4058 1377 4098 non
1413 4052 1475 4098 ut
1513 4046 1633 4115 ipsa
1660 4044 2008 4114 perfruatur,

428 4133 524 4191 sed
553 4135 619 4190 ad
650 4150 810 4191 usum
845 4143 1001 4190 tuum
1034 4138 1319 4194 enutrivit.
1353 4137 1436 4192 Tu
1467 4154 1598 4193 vero
1622 4154 2010 4211 quemcunque

426 4224 803 4280 beneficentia:
833 4224 1072 4281 fructum
1102 4226 1439 4291 ostenderis,
1464 4242 1588 4283 eum
1606 4228 1704 4282 tibi
1726 4228 1828 4298 ipsi
1852 4231 2010 4284 colli-

426 4316 533 4388 gis,
562 4316 691 4386 quia
727 4316 1000 4370 bonorum
1035 4330 1261 4386 Operum
1292 4316 1470 4386 gratia
1499 4317 1557 4371 in
1588 4317 1880 4388 largitores
1922 4336 2009 4376 re-

425 4409 676 4483 vertitur.
719 4408 926 4464 Dedisti
965 4409 1253 4473 esurienti,
1283 4416 1337 4462 et
1367 4417 1520 4463 tuum
1560 4409 1619 4464 fit
1641 4410 1786 4477 quod
1817 4412 2005 4466 datum

422 4507 530 4565 est,
553 4515 677 4554 cum
702 4498 1074 4554 additamenta
1101 4499 1341 4555 rediens.
1364 4499 1835 4566 Quemadmodum
1860 4504 2005 4558 enim

424 4591 784 4655 frumentum,
820 4591 968 4662 quod
991 4591 1046 4645 in
1078 4599 1281 4647 terram
1314 4592 1481 4657 cadit,
1511 4594 1564 4647 in
1592 4593 1805 4648 lucrum
1839 4592 2009 4666 489

424 4681 569 4737 cedit
614 4681 926 4752 projicienti
962 4699 976 4735 :
1029 4681 1106 4736 ita
1149 4683 1308 4752 panis
1354 4683 1411 4737 iu
1444 4685 1779 4740 esurientem
1818 4685 2007 4755 conje-

424 4783 567 4838 ctus,
597 4773 652 4828 in
688 4780 972 4844 posterum
1000 4773 1231 4828 multum
1263 4771 1455 4830 afferet
1480 4776 1861 4834 emolumenti.
1968 4768 1973 4771 ”

494 4994 547 5050 5.
581 4994 657 5065 (5)
696 4991 753 5047 Si
784 4992 996 5049 foribus
1031 4993 1143 5048 tuis
1190 4993 1429 5048 astiterit
1467 4996 1559 5065 qui
1605 4996 1849 5066 penurite
1890 5012 2003 5053 sum

422 5094 632 5157 quaerat
664 5087 932 5152 levamen,
963 5100 1035 5141 ne
1071 5084 1260 5141 videas
1305 5087 1613 5157 inrequalia.
1647 5088 1728 5144 Ne
1757 5090 1999 5145 dixeris:

423 5178 526 5235 Hic
571 5178 783 5233 amicus
816 5186 923 5243 est,
971 5179 1063 5233 hic
1109 5179 1576 5250 consanguineus,
1616 5180 1708 5235 hic
1753 5182 1892 5239 bene
1935 5183 2004 5239 de

422 5285 511 5325 me
546 5271 802 5326 meritus:
847 5269 938 5325 ille
971 5270 1316 5341 peregrinus,
1352 5272 1588 5336 alienus,
1624 5271 1866 5342 ignotus.
1908 5276 2001 5329 ln-

420 5363 651 5433 aequalia
686 5362 733 5417 si
756 5361 964 5429 videas,
1004 5376 1114 5418 non
1154 5377 1495 5435 consequere
1535 5364 1997 5423 misericordiam.

420 5453 626 5509 Natura
648 5461 733 5510 est
758 5467 895 5510 una:
927 5460 1044 5509 tum
1082 5453 1174 5509 hic
1212 5461 1330 5510 tum
1357 5455 1450 5512 ille
1484 5454 1647 5513 homo
1672 5465 1756 5512 est
1783 5474 1798 5525 ;
1828 5472 2000 5528 penu-

493 5584 573 5651 (1)
611 5582 684 5636 Ex
712 5582 860 5637 hom.
898 5583 953 5637 in
988 5584 1125 5652 psal.
1165 5601 1341 5649 xxx".
1377 5587 1502 5643 154.

493 5652 568 5721 (2)
596 5652 673 5705 Ε(
710 5653 853 5705 hom.
889 5655 944 5717 in
979 5653 1196 5718 Diviles,
1233 5657 1323 5709 5|.

495 5725 568 5793 ὦ)
611 5723 683 5775 Ex
716 5724 858 5775 bum.
886 5739 939 5776 ιχ
970 5723 1022 5776 in
1050 5723 1333 5794 Πεπαθιηη
1369 5726 1455 5781 85.

2119 1870 2325 1925 τέλειόν
2356 1889 2416 1925 σε
2436 1872 2524 1926 διὰ
2542 1874 2642 1945 τῆς
2673 1874 3047 1948 ἐλεημοσύνης
3069 1877 3296 1948 ποιῆσαι
3324 1877 3578 1949 βούλεται
3599 1883 3712 1942 soi;

2118 1963 2506 2034 καιριωτάτοις
2544 1965 2880 2031 ἐλλείποντα,
2915 1969 2976 2022 οὐ
3020 1968 3151 2042 δέχῃ
3193 1968 3292 2041 τὴν
3343 1970 3532 2041 χάριν,
3572 1969 3710 2023 ἀλλά

2119 2053 2335 2119 πενθεῖς
2385 2057 2483 2110 καὶ
2530 2057 2950 2129 σκυθρωπάζεις
2979 2060 3314 2132 ὀδυνώμενος
3361 2061 3464 2133 τὴν
3491 2062 3707 2132 ψυχὴν,

2118 2148 2213 2200 καὶ
2258 2149 2432 2212 ποιεῖς
2456 2148 2668 2220 σεαυτῷ
2711 2149 2965 2221 ἄχρηστα
3008 2154 3190 2207 πάντα
3231 2153 3333 2206 ὅσα
3377 2169 3464 2206 σοι
3494 2170 3707 2224 προπε-

2118 2240 2376 2312 πόνηται.
2404 2241 2481 2295 Οὐ
2507 2242 2894 2315 φιλοπονήσας
2932 2244 3062 2318 περὶ¹
3095 2245 3355 2310 σεαυτοῦ;
3388 2247 3494 2300 οὐκ
3541 2249 3604 2299 ἐν
3631 2247 3708 2317 τῷ

2117 2332 2345 2404 παρόντι
2370 2333 2528 2387 αίῶνι
2565 2335 2975 2408 προαποθήσεις
3000 2337 3100 2403 τὰς
3131 2338 3223 2393 τοῦ
3257 2340 3553 2411 μέλλοντος
3578 2342 3709 2395 ἀνα-

2116 2428 2350 2491 παύσεις
2369 2467 2383 2492 ,
2421 2427 2560 2499 πρὸς
2580 2428 2643 2482 τὸ
2670 2428 2979 2500 ὑπόδειγμα
3001 2430 3095 2484 τοῦ
3137 2431 3432 2505 μύρμηκος
3471 2434 3708 2489 ἀποϐλέ-

2114 2515 2258 2586 duc;
2280 2516 2342 2581 ὃς
2369 2519 2428 2571 ἐν
2453 2518 2602 2589 θέρει
2634 2518 2732 2590 τὴν
2762 2520 3042 2592 χειμέριον
3065 2523 3272 2596 τροφὴν
3298 2526 3481 2598 ἐαυτῷ
3502 2527 3707 2598 θησαν·

2119 2609 2278 2681 ρίζει,
2319 2610 2415 2665 καὶ
2462 2611 2563 2682 οὐχ
2591 2612 2674 2665 ὅτι
2708 2613 2877 2684 μήπω
2914 2614 3148 2685 πάρεστι
3194 2617 3263 2671 τὰ
3293 2616 3390 2671 τοῦ
3432 2620 3708 2691 χειμιῖινος

2115 2701 2356 2774 λυπηρὰ,
2397 2703 2485 2757 διὰ
2507 2703 2783 2776 ῥᾳθυμίας
2811 2707 3175 2779 παραπέμπει
3206 2709 3296 2763 τὸν
3322 2711 3539 2783 χρόνον,
3570 2713 3708 2768 ἀλλὰ

2117 2797 2320 2869 σπουδῇ
2354 2815 2461 2851 τινι
2506 2800 2872 2872 ἀπαραιτήτῳ
2909 2800 3046 2873 πρὸς
3078 2802 3177 2873 τὴν
3204 2804 3471 2874 ἐργασίαν
3510 2808 3705 2860 ἑαυτὸν

2116 2890 2448 2955 κατατείνει,
2480 2891 2587 2955 ἕως
2610 2891 2677 2945 ἂν
2698 2892 2795 2963 τὴν
2822 2892 3098 2964 ἀρκοῦσαν
3127 2895 3334 2966 τροφὴν
3368 2898 3703 2969 ἐναπόθηται

2113 2986 2228 3049 τοῖς
2255 2984 2558 3056 ταμιείοις·
2596 2985 2692 3039 καὶ
2722 2986 2845 3040 οὐδὲ
2883 2987 3041 3041 τοῦτο
3070 2987 3350 3059 ῥᾳθύμως,
3390 2990 3530 3043 ἀλλὰ
3566 2996 3700 3061 σοφῇ

434 3078 536 3103 ηπ-
566 3078 620 3086 __
650 3078 1010 3103 --,ο..,,.,..-ν.,
1054 3078 1146 3088 η..
1192 3078 1354 3089 ..-νη
1393 3078 1625 3107 “pm...
1659 3078 1895 3109 .,...........
1919 3078 2014 3096 ου-

430 3125 608 3192 lertia,
639 3130 699 3177 ut
723 3124 900 3193 ipsum
924 3126 1242 3181 alimentum
1260 3143 1424 3197 quam
1450 3129 1762 3187 diutissime
1787 3148 2013 3189 conser-

2116 3095 2220 3132 τινι
2258 3078 2472 3149 ἐπινοίᾳ
2503 3079 2602 3149 τὴν
2628 3079 2838 3152 τροφὴν
2868 3080 3214 3135 ἐπιπλεῖστον
3242 3081 3489 3154 διαρκεῖν
3524 3101 3702 3156 μηχα-

2116 3168 2360 3197 ...!...-...-
2448 3171 2728 3197 Α.-..λ...-.
2786 3171 2895 3197 -.ιΑ
2941 3176 3061 3197 -.πρ
3106 3173 3296 3197 1..-.--2
3350 3176 3446 3197 --μς
3466 3179 3551 3197 μς-
3604 3196 3613 3197 ,
3638 3176 3664 3189 ο

2115 3168 2377 3241 νώμενος.
2440 3171 2733 3224 Διακόπτει
2786 3171 2897 3244 γὰρ
2941 3176 3061 3238 ταῖς
3104 3173 3298 3228 ἐαυτοῦ
3350 3176 3552 3247 χηλαῖς
3596 3176 3701 3232 τῶν

2113 3261 2345 3334 καρπῶν
2374 3261 2437 3315 τὸ
2478 3261 2828 3332 μεσαίτατον,
2872 3263 2949 3327 ὡς
2975 3262 3041 3317 ἂν
3085 3264 3160 3337 μὴ
3197 3265 3492 3334 ἐκφυέντες
3531 3267 3703 3339 ἀχρη-

2115 3366 2231 3403 στοι
2267 3350 2405 3423 πρὸς
2432 3351 2637 3422 τροφὴν
2664 3352 2815 3423 αὐτῷ
2853 3354 3129 3421 γένοιντοο
3162 3356 3255 3410 καὶ
3287 3356 3543 3428 διαψύχει
3585 3360 3700 3412 τού-

2110 3457 2260 3505 τους,
2286 3441 2416 3494 ὂταν
2470 3442 2727 3515 αἴσθηται
2770 3444 2952 3497 αὐτῶν
2979 3444 3317 3518 διαϐρόχων·
3356 3450 3452 3502 καὶ
3490 3451 3597 3504 οὐκ
3645 3451 3700 3503 ἐν

2113 3534 2278 3587 παντὶ
2308 3534 2604 3606 προϐάλλει
2637 3535 2836 3608 καιρῷ,
2881 3538 2995 3592 ἀλλ’
3041 3540 3170 3593 ὅταν
3200 3542 3570 3615 προαίσθηται
3608 3544 3697 3598 τοῦ

2112 3624 2274 3698 ἀέρος
2306 3626 2366 3679 ἐν
2408 3625 2589 3698 εὐδινῇ
2640 3631 2973 3683 καταστάσει
3010 3631 3435 3705 φυλαττομένου.
3483 3637 3697 3709 Ἀμέλει

2111 3717 2211 3771 οὐκ
2245 3716 2313 3771 ἂν
2340 3716 2472 3781 ἴδοις
2496 3717 2704 3791 ὄμϐρον
2731 3722 2795 3773 ἐκ
2821 3722 3001 3791 νεφῶν
3025 3725 3378 3796 ἐπιρρυέντα,
3408 3732 3549 3801 παρ’
3578 3732 3699 3784 ὅσον

2111 3807 2301 3876 χρόνον
2322 3808 2389 3861 ἐκ
2414 3808 2525 3863 τῶν
2561 3810 2869 3882 μυρμήκων
2908 3814 2938 3867 ό
2977 3817 3124 3878 σῖτος
3167 3817 3562 3891 προϐέϐληται.
3595 3824 3699 3877 Μί-

2115 3915 2288 3969 μησαι
2317 3900 2418 3972 τὴν
2445 3902 2568 3970 γῆν,
2609 3902 2886 3974 ἄνθρωπε,
2923 3907 3345 3979 καρποφόρησον
3374 3911 3453 3975 ὡς
3488 3914 3697 3985 ἐκείνη,

2114 3989 2190 4061 μὴ
2226 3990 2426 4062 χείρων
2450 3996 2623 4064 φανῇς
2640 3994 2739 4065 τῆς
2771 3995 3002 4068 ἀψύχου.
3045 3999 3257 4072 Ἐκείνη
3288 4002 3388 4071 μὲν
3421 4003 3536 4076 γὰρ
3576 4007 3701 4071 τοὺς

2110 4084 2361 4154 καρποὺς
2384 4086 2484 4139 οὐκ
2517 4088 2598 4150 είς
2619 4088 2818 4159 ἑαυτῆς
2849 4090 3168 4158 ἀπόλαυσιν,
3202 4092 3316 4147 ἀλλ’
3344 4097 3427 4158 είς
3466 4096 3572 4168 τὴν
3606 4098 3701 4169 σὴν

2111 4175 2418 4246 ὑπηρεσίαν
2459 4175 2739 4248 ἐξέθρεψε,
2770 4179 2841 4234 Σὺ
2870 4180 2928 4234 δέ
2976 4181 3036 4235 ὃν
3069 4182 3138 4237 ἂν
3181 4184 3425 4260 ἐπιδείξῃ
3459 4188 3568 4259 τῆς
3612 4191 3700 4244 εὑ-

2110 4267 2293 4329 ποιίας
2322 4267 2556 4337 καρπὸν,
2605 4269 2817 4341 σεαυτῷ
2852 4271 3042 4325 τοῦτον
3090 4275 3366 4343 συνάγεις,
3403 4277 3545 4333 διότι
3593 4282 3699 4335 τῶν

2107 4357 2332 4427 ἀγαθῶν
2366 4359 2546 4430 ἔργων
2574 4363 2631 4413 αἱ
2681 4361 2903 4433 χάριτες
2944 4364 3037 4417 ἐπὶ
3062 4367 3190 4430 τοὺς
3206 4367 3452 4434 διδόντας
3491 4374 3699 4427 ἐπανα-

2040 4459 2084 4514 D
2113 4451 2459 4522 στρέφουσιν.
2491 4453 2738 4518 Ἔδωκας
2772 4454 2849 4528 τῷ
2897 4456 3176 4523 πεινῶντι,
3206 4462 3299 4515 καὶ
3340 4462 3435 4516 σὸν
3484 4464 3697 4533 γίνεται

2110 4541 2170 4595 τὸ
2207 4542 2379 4610 δοθὲν,
2419 4543 2560 4615 μετὰ
2584 4546 2904 4620 προσθήκης
2937 4550 3247 4606 ἐπανελθόν.
3284 4554 3498 4628 Ὥσπερ
3528 4557 3641 4631 γὰρ
3670 4560 3697 4611 ὁ

2109 4635 2255 4697 σῖτος
2275 4635 2355 4697 εἰς
2380 4634 2480 4707 τὴν
2507 4635 2615 4707 γῆν
2647 4636 2828 4691 πεσὼν
2847 4681 2861 4705 ,
2896 4641 3088 4712 κέρδος
3110 4642 3190 4714 τῷ
3226 4647 3519 4721 προεμένῳ
3553 4651 3696 4719 γίνε-

2106 4740 2226 4778 ται·
2285 4725 2459 4791 οὕτως
2512 4728 2542 4782 6
2603 4728 2768 4800 ἄρτος
2821 4733 2902 4797 είς
2947 4732 3038 4788 τὸν
3097 4736 3368 4791 πεινῶντα
3417 4742 3695 4812 καταϐλη-

2105 4818 2221 4884 θεὶς
2291 4820 2563 4892 πολύχουν
2607 4822 2706 4895 τὴν
2756 4824 3027 4895 ὠφέλειαν
3073 4828 3155 4892 είς
3214 4829 3447 4902 ὕστερον
3512 4835 3695 4891 ἀναδί-

2103 4909 2264 4964 δωσιν

2174 5000 2228 5056 5.
2270 5002 2397 5056 Ἐαν
2426 5008 2680 5077 παραστῇ
2716 5008 2782 5077 τῇ
2819 5006 2960 5080 θύρᾳ
2992 5025 3087 5063 σου
3117 5013 3146 5064 6
3175 5011 3272 5084 τὴν
3302 5014 3495 5086 χρείαν
3527 5018 3688 5072 αὐτοῦ

2102 5093 2548 5184 ἐπανορθωθῆναι
2582 5096 2782 5169 ζητῶν,
2817 5101 2891 5170 μὴ
2922 5101 3185 5173 ἀνώμαλα
3208 5106 3349 5180 ἴδῃς.
3376 5110 3471 5179 Μὴ
3499 5112 3685 5184 εἴπῃς·

2102 5180 2271 5252 Οὗτος
2302 5188 2474 5259 φίλος,
2510 5186 2664 5254 οὗτος
2693 5194 2981 5266 συγγενὴς,
3003 5192 3158 5260 οὗτος
3182 5200 3517 5275 εὐεργέτηςο
3549 5180 3688 5259 ἐκεί-
3752 5256 3764 5277 ,

2100 5295 2190 5343 νος
2229 5278 2397 5345 ξένος,
2438 5281 2743 5364 ἀλλότριος,
2783 5287 3083 5357 ἄγνωστος.
3129 5292 3419 5365 Ἀνὼμαλα
3447 5296 3682 5367 βλέπων.

2098 5370 2199 5424 οὐκ
2260 5371 2553 5446 ἐλεηθήσῃ.
2605 5375 2773 5441 Φύσις
2832 5378 2965 5449 μία·
3018 5380 3327 5455 ἄνθρωπος,
3378 5392 3479 5444 καὶ
3528 5383 3683 5454 οὗτος

2098 5462 2381 5527 κάκεῖνοςο
2411 5466 2570 5538 χρεία
2612 5468 2730 5538 μία,
2754 5468 2934 5525 ἔνδεια
2966 5473 3027 5526 ἐν
3061 5475 3400 5548 ἀμφοτέροις
3434 5482 3471 5551 ἠ
3520 5482 3679 5554 αὕτη.

2170 5594 2252 5736 (η
2286 5595 2362 5650 Ex
2391 5597 2539 5654 hom.
2568 5602 2623 5656 in
2655 5602 2786 5657 illud
2820 5604 3341 5680 Lucm,_Drstruam,
3376 5615 3471 5672 45.

2170 5665 2226 5732 (5
2280 5666 2356 5720 Ex
2394 5668 2538 5725 hom.
2567 5672 2710 5729 dicta
2746 5676 2799 5729 in
2840 5676 3069 5736 Lacizis.
3106 5680 3212 5734 588

2170 5665 2247 5736 (5)
2280 5666 2356 5720 Ex
2394 5668 2538 5725 hom.
2567 5672 2710 5729 dicta
2746 5676 2799 5729 in
2840 5665 3069 5745 Laciz'i's,
3106 5680 3212 5734 sas
