3840 6226
219 285 341 341 1161

1281 296 1512 353 SEBMO
1550 296 1638 352 IV.
1677 327 1748 340 -
1787 297 1876 354 DE
1914 296 2405 354 ELEEMOSYNA.

3338 308 3478 362 1162

219 399 309 461 δὸς
359 399 436 471 τῷ
467 399 681 472 ἀδελῴ
701 441 716 465 ,
754 404 848 458 καὶ
899 404 978 476 τῷ
1023 403 1161 478 ξένῳ
1180 423 1194 436 °
1246 408 1386 479 μήτε
1431 409 1522 464 τὸν
1566 409 1776 480 ἀδελφὸς

1896 410 1978 463 ria
2009 424 2142 472 una,
2183 420 2399 480 egestas
2444 409 2503 465 in
2541 420 2775 483 utroque
2815 413 3044 471 eadem:
3097 414 3255 473 fratri
3285 420 3378 486 da,
3425 433 3480 478 et

217 490 588 563 ἀποστραφῇς,
614 493 710 546 xui.
741 493 832 547 τὸν
863 494 1011 559 ξένον
1044 495 1273 566 ἀδελφὸν
1305 501 1502 554 οἰκεῖον
1541 501 1786 572 ποίησαι.

215 580 470 636 Βούλεταί
513 601 573 637 σε
607 586 1064 657 παραμυθητικὸν
1089 563 1230 644 εἶναι
1259 590 1370 644 τῶν
1398 563 1693 662 δεομένων.
1727 593 1789 647 ού

148 670 158 694 ⁵
214 673 684 749 προσωπολήπτην
703 694 716 708 ·
763 679 826 732 ού
884 679 964 749 τῷ
1016 684 1269 750 συγγενεῖ
1316 683 1550 748 διδόντα,
1597 685 1688 739 τὸν
1733 685 1790 740 δὲ

213 763 358 828 Ξένον
407 765 816 837 ἀπωθούμενον.
863 769 1071 834 Πάντες
1100 771 1211 843 γὰρ
1253 776 1559 842 συγγενεῖς,
1588 775 1790 838 πάντες

211 855 452 924 ἀδελφοὶ,
486 858 687 923 πάντες
717 861 834 924 ἐνὸς
882 863 1088 933 πατρὸς
1119 863 1351 932 ἔκγονοι.
1383 867 1506 921 Εἰσί
1541 884 1686 931 τινες
1731 867 1790 934 ἐξ

210 949 566 1015 ἐπικρατείας
608 952 856 1006 κινδύνου
893 952 1038 1018 τινὸς
1074 955 1521 1025 ἀναρπασθέντες
1551 957 1658 1011 ὑπὸ
1694 958 1787 1012 τοῦ

209 1040 514 1105 κτίσαντος,
569 1041 665 1096 καὶ
719 1045 989 1116 μηδεμίαν
1039 1045 1252 1116 ἔχοντες
1299 1049 1789 1120 περιλελειμμένην

209 1126 391 1190 αὐτοῖς
447 1127 560 1198 βίου
611 1130 801 1186 λοιπὸν
842 1134 1132 1206 ἀφορμὴν,
1167 1136 1306 1191 ἀλλὰ
1343 1139 1480 1212 μόνῃ
1525 1143 1592 1211 τῇ
1642 1139 1786 1212 ψυχῇ

207 1216 412 1288 καὶτῷ
449 1219 662 1290 σώματι
705 1222 1060 1294 διαφυγόντες
1103 1226 1288 1280 αὐτόν.
1342 1226 1530 1300 Ἡμεῖς
1571 1229 1786 1294 τοίνυν,

208 1307 322 1360 ὅσοι
356 1307 459 1378 τῆς
485 1309 596 1365 τῶν
628 1312 908 1384 δυσχερῶν
945 1314 1200 1384 ἄγευστοι
1239 1317 1436 1389 πείρας
1468 1320 1784 1391 ἐμείναμεν,

209 1399 399 1469 κοινὴν
447 1402 675 1466 ἐκείνοις
733 1405 1025 1478 προθῶμεν
1080 1409 1179 1479 τὴν
1231 1410 1495 1482 εὐπορίαν
1557 1413 1782 1466 ἑαυτῶν.

221 1487 743 1564 Ἐναγκαλισώμεθα
809 1497 935 1561 τοὺς
999 1499 1404 1571 περισωθέντας
1474 1502 1625 1573 μόλις
1679 1503 1788 1558 τῶν

206 1577 485 1648 ἀδελφῶν⁸
515 1581 758 1654 εἴπωμεν
796 1585 932 1657 πρὸς
975 1587 1204 1642 ἕκαστον
1250 1591 1509 1657 ἕκαστος·
1561 1596 1786 1662 Νεκρὸς

207 1671 307 1740 ἦν,
339 1674 438 1727 καί
474 1674 758 1745 ἀνέζησε·
794 1679 892 1733 καὶ
914 1680 1247 1750 ἀπολωλὼς
1273 1680 1372 1755 ἦν,
1403 1686 1500 1739 καί
1531 1686 1746 1757 εὑρέθη
1767 1705 1780 1718 ο

1896 494 2218 573 peregrino;
2275 519 2376 558 nec
2423 502 2649 561 fratrem
2699 509 2994 572 averseris,
3032 516 3087 564 et
3125 512 3506 582 peregrinum‘

1895 609 1992 662 pro
2025 593 2191 649 fratre
2217 593 2378 651 habe.
2408 595 2536 652 Vult
2564 596 2708 653 Deus
2731 606 2786 656 te
2815 599 3188 672 indigentibus
3218 605 3474 660 solatium

1894 685 2111 746 aﬁ‘erre.
2155 689 2362 743 nullam
2397 705 2754 759 personarum
2795 695 3058 750 rationem
3113 695 3335 764 habere,
3366 715 3474 754 non

1893 780 2201 850 propinquo
2229 781 2380 847 dare,
2412 784 2762 853 peregrinum
2797 799 2928 842 vero
2959 787 3241 858 repellere.
3271 789 3478 848 Omnes

1891 872 2034 928 enim
2080 873 2403 943 propinqui,
2455 889 2648 931 omnes
2705 875 2923 938 fratres,
2985 877 3147 934 unius
3177 880 3350 949 patris
3379 881 3474 936 filii

1891 979 2101 1020 omnes.
2152 966 2230 1036 (Δ)
2289 963 2430 1020 Sunt
2477 967 2571 1036 qui
2617 982 2649 1022 e
2703 966 2960 1024 faucibus
3007 971 3238 1040 periculi
3299 975 3472 1042 erepti

1893 1054 2046 1112 fuere
2061 1072 2090 1110 a
2115 1055 2398 1123 Creatore,
2422 1075 2523 1114 nec
2543 1059 2657 1128 jam
2679 1061 2852 1116 ullum
2873 1061 3076 1118 habent
3095 1064 3200 1120 sibi
3224 1065 3474 1120 relictum

1890 1145 2016 1202 vitae
2063 1147 2404 1214 subsidium,
2465 1150 2561 1206 sed
2628 1152 2866 1207 animam
2927 1153 3100 1208 solam
3152 1163 3206 1210 et
3271 1171 3474 1227 corpus

1890 1237 2140 1307 periculo
2187 1238 2521 1294 subduxere.
2570 1240 2682 1298 Nos
2728 1258 2900 1314 ergo,
2931 1244 3356 1318 quibuscunque
3388 1249 3476 1302 in-

1889 1334 2105 1395 gustata
2166 1343 2350 1384 rerum
2408 1330 2763 1387 adversarum
2817 1336 3194 1404 experientia,
3258 1339 3472 1408 copiam

1889 1425 2131 1471 nostram
2165 1435 2510 1476 communem
2537 1438 2662 1478 cum
2713 1423 2822 1481 illis
2891 1426 3179 1484 faciamus.
3250 1429 3475 1501 Ample-

1890 1515 2108 1562 ctamur
2133 1508 2332 1566 fratres
2359 1513 2448 1566 vix
2482 1521 2752 1578 servatos,
2804 1517 3055 1573 dicamus
3089 1520 3324 1590 quisque
3355 1523 3473 1576 cui-

1887 1618 2021 1672 que:
2056 1603 2300 1658 Mortuus
2333 1615 2470 1671 erat,
2498 1615 2548 1661 et
2580 1608 2804 1673 revixit;
2832 1612 3101 1679 perierat,
3129 1621 3180 1667 et
3229 1613 3468 1667 inventus

1887 1704 1966 1747 est
1998 1694 2109 1761 ‘9‘;
2165 1704 2330 1766 atque
2355 1712 2558 1766 corpus
2616 1709 2810 1755 nostro
2866 1700 3030 1757 affine
3089 1713 3464 1775 contegamus.

204 1765 302 1818 καὶ
342 1766 404 1818 τὸ
430 1769 694 1838 συγγενὲς
731 1769 892 1842 σῶμα
927 1773 1310 1844 σκεπάσωμεν.
1351 1777 1776 1850 Ἀντιστήσωμεν

1889 1784 2243 1856 Opponamus
2301 1787 2514 1844 inimici
2566 1790 2785 1861 injuriis
2839 1805 3084 1849 nostram
3138 1797 3470 1854 consolatio-

204 1859 327 1921 ταῖς
359 1858 452 1914 τοῦ
486 1861 796 1932 Δυσμενοῦς
830 1865 1113 1938 ὲπηρείαις
1157 1866 1255 1939 τὴν
1296 1869 1567 1940 ἡμετέραν
1609 1871 1786 1942 παράρ-

203 1947 418 2020 κλησιν,
447 1951 534 2006 ἵνα
559 1954 654 2006 καὶ
695 1953 946 2023 βλάπτων
976 1959 1182 2022 ἐκεῖνος
1217 1960 1383 2031 μηδὲν
1413 1961 1554 2031 μέγα
1585 1960 1785 2032 βλάψαι

192 2039 332 2112 ’δοκῇ
355 2058 368 2070 ·
394 2043 488 2096 καὶ
513 2043 848 2117 πολεμήσας,
891 2048 1094 2118 μηδένα
1123 2049 1272 2124 δείξῃ
1302 2052 1378 2121 (1)
1410 2055 1791 2125 νενικημένον·

203 2132 300 2184 καὶ
335 2132 598 2203 περιελὼν
636 2137 738 2206 τὴν
771 2138 1036 2208 εὐπορίαν
1084 2140 1193 2194 τῶν
1232 2142 1502 2213 ἀδελφῶν,
1541 2145 1650 2199 ὑπὸ
1693 2148 1792 2220 τῆς

201 2224 480 2295 ἡμετέρας
508 2225 818 2298 φιλοτιμίας
848 2229 1044 2301 φανείη
1078 2232 1404 2304 νικώμενος.

274 2313 329 2368 6.
360 2316 460 2370 Διά
499 2318 598 2388 μὲν
622 2319 730 2391 γὰρ
757 2321 854 2393 τὴν
882 2323 1126 2395 ἀγάπην,
1156 2327 1213 2377 ὲν
1230 2325 1492 2398 ἁπλότητι
1513 2333 1608 2384 καί
1635 2330 1783 2386 ἀνει-

203 2407 369 2478 μένον
430 2405 570 2465 εἷναι
622 2412 758 2483 πρὸς
802 2417 928 2479 τοὺς
977 2416 1262 2482 αἰτοῦντας
1293 2419 1384 2473 τὸν
1431 2423 1783 2491 μεταδοτικὺν

198 2499 304 2564 δεῖ,
341 2501 483 2556 κατά
512 2503 573 2558 τὸ
596 2505 804 2574 φάσκον
824 2509 1192 2582 παράγγελμα
1212 2527 1227 2542 ο
1265 2511 1349 2577 Τῷ
1387 2514 1657 2569 αἰτοῦντί
1684 2533 1781 2582 σε,

198 2591 337 2656 δός¹
368 2593 612 2666 λογισμῷ
633 2597 689 2650 δὲ
716 2597 876 2652 πάλιν
898 2599 1194 2672 διακρίνειν
1219 2603 1452 2658 ἑκάστου
1472 2605 1568 2678 τὴν
1593 2608 1784 2678 χρείαν

198 2681 312 2734 τῶν
361 2685 816 2755 προσαιτούντων,
867 2687 1049 2754 καθὼς
1088 2692 1146 2744 ὲν
1169 2694 1293 2756 ταῖς
1324 2694 1562 2765 Πράξεσι
1597 2714 1780 2768 μεμα-

195 2773 471 2846 θήκαμεν.
507 2776 803 2832 Διεδίδοτο
859 2780 968 2849 γὰρ
991 2781 1248 2848 ἑκάστῳ,
1285 2785 1438 2856 φησὶ,
1467 2787 1597 2841 καθ’
1646 2788 1682 2841 ὅ
1725 2806 1784 2844 τι

195 2863 281 2918 ἄν
309 2883 398 2932 τις
418 2869 626 2936 χρείαν
673 2866 857 2939 εἶχεν.
906 2871 1125 2946 Ἐπειδὴ
1148 2875 1256 2948 γὰρ
1297 2879 1484 2934 πολλοὶ
1514 2881 1780 2954 ὑπερϐαίυ

199 2974 386 3024 νοντες
406 2960 503 3032 τὴν
558 2963 753 3034 χρῆσιν
804 2964 915 3018 τῶν
946 2967 1280 3036 ἀναγκαίων,
1328 2973 1582 3047 ἀφορμὴν
1611 2977 1784 3048 ὲμπου

1891 1896 2038 1946 nem,
2066 1891 2124 1935 ιιι
2146 1883 2309 1936 etiam
2345 1883 2548 1940 laedens
2571 1901 2679 1940 non
2706 1889 2936 1943 multum
2962 1890 3170 1946 laesisse
3198 1893 3467 1959 videatur,

1891 1981 1946 2027 et
1978 1973 2179 2028 bellum
2213 1976 2474 2042 inferens,
2520 1979 2792 2035 neminem
2833 1982 3040 2038 victum
3089 1988 3360 2053 ostendat,
3415 1998 3469 2044 et

1891 2073 2184 2136 postquam
2215 2069 2547 2139 disperdidit
2589 2071 2822 2128 fratrum
2875 2075 3188 2143 facultates,
3227 2079 3469 2135 liberali-

1887 2163 2000 2213 tate
2031 2169 2223 2214 nostra
2249 2162 2428 2217 victus
2459 2166 2848 2234 comperiatur.

1957 2310 2012 2364 6.
2061 2311 2139 2384 (5)
2186 2314 2414 2386 Oportet
2445 2321 2667 2391 quidem
2710 2329 2772 2377 ut
2821 2323 2918 2395 qui
2949 2325 3192 2384 liberalis
3233 2339 3348 2396 cst,
3395 2343 3465 2387 on

1888 2407 2214 2466 charitatem
2265 2413 2320 2468 in
2362 2415 2714 2486 simplicitate
2767 2419 3006 2488 prebeat
3041 2437 3100 2478 se
3125 2439 3253 2495 erga
3277 2434 3464 2495 peten-

1888 2508 1972 2557 tes
2011 2501 2262 2572 facilem,
2311 2509 2615 2563 secundum
2662 2509 2797 2566 illud
2842 2521 3170 2583 praceptum
3198 2557 3215 2582 ,
3254 2516 3465 2574 Potenti

1890 2609 1923 2647 a
1952 2602 2000 2646 te
2019 2632 2036 2658 ,
2067 2593 2138 2648 da
2169 2595 2214 2627 ⁵⁸
2243 2613 2260 2664 ;
2305 2604 2359 2651 et
2389 2613 2586 2654 rursus
2610 2601 2822 2658 ratione
2850 2607 3235 2662 necessitatem
3269 2611 3464 2668 unius-

1887 2685 2158 2756 cujusque
2206 2691 2442 2759 petentis
2493 2692 2824 2759 discernas,
2875 2705 2936 2752 ut
2974 2712 3039 2752 ex
3086 2699 3236 2755 Actis
3267 2700 3463 2758 didici-

1887 2792 2036 2834 mus.
2106 2778 2455 2836 Dividebatur
2506 2785 2644 2838 enim
2704 2786 2974 2857 singulis,
3019 2790 3249 2860 inquit,
3308 2805 3462 2862 prout

1887 2871 2072 2940 cuique
2101 2888 2232 2941 opus
2270 2875 2474 2930 erat“.
2538 2875 2678 2944 Quia
2713 2878 2859 2932 enim
2895 2881 3050 2935 multi
3091 2887 3461 2944 necessarium

1886 2976 2048 3016 usum
2114 2967 2524 3034 transilientes,
2570 2970 2976 3050 mendicitatem
3026 2973 3092 3030 ad
3140 2979 3460 3048 negotiatio-

199 3051 355 3119 ρείας
377 3053 469 3104 καὶ
501 3054 758 3109 ὑπόθεσιν
806 3060 1020 3130 τρυφῆς
1051 3062 1314 3132 ἀσελγοῦς
1359 3068 1640 3122 ποιοῦνται
1684 3071 1776 3142 τὴν

1885 3055 1974 3110 nis
2015 3057 2396 3125 occasionem,
2451 3067 2504 3114 et
2557 3060 2884 3118 lascivarum
2939 3063 3253 3122 deliciarum
3295 3080 3458 3129 male-

198 3143 435 3212 αἴτησιν,
467 3146 844 3220 ἐπιστημόνως
893 3153 988 3205 καὶ
1039 3154 1402 3226 οἰκονομικῶς
1423 3163 1544 3224 ταῖς
1568 3163 1782 3234 χρείαις

198 3234 433 3288 ἑκάστου
462 3237 561 3308 τὴν
598 3238 857 3312 διανομὴν
906 3242 1015 3296 τῶν
1056 3245 1370 3314 ἀναγκαίων
1399 3251 1645 3318 γίνεσθαι
1677 3254 1778 3310 δεῖ.

199 3328 326 3390 Τοῖς
350 3329 456 3400 γὰρ
476 3330 540 3403 δὴ
563 3333 630 3387 τὰ
649 3333 894 3408 θρηνώδη
927 3337 1063 3409 μέλη
1087 3339 1223 3410 πρὸς
1250 3343 1347 3414 τὴν
1370 3345 1478 3398 τῶν
1504 3349 1780 3416 γυναικῶν

197 3419 416 3491 ἀπάτην
449 3423 763 3491 συντιθεῖσι,
817 3431 910 3482 καὶ
952 3432 1020 3485 τὰ
1063 3433 1376 3506 πηρὼματα
1405 3437 1499 3492 τοῦ
1527 3438 1780 3510 σώματος

200 3511 299 3563 καὶ
346 3512 416 3564 τὰ
479 3513 610 3587 ἕλκη
660 3517 797 3589 πρὸς
841 3521 1139 3594 ὲμπορείας
1198 3527 1453 3599 ἀφορμὴν
1515 3531 1780 3586 συντιθεῖ-

197 3617 285 3654 σιν
301 3601 402 3673 (2),
444 3604 505 3657 οὐ
561 3607 777 3672 πάντως
798 3609 860 3662 τὺ
887 3611 1109 3681 δαψιλὲς
1148 3615 1246 3686 τῆς
1277 3616 1552 3682 διακονίας
1579 3619 1777 3690 ὠφέλι-

199 3709 336 3761 μον·
371 3695 590 3768 ἀφορμὴ
625 3699 734 3770 γὰρ
762 3702 944 3766 αὐτοῖς
991 3706 1071 3768 εἰς
1105 3706 1302 3760 κακίαν
1336 3709 1368 3779 ἠ
1400 3711 1632 3782 χορηγία
1680 3730 1776 3782 γε-

195 3789 454 3856 νήσεται⁸
496 3790 634 3846 ἀλλὰ
685 3794 859 3866 μικρᾷ
909 3795 1052 3849 δόσει
1089 3797 1193 3869 χρὴ
1243 3800 1343 3870 τὴν
1380 3800 1490 3854 τῶν
1521 3805 1777 3861 τοιούτων

194 3878 405 3949 ὑλακὴν
440 3881 801 3948 ἀπωθεῖσθαι,
834 3884 894 3939 τὺ
929 3886 985 3941 δὲ
1017 3889 1300 3958 συμπαθὲς
1334 3892 1429 3944 καὶ
1455 3891 1776 3964 φιλάδελφον

193 3970 602 4026 ἐπιδείκνυσθαι
644 3975 718 4046 (5)
767 3978 825 4030 ἐν
869 3981 982 4041 τοῖς
1013 3979 1130 4050 μεθ’
1158 3980 1436 4054 ὑπομονῆς
1474 3985 1572 4054 τὴν
1596 3984 1775 4056 θλίψιν

193 4061 384 4133 φέρειν
432 4063 851 4137 δεδιδαγμένοις,
888 4069 1029 4142 ὑπὲρ
1071 4063 1146 4125 ὧν
1187 4073 1282 4124 καὶ
1320 4073 1665 4145 λεχθήσεται,
1692 4076 1774 4130 ὅτι

204 4152 550 4217 Ἐπείνασα,
573 4157 670 4210 καί
704 4157 959 4214 ἐδώκατέ
988 4179 1091 4231 μοι
1120 4165 1352 4233 φαγεῖν.
1393 4164 1491 4218 Διά
1517 4166 1675 4220 τοῦτο
1696 4167 1773 4240 τῷ

186 4243 307 4297 ὄντι
355 4245 645 4318 ἐμπειρίας
675 4248 867 4320 χρῄζει
909 4253 941 4322 ἡ
969 4252 1259 4320 διάγνωσις
1281 4253 1376 4306 τοῦ
1411 4254 1628 4326 ἀληθῶς
1653 4256 1772 4311 δεο-

189 4337 382 4407 μένου,
443 4339 538 4393 καὶ
595 4340 687 4397 τοῦ
721 4342 863 4397 κατά
917 4345 1230 4411 πλεονεξίαν
1263 4347 1561 4413 αἰτοῦντος.
1590 4351 1700 4405 Καὶ
1741 4355 1770 4406 ὁ

1883 3147 2021 3201 riam
2075 3159 2433 3206 convertunt:
2485 3152 2723 3209 scienter
2755 3164 2811 3210 et
2863 3158 3090 3227 provide
3134 3175 3235 3230 pro
3270 3162 3458 3220 unius-

1883 3238 2154 3310 cujusque
2197 3243 2529 3300 necessitate
2583 3245 2906 3304 distributio
2962 3267 3146 3307 rerum
3201 3268 3457 3310 necessa-

1882 3331 2094 3386 riarum
2120 3331 2388 3388 facienda.
2419 3335 2498 3405 (6)
2524 3334 2628 3402 Qui
2662 3338 2808 3393 enim
2835 3340 3084 3410 lugubria
3109 3345 3356 3401 carmina
3393 3347 3456 3401 ad

1881 3423 2238 3479 mulierculas
2302 3424 2656 3496 decipiendas
2713 3441 3087 3500 componunt,
3136 3441 3191 3490 ct
3265 3439 3454 3492 mutila

1880 3518 2129 3586 corporis
2175 3519 2420 3574 membra
2455 3558 2470 3582 ,
2519 3535 2582 3575 ac
2645 3521 2828 3576 ulcera
2887 3523 2956 3578 ad
3009 3534 3253 3594 quaestus
3294 3542 3453 3584 occa-

1879 3607 2091 3664 sionem
2148 3608 2528 3664 inveniendam
2579 3611 2941 3682 contingunt,
3002 3629 3113 3670 non
3179 3631 3313 3674 sane
3367 3619 3453 3675 his

1877 3700 2101 3770 copiosa
2133 3701 2380 3772 erogatio
2415 3701 2696 3770 proderit;
2731 3704 2870 3774 ipsis
2924 3707 3070 3761 enim
3121 3708 3450 3766 instrumen-

1880 3799 1995 3847 tum
2027 3799 2112 3848 est
2138 3792 2206 3847 ad
2237 3793 2534 3864 nequitiam
2566 3794 2867 3851 liberalitas
2897 3813 2910 3849 :
2944 3798 3041 3855 sed
3069 3809 3287 3870 oportet
3337 3818 3450 3859 mo-

1877 3885 1999 3940 dica
2039 3887 2354 3954 erogatione
2398 3885 2670 3956 ejusmodi
2721 3888 3003 3944 hominum
3061 3893 3316 3947 latratum
3361 3909 3448 3951 ar-

1875 3993 1999 4032 cere
2023 4017 2039 4043 ,
2081 3977 2512 4034 misericordiam
2572 3990 2753 4035 autem
2797 3989 2851 4036 et
2884 3981 3179 4039 fraternam
3211 3986 3448 4042 charita-

1875 4077 1983 4124 tem
2036 4070 2089 4122 in
2145 4084 2242 4124 eos
2284 4071 2576 4126 ostendere
2617 4072 2709 4141 qui
2748 4087 2836 4127 res
2867 4073 3130 4131 adversas
3184 4078 3447 4148 patienter

1873 4159 2115 4230 perferre
2139 4159 2494 4226 didicerunt,
2543 4175 2643 4231 pro
2670 4160 2872 4230 quibus
2925 4169 2979 4216 et
3017 4163 3234 4218 dicetur
3265 4181 3280 4218 :
3316 4163 3446 4220 Esu-

1872 4251 1991 4315 rivi,
2023 4261 2073 4304 et
2088 4250 2306 4305 dedistis
2326 4251 2454 4304 mihi
2477 4251 2797 4306 manducare
2814 4253 2881 4308 ⁸³.
2903 4253 2979 4324 (7)
2997 4253 3340 4326 Quapropter
3353 4272 3445 4313 ex-

1872 4343 2136 4413 perientia
2180 4359 2318 4413 opus
2347 4343 2528 4410 habet,
2557 4351 2618 4398 ut
2649 4344 2696 4400 is
2721 4345 2814 4415 qui
2849 4362 2974 4402 vere
3005 4363 3212 4419 pauper
3240 4356 3346 4419 est,
3379 4351 3444 4404 ab

188 4428 294 4498 μὲν
319 4427 395 4499 τῷ
421 4429 721 4504 θλιϐομένῳ
760 4435 904 4500 δοὺς,
937 4435 1015 4508 τῷ
1052 4438 1242 4510 Κυρίῳ
1274 4439 1464 4506 ἔδωκε,
1507 4442 1600 4495 καὶ
1639 4448 1768 4517 παρ’

1885 4451 1969 4499 eo,
2025 4437 2118 4506 qui
2169 4453 2234 4491 ex
2301 4437 2528 4490 avaritia
2585 4437 2905 4504 mendicat,
2973 4448 3311 4496 secernatur.
3379 4441 3443 4496 Et

183 4519 355 4573 αὐτοῦ
401 4520 627 4593 λήψεται
681 4524 772 4578 τὸν
828 4526 1017 4597 μισθόν
1040 4545 1052 4558 ·
1084 4531 1114 4582 ὁ
1147 4530 1202 4584 δὲ
1238 4531 1316 4602 τῷ
1351 4536 1760 4608 περιερχομένῳ

182 4612 604 4682 παρασχόμενος
641 4615 825 4680 παντὶ,
885 4619 1219 4692 προσέρριψε
1248 4623 1370 4676 κυνὶ
1405 4626 1648 4698 φορτικῷ
1677 4627 1764 4683 διὰ

181 4703 286 4776 τὴν
310 4703 604 4771 ἀναίδειαν,
637 4708 736 4760 οὐκ
763 4708 982 4781 ἐλεεινῷ
1011 4711 1098 4764 διὰ
1119 4715 1217 4783 τὴν
1242 4712 1468 4770 ἔνδειαν.

253 4883 308 4936 7.
357 4884 671 4950 Ἀκούσατε,
717 4889 767 4940 οἱ
821 4889 1097 4955 πλούσιοι,
1129 4895 1288 4948 ὁποῖα
1323 4897 1762 4969 συμϐουλεύομεν

176 4976 296 5038 τοῖς
323 4979 558 5048 πτωχοῖς
582 4979 668 5034 διὰ
684 4979 782 5051 τὴν
805 4981 1076 5055 ὑμετέραν
1103 4986 1283 5042 ἀπανθ
1293 4987 1524 5058 ρωπίαν,
1559 4991 1762 5060 ἐγκαρ-

175 5068 359 5140 ⁸ιερεῖν
389 5069 585 5140 μᾶλλον
616 5073 729 5137 τοῖς
758 5071 969 5141 δεινοῖς,
1007 5076 1040 5146 ἢ
1079 5077 1178 5141 τὰς
1203 5079 1267 5133 ὲκ
1289 5079 1397 5134 τῶν
1418 5081 1590 5134 τόκων
1617 5097 1757 5152 συμ-

1871 4529 2091 4602 quidem
2139 4529 2392 4601 quisquis
2443 4529 2764 4585 calamitosa
2809 4530 2940 4597 dat,
2983 4531 3131 4587 dedit
3173 4532 3442 4599 Domino,

1870 4633 1924 4678 et
1981 4623 2051 4677 ab
2081 4637 2147 4677 eo
2183 4623 2488 4677 mercedem
2517 4622 2750 4693 accipiet
2781 4641 2795 4677 ς
2845 4625 2937 4693 qui
2979 4640 3108 4680 vero
3132 4626 3442 4684 errabundo

1869 4715 2018 4770 omni
2080 4712 2317 4779 tribuit,
2354 4715 2574 4784 projicit
2602 4714 2727 4769 cani
2758 4754 2773 4778 ,
2817 4715 3052 4771 molesto
3101 4717 3320 4788 quidem
3373 4720 3441 4776 ob

1869 4808 2292 4876 impudentiam,
2329 4805 2425 4862 sed
2454 4821 2565 4860 non
2603 4805 2917 4862 miserando
2956 4807 3029 4864 oh
3061 4808 3437 4880 indigentiam.

1939 4895 2105 4972 590
2125 4899 2177 4958 7.
2213 4899 2290 4970 (8)
2303 4898 2523 4964 Audite,
2541 4897 2761 4965 divites,
2791 4898 2953 4970 quale
2984 4901 3318 4972 pauperibus
3345 4903 3438 4959 de-

1867 5005 1990 5045 mus
2024 4988 2314 5044 consilium
2338 4987 2409 5042 oh
2430 4996 2670 5042 vestram
2715 4987 3191 5058 inbumanitatem,
3245 5007 3438 5063 nempe

1865 5090 1926 5135 ut
1981 5078 2308 5150 gravissima
2351 5093 2580 5150 quaeque
2635 5087 2953 5139 constanter
2999 5079 3177 5142 ferant
3207 5085 3394 5154 potius
3419 5125 3436 5150 ,

255 5225 320 5256 ⁵⁸·
349 5225 483 5281 Luc.
526 5244 615 5292 xv,
654 5227 747 5284 24.
821 5231 867 5261 ⁵⁸
912 5229 1043 5284 Luc.
1084 5248 1155 5296 vi,
1189 5234 1276 5286 ὅθ.
1352 5235 1396 5266 ⁵⁸
1441 5235 1564 5291 Act.
1617 5252 1694 5302 ιν,
1730 5233 1819 5292 55.
1898 5236 1944 5268 ⁸¹
1971 5234 2164 5289 Matth.
2201 5251 2330 5294 xxv,
2357 5234 2446 5288 '55.

248 5339 566 5426 (!)..A€[£n.
595 5341 779 5398 Codex
818 5343 956 5397 1992
987 5344 1179 5412 δεῖξαι.
1213 5344 1306 5401 Sic
1353 5348 1517 5405 etiam
1552 5349 1744 5407 homil.

171 5416 907 5553 83(52‘3'2mwsidtr._8atis
921 5485 1208 5541 commode
1226 5488 1328 5545 hoc
1349 5488 1575 5548 verbum
1595 5489 1749 5547 deest

167 5558 225 5612 in
251 5551 459 5632 Eodem
487 5553 692 5632 codice.
739 5551 960 5632 Legitur
991 5556 1047 5632 in
1077 5563 1336 5632 contentu
1389 5559 1745 5632 προτιθεῖσιν.

244 5623 322 5694 (5)
360 5621 864 5700 ζΕαξιόεἰκνιξσθαὶ.
900 5621 1125 5696 Legitur
1155 5627 1211 5682 in
1246 5630 1364 5700 ipso
1391 5621 1576 5689 Basilii
1609 5647 1747 5688 con-

169 5691 323 5752 textu
357 5692 504 5745 ὲτιιδε
512 5708 629 5745 ικνυ
636 5691 845 5761 μένους.

449 5785 720 5846 Ρλτιιοι.
756 5786 872 5847 Gn.
921 5787 1190 5851 XXXII.

1886 5345 2115 5432 ,μὶ-ξι
2153 5347 2301 5402 hom.
2348 5347 2500 5412 Quod
2557 5349 2840 5404 mundanis
2899 5349 3279 5406 adharendum
3333 5371 3436 5409 non

1851 5421 1944 5480 sit,
1977 5418 2099 5472 170.

2030 5486 2291 5613 ᾓῖἰάΙιοω.
2327 5488 2382 5542 in
2411 5487 2552 5559 psat.
2583 5504 2694 5556 xrv,
2735 5490 2859 5548 357.

1949 5489 1981 5542 5
2030 5487 2109 5542 Ex
2143 5487 2291 5542 hom.
2327 5488 2382 5542 in
2411 5487 2552 5559 psat.
2583 5504 2588 5542 1

1923 5487 2004 5700 ίϐξ
2039 5556 2176 5613 Ibid.
2223 5626 2236 5639 .

1923 5629 1982 5700 (.7
2040 5626 2119 5700 Et
2152 5637 2311 5700 epist.
2341 5643 2425 5700 ει..
2461 5626 2588 5683 241.

1926 5697 2007 5772 (8)
2040 5697 2121 5755 Ex
2151 5697 2298 5757 hom.
2341 5699 2395 5754 in
2429 5700 2568 5767 psal.
2600 5715 2713 5764 xiv.
2742 5700 2866 5758 112.

3075 5791 3154 5858 3"!
