3840 6226
426 307 559 363 “63

425 517 651 570 tiantur.
711 511 915 568 Morem
975 512 1021 567 si
1082 509 1313 566 Domino
1364 509 1625 580 gereretis
1661 547 1678 572 ,
1731 509 1861 579 quid
1914 509 2001 565 bis

427 607 603 662 verbis
632 612 781 661 esset
815 604 999 675 opus?
1039 601 1169 657 Nam
1213 602 1327 666 ait,
1387 599 1634 654 Mutuum
1666 600 1789 654 date
1809 602 1877 655 iis
1905 639 1921 664 ,
1969 617 2001 654 a

427 697 610 769 quibus
675 714 781 751 non
829 697 1057 766 speratis
1108 702 1406 764 recepturos
1453 711 1542 748 vos
1606 709 1719 748 esse
1738 694 1804 748 ⁸³.
1864 693 2001 749 Cum

428 791 572 844 enim
639 789 867 861 pauperi
920 786 1137 842 Domini
1205 786 1380 857 gratia
1446 786 1708 853 dederis;
1763 785 1909 840 idem
1950 793 2006 840 et

429 884 632 938 donum
693 893 778 938 est
822 889 879 937 et
932 879 1108 935 fenus.
1170 878 1380 934 Donum
1422 878 1640 949 quidem
1675 918 1690 943 ,
1737 877 1886 948 quod
1916 892 2006 932 re-

430 981 713 1041 cepturum
756 979 811 1027 te
866 970 1006 1026 nihil
1033 984 1157 1025 esse
1215 984 1452 1040 speras:
1518 969 1676 1024 fenus
1709 984 1871 1032 vero,
1933 968 2006 1024 ob

431 1065 643 1121 Domini
690 1080 792 1137 pro
870 1064 1031 1133 inope
1086 1061 1448 1132 persolventis
1517 1061 1948 1115 muniﬁcentiam
1984 1100 1999 1125 ,

432 1159 566 1228 qui,
603 1158 792 1228 paucis
836 1172 934 1227 per
972 1170 1266 1226 pauperem
1313 1153 1555 1222 acceptis
1589 1193 1603 1219 ,
1657 1167 1851 1223 magna
1907 1167 2004 1207 eo-

433 1263 552 1302 rum
598 1249 720 1302 loco
768 1246 1081 1302 redditurus
1135 1251 1240 1300 est.
1304 1244 1381 1315 (1)
1450 1243 1772 1299 Consideret
1839 1242 2005 1312 igitur

433 1338 658 1393 divitum
698 1338 932 1409 quisque
975 1350 1105 1392 suos
1133 1335 1362 1399 reditus,
1412 1349 1443 1388 e
1476 1333 1675 1403 quibus
1706 1331 1817 1387 Deo
1858 1332 2002 1386 dona

434 1432 715 1488 oblaturus
755 1430 826 1486 sit
858 1444 871 1480 :
901 1443 1032 1483 num
1068 1441 1359 1496 pauperem
1390 1424 1617 1495 imperio
1645 1439 1746 1479 suo
1774 1439 2003 1494 oppres-

434 1523 565 1578 serit
596 1562 613 1588 ,
652 1535 783 1575 num
818 1518 1105 1574 infirmiori
1149 1518 1257 1571 vim
1305 1515 1549 1570 intulerit
1581 1555 1597 1577 ,
1647 1530 1775 1569 num
1809 1531 1837 1567 a
1867 1516 2000 1570 sub-

434 1615 545 1670 dito
586 1613 864 1685 quidpiam
916 1612 1102 1681 inique
1166 1609 1482 1665 extorserit.
1562 1606 1795 1663 Servare
1853 1609 1999 1662 enim

1300 298 1661 356 APPENDIX.
1703 329 1771 340 ——
1811 298 2157 356 SYMEONIS
2196 298 2745 355 METAPHBASTE

426 437 586 495 quam
633 420 977 479 calamitates
1027 433 1096 474 ex
1137 417 1326 473 fenore
1369 416 1755 487 provenientes
1808 431 2002 487 perpe-

2111 415 2274 488 φορὰς
2300 415 2675 486 ὑποδέχεσθαι.
2718 415 2783 468 Ei
2821 413 2878 468 δὲ
2908 412 3189 468 ἐπείθεσθε
3232 413 3310 484 τῷ
3356 415 3577 486 Κυρίῳ,
3604 416 3686 479 τίς
3798 388 3799 461 Ῐ

3546 302 3686 356 1164

2102 509 2261 581 χρεία
2303 508 2413 562 τῶν
2462 507 2637 576 λόγων
2690 507 2934 572 τούτων;
3003 505 3302 566 Δανείζετε
3348 506 3484 576 γὰρ,
3530 506 3683 578 φησι,

2102 601 2238 668 παρ’
2269 593 2358 653 ὧν
2402 601 2515 654 οὐκ
2569 598 2835 659 ἐλπίζετε
2863 597 3091 652 λαϐεῖν.
3132 598 3301 650 Ὅταν
3342 596 3454 668 γὰρ
3485 596 3687 667 πτωχῷ

2102 691 2366 763 παρέχειν
2422 691 2622 763 μέλλῃς
2649 690 2727 761 (2)
2756 690 2843 744 διὰ
2890 690 2983 743 τὸν
3038 689 3260 761 Κύριον,
3318 686 3380 741 τὸ
3413 689 3552 742 αὐτὸ
3595 690 3687 742 καὶ

2100 784 2272 855 δῶρόν
2321 784 2438 836 ἐστι
2488 783 2582 836 καὶ
2606 782 2871 852 δάνεισμα
2891 797 2908 812 ⁸
2937 780 3110 853 δῶρον
3140 781 3255 852 μὲν,
3281 780 3368 833 διὰ
3401 780 3505 851 τὴν
3532 779 3685 833 ἀνελο

2103 874 2323 926 πιστίαν
2356 873 2458 943 τῆς
2485 871 2806 942 ἀπολήψεως
2826 888 2841 902 ο
2868 871 3131 941 δάνεισμα
3162 870 3241 934 δὲ,
3267 870 3355 923 διὰ
3384 870 3488 942 τὴν
3512 885 3683 941 μεγα-

2102 963 2372 1034 λώωρεάν
2411 962 2505 1016 τοῦ
2540 963 2834 1027 Δεσπότου,
2863 961 2957 1015 τοῦ
2996 961 3380 1024 ἀποτιννύντος
3401 961 3547 1032 ὑπὲρ
3588 960 3682 1014 αι)⁴

2101 1055 2224 1109 τοῦ·
2256 1055 2316 1119 ὃς
2348 1055 2519 1126 μικρὰ
2547 1054 2728 1109 λαϐὼν
2749 1055 2837 1109 διὰ
2869 1053 2965 1108 τοῦ
2998 1054 3247 1124 πένητος,
3292 1054 3509 1125 μεγάλα
3544 1052 3682 1122 ὑπὲρ

2103 1148 2280 1202 αὐτῶν
2302 1148 2611 1203 ἀποδίδωσι.
2638 1149 2913 1202 Σκοπείτω
2936 1148 3117 1201 τοίνυν
3143 1150 3266 1210 τοὺς
3295 1147 3459 1209 ἰδίους
3483 1146 3681 1216 πόρους

2101 1239 2210 1293 τῶν
2277 1239 2645 1294 πλουτούντων
2687 1240 2936 1305 ἕκαστος,
2988 1236 3048 1303 ἐξ
3090 1232 3164 1291 ὧν
3198 1238 3495 1307 ἀναφέρειν
3537 1237 3684 1304 δῶρα

2106 1331 2290 1402 μέλλει
2313 1331 2451 1403 Θεῷ,
2487 1331 2561 1403 μὴ
2594 1331 2688 1385 τὸν
2724 1331 2930 1402 πένητα
2969 1329 3454 1391 κατεδυνάστευσε,
3490 1329 3565 1400 μὴ
3592 1329 3680 1381 τὸν

2102 1424 2489 1495 ἀσθενέστερον
2509 1423 2788 1485 ἐϐιάσατο,
2818 1423 2892 1494 μὴ
2918 1422 3006 1477 τὸν
3022 1422 3381 1493 ὑποκείμενον
3405 1422 3557 1492 αὐτῷ
3586 1438 3679 1474 πε-

2103 1516 2519 1588 πλεονέκτηκεν,
2578 1513 2796 1586 ἐξουσίᾳ
2842 1513 3122 1586 χρώμενος
3150 1514 3274 1567 ἀντὶ
3310 1513 3678 1584 δικαιοσύνης.

2102 1610 2175 1662 Τὸ
2210 1609 2416 1662 δίκαιον
2455 1608 2562 1681 γὰρ
2594 1608 2690 1661 καὶ
2719 1607 2821 1679 τὴν
2865 1607 3083 1678 ἰσότητα
3121 1605 3459 1678 κελευόμεθα
3486 1606 3684 1675 φυλάτ-

434 1702 578 1775 quod
632 1702 844 1773 justum
913 1708 998 1757 est
1073 1707 1129 1755 et
1175 1715 1430 1770 equum,
1474 1698 1638 1753 etiam
1690 1698 1746 1751 in
1809 1713 2000 1753 servos

2111 1720 2215 1755 τειν
2233 1702 2326 1754 καὶ
2358 1702 2493 1772 πρὸς
2524 1701 2651 1764 τοὺς
2680 1699 2899 1763 δούλους
2934 1698 3033 1771 (ὅ).
3076 1701 3168 1770 Μὴ
3193 1698 3302 1771 γὰρ
3325 1701 3405 1753 ὄτι
3437 1701 3681 1769 κρατεῖς,

435 1794 778 1868 praecipimur
807 1790 951 1847 :noli
976 1806 1105 1846 vero
1135 1790 1262 1860 quia
1290 1789 1540 1859 superior
1564 1803 1624 1843 es
1647 1788 1754 1841 vim
1785 1787 2000 1853 afferre,

2111 1793 2325 1865 βιάζου⁶
2389 1761 2525 1865 μηδὲ
2568 1761 2648 1846 ὅτι
2714 1761 2960 1856 δύνασαι,
2994 1761 3327 1845 ’πλεονέκτει
3353 1809 3367 1821 ·
3424 1761 3543 1844 ἀλλ’
3600 1791 3680 1843 ὄτι

435 1904 610 1959 neque
657 1887 786 1957 quia
821 1892 978 1956 potes
1001 1925 1019 1952 ,
1052 1893 1377 1953 extorquere
1400 1925 1417 1950 ,
1472 1881 1566 1937 sed
1602 1884 1730 1951 quia
1768 1880 1868 1934 tibi
1909 1896 2005 1950 per

436 1982 578 2036 vires
607 1980 756 2044 licet,
786 1992 948 2034 exere
975 1976 1202 2047 justitiaa
1235 1990 1400 2046 opera
1428 1991 1443 2038 ;
1472 1989 1599 2028 nam
1636 1973 1691 2027 in
1711 1988 1822 2043 quo
1855 1973 2004 2027 nulla

436 2074 532 2129 tibi
577 2074 738 2129 datur
794 2070 1029 2125 facultas
1062 2109 1078 2135 ,
1122 2068 1177 2122 in
1219 2082 1285 2123 eo
1320 2081 1454 2121 sane
1497 2066 1706 2119 nullum
1737 2065 1816 2118 tui
1874 2079 2005 2134 erga

436 2166 605 2223 Deum
664 2166 882 2220 timoris
929 2171 1092 2234 atque
1128 2159 1450 2216 obedientia:
1511 2159 1793 2228 specimen
1844 2157 2004 2212 exhi-

436 2259 587 2315 bebis
638 2274 652 2309 :
703 2257 798 2313 sed
856 2256 910 2310 in
968 2269 1034 2309 eo
1093 2253 1240 2325 quod
1281 2268 1403 2307 cum
1434 2253 1741 2323 transgredi
1786 2252 2002 2322 possis,

435 2367 544 2406 non
602 2347 998 2420 transgrederis
1032 2366 1044 2400 :
1080 2347 1127 2401 si
1175 2361 1304 2402 vero
1351 2360 1473 2416 quae
1520 2346 1852 2416 pauperibus
1898 2346 2008 2400 eri-

442 2442 603 2512 puisti
631 2484 647 2508 ,
707 2455 771 2495 ea
813 2440 868 2493 in
895 2452 1161 2509 pauperes
1194 2451 1388 2506 erogas
1424 2476 1438 2499 ,
1475 2434 1793 2505 praeclarius
1823 2443 2005 2488 tecum

443 2541 717 2606 ageretur,
778 2533 825 2586 si
871 2546 1048 2601 neque
1099 2543 1341 2598 raperes,
1374 2543 1551 2597 neque
1600 2528 1778 2581 dares.
1819 2522 2007 2595 Neque

442 2628 581 2684 enim
615 2624 877 2682 beneﬁcia
925 2624 993 2678 ab
1022 2622 1208 2694 iniquo
1248 2629 1459 2692 quaestu
1496 2621 1550 2674 in
1591 2634 1860 2690 pauperes
1891 2620 2008 2675 col-

442 2727 544 2775 lata
578 2760 593 2783 ,
658 2718 768 2773 Deo
814 2723 969 2788 grata
1029 2722 1363 2784 acceptaque
1423 2722 1551 2769 sunt
1608 2733 1623 2769 :
1688 2727 1865 2783 neque
1913 2712 2007 2783 qui

420 2809 642 2880 -rapinis
690 2805 1068 2878 hujuscemodi
1117 2804 1383 2868 abstinet,
1445 2804 1754 2860 laudandus
1786 2811 1911 2865 est,
1962 2803 2008 2858 si

443 2903 504 2958 ,ιο
553 2915 653 2955 suo
697 2900 968 2954 neminem
999 2898 1223 2967 juverit.
1273 2895 1350 2951 De
1375 2896 1462 2951 bis
1496 2896 1641 2951 enim
1678 2896 1775 2967 qui
1808 2896 2011 2964 injuste

443 2993 718 3065 possident
741 3031 755 3055 ,
788 2999 952 3060 atque
994 2990 1139 3044 dona
1181 2988 1380 3043 oll'erre
1420 2987 1531 3043 Deo
1570 2988 1962 3059 aggrediuntur
1992 3030 2006 3052 ,

2104 1885 2337 1957 πάρεστί
2380 1902 2461 1939 σοι
2510 1885 2582 1939 τὰ
2637 1884 2739 1955 τῆς
2769 1883 3038 1951 ἐξουσίας,
3066 1882 3236 1948 δεῖξον
3258 1881 3329 1936 τὰ
3347 1883 3448 1952 τῆς
3474 1883 3681 1936 δικαιο-

2107 1979 2292 2049 σύνης.
2339 1977 2415 2031 Οὐ
2466 1976 2576 2049 γὰρ
2614 1980 2673 2030 ὲν
2723 1971 2768 2044 ᾧ
2830 1976 2905 2047 μὴ
2948 1974 3213 2039 δύνασαι,
3277 1974 3539 2046 παρέξεις
3587 1974 3683 2041 τὴν

2105 2070 2378 2136 ἀπόδειξιν
2433 2073 2533 2142 τῆς
2599 2069 2738 2141 πρὸς
2789 2068 2923 2122 Θεὸν
2993 2068 3244 2137 ὑπακοῆς
3284 2067 3381 2122 καὶ
3422 2065 3521 2120 τοῦ
3589 2066 3684 2135 φύε-

2106 2161 2238 2214 ϐου·
2301 2160 2417 2215 ἀλλ’
2466 2163 2524 2214 ὲν
2567 2153 2612 2227 ᾧ
2662 2159 2979 2231 παραϐῆναι
3027 2158 3342 2230 δυνάμενος,
3390 2160 3452 2212 ού
3503 2168 3683 2229 παρα-

2106 2254 2331 2319 ϐαίνεις.
2365 2255 2426 2307 Εί
2474 2254 2529 2307 δὲ
2581 2254 2913 2325 ἀφελόμενος
2939 2253 3008 2308 τὰ
3048 2253 3156 2307 τῶν
3182 2256 3451 2325 πενήτων,
3491 2254 3687 2324 πένησι

2105 2346 2282 2410 δίδως,
2341 2344 2560 2399 κάλλιον
2600 2341 2744 2417 ἦσθα
2812 2346 2950 2417 μήτε
3003 2345 3267 2416 ἁρπάζων
3307 2347 3448 2416 μήτε
3487 2345 3685 2409 διδούς.

2106 2435 2245 2491 Οὔτε
2276 2437 2386 2507 γὰρ
2418 2434 2477 2500 ἐξ
2503 2435 2703 2489 ἀδίκων
2737 2436 2946 2507 κερδῶν
2972 2436 3258 2509 εὐεργεσία
3289 2437 3425 2508 πρὸς
3452 2438 3547 2490 τὸν
3568 2438 3685 2490 δεὸδ

2112 2545 2270 2600 μενον
2297 2527 2462 2598 δεκτὴ
2501 2528 2653 2598 παρά
2691 2527 2833 2598 Θεῷ,
2866 2526 2991 2581 οὔτε
3023 2530 3051 2581 ὁ
3086 2527 3197 2580 τῶν
3235 2527 3461 2581 ἀδικιῶν
3482 2529 3687 2599 ἀπεχὸ-

2113 2635 2271 2689 μενος
2324 2619 2626 2683 ἐπαινετὸς,
2687 2620 2736 2672 εί
2792 2621 2982 2691 μηδενὶ
3024 2620 3278 2692 μεταδοίη
3317 2621 3425 2675 τῶν
3467 2622 3684 2677 ἑαυτοῦ.

2109 2711 2244 2783 Περὶ
2275 2711 2373 2782 μὲν
2403 2710 2512 2782 γὰρ
2535 2711 2643 2764 τῶν
2673 2712 3023 2779 ἀδικούντων,
3066 2713 3159 2766 καὶ
3190 2712 3340 2785 δῶρα
3368 2713 3489 2784 Θεῷ
3522 2731 3689 2785 προσ-

2111 2804 2296 2875 φέρειν
2327 2803 2767 2874 ἐπιχειρούντων,
2807 2806 3153 2877 γέγραπται·
3202 2808 3395 2860 Θυσιά
3427 2806 3685 2872 ἀσεϐῶν,

2105 2895 2423 2965 βδέλυγμα
2459 2898 2689 2965 Κυρίῳ·
2745 2899 2875 2968 περὶ
2907 2898 2966 2951 δὲ
2992 2897 3100 2952 τῶν
3145 2896 3220 2968 μὴ
3250 2897 3545 2952 ἐλεούντων
3571 2915 3586 2929 ⁸
3629 2899 3688 2952 '0

2111 2988 2402 3059 φράσσων
2419 2989 2507 3058 {rd
2532 2986 2651 3044 ὦτα
2680 2990 2865 3044 αὑτοῦ
2892 2991 2997 3045 τοῦ
3028 2990 3114 3059 μὴ
3143 2990 3486 3046 ὑπακοῦσαι
3510 2991 3660 3058 πένη
3676 3019 3691 3030 ο

444 3088 701 3157 scriptum
744 3091 874 3139 est:
922 3081 1258 3149 Sacriﬁcium
1317 3081 1629 3149 impiorum,
1686 3080 2009 3135 abominatio

2111 3097 2236 3147 τος,
2277 3080 2375 3134 καί
2419 3081 2601 3148 αὐτὸς
2645 3082 3065 3136 ἑπικαλέσεται
3090 3123 3105 3146 ,
3153 3083 3251 3137 καὶ
3283 3086 3395 3137 οὐκ
3434 3082 3613 3137 ἔσται
3657 3086 3687 3137 ό

446 3194 613 3233 :oram
647 3176 868 3231 Domino
894 3174 962 3227 “.
1004 3171 1081 3228 De
1112 3173 1199 3227 bis
1252 3181 1432 3226 autem
1483 3170 1577 3242 qui
1611 3172 1758 3226 nulla
1793 3171 2008 3228 miseri-

444 3268 624 3326 cordia
668 3271 1053 3338 permoventur
1080 3302 1095 3327 ,
1147 3263 1251 3328 Qui
1282 3262 1490 3316 obturat
1538 3278 1664 3317 suas
1705 3279 1858 3318 aures
1889 3304 1904 3330 ,
1947 3280 2011 3319 ne

445 3377 714 3430 oauperem
765 3357 1059 3421 exaudiat,
1119 3356 1228 3423 ipse
1274 3356 1436 3409 etiam
1493 3353 1795 3418 invocabit,
1848 3372 2011 3427 neque

445 3456 540 3511 erit
584 3455 673 3525 qui
722 3452 976 3508 exaudiat
994 3450 1065 3504 ⁸⁸.
1125 3447 1419 3518 Propterea
1463 3455 1647 3502 monet
1686 3458 1739 3503 et
1763 3448 2011 3505 hortatur

444 3546 764 3601 Parmmia:
823 3542 1042 3598 Honora
1110 3539 1396 3595 Dominum
1459 3540 1523 3594 de
1572 3539 1841 3595 laboribus
1907 3541 2011 3594 tuis

446 3639 598 3694 iustis
647 3654 666 3692 :
704 3647 756 3691 et
803 3636 1071 3706 primitias
1128 3634 1213 3687 illi
1266 3634 1395 3703 offer
1468 3630 1532 3686 de
1597 3633 1700 3686 tuis
1752 3631 2011 3701 fructibus

446 3730 663 3795 iustitia:
682 3728 750 3783 “.
785 3727 841 3780 Si
875 3727 1021 3783 enim
1053 3741 1119 3780 ex
1149 3724 1436 3794 iniquitate
1460 3730 1518 3778 et
1545 3723 1736 3793 rapina
1764 3722 2013 3793 quaedam

446 3820 725 3873 oblaturus
787 3833 847 3872 es
887 3814 1029 3881 Deo,
1085 3814 1439 3884 praestantius
1477 3822 1626 3869 esset
1674 3829 1853 3884 neque
1881 3814 2015 3869 talia

447 3909 754 3980 possedisse
811 3915 865 3962 te
909 3921 1152 3977 unquam
1178 3945 1192 3968 ,
1226 3921 1403 3976 neque
1436 3921 1505 3961 ex
1536 3906 1623 3962 bis
1657 3906 1872 3963 oll'erre.
1905 3906 2015 3963 Pu-

447 4016 565 4055 rum
609 4000 754 4055 enim
809 3999 1013 4054 donum
1070 3998 1263 4054 evehet
1314 4013 1571 4067 precem,
1634 4006 1695 4052 ut
1748 4000 2014 4070 scriptum

446 4102 527 4149 est
588 4110 602 4145 :
670 4093 850 4147 Preces
903 4108 1083 4147 eorum
1151 4092 1240 4157 qui
1284 4099 1422 4144 recto
1486 4101 1611 4144 sunt
1665 4091 1867 4157 corde,
1926 4111 2018 4149 ac-

445 4192 603 4254 cepta:
641 4193 763 4239 sunt
799 4183 937 4254 apud
967 4184 1137 4253 ipsum
1163 4183 1229 4238 '7.
1281 4180 1347 4236 Et
1394 4197 1615 4237 rursum
1652 4183 1699 4238 si
1731 4185 2017 4253 possidens

444 4293 477 4333 ο
528 4277 696 4347 justis
749 4274 1030 4331 laboribus
1058 4288 1170 4327 non
1212 4271 1477 4327 obtuleris
1538 4271 1647 4327 Deo
1673 4273 2013 4339 oblationes,

448 4370 647 4441 quibus
686 4369 903 4422 alantur
955 4380 1228 4436 pauperes
1251 4405 1266 4431 ,
1323 4363 1685 4434 imputabitur
1721 4366 1819 4420 tibi
1844 4367 1899 4421 in
1928 4381 2019 4421 ra-

2110 3173 2452 3226 ὑπακούων.
2476 3171 2575 3226 Διά
2599 3172 2804 3244 τοῦτοη
2826 3174 3101 3245 Παροιμία
3132 3191 3195 3227 συ
3204 3173 3489 3245 μϐουλεύει
3508 3191 3523 3204 ·
3554 3177 3689 3245 Τίμα

2110 3265 2219 3319 τὸν
2254 3266 2474 3332 Κύριον
2502 3266 2622 3319 ἀπὸ
2654 3263 2786 3318 σῶν
2821 3264 3066 3319 δικαίων
3103 3266 3326 3329 πόνων,
3355 3267 3457 3320 καὶ
3502 3266 3686 3336 ἀπάρ-

2112 3375 2224 3427 χου
2254 3356 2415 3422 αὐτῷ
2459 3356 2580 3410 ἀπὸ
2613 3356 2742 3410 σῶν
2776 3356 3022 3425 καρπῶν
3048 3356 3463 3426 δικαιοσύνης.
3492 3360 3559 3413 Εἰ
3590 3362 3689 3431 γὰρ

2112 3450 2172 3515 ὲξ
2197 3450 2410 3512 ἀδικίας
2434 3449 2526 3502 καὶ
2555 3450 2810 3521 ἁρπαγῆς
2841 3449 3052 3520 μέλλεις
3078 3451 3408 3522 προσφέρειν
3442 3453 3525 3524 τῷ
3554 3453 3688 3522 Θεῷ,

2112 3543 2329 3596 κάλλιον
2348 3544 2485 3613 μήτε
2513 3541 2818 3613 κτήσασθαι
2837 3542 3093 3613 τοιαύτην
3118 3544 3329 3614 κτῆσιν,
3358 3545 3500 3615 μήτε
3527 3563 3691 3617 προσ-

2114 3636 2299 3708 φέρειν
2343 3635 2403 3701 ἐξ
2457 3633 2647 3705 αὐτῆς.
2702 3635 2958 3708 Καθαρὸν
3004 3636 3113 3707 γὰρ
3141 3636 3315 3708 δῶρον
3357 3639 3570 3692 ἀνοίσει
3597 3639 3691 3710 τὴν

2113 3730 2279 3800 εὐχὴν
2309 3728 2409 3800 (4).
2432 3728 2509 3792 ὡς
2539 3727 2847 3799 γέγραπται
2867 3744 2882 3759 °
2933 3729 3123 3798 Εὐχαὶ
3178 3731 3689 3793 κατευθυνώρτων,

2113 3820 2313 3874 deum!
2349 3819 2485 3888 παρ’
2538 3817 2718 3884 αὐτῷ.
2764 3816 2867 3872 Καὶ
2898 3819 3079 3883 πάλιν,
3130 3823 3179 3873 εί
3213 3819 3496 3891 κτώμενος
3527 3824 3591 3876 ἐκ
3616 3821 3693 3875 δι-

2115 3913 2284 3966 καίων
2322 3912 2498 3965 πόνων
2533 3911 2607 3982 μὴ
2650 3911 2981 3983 προσφέροις
3003 3911 3122 3983 Θεῷ
3163 3913 3484 3984 προσφορὰς
3506 3914 3602 3984 ἀφ’
3620 3908 3694 3969 ὧν

2113 4002 2403 4072 τρέφονται
2433 4001 2681 4072 πένητες,
2730 4001 2955 4073 ἁρπαγὴ
3001 4002 3385 4075 λογισθήσεταί
3417 4021 3523 4070 σοι,
3554 4005 3697 4060 καθά

2116 4108 2248 4161 φησι
2276 4091 2363 4145 διὰ
2394 4091 2489 4145 τοῦ
2511 4094 2787 4165 προφήτου
2820 4094 3098 4165 Μαλαχίου
3140 4098 3169 4150 ὁ
3214 4097 3348 4161 Θεὸς
3366 4116 3380 4129 ·
3410 4102 3485 4154 Δί
3510 4099 3697 4170 ἀπαρ-

2117 4183 2218 4252 χαὶ
2266 4182 2367 4237 καὶ
2413 4183 2486 4238 τὰ
2522 4184 2842 4239 ἐπιδέκατα
2881 4185 3049 4255 ὑμῶν
3066 4189 3196 4255 μεθ’
3219 4188 3389 4258 ὑμῶν
3411 4194 3554 4258 εισι,
3600 4192 3697 4247 καί

2116 4273 2287 4327 ἐσται
2337 4275 2376 4342 ἠ
2418 4273 2716 4344 διαρπαγὴ
2748 4276 2819 4329 ἐν
2841 4278 2966 4343 τοῖς
3005 4276 3194 4342 οικοις
3215 4277 3401 4347 ὑμῶν.
3429 4281 3497 4333 Τί
3521 4282 3697 4335 τοίνυν

2121 4364 2371 4435 μολύνεις
2406 4364 2498 4418 τὸν
2525 4364 2724 4419 σαυτοῦ
2771 4365 3024 4433 πλοῦτον,
3065 4366 3343 4439 ἄνθρωπε,
3389 4370 3697 4441 ἐπεισάγων

448 4462 630 4532 pinam
667 4478 683 4513 :
719 4471 778 4515 ut
819 4473 914 4529 per
962 4456 1280 4527 prophetam
1339 4455 1661 4512 Malachiam
1710 4457 1787 4511 ait
1814 4456 1960 4515 Deus
1997 4475 2011 4512 :

2118 4455 2268 4526 αὐτῷ
2294 4455 2365 4508 τὰ
2409 4456 2483 4526 μὴ
2510 4455 2696 4510 δίκαια
2730 4457 2936 4529 κέρδη;
2969 4460 3024 4512 τί
3074 4459 3371 4533 βδελυκτήν
3403 4467 3584 4529 ποιεῖς
3604 4465 3698 4537 τὴν

450 4553 713 4607 Primitia:
754 4560 804 4604 et
845 4550 1063 4604 decima:
1115 4558 1299 4603 vestra:
1336 4548 1601 4603 vobiscum
1626 4559 1782 4615 sunt,
1828 4561 1880 4606 et
1914 4556 2015 4606 erit

448 4646 503 4700 in
552 4642 793 4698 domibus
839 4642 1025 4696 uestris
1076 4640 1301 4710 direptio
1339 4640 1406 4692 ⁵⁸.
1471 4640 1614 4706 Quid
1671 4642 1837 4712 igitur
1887 4650 2014 4700 tuas

448 4736 666 4792 divitias
711 4732 1057 4803 coinquinas,
1089 4747 1123 4787 ο
1153 4731 1339 4793 homo,
1376 4732 1563 4801 iniqua
1614 4732 1764 4786 lucra
1818 4732 1904 4788 his
1931 4748 2017 4788 su-

450 4826 801 4899 peraddens?
854 4822 998 4890 Quid
1048 4823 1467 4878 abominabilem
1496 4822 1632 4878 facis
1680 4824 2013 4879 oblationem

449 4927 599 4973 tuam
642 4932 711 4971 ex
753 4913 1025 4982 injustitia
1057 4952 1072 4976 ,
1124 4912 1255 4966 dum
1303 4911 1359 4966 id
1407 4910 1606 4966 oﬂ'erre
1650 4918 1833 4966 lentas
1855 4911 2016 4980 cujus

449 5009 670 5064 nomine
701 5004 926 5060 alterius
954 5003 1210 5073 pauperis
1266 5002 1595 5058 miserturus
1629 5002 1724 5058 es?
1758 5002 1880 5071 ejus
1917 5003 2018 5056 mi-

448 5113 668 5158 sereare
694 5111 856 5168 quem
892 5093 1095 5165 injuria
1121 5092 1308 5158 amcis,
1346 5093 1400 5148 in
1441 5094 1589 5149 hunc
1633 5109 1846 5149 summa
1899 5101 2020 5149 ute-

2122 4547 2321 4602 σαυτοῦ
2376 4549 2711 4621 προσφορὰν,
2760 4551 2821 4618 ἐξ
2870 4553 3082 4618 ἀδικίας
3116 4557 3452 4628 προσφέρειν
3496 4560 3701 4632 ἐπιχει-

2124 4642 2254 4714 ρῶν,
2290 4645 2348 4697 έν
2391 4638 2436 4712 ᾧ
2471 4642 2683 4714 μέλλεις
2727 4645 2913 4717 ἕτερον
2960 4649 3172 4719 πτωχὸν
3213 4649 3412 4719 ἐλεείν;
3469 4654 3703 4708 Ἐκεῖνον

2121 4734 2343 4805 ἐλέησον
2362 4734 2422 4788 ὃν
2442 4735 2676 4800 ἀδικείςο
2709 4740 2789 4802 είς
2819 4736 3007 4792 τοῦτον
3050 4741 3397 4813 κατάχρησαι
3433 4747 3503 4816 τῇ
3526 4746 3706 4814 φιλαν-

2122 4825 2368 4898 θρωπίᾳ·
2411 4827 2587 4899 τούτῳ
2624 4829 2871 4901 χάρισαι,
2905 4831 3000 4884 καὶ
3038 4830 3345 4903 πληρώσεις
3388 4834 3541 4889 ἔλεον
3571 4837 3705 4908 μετά

2121 4916 2373 4987 κρίσεως.
2408 4918 2484 4970 Οὐ
2534 4919 2642 4992 γὰρ
2695 4922 3014 4991 κοινωνήσει
3066 4922 3348 4995 πλεονεξίᾳ
3391 4924 3551 4992 Θεὸς,
3591 4929 3705 4981 οὐδὲ

2121 5007 2332 5077 λῃστῶν
2384 5009 2478 5061 καὶ
2535 5010 2834 5081 ἀρπακτῶν
2872 5013 3126 5075 κοινωνὸς
3153 5016 3182 5067 ὁ
3214 5015 3451 5087 Κύριος·
3488 5020 3615 5073 οὐδὲ
3639 5020 3710 5083 ὡς

2123 5096 2381 5163 ἀδύνατος
2415 5101 2633 5172 τρέφειν
2664 5104 2793 5168 τοὺς
2839 5105 3096 5177 πένητας,
3126 5108 3257 5177 ἡμῖν
3286 5109 3555 5166 κατέλιπε
3593 5114 3711 5184 τρέ-

518 5279 564 5311 ”
597 5276 732 5332 Luc.
754 5290 831 5340 Vl,
860 5273 951 5329 '55.
1026 5271 1073 5304 "
1103 5270 1265 5326 Prov.
1307 5287 1399 5333 xv,
1430 5271 1484 5326 8.
1561 5271 1606 5303 "
1638 5270 1803 5325 Prov.
1828 5287 1943 5338 xxi,
1983 5272 2023 5324 ιε

2160 5272 2206 5302 ⁸³
2238 5271 2399 5328 Prov.
2437 5289 2518 5339 ιιι,
2544 5274 2599 5329 9.
2676 5276 2720 5308 "
2748 5274 2909 5331 Prov.
2947 5291 3035 5342 xv,
3068 5279 3123 5334 8.
3201 5279 3248 5312 ³⁸
3267 5279 3504 5349 Malacb.
3536 5300 3623 5349 ιιι,
3662 5285 3715 5341 8.

523 5436 598 5507 (ι)
645 5434 886 5507 Uterque
910 5430 1330 5507 qqdeit__indic_at
1359 5445 1665 5507 sermonem
1698 5430 2022 5507 DeAeleento-

455 5500 589 5574 syua'
607 5518 655 5559 et
673 5500 915 5574 judicio.
931 5500 1220 5574 llomiliam
1247 5501 1391 5574 illam
1425 5507 1551 5574 post
1568 5501 1895 5574 blatthaeium
1924 5501 2020 5574 d_e-

458 5570 562 5631 ιῐιιο
597 5570 809 5630 edimus
852 5572 922 5627 ad
959 5571 1162 5627 calcem
1195 5571 1326 5625 tomi
1361 5572 1508 5626 tertii
1541 5571 1701 5641 hujus
1743 5570 2019 5633 editionis,

454 5644 614 5776 mlta;
627 5643 891 5779 ἷξὲλλῃς.
915 5711 1100 5769 Codex
1124 5708 1329 5779 Regius
1354 5710 1594 5767 melioris
1619 5717 1760 5766 nota:
1784 5710 2018 5778 μέλλεις,

2131 5430 2225 5503 [mi
2229 5449 2335 5507 nus
2371 5435 2564 5507 recte]

2204 5504 2280 5642 (δῖ
2310 5504 2591 5571 Δούλουζι.
2613 5505 2756 5587 ἰάθη]
2797 5508 2965 5563 codex
3002 5510 3345 5580 ὁμοδούλους.

2204 5573 2258 5642 (4
2316 5573 2436 5641 Τὴν
2452 5575 2664 5642 εὐχήν.
2693 5575 2785 5631 Sic
2815 5593 2917 5642 ope
2945 5580 3187 5642 ejusdem
3213 5582 3345 5635 codi

2167 5643 2179 5655 .
2204 5573 2280 5645 (4)
2316 5573 2436 5655 Thr:
2452 5575 2664 5655 εῠχῄν.
2693 5575 2785 5655 Sic
2815 5593 2917 5648 ope
2945 5573 3187 5655 ejusdem
3213 5580 3427 5655 codicis
3457 5582 3706 5655 emenda-

2128 5642 2307 5725 vimus
2327 5642 2941 5725 .vulgatainﬂectionem
2971 5642 3087 5722 *τὴν
3119 5650 3321 5723 ψυχήν.
3376 5650 3507 5709 llo:
3533 5654 3705 5725 legen-

2128 5712 2257 5767 dum
2289 5712 2503 5770 videtur
2533 5714 2859 5777 τρέφωνται.
