3840 6226
423 297 559 353 1167
1299 295 1661 353 APPENDIX.
1698 329 1768 339 —
1805 295 2152 352 SYMEONIS
2189 297 2756 354 METAPHRASTx-E.
3538 299 3678 354 “68

413 415 577 470 etiam
623 414 830 470 lentius
873 413 1193 484 gradiamur
1220 455 1236 482 ,
1279 414 1528 485 ejusdem
1589 414 1826 471 miseriae
1860 413 1979 482 .em‘

2098 412 2156 467 δὲ
2192 415 2520 479 σκεπάζοιτο
2571 414 2834 485 σεσηπόσι
2870 411 3101 483 ῥακίοις,
3136 411 3212 476 ὼς
3245 411 3476 465 ὀδωδότα
3512 412 3680 466 πάλιν

413 507 626 560 ciamur
673 505 990 576 participes.
1032 503 1136 570 Et,
1185 505 1231 560 si
1283 506 1338 560 in
1392 515 1594 561 terram
1649 507 1860 569 oculos,
1905 521 1979 559 cal

2095 506 2379 578 διώκομεν.
2433 509 2544 562 Καὶ
2597 505 2720 560 οὔτε
2775 505 2837 558 τὸ
2883 505 2977 559 τοῦ
3020 504 3305 567 κτίσαντος
3348 504 3520 575 ὄνομα
3561 507 3681 569 ταῖς

413 597 659 652 lamitate
716 597 981 668 pudorem
1031 597 1082 653 ei
1127 597 1452 660 incutiente,
1508 597 1825 660 dimiserit,
1864 611 1979 652 eum

2099 599 2404 669 ἱκετηρίαις
2430 602 2639 664 ἐκεῖνος
2669 599 2995 670 ἀναμιγνὺς,
3027 597 3152 650 οὔτε
3175 597 3237 650 τὸ
3275 597 3352 668 (7)
3389 597 3464 669 μὴ
3497 597 3681 650 τοιού-

413 688 721 760 hypocrisis
782 689 1018 745 dicimus
1091 689 1395 756 artiﬁcem;
1446 689 1492 744 si
1541 703 1671 744 vero
1711 689 1881 744 libere
1925 703 1979 743 ac

2093 708 2208 755 τοις
2239 691 2438 746 πάθεσι
2492 696 2812 764 περιπεσεῖν
2843 693 2990 764 ἡμᾶς
3015 690 3256 762 ἐξαρκῶν
3285 689 3548 760 συνεχῶς,
3583 689 3676 744 δύ-

415 781 796 847 coniidenter,
857 780 1001 836 fame
1060 781 1302 851 graviter
1357 781 1737 837 exstimulatus
1775 823 1789 847 ,
1826 795 1979 849 aspe-

2094 801 2249 838 ναται
2275 785 2372 857 τὴν
2402 785 2594 857 ἁνελεῆ
2613 785 2828 855 κάμψαι
2857 784 3196 857 προαίρεσιν.
3224 781 3324 835 Διά
3359 781 3535 836 ταῦτα
3577 783 3681 853 ὑφ-

415 873 556 927 xerit
588 889 688 929 nos
714 914 729 936 ,
769 890 800 928 e
829 875 1110 928 contrario
1135 873 1506 944 impudentem
1551 873 1888 944 appellamus
1922 887 1979 928 ac

2094 877 2312 948 ορῶμαι
2331 877 2631 949 βαρύτερον
2650 879 2750 949 τῆς
2772 877 2999 949 γεέννης
3016 876 3078 929 τὸ
3095 875 3229 946 πῦρ,
3253 875 3398 946 ἥπερ
3420 877 3632 938 ἐκεῖνος
3651 877 3680 928 δ

412 965 732 1021 violentum.
793 965 889 1031 Et,
918 966 964 1021 si
1005 973 1230 1035 opertus
1273 966 1342 1020 sit
1379 965 1606 1034 integris
1645 965 1886 1018 vestibus
1919 962 1988 1017 ab

415 1058 600 1127 aliquo
648 1059 886 1127 acceptis
920 1096 936 1121 ,
983 1057 1142 1126 quasi
1203 1055 1586 1125 inexplebilem
1639 1054 1984 1123 repellimus,

414 1163 480 1204 ac
511 1150 764 1219 juramus
811 1158 1182 1221 paupertatem
1214 1149 1282 1204 ab
1317 1149 1412 1202 illo
1461 1147 1707 1203 simulari
1737 1163 1750 1211 ;
1785 1145 1832 1200 si
1859 1159 1988 1200 vero

413 1242 722 1312 panniculis
789 1242 1020 1311 putridis
1075 1241 1406 1303 amiciatur,
1459 1253 1652 1293 rursus
1714 1236 1984 1308 abigimus

413 1330 494 1384 uti
541 1330 680 1384 male
718 1331 978 1384 olentem.
1027 1329 1092 1384 Et
1136 1329 1390 1399 quamvis
1418 1327 1734 1382 Conditoris
1784 1342 1983 1380 nomen

410 1421 667 1489 precibus
710 1420 1047 1486 admisceat,
1108 1435 1174 1474 ac
1219 1419 1426 1474 similes
1463 1432 1734 1473 aerumnas
1778 1415 1982 1470 indesi-

411 1520 605 1568 nenter
643 1529 675 1567 a
735 1513 896 1568 nobis
940 1513 1293 1583 deprecetur,
1361 1519 1540 1564 tamen
1596 1509 1985 1564 immisericor-

2088 967 2182 1020 τὸν
2199 968 2449 1040 Λάζαρον
2465 969 2734 1039 ὑπεριδὼν
2756 968 3153 1032 πλούσιος.”1να
3169 968 3225 1021 δὲ
3246 967 3320 1038 μὴ
3343 966 3501 1020 τοῦτο
3514 967 3678 1036 γένη-

2088 1075 2202 1124 ται,
2255 1059 2333 1130 τῷ
2386 1061 2524 1132 ἐλέῳ
2551 1062 2642 1115 τὸν
2675 1062 2824 1115 ἔλεον
2869 1060 3366 1134 προσκτησώμεθα,
3405 1060 3558 1123 ὅπως
3581 1061 3676 1112 καὶ

2086 1150 2196 1203 τῶν
2226 1152 2458 1206 αἰωνίων
2487 1153 2709 1222 ἀγαθῶν
2743 1154 3089 1224 ὲπιτύχωμεν
3128 1155 3185 1206 ὲν
3236 1151 3455 1222 Χριστῷ
3496 1149 3676 1222 Ἰησοῦ

2087 1241 2166 1312 τῷ
2199 1243 2387 1314 Κυρίῳ
2452 1245 2630 1315 ἡμῶν,
2661 1238 2706 1314 ᾧ
2749 1248 2782 1316 ἠ
2831 1246 2958 1311 δόξα
3003 1247 3097 1298 καὶ
3140 1245 3202 1298 τὸ
3231 1244 3432 1316 κράτος
3463 1244 3565 1296 σὺν
3597 1241 3676 1313 τῷ

2089 1333 2310 1406 ἀνάρχῳ
2370 1335 2535 1390 αὑτοῦ
2594 1338 2770 1408 Πατρὶ
2823 1339 2918 1392 καὶ
2959 1337 3036 1409 τῷ
3079 1335 3328 1407 ζωοποιῷ
3368 1333 3672 1404 Πνεύματιν

2089 1422 2183 1475 νῦν
2233 1424 2331 1476 καὶ
2374 1425 2498 1491 ἀεὶ,
2555 1427 2648 1479 καὶ
2708 1429 2789 1491 εἰς
2838 1428 2966 1490 τοὺς
3017 1426 3221 1480 αἰῶνας
3279 1425 3389 1478 τῶν
3435 1423 3670 1477 αἰώνων.

2102 1511 2297 1582 Ἀμήν.

409 1607 532 1663 dem
582 1609 914 1664 voluntatem
957 1609 1172 1664 ﬂectere
1230 1624 1338 1662 non
1410 1614 1607 1678 potest.
1656 1605 1996 1674 Quapropter
2057 1606 2316 1674 gehenna:
2392 1609 2570 1679 ignem
2619 1611 2939 1681 'graviorem
3008 1627 3174 1682 quam
3233 1611 3327 1682 qui
3370 1609 3533 1682 492
3589 1607 3674 1662 di~

409 1699 573 1755 vitem
650 1699 800 1754 illum
887 1701 1078 1755 Lazari
1129 1699 1502 1770 despectorem
1592 1695 1938 1759 combussit,
1993 1695 2308 1753 reformido.
2366 1700 2521 1766 Quod
2575 1703 2794 1773 quidem
2847 1719 2914 1758 ne
2967 1704 3222 1769 eveniat,
3293 1703 3670 1759 misericordia

409 1792 842 1848 misericordiam
895 1808 1304 1863 comparemus,
1357 1800 1415 1846 ut
1465 1799 1520 1845 et
1566 1798 1769 1844 aeterna
1819 1789 1962 1842 bona
2001 1803 2405 1861 consequamur
2433 1796 2490 1849 in
2539 1796 2760 1851 Christo
2816 1794 2944 1852 Jesu
2991 1795 3225 1851 Domino
3289 1807 3519 1857 nostro,
3581 1795 3669 1849 cui

409 1887 576 1958 gloria
611 1895 666 1942 et
703 1895 963 1958 potestas,
999 1904 1124 1943 cum
1157 1897 1362 1943 aeterno
1412 1886 1533 1956 ejus
1570 1883 1761 1948 Patre,
1797 1892 1850 1938 et
1919 1881 2231 1942 vivificante
2302 1887 2512 1960 Spiritu
2539 1931 2556 1956 ,
2598 1907 2744 1947 nunc
2789 1902 2845 1948 et
2915 1907 3131 1961 semper
3156 1933 3172 1959 ,
3251 1900 3306 1947 et
3359 1893 3414 1946 in
3471 1890 3671 1946 sa-cula

409 1979 753 2033 saeculorum.
791 1979 982 2032 Amen.

637 2112 733 2166 DE
760 2111 836 2166 οι
855 2111 1085 2166 VITIIS
1118 2111 1209 2165 ET
1244 2106 1752 2165 PAUPERTATE.

1019 2223 1247 2280 SER‘MO
1287 2223 1352 2278 Υ.

480 2338 531 2394 l.
560 2337 636 2409 (l)
661 2336 816 2392 Putei
834 2336 1010 2392 hausti
1044 2336 1667 2400 meliusscaturiunt,sic
1687 2341 1741 2391 et
1761 2333 1984 2397 divitiae,

2349 2115 2533 2167 ΠΕΡΙ
2569 2116 2892 2169 ΠΛΟΥΤΟΥ
2927 2117 3052 2170 ΚΑΙ
3088 2116 3388 2171 ΠΕΝΙΑΣ.

2702 2229 2925 2282 ΛΟΓΟΣ
2959 2227 3037 2286 Ε’.

2159 2332 2210 2385 1.
2253 2331 2333 2386 Τά
2365 2334 2575 2406 φρέατα
2607 2334 3028 2409 εξαντλούμενα,
3069 2336 3380 2410 εὐροὼτερα
3420 2341 3671 2410 γίνεταιο

405 2431 453 2485 si
499 2429 722 2484 stabiles
775 2428 920 2494 sint,
973 2427 1110 2482 nihil
1162 2436 1420 2498 prosunt;
1479 2427 1527 2482 si
1573 2433 1897 2480 moveantur
1932 2431 1979 2478 el

2084 2422 2179 2475 καὶ
2226 2423 2458 2478 πλούτου
2501 2427 2563 2480 τὸ
2610 2429 2708 2498 μὲν
2743 2431 3027 2500 στάσιμον,
3054 2429 3356 2502 ἄχρηστονο
3390 2431 3452 2484 τὸ
3490 2432 3549 2485 δὲ
3582 2451 3668 2486 κι-

407 2520 848 2584 transferantur,
904 2533 1254 2574 communem
1318 2518 1608 2572 utilitatem
1663 2522 1985 2587 promovent

405 2629 470 2668 ac
499 2613 738 2667 fructum
782 2611 985 2666 ferunt.
1035 2609 1114 2664 Ae
1154 2611 1342 2663 mirari
1387 2609 1607 2679 quidem
1653 2608 1784 2662 mihi
1815 2607 1982 2671 subit,

402 2705 679 2775 quomodo
735 2714 860 2774 post
898 2702 1228 2773 superﬂuam
1284 2710 1338 2757 et
1366 2702 1613 2756 inutilem
1667 2710 1980 2770 sumptuum

400 2799 883 2868 excogitationem,
930 2796 1008 2868 (2)
1041 2811 1164 2851 cum
1198 2797 1251 2849 in
1301 2803 1590 2850 sexcentos
1619 2811 1754 2849 usus
1789 2794 1982 2847 distra-

401 2895 504 2944 cta:
545 2889 747 2943 divitia:
794 2887 1107 2942 redundant
1147 2887 1350 2952 adhuc,
1399 2886 1454 2940 in
1496 2896 1640 2940 terra
1681 2885 1982 2939 detrudun-

401 2988 493 3035 tur
529 2997 556 3035 a
593 2979 923 3047 possidente,
953 2989 1008 3034 et
1061 2979 1116 3033 in
1169 2979 1373 3034 abditis
1419 2979 1556 3034 locis
1607 2985 1976 3032 asservantur.

401 3071 592 3142 Papaal
648 3079 936 3141 postquam
998 3068 1306 3122 innumeris
1333 3067 1654 3136 exsugitatis
1682 3065 1858 3120 modis
1885 3079 1982 3118 au-

401 3180 524 3220 rum
581 3164 870 3218 absumere
912 3179 1021 3217 non
1071 3161 1291 3232 potuit,
1349 3171 1479 3214 tunc
1514 3160 1645 3214 illud
1697 3160 1800 3215 sub
1831 3166 1979 3214 terra

399 3255 714 3312 occultavit.
755 3254 829 3325 (ὅ)
874 3252 1103 3308 Videtur
1139 3263 1322 3306 autem
1369 3250 1501 3304 mihi
1548 3250 1740 3304 vitium
1786 3250 1981 3302 animm

397 3347 582 3402 divitis
614 3386 629 3410 ,
684 3345 999 3400 helluouum
1054 3344 1188 3398 vitio
1221 3343 1396 3398 simile
1425 3381 1440 3403 ,
1497 3341 1590 3412 qui
1622 3341 1834 3394 malunt
1867 3354 1979 3410 pra:

2083 2514 2175 2567 νού
2183 2533 2342 2587 μενον
2359 2518 2436 2591 (8)
2453 2520 2546 2572 καὶ
2571 2521 2912 2590 μεταϐαῖνον,
2931 2521 3256 2592 κοινωφελές
3275 2539 3332 2575 τε
3351 2524 3446 2576 καὶ
3465 2523 3672 2596 ἐγκαρ-

2083 2625 2202 2662 πον.
2229 2609 2339 2662 Kal.
2369 2609 2670 2680 θαυμάζειν
2695 2629 2784 2683 μοι
2816 2612 3016 2680 ἔπεισι,
3046 2615 3164 2678 πῶς
3200 2615 3336 2686 μετὰ
3358 2614 3457 2688 τὴν
3482 2634 3673 2689 περιτ-

2080 2699 2178 2770 τὴν
2210 2700 2302 2752 καὶ
2335 2701 2608 2772 ἄχρηστον
2638 2703 2748 2756 τῶν
2798 2705 3169 2776 ἀναλωμάτων
3214 2705 3481 2772 ἐπίνοιαν,
3516 2709 3670 2761 ἐπει-

2079 2790 2175 2844 δὰν
2209 2794 2289 2854 είς
2320 2791 2485 2864 μυρία
2523 2792 2881 2858 διασπασθεὶς
2912 2797 2940 2848 ὁ
2973 2795 3200 2861 πλοῦτος
3229 2795 3309 2849 ἔτι
3342 2797 3668 2868 περισσεύῃ,

2082 2882 2222 2936 κατὰ
2251 2882 2353 2952 γῆς
2385 2882 2609 2937 ὠθεῖται
2636 2886 2788 2956 παρὰ
2815 2885 2911 2938 τοῦ
2939 2886 3172 2956 ἔχοντος,
3205 2887 3298 2941 καὶ
3333 2889 3392 2940 ὲν
3421 2889 3673 2960 ἀπορρή-

2079 2990 2189 3036 τοις
2217 2973 2565 3043 φυλάσσεται.
2600 2977 2806 3032 Βαὸαίί
2855 2979 2945 3033 ὅτε
2987 2979 3087 3032 οὐκ
3131 2977 3364 3050 ἠδυνήθη
3411 2981 3535 3044 ταῖς
3571 2997 3673 3050 μυ-

2081 3068 2226 3138 ρίαις
2261 3071 2527 3134 ὲπινοίαις
2571 3069 2950 3139 ὲκδαπανῆσαι
2982 3069 3072 3122 τὸν
3118 3069 3366 3131 πλοῦτον,
3415 3069 3541 3122 τότε
3568 3070 3669 3124 αύ-

2078 3159 2169 3213 τδν
2198 3162 2278 3224 είς
2303 3161 2400 3234 τὴν
2431 3162 2536 3232 γῆν
2559 3160 2934 3232 ἀπεκρύψατο.
2964 3162 3076 3214 Kal.
3104 3161 3253 3214 δοκεῖ
3279 3178 3368 3231 μοι
3401 3162 3464 3215 τὸ
3495 3160 3670 3219 πάθος⁹

2078 3251 2176 3320 τῆς
2201 3251 2294 3305 τοῦ
2321 3251 2576 3305 πλουσίου
2614 3251 2791 3322 ψυχῆς
2814 3250 2891 3322 τῷ
2912 3253 3018 3304 τῶν
3040 3253 3471 3323 γαστριμάργων
3496 3269 3669 3324 προσ-

2079 3344 2346 3408 εοικέναι,
2395 3345 2445 3398 οἳ
2497 3344 2864 3417 διαρραγῆναι
2913 3345 3113 3416 μᾶλλον
3164 3346 3268 3398 ὑπὸ
3327 3344 3670 3416 λαιμαργίας

399 3438 638 3509 ingluvie
687 3435 1000 3505 disrumpi,
1067 3451 1230 3504 quam
1277 3434 1474 3504 reliqui
1519 3432 1819 3502 quidquam
1874 3433 1978 3485 im-

2084 3436 2384 3506 αἱροῦνται,
2435 3437 2468 3506 ἦ
2503 3454 2553 3490 τι
2597 3437 2706 3491 τῶν
2745 3435 3012 3504 λειψάνων
3055 3436 3381 3507 μεταδοῦναι
3431 3439 3548 3499 τοῖς
3580 3438 3667 3489 ὲν-

397 3529 590 3600 pertiri
617 3529 924 3600 egentibus.
971 3528 1046 3598 (4)
1102 3526 1251 3582 Talis
1299 3535 1418 3582 erat
1471 3525 1560 3580 ille
1594 3526 1647 3579 in
1689 3523 1978 3594 Evangelia

395 3624 569 3678 dives.
621 3623 888 3678 Astabaut
933 3622 1028 3693 qui
1087 3621 1326 3675 animam
1379 3619 1497 3689 ejus
1541 3626 1873 3689 repeterent,
1925 3625 1979 3671 et

397 3715 488 3770 ille
517 3728 706 3770 secum
733 3713 1037 3768 disserebat
1065 3712 1133 3767 de
1163 3711 1457 3766 alimentis.
1490 3708 1605 3764 Hac
1659 3709 1778 3780 ipsa
1817 3714 1978 3762 nocte

397 3805 769 3875 abripiebatur
801 3843 817 3868 ,
864 3811 918 3859 et
947 3803 1014 3857 ad
1056 3804 1260 3858 multos
1317 3817 1492 3857 annos
1527 3817 1710 3857 rerum
1755 3817 1975 3870 posses—

395 3900 604 3955 sionem
667 3898 850 3951 animo
905 3896 1007 3951 sibi
1053 3895 1310 3966 fingebat.
1373 3894 1447 3965 (5)
1479 3893 1912 3964 lnsaniaingeus
1959 3895 1971 3947 l

397 3990 527 4045 dum
553 3989 770 4060 quidem
803 4005 996 4042 aurum
1034 3989 1088 4042 in
1134 3987 1365 4042 metallis
1395 3994 1549 4051 erat,
1588 3996 1785 4040 terram
1821 4000 1977 4039 scru-

399 4082 656 4136 tabatur:
711 4093 834 4132 cum
868 4085 1047 4131 autem
1078 4075 1189 4145 jam
1238 4077 1293 4128 in
1344 4073 1634 4144 propatulo
1692 4079 1773 4126 est
1802 4112 1817 4137 ,
1854 4085 1978 4124 rur-

397 4190 492 4231 sus
537 4173 668 4228 illud
710 4172 766 4225 in
812 4180 954 4226 terra
993 4166 1281 4223 abscondit
1313 4185 1326 4221 :
1371 4164 1566 4221 deinde
1599 4179 1794 4218 aurum
1823 4162 1975 4217 defo-

394 4265 564 4320 dienti
613 4265 832 4320 evenire
879 4261 1119 4315 arbitror
1150 4297 1166 4325 ,
1221 4266 1281 4312 ut
1341 4266 1396 4313 et
1451 4272 1546 4312 cor
1593 4271 1752 4310 suum
1809 4253 1972 4310 simul

394 4355 655 4410 defodiat.
706 4352 846 4406 Nam
873 4392 888 4417 ,
935 4351 1156 4422 inquit,
1208 4349 1299 4403 ubi
1326 4375 1332 4383 κ
1361 4349 1638 4402 thesaurus
1685 4357 1808 4401 tuus
1834 4387 1849 4414 ,
1895 4345 1972 4400 ibi

393 4455 440 4500 et
471 4461 563 4500 cor
585 4447 650 4499 ⁸³.
680 4443 758 4515 (6)
790 4444 924 4513 Age,
960 4443 1146 4514 igitur,
1181 4455 1215 4496 o
1241 4440 1414 4502 dives,
1445 4439 1664 4495 divitias
1685 4438 1834 4494 varie
1863 4437 1971 4492 dis-

394 4555 562 4611 pensa
590 4579 606 4604 ,
649 4538 761 4592 noli
797 4552 994 4608 magno
1045 4535 1280 4590 vendere
1307 4575 1323 4600 ,
1381 4548 1512 4589 cave
1546 4543 1828 4602 exspectes
1871 4546 1969 4585 an-

2078 3528 2240 3582 δεὲσι.
2273 3529 2522 3591 Τοιοῦτος
2561 3531 2588 3582 ὁ
2615 3531 2672 3583 ὲν
2705 3528 2783 3600 τῷ
2816 3529 3133 3600 Εὐαγγελίῳ
3171 3528 3444 3592 πλούσιος.
3485 3527 3668 3600 Παρέο

2080 3637 2284 3690 στησαν
2339 3623 2390 3674 οἱ
2436 3620 2536 3691 τὴν
2585 3619 2764 3691 ψυχὴν
2817 3621 3195 3686 ἀπαιτοῦντες,
3237 3621 3491 3683 κάκεῖνος
3540 3619 3669 3690 περὶ

2079 3711 2383 3783 βρωμάτων
2413 3714 2480 3783 τῇ
2511 3711 2656 3784 ψυχῇ
2683 3711 2969 3781 διελέγετο.
3002 3711 3187 3784 Ταύτῃ
3211 3714 3276 3782 τῇ
3305 3711 3462 3763 νυκτὶ
3493 3729 3669 3783 παρει-

2076 3803 2412 3874 λαμὸάνετο,
2463 3803 2559 3856 καὶ
2603 3807 2685 3867 είς
2724 3803 2818 3875 ἔτη
2849 3803 3018 3858 πολλά
3045 3802 3146 3874 τὴν
3175 3803 3476 3856 ἀπόλαυσιν
3506 3804 3671 3871 ἐφαν-

2081 3893 2300 3957 τάζετο.
2339 3893 2525 3948 Μανία
2565 3893 2746 3965 δεινή’
2779 3893 2884 3956 ἕως
2935 3894 3032 3964 μὲν
3077 3895 3135 3946 ὲν
3186 3890 3474 3964 μετάλλοις
3521 3887 3594 3962 ἦν
3640 3891 3669 3942 ὸ

2075 3988 2296 4058 χρυσὸς,
2346 3986 2621 4059 ἀνηρεύνα
2665 3987 2765 4057 τὴν
2811 3987 2947 4058 γῆν·
2997 3987 3086 4039 ὅτε
3133 3984 3366 4057 φανερὸς
3420 3983 3664 4052 ἐγένετο,

2075 4079 2239 4133 πάλιν
2267 4079 2430 4132 αὑτὸν
2475 4080 2534 4132 ὲν
2562 4082 2627 4150 τῇ
2662 4082 2731 4150 γῇ
2775 4076 3046 4147 ἀφανίζει.
3089 4074 3203 4130 Εἶτ’
3231 4073 3386 4148 οἶμαι
3431 4075 3668 4146 συμϐαί-

2074 4188 2188 4226 νειν
2236 4170 2312 4242 τῷ
2355 4170 2747 4242 κατορύσσοντι
2793 4169 2883 4222 τὸν
2919 4167 3168 4233 πλοῦτον,
3201 4165 3670 4238 συγκατορύσσειν

2075 4263 2170 4315 καὶ¹
2216 4261 2313 4334 τὴν
2364 4261 2628 4334 καρδίανο
2679 4261 2876 4315 ’Ὅπου
2930 4259 3040 4331 γὰρ
3088 4262 3121 4314 ό
3157 4257 3463 4326 θησαυρός
3523 4275 3667 4324 σου,

2073 4353 2258 4425 φησὶν,
2311 4353 2443 4408 ἐκεῖ
2481 4353 2579 4408 καὶ
2637 4353 2674 4421 ἡ
2729 4351 2964 4420 καρδία.
3017 4349 3190 4422 Δεῦρο
3240 4345 3355 4412 οὖν,
3405 4347 3667 4410 ποικίλως

2071 4445 2254 4500 διάθου
2283 4447 2373 4499 τὸν
2401 4445 2652 4509 πλοῦτον,
2687 4438 2732 4497 ὦ
2782 4443 3028 4497 πλούσιε.
3061 4443 3154 4513 Μὴ
3190 4439 3493 4512 βαρύτιμος
3535 4439 3663 4492 ἔσο·

2073 4540 2147 4610 μὴ
2194 4539 2432 4609 ἀνάμενε
2477 4539 2762 4602 σιτοδείαν,
2810 4538 2896 4590 ἵνα
2936 4535 3152 4607 ἀνοίξῃς
3199 4535 3534 4604 σιτοδοχεῖα·
3593 4533 3665 4604 μὴ

394 4645 550 4685 nonae
591 4630 910 4684 charitatem
942 4628 1008 4681 ad
1037 4627 1234 4681 horrea
1285 4623 1616 4696 aperienda;
1659 4639 1727 4678 ne
1769 4625 1965 4678 famem

2084 4631 2228 4702 uti)»;
2252 4631 2474 4701 ὲκδέχου
2502 4631 2588 4684 διὰ
2635 4629 2857 4702 χρυσὸν,
2909 4629 2983 4700 μὴ
3024 4627 3208 4698 κοινὴν
3237 4627 3448 4680 ἔνδειαν
3482 4627 3556 4680 δι’
3587 4626 3666 4680 εὖ-

393 4720 511 4773 auri
550 4734 754 4783 causa,
797 4718 1125 4773 neinediam
1183 4731 1527 4772 communem
1560 4716 1632 4770 ob
1696 4715 1961 4786 privatam

2084 4719 2264 4786 mpfav
2302 4719 2458 4772 ίδίαν.
2494 4719 2585 4790 Μὴ
2632 4719 2781 4788 γίνου
2824 4717 3068 4788 κάπηλος
3110 4717 3408 4788 συμφορῶν
3441 4716 3658 4790 ἀνθρω-

391 4825 554 4881 opum
605 4819 824 4864 tuarum
871 4809 1082 4880 copiam
1120 4808 1425 4878 opperiare.
1479 4805 1596 4861 Noli
1629 4806 1745 4862 fieri
1791 4823 1968 4879 caupo

2084 4809 2276 4862 πίνων·
2311 4809 2386 4880 μὴ
2414 4809 2512 4880 τὴν
2542 4807 2710 4879 ὀργὴν
2739 4807 2835 4860 τοῦ
2876 4805 3012 4860 Θεοῦ
3058 4807 3248 4879 καιρὸν
3297 4809 3536 4879 ποιήσῃς
3572 4824 3665 4860 πε-

391 4904 756 4957 liumanarum
798 4903 1217 4965 calamitatum;
1273 4916 1342 4955 ne
1383 4901 1519 4954 iram
1571 4901 1664 4956 Dei
1722 4904 1970 4957 occasio-

2084 4900 2318 4973 ριουσίας
2366 4899 2686 4972 χρημάτων.
2731 4898 2806 4952 Σὺ
2850 4897 2960 4970 γὰρ
3009 4897 3146 4969 πρὸς
3202 4899 3301 4969 μὲν
3332 4899 3428 4951 τὸν
3463 4899 3662 4971 χρυσὸν

392 5011 516 5049 nem
555 4993 751 5050 feceris
798 4992 1114 5064 aggerendae
1164 4992 1427 5062 pecuniae.
1470 4991 1553 5046 Tu
1587 4994 1731 5047 enim
1771 5010 1964 5048 aurum

2084 4991 2423 5055 ἀποϐλέπεις,
2473 4989 2564 5044 τὸν
2616 4989 2672 5042 δὲ
2719 4988 2949 5058 ἀδελφόν
2990 5005 3084 5040 σου
3135 4987 3197 5040 οὐ
3257 4989 3656 5060 προσϐλέπεις·

355 5163 360 5168 _
392 5087 609 5156 quidem
647 5085 906 5155 respicis,
960 5083 1054 5139 sed
1091 5083 1315 5138 fratrem
1357 5092 1511 5138 tuum
1551 5101 1657 5142 non
1691 5085 1920 5155 respicis
1951 5103 1966 5156 ;

2084 5082 2296 5139 καὶτοῦ
2340 5085 2438 5155 μὲν
2474 5083 2807 5154 νομίσματος
2839 5078 3220 5148 ἐπιγινώσκεις
3263 5081 3325 5134 τὸ
3373 5083 3657 5154 χάραγμα,

464 5241 507 5270 ⁶²
550 5237 744 5293 Matth.
774 5254 850 5303 v1,
891 5237 984 5292 2|.

462 5397 538 5463 (l)
570 5391 648 5450 Ex
684 5395 832 5448 hom.
865 5394 920 5447 in
949 5393 1079 5447 illud
1107 5391 1289 5458 Lucae,
1321 5391 1626 5458 Destruam,
1666 5393 1752 5447 48.
2145 5391 2222 5463 (ρ)
2263 5391 2338 5443 Ex
2369 5391 2515 5463 from.
2548 5387 2766 5463 in_il|l_t_d
2801 5386 2983 5452 Lucae,
3011 5386 3319 5450 Destruam,
3352 5385 3449 5441 46.

461 5457 538 5534 (2)
571 5464 651 5518 Ex
679 5465 824 5518 hom.
856 5465 909 5517 in
936 5463 1142 5534 divites,
1169 5463 1258 5518 54.
1339 5532 1356 5534 _

2257 5463 2349 5514 Τό.
2382 5459 2544 5534 Forte
2570 5457 2864 5534 τῷζξεὶυιτ.

462 5466 538 5534 (2)
571 5466 651 5518 Ex
679 5466 824 5518 hom.
856 5466 909 5517 in
936 5466 1142 5527 divites,
1169 5466 1258 5518 54.
2145 5466 2200 5532 (7
2257 5466 2349 5514 Τό.
2382 5466 2544 5514 Forte
2570 5466 2666 5528 τῷ.
2704 5466 2864 5512 Ent'r.

462 5535 539 5604 (3;
577 5533 653 5588 Ex
689 5537 836 5588 hom.
864 5535 921 5588 in
948 5533 1080 5588 illud
1113 5531 1295 5596 Lucae,
1331 5532 1633 5600 Des‘truam,
1663 5532 1752 5589 45.
2144 5466 2224 5601 (δὲ
2254 5526 2757 5604 Κρθούμενονηδίο
2786 5538 3019 5585 uteraue
3044 5524 3217 5583 codex
3244 5535 3298 5582 et
3319 5524 3512 5584 Basilii
3531 5539 3653 5583 con-

461 5597 537 5672 (4)
576 5605 710 5672 Ιίιίά·
1235 5671 1238 5672 ν
1619 5597 1627 5600 ’

2084 5597 2274 5657 textus.
2310 5597 2450 5655 Edili
2481 5597 2845 5669 κοινούμενον.

463 5671 541 5743 (5)
577 5671 655 5726 Ex
685 5675 832 5727 hom.
863 5675 916 5728 in
945 5672 1152 5738 divites,
1184 5671 1270 5726 54.
