3840 6226
250 325 392 380 Ηϋθ

1143 328 1379 386 SERMO
1427 327 1487 383 γ.
1525 358 1593 370 —-
1631 325 1721 382 DE
1760 321 2036 379 DlVlTllS
2073 324 2162 381 ET
2193 325 2676 384 PAUPERTATE.

3370 347 3507 397 ‘II‘IU

245 450 345 505 καὶ
374 449 467 504 τοῦ
497 450 724 522 δοκίμου
751 451 1047 522 διακρίνεις
1081 453 1141 506 τὸ
1171 452 1444 525 κίϐδηλον,
1481 451 1572 506 τὸν
1599 451 1655 505 δὲ
1679 445 1830 505 ἀδελ-

1929 457 1985 502 et
2022 450 2371 507 numismatis
2436 451 2655 520 quidem
2711 458 2894 508 notam
2929 458 3214 526 agnoscis,
3247 467 3302 515 et
3329 476 3359 514 a
3389 464 3506 518 sin-

247 541 349 612 φὸν
379 542 530 614 παρὰ
561 541 657 614 τὴν
697 541 888 615 χρείαν
918 541 1198 607 παντελῶς
1238 543 1473 612 ἀγνοεῖς.
1507 543 1616 596 Καὶ
1650 544 1683 612 ἠ
1730 541 1828 611 μὲν

245 633 470 706 εὔχροιά
519 653 579 689 σε
632 635 725 690 τοῦ
772 636 974 707 χρυσοῦ
1007 636 1288 709 ὑπερήδει,
1319 637 1444 700 ὅσος
1475 637 1532 690 δέ
1567 653 1650 690 σοι
1694 637 1827 691 ἀκο-

246 725 432 781 λουθεῖ
455 726 548 782 τοῦ
577 727 792 792 ἐνδεοῦς
814 729 843 781 ὀ
878 728 1201 799 στεναγμὸς,
1229 729 1288 782 οὑ
1319 727 1532 800 λογίζῃ.

314 988 370 1043 2.
411 990 520 1044 Καὶ
555 993 698 1057 τίνα,
737 995 924 1066 φησὶν,
954 997 1144 1064 ἀδικῶ,
1182 999 1423 1072 συνέχων
1448 1001 1517 1056 τὰ
1554 1003 1824 1074 ἐμαυτοῦ;

245 1081 399 1148 Ποῖα,
446 1085 566 1137 είπέ
603 1103 716 1157 μοι,
748 1090 976 1156 σαυτοῦ;
1014 1091 1180 1146 πόθεν
1219 1094 1359 1149 αὑτὰ
1401 1093 1579 1148 λαϐὼν
1612 1097 1692 1157 είς
1733 1097 1827 1150 τὸν

243 1176 361 1246 βίον
388 1180 753 1250 είσήνεγκας;
808 1183 1020 1256 Ὥσπερ
1050 1185 1117 1239 ἂν
1154 1186 1210 1239 εί
1243 1204 1328 1252 τις
1365 1189 1423 1241 ἐν
1457 1188 1668 1260 θεάτρῳ
1699 1188 1826 1243 θέαν

240 1270 592 1337 καταλαϐὼν,
630 1269 750 1329 εἶτα
781 1275 1019 1348 ἐξείργοι
1046 1279 1175 1342 τοὺς
1225 1279 1500 1347 ἐπιόντας,
1533 1280 1662 1336 ἴδιον
1706 1283 1828 1337 ἐαυ-

238 1359 334 1415 τοῦ
384 1364 586 1435 κρίνων
616 1367 680 1420 τὸ
721 1368 916 1433 κοινῶς
949 1372 1085 1424 πᾶσι
1133 1371 1276 1425 κατὰ
1319 1371 1419 1445 τὴν
1465 1375 1659 1446 χρῆσιν
1701 1392 1827 1446 προ-

238 1455 528 1526 κείμενον·
579 1459 813 1516 τοιοῦτοί
864 1464 970 1517 εἰσι
1021 1465 1114 1520 καὶ
1172 1466 1220 1519 οἱ
1265 1465 1530 1523 πλούσιοι,
1588 1469 1669 1523 Τὰ
1717 1472 1826 1542 γὰρ

239 1545 398 1597 κοινὰ
439 1551 938 1620 προκατασχόντες,
982 1553 1090 1609 ἴδια
1121 1555 1401 1612 ποιοῦνται
1434 1559 1521 1614 διὰ
1548 1559 1648 1632 τὴν
1692 1562 1826 1635 πρό-

236 1633 422 1706 ληψιν.
487 1637 642 1694 Ἐπεὶ
701 1644 750 1695 εί
795 1643 856 1698 τὸ
909 1646 1047 1716 πρὸς
1085 1649 1438 1720 παραμυθίαν
1483 1653 1582 1723 τῆς
1630 1633 1823 1709 ἑαυτοῦ

237 1728 429 1798 χρείας
460 1730 691 1795 ἕκαστος
736 1734 1118 1807 κομιζόμενος,
1153 1739 1212 1794 τὺ
1259 1743 1513 1814 περιττὸν
1557 1745 1708 1815 ἠφίει
1744 1745 1823 1818 τῷ

234 1817 494 1892 δεομένῳ,
549 1823 724 1889 οὐδεὶς
754 1827 854 1898 μὲν
893 1828 961 1881 ἂν
999 1825 1068 1900 ἦν
1098 1831 1372 1898 πλούσιος,
1414 1836 1590 1902 οὐδεὶς
1629 1838 1686 1892 δέ
1737 1817 1822 1894 ev;

233 1911 381 1984 δεής.
407 1915 540 1986 Οὑχὶ
590 1918 796 1988 γυμνὸς
814 1919 1076 1988 ὲξέπεσας
1098 1923 1196 1996 τῆς
1224 1928 1494 2000 γαστρός;
1525 1930 1586 1983 οὑ
1618 1932 1824 2002 γυμνὸς

235 2005 397 2060 πάλιν
431 2009 507 2072 είς
545 2009 646 2082 τὴν
682 2011 789 2082 γῆν
818 2014 1212 2089 ὑποστρέφειςς
1245 2020 1327 2075 Τὰ
1355 2021 1411 2075 δὲ
1446 2023 1689 2093 παρόντα
1739 2042 1822 2079 σοι

233 2097 432 2162 πόθεν;
464 2101 527 2154 El
555 2103 654 2173 μὲν
681 2105 791 2158 ἀπὸ
816 2111 1159 2180 ταυτομάτου
1190 2111 1370 2181 λέγεις
1393 2131 1406 2144 ·
1444 2115 1604 2180 ἄθεος
1633 2113 1704 2182 εἴ,
1748 2118 1822 2192 μὴ

233 2188 518 2260 γνωρίζων
547 2192 640 2245 τὸν
673 2193 956 2262 κτίσαντα,
992 2199 1127 2270 μηδὲ
1171 2201 1332 2273 χάριν
1363 2203 1504 2275 ἔχων
1544 2206 1623 2277 τῷ
1662 2188 1822 2262 δεδῲζ

233 2279 386 2332 κότι·
423 2282 471 2335 εί
511 2282 569 2336 δὲ
603 2284 882 2356 ὁμολογεῖς
912 2285 1050 2344 εἶναι
1094 2294 1242 2364 παρὰ
1268 2295 1424 2361 Θεοῦ,
1454 2297 1576 2350 εἰπὲ
1611 2298 1702 2352 τὸν
1734 2299 1822 2352 λό-

230 2387 330 2438 γον
359 2373 492 2443 ήμῖν
535 2373 603 2428 δι’
647 2375 706 2429 ὃν
732 2376 944 2443 ἔλαϐες.
987 2382 1078 2454 Μὴ
1107 2381 1290 2448 ἄδικος
1324 2387 1353 2439 ὁ
1376 2386 1528 2452 Θεὸς,
1560 2390 1588 2442 ὁ
1622 2391 1823 2456 ἀνίσως

231 2461 368 2531 ⁴ἡμῖν
400 2462 621 2534 διαιρῶν
666 2465 736 2519 τὰ
775 2467 870 2521 τοῦ
899 2468 1053 2539 βίους
1087 2471 1185 2525 Διὰ
1217 2472 1270 2526 τί
1306 2473 1370 2527 σὺ
1407 2475 1506 2545 μὲν
1549 2476 1820 2545 πλουτεῖς,

231 2552 440 2617 ἐκεῖνος
461 2553 518 2607 δὲ
552 2555 806 2624 πένεται;
835 2554 914 2613 Ἦ
943 2562 1161 2626 πάντως
1192 2564 1279 2618 ἵνα
1308 2565 1403 2618 καὶ
1433 2567 1495 2620 σὺ
1523 2571 1823 2643 χρηστότη-

228 2660 323 2707 τος
355 2645 449 2698 καὶ
504 2651 704 2734 πιστῆς
752 2653 1064 2724 οἰκονομίας
1113 2656 1305 2726 μισθὸν
1360 2659 1508 2734 δέξῃ,
1571 2663 1822 2730 κάκεῖνος

229 2731 346 2793 τοῖς
399 2733 658 2801 μεγάλοις
703 2735 890 2804 ἄθλοις
934 2741 1034 2812 τῆς
1077 2743 1355 2817 ὑπομονῆς
1403 2731 1632 2824 τιμηθῇ.
1681 2755 1820 2808 Ἀλλ’

229 2823 532 2891 ἀναγκαῖος
567 2827 596 2880 ὁ
637 2827 869 2895 πλοῦτος
900 2833 988 2888 διὰ
1025 2839 1151 2901 τοὺς
1188 2841 1404 2906 παῖδας.
1446 2823 1822 2918 Εὑπρόσωπος

229 2915 454 3011 ἀφορμὴ
494 2919 806 2989 πλεονεξίας
836 2925 998 2998 αὕτη.
1035 2929 1174 2994 Τοὺς
1203 2932 1312 3004 γὰρ
1344 2937 1542 3002 παῖδας
1575 2915 1820 3011 προϐάλ·

228 3007 410 3073 λεσθε,
443 3011 544 3084 τὴν
579 3012 640 3066 δὲ
677 3016 903 3088 καρδίαν
952 3019 1363 3095 πληροφορεῖτε.
1405 3028 1496 3101 Μὴ
1532 3007 1690 3086 αἰτιῶ
1726 3034 1818 3088 τὸν

1929 556 2059 597 cero
2111 543 2480 598 adulterinum
2541 543 2844 614 discernis,
2919 551 3142 608 fratrem
3205 570 3333 610 vero
3371 567 3507 612 tem-

1930 646 2064 703 pore
2097 637 2446 693 necessitatis
2474 655 2704 710 prorsus
2738 642 2976 713 ignoras.
3023 645 3104 701 Ac
3141 647 3348 704 nitidus
3384 651 3507 720 qui-

1927 723 2050 779 dem
2095 727 2217 781 auri
2262 729 2413 784 color
2469 732 2628 788 valde
2667 733 2960 789 admodum
3012 746 3066 791 te
3103 737 3380 807 oblectat,
3409 743 3505 798 sed

1927 825 2059 885 quot
2091 823 2146 872 et
2185 821 2373 888 quanti
2402 836 2697 893 egenorum
2730 826 2965 896 gemitus
3001 835 3054 884 te
3079 842 3504 902 prosequantur,

1929 922 2037 961 non
2074 919 2314 978 reputas.

1999 996 2055 1052 2.
2094 997 2169 1069 (2)
2209 999 2308 1055 Cui
2342 1042 2357 1064 ,
2421 1004 2600 1073 inquit
2633 1043 2648 1069 ,
2707 1004 2967 1076 injuriam
2999 1009 3141 1066 facio
3169 1051 3184 1076 ,
3222 1021 3350 1067 dum
3385 1030 3506 1070 mea

1927 1089 2183 1144 custodio
2216 1100 2270 1146 et
2321 1092 2555 1149 claudo?
2593 1095 2754 1162 Quae,
2819 1097 2910 1154 die
2951 1101 3130 1167 mihi,
3189 1111 3282 1158 tua
3335 1110 3508 1160 sunt?

1928 1181 2075 1236 unde
2108 1191 2330 1253 accepta
2364 1186 2420 1240 in
2468 1187 2636 1242 vitam
2677 1190 2957 1247 intulisti?
3027 1193 3190 1250 Velut
3245 1197 3291 1253 si
3342 1199 3506 1268 quis.

1928 1273 2051 1329 loco
2091 1275 2146 1329 in
2198 1277 2414 1333 theatro
2447 1278 2517 1334 ad
2575 1285 2932 1352 spectandum
2965 1296 3273 1358 occupato,
3312 1290 3512 1349 deinde

1928 1366 2299 1436 ingredientes
2329 1380 2535 1452 arceat,
2569 1375 2621 1429 id
2672 1378 2754 1431 sui
2791 1378 2964 1449 ipsius
2995 1382 3277 1453 proprium
3311 1393 3464 1440 ratus
3492 1427 3506 1451 ,

1927 1461 2070 1530 quod
2107 1462 2176 1516 ad
2232 1464 2477 1518 omnium
2534 1483 2884 1527 communem
2937 1489 3098 1529 usum
3145 1479 3507 1546 proponitur:

1927 1557 2064 1613 tales
2092 1574 2309 1631 quoque
2338 1561 2537 1619 divites
2569 1574 2723 1622 sunt.
2777 1565 2911 1622 Nam
2948 1572 3262 1624 communia
3302 1586 3512 1641 praeoc-

1925 1658 2222 1717 cupantes,
2282 1653 2504 1724 propria
2543 1656 2648 1710 sibi
2689 1656 2895 1713 faciunt
2947 1675 3013 1715 eo
3059 1660 3205 1730 quod
3233 1677 3512 1732 praeoccu-

1853 1789 1898 1847 Β
1929 1743 2196 1811 paverint.
2239 1743 2397 1810 Quod
2432 1746 2478 1802 si
2538 1763 2652 1804 sine
2699 1751 2935 1821 quisque
2993 1755 3305 1809 necessitati
3336 1754 3512 1810 suble-

1925 1833 2118 1890 vanda:
2149 1835 2200 1890 id
2225 1837 2390 1891 modo
2428 1840 2572 1908 quod
2617 1841 2751 1897 satis
2784 1853 2867 1898 est
2899 1852 3142 1915 caperet,
3169 1847 3353 1916 egenti
3378 1861 3512 1902 vero

1924 1927 2261 1998 relinqueret
2313 1931 2460 2000 quod
2499 1933 2836 2003 superﬂuum
2878 1943 2966 1991 est
2991 1976 3006 2001 ,
3050 1953 3213 1993 nemo
3239 1947 3391 1995 esset
3426 1940 3513 1995 di-

1926 2021 2036 2085 vis,
2076 2036 2282 2091 pauper
2335 2039 2518 2081 nemo.
2564 2024 2758 2082 Nonne
2819 2027 2999 2084 nudus
3050 2043 3302 2100 egressus
3349 2046 3411 2086 es
3443 2046 3511 2087 ex

1925 2122 2080 2169 utero
2101 2114 2125 2166 ?
2146 2130 2329 2171 nonne
2347 2115 2533 2172 nudus
2563 2116 2758 2172 iterum
2780 2118 2837 2173 in
2863 2125 3065 2174 terram
3097 2122 3388 2176 reverteris
3417 2121 3463 2155 ⁸³
3488 2123 3510 2176 '.'

1927 2203 2082 2260 Unde
2139 2214 2323 2262 autem
2360 2208 2456 2262 tibi
2488 2210 2782 2280 praesentia
2822 2212 3012 2266 bona?
3045 2212 3100 2267 Si
3148 2229 3179 2269 a
3205 2227 3335 2270 casu
3365 2216 3513 2272 dixe-

1925 2297 2038 2353 ris:
2078 2298 2277 2368 impius
2314 2315 2375 2356 es
2402 2342 2418 2368 ,
2459 2301 2553 2371 qui
2602 2301 2765 2374 493
2809 2319 2920 2358 non
2953 2320 3219 2374 agnoscas
3248 2306 3512 2363 Condito-

1924 2405 2061 2454 rem,
2129 2407 2310 2462 neque
2348 2394 2581 2463 gratiam
2614 2394 2819 2450 habeas
2865 2397 3155 2468 largitori;
3201 2400 3288 2454 sin
3341 2402 3512 2456 conti-

1924 2485 2060 2540 teris
2090 2501 2213 2541 esse
2241 2502 2269 2540 a
2300 2486 2432 2550 Deo,
2465 2487 2554 2542 dic
2578 2489 2740 2543 nobis
2765 2490 3036 2546 rationem
3079 2507 3181 2546 cur
3207 2496 3508 2564 acceperis.

1924 2574 2062 2630 Num
2106 2578 2345 2648 injustus
2398 2579 2542 2636 Deus
2580 2621 2595 2644 ,
2656 2581 2749 2652 qui
2809 2583 2968 2638 nobis
3015 2585 3358 2656 inaequaliter
3389 2587 3513 2642 vita:

1924 2671 2236 2726 necessaria
2276 2671 2604 2728 distribuit?
2660 2675 2773 2730 Cur
2819 2684 2876 2730 tu
2931 2678 3150 2748 quidem
3214 2680 3386 2748 dives,
3421 2683 3513 2737 ille

1924 2773 2103 2818 autem
2153 2766 2397 2835 pauper?
2426 2767 2623 2822 Annon
2655 2770 2865 2840 utique,
2914 2781 2974 2825 ut
3011 2783 3066 2827 et
3109 2780 3168 2827 tu
3206 2774 3514 2845 benignita-

1923 2857 1995 2910 tis
2022 2871 2086 2911 ac
2115 2857 2290 2912 ﬁdelis
2315 2857 2744 2930 dispensationis
2783 2865 3088 2920 mercedem
3131 2866 3372 2936 accipias
3405 2907 3420 2933 ,
3458 2879 3514 2924 et

1924 2949 2015 3005 ille
2058 2950 2271 3021 magnis
2309 2953 2587 3020 patientiae
2639 2954 2880 3024 praemiis
2915 2957 3195 3012 donetur?
3236 2959 3315 3032 (5)
3357 2958 3463 3016 Sed
3493 3001 3509 3026 ,

1925 3043 2130 3114 inquis,
2165 3046 2488 3101 necessariae
2517 3061 2648 3117 Opes
2682 3056 2811 3102 sunt
2848 3057 3072 3120 propter
3125 3051 3348 3108 liberos.
3387 3052 3514 3123 Spe-

229 3101 507 3158 ἀναίτιον⁸
544 3105 672 3162 ἴδιον
700 3107 811 3180 ἔχει
846 3113 1143 3186 Δεσπότην,
1182 3116 1310 3172 ἴδιον
1336 3121 1650 3194 οἰκονόμον·
1688 3141 1818 3202 παρ’

229 3187 288 3218 -1.
328 3194 400 3218 ιιι
441 3196 538 3218 _.L-_
593 3196 633 3218 y,
672 3198 692 3218 ι
777 3202 892 3218 ,κη-
1175 3210 1188 3218 .
1260 3211 1272 3218 .
1353 3211 1380 3218 ..
1468 3214 1477 3218 -

2002 3101 2017 3114 .
2117 3101 2128 3108 .
2554 3101 2570 3117 .
2690 3101 2701 3102 κ
2848 3101 3061 3120 tur---
3125 3101 3494 3123 ηηηυη-

1935 3137 2119 3193 ciosus
2183 3138 2270 3194 hic
2325 3141 2570 3194 avaritiae
2619 3149 2955 3212 praatextus;
3013 3144 3213 3201 liberos
3274 3162 3512 3218 namque

227 3187 290 3300 οὗ
327 3194 401 3265 (1)
440 3196 540 3269 τὴν
587 3196 733 3272 ζωὴν
773 3202 1014 3269 ἐδέξατο,
1056 3210 1188 3280 παρ’
1214 3211 1381 3265 αὑτοῦ
1423 3187 1529 3279 τὰς.
1564 3187 1822 3291 ἀφορμάς

1942 3187 2117 3193 -_-___
2183 3187 2269 3194 --η
2325 3187 2569 3194 _._-.-...
2620 3187 2955 3212 ...πη-...η
3013 3187 3213 3201 ..υωνυ
3274 3187 3508 3218 .......ι,...,

1925 3230 2284 3300 praetenditis,
2317 3233 2525 3287 interea
2561 3249 2693 3288 vero
2732 3235 3056 3292 satisfacitis
3087 3245 3270 3293 vestro
3303 3241 3508 3296 animo.

227 3283 549 3377 άναμενέτω
602 3290 699 3344 τοῦ
767 3292 907 3364 βίου.
977 3297 1071 3368 Μὴ
1131 3303 1244 3364 τοῖς
1291 3283 1685 3377 γεγαμηκόσιν·
1713 3283 1820 3368 οὑκ

111 3450 114 3452 γ
226 3374 446 3470 ἐγράφη
501 3383 570 3435 τὰ
613 3383 956 3454 Εὑαγγέλια;
1010 3393 1081 3444 El
1127 3390 1322 3461 θέλεις
1371 3374 1599 3466 τέλειος
1640 3399 1814 3470 εἶναι,

227 3467 527 3538 πώλησόν
553 3491 672 3530 σου
714 3480 787 3532 τὰ
827 3480 1201 3553 ὑπάρχοντα,
1247 3488 1348 3542 καὶ
1384 3489 1492 3557 δὸς
1535 3467 1812 3566 πτωχοῖςξ

229 3561 360 3616 Ὅτε
389 3563 540 3660 ῇτεις
582 3569 735 3642 παρὰ
775 3571 870 3626 τοῦ
904 3574 1038 3629 Θεοῦ
1068 3577 1165 3650 τὴν
1193 3581 1497 3651 εὐπαιδίαν,
1541 3587 1629 3640 ὅτε
1659 3561 1814 3660 Ζἠξίου

227 3655 483 3723 γενέσθαι
510 3661 716 3716 παίδων
749 3667 952 3738 πατὴρ,
989 3665 1098 3742 ἆρα
1133 3677 1474 3745 προσετίθεις
1501 3655 1816 3749 τοῦτοξλός

228 3765 321 3818 μοι
348 3749 536 3818 τέκνα,
576 3754 662 3809 ἵνα
690 3760 1023 3830 παρακοὺσω
1055 3763 1165 3819 τῶν
1189 3769 1418 3824 ἐντολῶν
1446 3790 1576 3840 σου;
1606 3775 1695 3839 δός
1724 3795 1813 3849 μοι

226 3840 416 3940 τέκνα,
467 3844 554 3898 ἵνα
599 3847 674 3920 μὴ
711 3850 902 3919 φθάσω
944 3855 1025 3920 εἰς
1057 3856 1156 3930 τὴν
1188 3859 1466 3930 βασιλείαν
1507 3866 1616 3922 τῶν
1649 3840 1814 3940 οὐρα-

226 3934 368 4001 νῶν;
419 3937 516 4003 Τίς
565 3940 623 3994 δὲ
671 3943 766 3996 καὶ
817 3945 1093 4021 ἐγγυητὴς
1138 3949 1289 4008 ἔσται
1340 3955 1441 4027 τῆς
1487 3958 1579 4012 τοῦ
1628 3934 1816 4028 «aiat;

224 4032 620 4101 προαιρέσεως,
676 4037 756 4091 ὅτι
805 4041 888 4104 είς
934 4040 1052 4097 δέον
1103 4046 1367 4117 χρήσεται
1415 4053 1528 4116 τοῖς
1575 4054 1810 4124 δοθεῖσι;

224 4121 453 4214 πολλοῖς
467 4125 575 4196 γὰρ
598 4128 627 4180 ὁ
658 4128 910 4196 πλοῦτος,
942 4134 1222 4208 ὑπηρέτης
1247 4139 1542 4208 ἀκολασίας
1575 4121 1810 4214 ἐγένετο.

224 4211 508 4312 ”ὐρα“οὖν,
545 4219 619 4291 μὴ
651 4223 788 4292 μετὰ
816 4226 1026 4296 μυρίων
1059 4229 1235 4286 πόνων
1260 4233 1352 4287 τὸν
1378 4211 1814 4312 πλοῦτον-ἀθροί-

225 4322 346 4372 σας,
378 4306 510 4381 ὖλην
535 4312 945 4386 ἁμαρτημάτων
978 4320 1188 4393 ἑτέροις
1219 4333 1664 4404 παρασκευάσῃς,
1695 4306 1813 4390 εἶτα

222 4400 458 4499 εὑρεθῇς
483 4404 646 4478 διπλᾷ
672 4411 1104 4482 τιμωρούμενος,
1136 4408 1212 4470 ὧν
1242 4435 1302 4471 τε
1332 4421 1496 4486 αὑτὸς
1522 4400 1808 4499 ἠδίκησας,

1922 3319 2042 3375 Noli
2084 3321 2298 3390 culpam
2340 3323 2566 3392 rejicere
2601 3323 2654 3377 in
2691 3325 2961 3380 insontem
2995 3343 3010 3392 ;
3072 3328 3354 3397 proprium
3405 3327 3512 3384 Do-

1921 3415 2129 3468 minum
2189 3415 2388 3480 habet,
2437 3418 2720 3486 proprium
2767 3427 3078 3474 rectorem:
3113 3435 3143 3472 a
3177 3437 3288 3490 quo
3340 3421 3508 3475 vitam

1921 3506 2162 3576 accepit,
2197 3507 2266 3561 ab
2297 3506 2418 3577 ipso
2473 3509 2600 3562 vitaz
2632 3509 2874 3564 subsidia
2911 3519 3214 3580 exspectet.
3265 3511 3407 3566 Num
3441 3513 3512 3568 iis

1920 3599 2014 3668 qui
2046 3599 2397 3653 matrimonio
2417 3599 2601 3670 juncti
2629 3608 2778 3666 sunt,
2809 3601 3010 3672 scripta
3033 3619 3141 3657 non
3170 3612 3299 3658 sunt
3333 3605 3511 3659 Evan-

1918 3690 2104 3761 gelia?
2148 3689 2207 3744 Si
2248 3692 2324 3745 vis
2353 3695 2617 3761 perfectus
2651 3710 2799 3760 esse,
2851 3695 3010 3749 vende
3055 3711 3171 3766 quae
3209 3698 3405 3765 habes,
3458 3707 3509 3752 et

1918 3784 1988 3837 da
2014 3786 2331 3853 pauperibus
2357 3786 2421 3842 ⁸⁵.
2463 3784 2601 3841 Cum
2629 3788 2838 3858 prolem
2880 3803 3231 3843 numerosam
3292 3796 3508 3859 peteres

1919 3889 1951 3927 a
1979 3872 2230 3940 Domino,
2277 3891 2404 3930 cum
2441 3892 2665 3948 rogares
2700 3887 2758 3932 ut
2790 3877 2952 3933 lieres
2995 3877 3294 3932 liberorum
3329 3889 3504 3948 pater,

1919 3964 2123 4020 illudne
2173 3965 2427 4020 addidisti
2462 3981 2476 4018 :
2512 3965 2589 4021 Da
2628 3967 2760 4022 mihi
2791 3968 3026 4033 liberos,
3062 3973 3155 4021 tua
3216 3977 3275 4023 ut
3308 3970 3507 4024 violem

1917 4059 2227 4130 prmcepta?
2286 4058 2363 4112 Da
2398 4058 2534 4114 mihi
2593 4059 2839 4115 sobolem
2865 4100 2881 4124 ,
2942 4069 3002 4115 ut
3031 4061 3098 4116 ad
3129 4076 3358 4131 regnum
3389 4075 3504 4114 coe-

1917 4147 2095 4203 lorum
2133 4164 2239 4203 non
2266 4151 2630 4221 perveniam?
2663 4151 2746 4205 Ad
2775 4152 2890 4206 haec
2915 4152 3218 4208 voluntatis
3250 4151 3344 4205 lilii
3376 4152 3502 4222 quis

1915 4239 2021 4293 erit
2074 4254 2346 4310 sponsor,
2404 4240 2552 4312 quod
2621 4241 2873 4297 videlicet
2915 4241 3059 4298 datis
3122 4243 3293 4298 rebus
3355 4252 3504 4298 recte

1916 4347 2118 4387 usurus
2159 4333 2273 4387 sit?
2319 4331 2456 4387 Nam
2495 4333 2699 4388 divitiae
2750 4335 2935 4390 multis
2965 4336 3227 4391 exstitere
3259 4336 3503 4391 libidinis

1916 4426 2218 4490 ministrae,
2279 4434 2446 4498 atque
2492 4427 2850 4498 impuritatis.
2894 4427 3032 4484 Vide
3082 4429 3249 4501 igitur
3309 4446 3378 4485 ne
3430 4430 3510 4484 di-

221 4495 320 4548 καὶ
356 4488 435 4550 ὧν
473 4497 660 4570 ἕτερον
705 4503 1027 4572 ὲφωδίασας.
1065 4510 1127 4562 Οἱ
1170 4512 1268 4581 μὲν
1301 4513 1410 4586 γάρ
1439 4486 1625 4582 παῖδες
1658 4486 1812 4592 παρ-ά

1925 4519 2084 4574 vitias
2141 4520 2431 4576 laboribus
2489 4521 2782 4591 permultis
2825 4533 3198 4590 coacervatas,
3241 4524 3363 4578 aliis
3389 4539 3506 4578 ma-

222 4588 429 4656 γονέων
488 4592 653 4664 μηδὲν
697 4595 1014 4668 δεξάμενοι,
1064 4601 1277 4667 ἑαυτοῖς
1326 4606 1584 4673 πολλάκις
1629 4588 1811 4678 οἴκους

221 4682 523 4756 ἐποίησαν’
573 4688 606 4759 ὴ
645 4686 790 4762 ψυχὴ
844 4691 902 4744 δὲ
951 4693 1106 4765 παρὰ
1150 4697 1244 4751 σοῦ
1291 4700 1806 4774 ἐγκαταλειφθεῖσα,

221 4775 380 4847 παρὰ
415 4777 561 4843 τίνος
594 4780 981 4854 ἐλεηθήσει-αις
1015 4787 1081 4841 Τί
1118 4791 1297 4844 τοίνυν
1327 4795 1580 4853 τοσοῦτον
1607 4800 1808 4873 ἐπτόη-

223 4884 317 4921 σαι
347 4869 476 4941 περὶ
504 4871 597 4926 τὸν
630 4875 866 4945 χρυσόν;

1913 4614 2107 4669 teriam
2173 4622 2523 4684 peccatorum
2601 4613 2809 4679 facias,
2889 4625 3186 4686 posteaque
3245 4615 3504 4686 plectaris

1912 4703 2116 4774 duplici
2156 4720 2340 4774 paena,
2401 4712 2516 4758 tum
2575 4707 2798 4760 nomine
2843 4721 3058 4771 eorum,
3094 4721 3215 4776 quae
3252 4706 3370 4776 ipse
3394 4707 3503 4762 ini-

1911 4813 2020 4868 que
2066 4799 2266 4868 egisti,
2301 4807 2414 4853 tum
2447 4813 2640 4852 eorum
2675 4839 2690 4862 ,
2725 4814 2850 4868 qua:
2883 4799 3022 4854 alter
3069 4801 3168 4855 abs
3197 4808 3250 4855 te
3277 4799 3500 4870 adjutus

1912 4891 2262 4962 perpetrarit.
2299 4889 2376 4963 (4)
2408 4889 2473 4944 Et
2528 4891 2749 4962 quidem
2807 4893 2985 4959 liberi,
3009 4894 3158 4948 nulla
3188 4910 3218 4948 a
3259 4895 3505 4964 parenti-

222 4965 329 5020 bus
367 4975 593 5038 accepta
657 4970 977 5031 haereditate
1013 5013 1028 5040 ,
1071 4976 1396 5051 plerumque
1432 4983 1679 5056 sibiipsis
1733 4990 1927 5048 domos
1994 4997 2311 5061 pararunt:
2365 4996 2422 5042 at
2474 4993 2583 5042 tua:
2657 4989 2896 5054 animae,
2942 4989 2988 5043 si
3020 5003 3142 5044 eam
3207 4989 3377 5045 semel
3407 5003 3502 5044 ne.

219 5063 420 5134 gligas,
451 5066 576 5135 quis
601 5066 990 5126 miserebitur?
1018 5070 1159 5139 Quid
1193 5076 1359 5147 igitur
1382 5086 1534 5136 tanto
1561 5098 1679 5140 auri
1711 5087 1988 5145 desiderio
2012 5085 2288 5141 aﬂiceris?

293 5159 349 5213 ὅ.
371 5159 488 5256 ΔΤίς
521 5161 1094 5256 καλλωπιστὴςᾼὴδυνή
1106 5170 1170 5241 θη
1203 5172 1332 5242 μίαν
1362 5177 1578 5250 ἡμέραν
1605 5181 1681 5253 τῷ
1708 5182 1810 5256 βίῳ

217 5246 575 5318 προσθεῖναι;
613 5267 758 5316 τινος
807 5251 1063 5322 ἐφείσατο
1112 5256 1342 5326 θάνατος
1379 5246 1487 5318 διὰ-
1510 5267 1602 5322 τὸν
1641 5246 1806 5325 liti-06'-

216 5357 348 5409 cov;
383 5342 529 5407 τίνος
570 5344 840 5416 ἀπέσχετο
871 5357 1025 5414 νοσος
1070 5350 1158 5405 διὰ
1206 5354 1276 5408 τὰ
1322 5358 1616 5430 χρήματα;
1659 5363 1808 5429 Ἕως

290 5499 339 5532 ⁸³
369 5498 473 5559 Job
500 5517 536 5568 I,
570 5503 662 5561 2i.
740 5507 788 5540 “
821 5508 1016 5565 Matth.
1051 5527 1172 5580 11x,
1205 5514 1299 5572 2L

291 5659 372 5748 (li
403 5664 546 5732 Hap’
697 5662 921 5748 Legitur
957 5671 1099 5748 apud
1119 5742 1133 5748 _
1151 5671 1584 5748 Basiliurn_1ca_ip’
1612 5677 1794 5748 ἄλλου,

217 5731 524 5815 ιιδίβξαει-τοίξ
550 5736 716 5815 code);
745 5731 1095 5815 Colbertinus
1119 5742 1278 5815 habet
1307 5743 1436 5815 παρ’
1469 5731 1551 5800 οῧῖ

289 5804 371 5876 (‘2)
401 5803 480 5862 Ex
512 5806 664 5866 hom.
701 5808 756 5866 in
796 5808 930 5866 illud
963 5808 1143 5882 Lucae,
1179 5803 1504 5888 Damnem,
1539 5818 1628 5873 49.

1987 5183 2042 5238 5.
2079 5183 2156 5250 (5)
2187 5181 2323 5248 Quis
2351 5195 2419 5238 ex
2450 5181 2520 5238 iis
2542 5183 2636 5254 qui
2669 5183 2793 5254 plus
2825 5198 2985 5255 aequo
3012 5183 3250 5239 vestium
3283 5183 3506 5255 elegan-

1916 5275 2050 5330 tiam
2099 5272 2392 5341 all‘ectant,
2431 5276 2609 5344 potuit
2660 5290 2826 5330 unam
2855 5277 3001 5332 diem
3040 5292 3154 5332 suae
3178 5277 3353 5347 ipsius
3380 5277 3506 5332 vita:

1917 5366 2204 5438 adjicere?
2268 5367 2358 5423 cui
2414 5369 2659 5440 pepercit
2691 5385 2843 5427 mors
2905 5370 2976 5426 ob
3025 5369 3353 5428 divitias?a
3391 5386 3503 5443 quo

2000 5748 2054 5814 4)
2093 5749 2248 5816 lbid.,
2276 5748 2366 5806 60.

2005 5678 2060 5814 5)
2094 5676 2175 5760 Er:
2193 5677 2348 5733 hom.
2375 5679 2429 5732 in
2455 5676 2664 5746 divites,
2697 5677 2786 5736 59.

2005 5751 2033 5804 4
2093 5749 2248 5814 11)ιά.,
2276 5748 2366 5806 60.

2005 5678 2060 5814 ὃ)
2094 5678 2175 5760 Eat
2193 5678 2348 5764 hom.

1976 5678 2053 5890 lg,
2090 5749 2250 5886 at:
2276 5748 2372 5876 az
