3840 6226
359 293 490 349 1171

1200 344 1209 351 .
1244 298 1606 359 APPENDIX.
1647 335 1717 347 —-
1758 306 2106 365 SYMEONIS
2145 308 2707 368 METAPHRAS'DE'

3488 315 3632 372 H79.

359 415 626 471 abstinuit
686 418 916 473 morbus
966 432 1135 476 causa
1179 421 1591 490 pecuniarum?
1647 422 1945 497 Usquequo

2057 429 2179 482 πότε
2226 430 2446 501 χρυσὸς,
2476 429 2587 483 τῶν
2617 431 2806 502 ψυχῶν
2845 433 2878 503 ἡ
2912 432 3138 503 ἀγχόνη,
3169 432 3263 487 τοῦ
3297 433 3530 487 θανάτου
3568 434 3632 486 τὺ

360 524 555 563 aurum
590 549 608 577 ,
652 511 963 568 animarum
1000 514 1270 584 laqueus,
1309 517 1504 572 mortis
1551 517 1748 573 hamus
1775 560 1789 584 ,
1824 536 1947 590 pec-

360 601 468 656 cati
507 603 803 659 illecebra?
834 605 1133 676 Quousque
1162 607 1367 663 divitiae
1418 610 1545 665 belli
1603 626 1793 676 eausa,
1822 614 1946 683 qui-

361 694 463 747 bus
523 694 835 750 conflantur
903 713 1053 752 arma
1090 740 1106 765 ,
1175 700 1377 769 quibus
1407 711 1683 757 acuuntur
1738 705 1942 773 gladii,

361 792 584 854 propter
638 802 779 856 quas
817 788 1036 857 cognati
1095 792 1351 859 ignorant
1400 798 1652 845 naturam
1696 811 1709 846 :
1748 792 1945 848 fratres

360 876 537 932 oculis
590 878 795 933 caedem
852 881 1192 949 spirantibus
1254 897 1377 938 sese
1438 882 1670 947 invicem
1722 886 1945 955 conspi-

359 969 549 1024 ciunt?
590 970 725 1037 Quis
758 979 845 1027 est
888 974 1164 1028 mendacii
1203 976 1400 1043 pater?
1435 977 1559 1046 quis
1600 974 1752 1031 falsa;
1808 979 1948 1033 scri-

360 1068 534 1129 ptura:
592 1060 829 1132 opifex?
886 1064 1012 1134 quis
1046 1081 1251 1135 parens.
1302 1067 1578 1138 periurii?
1630 1068 1823 1125 Nonne
1864 1071 1946 1125 di-

360 1156 556 1210 vitize?
603 1173 785 1212 nonne
850 1174 1041 1214 earum
1109 1161 1401 1215 studium?
1481 1160 1622 1229 Quid
1666 1162 1868 1227 facitis,
1912 1180 1947 1218 o

359 1248 652 1304 homines?
683 1252 808 1319 quis
844 1252 999 1307 vobis
1024 1293 1039 1315 ,
1075 1268 1196 1321 qua:
1224 1260 1407 1307 vestra
1441 1263 1595 1317 sunt,
1629 1255 1682 1309 in
1716 1255 1946 1311 insidias

359 1342 559 1396 vertit?
587 1343 748 1397 Absit
788 1346 933 1399 enim
987 1353 1047 1399 ut
1076 1346 1323 1415 pecuniae
1368 1346 1512 1401 data:
1563 1347 1675 1402 sint
1717 1346 1782 1400 ad
1827 1363 1946 1400 ma-

358 1435 535 1490 lorum
567 1435 1007 1493 incitamentum.
1052 1435 1375 1507 Redemptio
1425 1445 1555 1492 sunt
1589 1439 1803 1493 animae.
1840 1440 1949 1492 Ab-

357 1526 432 1581 sit
480 1526 629 1582 enim
683 1535 744 1581 nt
777 1528 998 1582 occasio
1043 1527 1155 1581 sint
1181 1528 1354 1583 exitii.
1400 1529 1477 1598 (l)
1534 1530 1747 1584 Etenim
1781 1529 1827 1584 si
1866 1529 1950 1581 di-

357 1618 503 1672 vitia:
556 1618 891 1673 adminicula
924 1629 1054 1674 sunt
1091 1620 1158 1675 ad
1216 1622 1540 1690 injustitiam
1568 1662 1582 1686 ,
1619 1622 1950 1677 miserabilis

356 1720 442 1767 est
493 1710 648 1766 dives
693 1728 706 1764 :
745 1712 830 1768 sin
868 1723 1049 1767 autem
1091 1713 1401 1768 inserviunt
1445 1714 1634 1769 virtuti
1696 1715 1950 1768 excolen—

2046 522 2360 594 ἄγκιστρον,
2410 523 2473 576 τὸ
2522 524 2623 595 τῆς
2678 526 2954 596 ἁμαρτίας
3009 526 3233 597 δέλεαρ;
3292 526 3440 590 Ἕως
3496 526 3633 579 πότε

2046 613 2297 679 πλοῦτος,
2343 616 2376 686 ἡ
2420 614 2514 668 τοῦ
2552 616 2789 687 πολέμου
2838 616 3114 681 ὑπόθεσις,
3161 618 3231 670 δι’
3262 616 3321 670 ὃν
3366 618 3637 671 ἀκονᾶται

2047 707 2209 777 ξίφη,
2266 706 2333 758 δι’
2386 705 2445 761 δν
2490 711 2775 776 συγγενεῖς
2822 709 3076 776 ἀγνοοῦσι
3124 709 3224 781 τὴν
3278 709 3476 778 φύσιν,
3537 710 3636 762 καὶ

2046 799 2268 869 ἀδελφοὶ
2315 802 2435 853 κατ’
2474 800 2718 873 ἀλλήλων
2759 802 2976 872 φονικὸν
3013 801 3303 872 βλέπουσις
3349 802 3448 866 Τίς
3484 803 3637 856 ἐστιν

2045 891 2074 942 ὁ
2104 888 2336 958 ψεύδους
2368 890 2585 961 πατήρ;
2621 891 2704 954 τίς
2731 893 2759 944 ό
2790 891 3233 962 πλαστογραφίας
3260 891 3636 963 δημιουργός;

2047 981 2129 1045 τίς
2160 983 2188 1034 ό
2218 981 2315 1052 τὴν
2347 981 2633 1052 ἐπιορκίαν
2663 984 2967 1052 γεννήσας;
3011 983 3122 1052 Ούχ
3162 984 3191 1035 ὁ
3220 982 3489 1048 πλοῦτος;
3536 985 3641 1053 οὐχ

2046 1078 2079 1144 ἠ
2131 1076 2261 1145 περ)¹
2291 1074 2481 1128 τοῦτον
2533 1075 2772 1146 σπουδή;
2830 1076 2895 1128 Τί
2930 1076 3190 1146 πάσχετε,
3241 1070 3286 1129 ὦ
3327 1076 3637 1148 ἄνθρωποι,

2047 1166 2130 1230 τίς
2160 1167 2289 1237 ὑμῖν
2333 1165 2404 1219 τά
2436 1165 2680 1237 ὑμέτερα
2722 1170 2802 1230 είς
2847 1167 2948 1237 τὴν
2988 1164 3109 1221 καθ’
3139 1168 3293 1237 ὑμῶν
3336 1168 3641 1239 ἐπιϐουλὴν

2049 1258 2445 1330 περιέστρεψες
2494 1259 2585 1331 Μὴ
2630 1259 2740 1332 γὰρ
2766 1260 2952 1329 ἐφόδια
2976 1261 3164 1314 κακῶν
3207 1260 3362 1333 ἐδόθη
3400 1261 3469 1314 τὰ
3494 1263 3641 1331 χρή-

2052 1368 2220 1422 ματα,
2250 1351 2444 1423 λύτρον
2479 1350 2692 1423 ψυχῆςς
2735 1351 2809 1423 μὴ
2846 1353 2955 1424 γάρ
2983 1353 3206 1424 ἀφορμὴ
3236 1352 3546 1417 ἀπωλείας;
3591 1353 3641 1404 εί

2052 1444 2151 1514 μὲν
2183 1444 2291 1515 γὰρ
2318 1443 2525 1513 ἐφόδιον
2556 1442 2695 1514 πρὸς
2721 1443 2934 1497 ἀδικίαν
2964 1448 2993 1498 ὁ
3036 1443 3283 1510 πλοῦτος,
3331 1444 3567 1506 ἐλεεινὸς
3609 1444 3642 1495 ό

2049 1534 2327 1588 πλουτῶν·
2369 1537 2419 1587 εἰ
2472 1535 2528 1588 δέ
2576 1536 2852 1607 ὑπηρεσία
2902 1535 3037 1607 πρὸς
3089 1535 3311 1608 ἀρετὴν,
3365 1536 3465 1588 οὐκ
3523 1535 3641 1604 ἔχει

2050 1622 2293 1696 χώρανὴ
2342 1624 2631 1695 βασκανία,
2674 1627 2861 1696 κοινῆς
2892 1630 2990 1697 τῆς
3029 1627 3127 1679 ἀπ’
3160 1626 3325 1679 αὐτοῦ
3367 1625 3642 1693 ὠφελείας

2051 1712 2221 1767 ἅπασι
2261 1714 2646 1785 προκειμένης.
2687 1715 2787 1768 Διά
2829 1716 2988 1768 τοῦτο
3031 1718 3301 1787 προσήκει
3329 1715 3540 1768 ἀπόντα
3578 1733 3640 1768 τε

357 1804 440 1859 da:
474 1844 488 1869 ,
544 1805 730 1860 nullus
776 1814 861 1860 est
917 1806 1075 1862 locus
1106 1806 1330 1861 invidia:
1360 1848 1376 1873 ,
1409 1822 1533 1861 cum
1564 1820 1755 1860 earum
1794 1821 1945 1859 com-

2057 1804 2126 1875 μὴ
2155 1803 2339 1857 ποθεῖν
2366 1805 2459 1858 τὸν
2492 1805 2741 1872 πλοῦτον,
2775 1807 2867 1859 κα)¹
2895 1808 3180 1877 παρόντος,
3223 1807 3296 1877 μὴ
3328 1806 3407 1877 τῷ
3434 1807 3643 1877 κεκτῆ-

358 1899 543 1954 munis
591 1900 801 1954 utilitas
856 1900 1114 1955 omnibus
1143 1907 1504 1969 proponatur.
1539 1898 1613 1969 (Ξ)
1649 1896 1945 1967 Propterea

358 2006 458 2060 par
487 1999 579 2047 est
613 1993 872 2048 absentes
911 2007 1022 2047 non
1060 1992 1387 2049 desiderare
1441 1991 1702 2057 divitias;
1737 1992 1784 2044 si
1817 2005 1946 2043 vero

358 2084 546 2139 adsint
577 2125 591 2149 ,
644 2101 755 2140 non
790 2084 967 2155 magis
1003 2086 1249 2155 ipsarum
1277 2085 1634 2155 possessione
1671 2083 1894 2154 gloriari
1931 2123 1946 2147 ,

358 2192 522 2247 quam
577 2177 811 2233 scientia
844 2178 1065 2233 easdem
1096 2177 1473 2247 dispensandi.
1537 2174 1674 2229 Nam
1720 2173 1945 2244 praecla-

360 2284 482 2322 rum
512 2275 598 2323 est
626 2269 761 2324 illud
808 2267 1056 2325 Socratis
1081 2311 1096 2335 ,
1128 2269 1221 2339 qui
1275 2267 1498 2323 divitem
1539 2265 1830 2338 quemdam
1860 2264 1948 2317 vi-

360 2372 487 2413 rum
544 2374 874 2430 magnopere
942 2359 1010 2415 de
1065 2360 1317 2430 pecuniis
1366 2357 1777 2429 superbientem
1839 2370 1949 2409 non

358 2451 522 2520 prius
552 2451 951 2507 admiraturum
996 2467 1056 2507 se
1089 2452 1263 2513 dixit,
1307 2465 1471 2521 quam
1514 2450 1631 2519 ipsa
1669 2449 1748 2502 rei
1784 2461 1951 2515 expev

360 2542 561 2596 rientia
589 2541 880 2598 didicisset
914 2558 1041 2599 eum
1096 2543 1164 2597 iis
1191 2542 1269 2597 uti
1301 2556 1488 2597 nosse.
1524 2540 1603 2611 ('5)
1636 2538 1772 2592 Nam
1810 2537 1951 2592 divi-

359 2632 449 2687 tiaa
477 2647 541 2687 ac
579 2632 728 2690 bona.
769 2633 1025 2689 valetudo
1082 2648 1462 2704 saepenumero
1517 2629 1726 2701 peccati
1776 2628 1953 2683 admi-

361 2730 562 2785 nistrat.
586 2738 759 2794 sunt,
812 2729 898 2785 his
942 2730 1035 2800 qui
1083 2730 1279 2784 horum
1362 2739 1594 2797 utroque
1650 2726 1974 2780 abutuntur.

360 2822 513 2876 omni
546 2821 689 2891 apud
718 2823 994 2892 sapientes
1030 2823 1346 2894 pretiosior.

433 2913 642 2986 5.95.4
658 2915 756 2985 .(5)
783 2916 890 2970 Sed
903 2916 1099 2971 horum
1124 2916 1261 2971 nihil
1280 2916 1664 2986 unusquisque
1689 2922 1947 2969 nostrum

362 3008 609 3077 cogitat;
650 3023 839 3061 verum
868 3008 1143 3062 hominem
1186 3008 1377 3063 videns
1425 3007 1752 3063 necessitate
1794 3020 1948 3074 pres—

2049 1895 2171 1948 σθαι
2196 1896 2394 1966 μᾶλλον
2417 1900 2653 1968 φρονεῖν,
2685 1898 2718 1968 ἢ
2749 1897 2827 1968 τῷ
2858 1898 3055 1952 εἰδέναι
3086 1899 3247 1951 αὐτὸν
3279 1898 3639 1952 διατίθεσθαι.

2046 1988 2120 2041 Τὸ
2151 1990 2259 2061 γὰρ
2283 1989 2376 2043 τοῦ
2405 1991 2730 2061 Σωκράτους
2751 1987 2811 2045 εὖ
2839 1991 2953 2061 ἔχει
2972 2010 2986 2023 θ
3019 1991 3099 2055 ὃς,
3132 1993 3278 2062 μέγα
3308 1991 3644 2062 φρονοῦντος

2047 2081 2304 2134 πλουσίου
2334 2081 2525 2153 ἀνδρὸς
2553 2083 2644 2136 ἐπὶ
2670 2086 2784 2147 τοῖς
2806 2086 3105 2155 χρήμασιν,
3137 2085 3199 2137 οὐ
3235 2086 3503 2157 πρότερον
3534 2086 3642 2139 αὖ-

2045 2173 2138 2226 τὸν
2173 2173 2477 2245 θαυμάσειν
2512 2175 2641 2247 ἔφη,
2670 2178 2798 2248 πρὶν
2829 2178 2896 2230 ἂν
2941 2178 3033 2230 κα).
3059 2178 3141 2230 ὅτι
3175 2176 3477 2249 κεχρῆσθαι
3509 2177 3641 2230 τού-

2046 2280 2160 2327 τοις
2209 2265 2498 2320 ὲπίσταται
2544 2268 2893 2340 πειραθῆναι.
2946 2269 3003 2323 Ὀ
3052 2269 3161 2341 γάρ
3202 2269 3432 2334 πλοῦτος
3476 2271 3575 2324 καὶ
3608 2272 3642 2341 ἡ

2049 2357 2249 2424 ὑγίεια.
2282 2359 2558 2430 ὑπηρεσία
2591 2360 2853 2424 πολλάκις
2894 2361 3029 2433 πρὸς
3073 2362 3348 2432 ἁμαρτίαν
3390 2365 3507 2426 τοῖς
3540 2381 3645 2417 κα-

2048 2448 2161 2514 κῶς
2211 2452 2515 2522 χρωμένοις
2566 2452 2771 2507 τούτων
2823 2454 3040 2525 ἑκάστῳ
3087 2455 3319 2523 γίνεται.
3370 2456 3541 2508 Πενία
3585 2456 3645 2509 δὲ

2053 2542 2192 2613 μετά
2221 2542 2483 2614 ἀληθείας
2526 2544 2625 2616 (6),
2659 2546 2841 2617 πάσης
2875 2546 3229 2611 ἀπολαύσεως
3270 2551 3383 2610 τοῖς
3419 2565 3643 2620 σωφρο-

2050 2628 2201 2684 νοῦσι
2233 2634 2556 2704 τιμιωτέρα.

2051 2725 2129 2796 (4)
2177 2725 2481 2798 Paupertas
2538 2740 2722 2788 autem
2775 2732 2901 2788 cum
2970 2734 3242 2801 veritate,
3281 2736 3643 2806 possessione

2125 2907 2179 2965 4.
2235 2911 2376 2965 Ἀλλ’
2404 2913 2555 2967 οὐδὲν
2595 2914 2799 2969 τούτων
2829 2916 3058 2980 ἕκαστος
3084 2916 3239 2988 ὑμῶν
3275 2919 3484 2971 ὲννοεῖ·
3526 2918 3642 2973 ἀλλ’

2053 3002 2200 3075 ὁρῶν
2224 3005 2330 3058 ὑπὸ
2360 3007 2458 3075 τῆς
2485 3008 2729 3079 ἀνάγκης
2756 3009 2927 3079 ἄνδρα
2958 3010 3512 3081 κατακαμπτόμενον,
3538 3012 3639 3081 πρί-

365 3114 513 3165 sum,
561 3098 795 3169 genibus
845 3099 1194 3169 provolutum
1238 3114 1304 3154 ac
1364 3098 1708 3168 supplicem,
1748 3095 1946 3167 ecquid

2057 3098 2159 3151 τῶν
2201 3099 2445 3168 γονάτων
2478 3102 2809 3165 ἱκετεύοντα,
2854 3103 2907 3156 τί
2955 3103 3016 3156 οὐ
3061 3102 3317 3156 ποιοῦντα
3362 3104 3638 3169 ταπεινὸν,

364 3209 476 3249 non
523 3193 726 3248 humile
790 3191 1080 3248 facientem
1112 3235 1129 3259 ,
1180 3200 1241 3246 ut
1285 3193 1371 3247 vel
1427 3192 1615 3247 fenore
1667 3190 1949 3244 medeatur

364 3286 565 3356 inopiae
596 3328 611 3351 ,
664 3294 987 3341 nontamen
1034 3287 1155 3353 ejus
1205 3285 1497 3341 miseretur
1542 3285 1780 3339 adversa
1813 3297 1951 3352 prae-

367 3384 453 3431 ter
488 3378 744 3432 meritum
795 3377 1016 3431 fortuna
1062 3376 1305 3441 utentis;
1345 3376 1441 3431 sed
1471 3373 1782 3430 inﬂexibilis
1815 3379 1948 3437 stat,

368 3475 422 3524 et
452 3469 815 3539 implacabilis
842 3510 857 3533 ,
898 3468 1050 3539 jurat
1072 3509 1086 3531 ,
1122 3483 1185 3522 ac
1217 3469 1321 3524 sibi
1363 3468 1503 3522 male
1550 3473 1808 3536 precatur
1842 3464 1949 3520 nisi

368 3577 600 3633 prorsus
637 3563 901 3633 indigeat,
949 3577 1013 3617 ac
1042 3562 1159 3631 ipse
1188 3562 1353 3617 etiam
1382 3559 1791 3628 circumspiciat
1817 3571 1949 3610 num

366 3672 531 3727 quem
583 3665 783 3711 mutuo
826 3656 1048 3711 dantem
1091 3655 1378 3720 inveniat,
1421 3667 1485 3706 ac
1549 3651 1712 3707 ﬁdem
1741 3650 1950 3705 iaciens

364 3749 653 3804 mendacio
701 3765 798 3819 per
843 3749 1197 3818 juramenta,
1241 3748 1545 3817 perjurium
1585 3761 1686 3799 ceu
1747 3743 1950 3799 malum

365 3842 660 3911 quemdam
692 3852 745 3895 et
797 3841 1155 3896 adventitium
1219 3840 1640 3895 inhumanitatis
1679 3845 1947 3908 qmestum

366 3933 623 4003 acquirit.
683 3932 788 3990 Sed
823 3935 915 3989 ubi
961 3936 1053 4004 qui
1095 3943 1345 3988 mutuum
1404 3932 1641 4002 qumrit,
1701 3929 1951 3985 meminit

369 4027 599 4089 fenoris,
641 4033 694 4083 et
727 4044 924 4083 nomen
956 4028 1200 4099 pignoris
1234 4028 1498 4098 protulit,
1529 4035 1660 4081 tunc
1708 4024 1950 4079 demisso

367 4119 664 4188 supercilio
718 4120 996 4185 subridet,
1053 4129 1216 4188 atque
1258 4127 1513 4188 paternae
1564 4116 1818 4171 amicitiae
1864 4132 1949 4171 re-

368 4210 533 4265 fricat
582 4213 944 4276 memoriam,
997 4227 1061 4266 ac
1108 4211 1432 4267 familiarem
1478 4218 1532 4265 et
1576 4210 1812 4264 amicum
1862 4225 1952 4278 ap-

366 4306 553 4375 pellat.
610 4305 676 4360 Et
730 4306 1071 4371 videbimus,
1129 4304 1347 4375 inquit,
1407 4303 1587 4360 sicubi
1649 4303 1948 4373 quidquam

366 4398 701 4452 recondatur
738 4397 946 4468 argenti
993 4397 1137 4466 apud
1194 4413 1317 4451 nos.
1386 4394 1700 4465 Depositum
1762 4394 1951 4461 utique

2059 3191 2146 3245 ἵνα
2188 3193 2293 3246 κᾶν
2335 3193 2531 3265 δανείῳ
2574 3194 2672 3266 τὴν
2717 3196 2953 3267 ἀπορίαν
3004 3196 3493 3268 παραμυθήσηται,
3544 3198 3639 3249 οὐκ

2057 3281 2198 3335 ἐλεεῖ
2230 3285 2363 3355 παρ’
2400 3283 2557 3348 ἀξίαν
2598 3286 2906 3356 πράττοντα
2929 3304 2942 3316 ⁸
2970 3286 3086 3341 ἀλλ’
3111 3287 3402 3358 ἄκαμπτος
3440 3288 3640 3358 ἕστηκε

2057 3377 2153 3431 καὶ
2184 3377 2521 3448 ἀμείλικτος,
2551 3377 2914 3452 ἐξομνύμενος
2934 3382 3026 3435 καὶ
3050 3380 3403 3453 ἐπαρώμενος
3440 3381 3640 3453 ἐαυτῷ,

2056 3464 2091 3540 ἦ
2122 3469 2226 3541 μὴν
2250 3472 2478 3542 ἀπορεῖν
2501 3472 2780 3537 παντελῶς
2820 3475 2916 3527 καὶ
2953 3477 3307 3545 περισκοπεῖν
3335 3473 3429 3528 καὶ
3460 3473 3641 3541 αὐτὸς,

2057 3562 2110 3615 εῐ
2143 3579 2265 3617 τινα
2299 3564 2449 3634 εὖροι
2486 3564 2598 3618 τῶν
2631 3565 3006 3630 δανειζόντων,
3047 3566 3143 3620 καὶ
3180 3565 3545 3637 πιστούμενος
3583 3565 3643 3619 τὸ

2055 3651 2252 3721 ψεῦδος
2303 3654 2393 3707 διά
2441 3654 2550 3707 τῶν
2595 3656 2794 3727 ὅρκων,
2843 3658 3009 3711 κακὸν
3053 3658 3501 3729 παρεμπόρευμα
3546 3658 3643 3729 τῆς

2058 3746 2459 3819 ἀπανθρωπίας
2482 3749 2583 3820 τὴν
2613 3749 2899 3820 ἐπιορκίαν
2922 3751 3428 3821 προσκτησάμενος.
3469 3750 3646 3802 Ἐπει-

2057 3836 2153 3890 δάν
2182 3838 2239 3891 δὲ
2267 3841 2299 3892 ἁ
2333 3838 2512 3910 ζητῶν
2548 3840 2610 3893 τὸ
2650 3839 2878 3907 δάνειον,
2908 3843 3085 3896 τόκων
3115 3842 3350 3914 μνησθῇ,
3383 3845 3480 3896 καὶ
3507 3844 3642 3895 ὑποε-

2059 3930 2231 4000 θήκας
2256 3932 2530 4005 ὀνομάσῃο
2567 3934 2688 3987 τότε
2730 3933 3057 3988 καταϐαλὼν
3081 3935 3180 4007 τὴν
3219 3936 3414 4007 ὀφρὺν,
3443 3954 3644 4008 προσε-

2062 4022 2328 4092 μειδίασε,
2359 4026 2453 4078 καί
2483 4043 2584 4080 που
2619 4027 2712 4079 καὶ
2753 4027 3012 4098 πατρῴας
3041 4029 3220 4098 φιλίας
3246 4027 3517 4099 ἐμνήσθη,
3551 4031 3646 4082 καὶ

2061 4116 2265 4186 συνήθη
2314 4111 2456 4180 εἷπε,
2506 4118 2599 4170 καὶ
2639 4117 2822 4187 φίλοψ
2872 4118 2968 4170 καὶ⁹
3031 4118 3306 4189 ὀψόμεθα,
3343 4119 3531 4190 φησὶν,
3568 4117 3646 4172 εῖ-

2059 4224 2162 4260 που
2194 4206 2245 4261 τί
2281 4207 2429 4261 ἐστιν
2474 4210 2605 4278 ἡμῖν
2644 4208 3007 4279 ἀποκείμενον
3051 4208 3337 4280 ἀργύριον.
3387 4210 3547 4261 Ἔστι
3586 4209 3645 4261 δὲ

2058 4302 2500 4374 παρακαταθήκη
2544 4302 2699 4371 φίλου
2726 4302 2918 4372 ἀνδρὸς
2952 4301 3038 4354 ἐπ’
3065 4300 3297 4373 ἐργασίᾳ⁵
3324 4299 3649 4370 παραθεμέ-

2057 4412 2148 4450 νου
2191 4397 2344 4467 ἡμῖν.
2410 4394 2550 4447 Ἀλλ’
2596 4395 2803 4456 ἐκεῖνος
2853 4392 2954 4464 μὲν
3004 4392 3189 4463 βαρεῖς
3225 4393 3283 4443 ὲν
3326 4389 3478 4461 αὐτῷ
3517 4389 3648 4451 τοὺς

364 4490 452 4543 vir
487 4492 699 4545 amicus
748 4490 909 4545 nobis
974 4498 1223 4560 quastus
1278 4505 1409 4558 ergo
1447 4485 1808 4542 concredidit.
1845 4484 1950 4540 Ve-

2057 4488 2248 4551 τόκους
2293 4486 2524 4559 ὥρισεν·
2576 4489 2740 4557 ἡμεῖς
2780 4485 2838 4538 δὲ
2897 4485 3117 4547 πάντως
3167 4482 3516 4553 ἐπανήσομέν
3564 4498 3643 4542 τι,

363 4598 489 4637 rum
556 4584 648 4637 ille
696 4600 891 4653 graves
955 4598 1153 4638 usuras
1206 4592 1409 4636 mutun
1452 4579 1696 4650 pecuniae
1743 4578 1950 4649 exigit:

367 4675 462 4731 sed
510 4692 613 4732 nos
663 4675 910 4746 profecto
954 4676 1163 4746 aliquid
1205 4675 1589 4736 remittemus,
1644 4678 1698 4726 et
1752 4671 1955 4725 minori

364 4771 546 4825 daturi
600 4786 794 4825 sumus
851 4770 1059 4825 fenore.
1110 4768 1261 4823 Talia
1323 4766 1686 4837 conﬁngens,
1742 4765 1957 4821 verbis-

364 4876 472 4929 que
504 4859 777 4929 ejusmodi
812 4859 1095 4914 blanditus
1126 4858 1328 4913 misero
1363 4873 1428 4912 ac
1453 4857 1831 4919 lenocinatus,
1862 4855 1955 4909 ubi

366 4953 519 5006 illum
563 4951 893 5023 syngraphis
950 4952 1296 5014 obstrinxit,
1366 4959 1531 5021 atque
1561 4992 1575 5014 ,
1623 4958 1820 5021 praeter
1864 4967 1957 5004 ur-

365 5052 584 5111 gentem
624 5044 904 5113 inopiam,
960 5043 1268 5098 libertatem
1320 5043 1485 5097 etiam
1531 5044 1650 5097 viro
1690 5042 1952 5101 abstulit,

362 5134 499 5190 abit.
544 5134 689 5201 Quid
743 5136 891 5205 agis,
960 5135 1171 5190 miser?
1225 5135 1558 5205 pecuniasne
1583 5140 1639 5189 et
1686 5142 1953 5205 quaestum

364 5228 435 5282 ab
510 5228 791 5299 indigente
841 5228 1146 5298 postulas?
1220 5227 1278 5282 Si
1331 5236 1381 5283 te
1443 5227 1697 5282 ditiorem
1774 5233 1956 5283 posset

439 5473 515 5549 (ί)
550 5474 626 5549 ξι(
659 5476 809 5529 hom.
839 5475 916 5549 De
943 5477 1162 5549 invidia,
1193 5477 1282 5549 96.

438 5545 516 5611 (‘2)
556 5545 630 5618 ξξκ
666 5561 833 5618 serm.
876 5546 952 5599 De
982 5548 1213 5616 legendis
1248 5546 1397 5601 libris
1421 5548 1721 5618 gentilium,
1758 5547 1875 5602 l85.

440 5618 517 5687 (li)
551 5615 635 5687 Ex
670 5617 820 5687 hom.
861 5618 914 5670 in
941 5615 1087 5687 paul.
1116 5635 1155 5680 ι,
1188 5618 1279 5673 92.

439 5685 516 5752 (ιι)
551 5684 629 5738 Ex
667 5686 815 5740 hom.
850 5684 1011 5740 vll'iu
1044 5686 1324 5754 Hexacm.,
1367 5688 1454 5745 65.

442 5756 519 5825 (5)
551 5754 628 5811 Ex
661 5757 807 5812 hom.
838 5758 891 5811 in
913 5773 994 5826 ps.
1027 5774 1138 5825 7m,
1169 5758 1290 5814 107.

2058 4580 2151 4633 καὶ
2180 4580 2427 4633 ἐλάττοσι
2451 4579 2629 4642 τόκοις
2658 4578 2921 4649 δώσομεν.
2952 4576 3190 4630 Τοιαῦτα
3219 4591 3644 4645 κατασχηματι-

2058 4672 2302 4742 ζόμενος,
2330 4672 2423 4725 καὶ
2446 4671 2708 4734 τοιούτοις
2730 4670 2912 4738 λόγοις
2932 4669 3236 4723 ὑποσαίνων
3260 4668 3354 4721 καί
3374 4664 3648 4729 δελεάζων

2057 4764 2148 4818 τὸν
2182 4764 2384 4826 ἄθλιον,
2417 4762 2818 4837 γραμματείοις
2843 4761 3004 4816 αὑτὸν
3031 4758 3508 4831 προσκαταδήσας,
3553 4758 3648 4810 καὶ

2059 4856 2193 4927 πρὸς
2223 4857 2289 4925 τῇ
2336 4853 2717 4924 καταπονούσῃ
2754 4852 2913 4923 πενίᾳ
2942 4851 3022 4903 ἐτι
3051 4852 3146 4904 καὶ
3189 4848 3287 4920 τὴν
3327 4848 3646 4919 ἐλευθερίαν

2056 4947 2150 5001 τοῦ
2184 4948 2377 5019 ἀνδρὸς
2402 4946 2736 5018 ἀφελόμενος
2762 4944 2956 5017 ᾤχετο.
2986 4944 3051 4997 Τί
3081 4946 3275 5007 ποιεῖς,
3299 4941 3483 5007 illius;
3508 4944 3645 5013 χρή-

2061 5058 2205 5111 ματα
2253 5041 2348 5094 καὶ
2395 5040 2596 5111 πόρους
2637 5039 2915 5109 ἐπιζητεῖς
2956 5038 3109 5112 παρά
3146 5036 3242 5090 τοῦ
3280 5036 3528 5108 ἀπόρους
3580 5038 3643 5095 Εἰ

2058 5128 2454 5200 πλουσιώτερόν
2499 5147 2557 5183 σε
2603 5129 2680 5199 (7)
2722 5130 3046 5198 ἀποφαίνειν
3090 5128 3329 5189 ἐδύνατο,
3361 5128 3415 5180 τί
3459 5128 3643 5198 ἐζήτει

2059 5223 2209 5295 παρὰ
2254 5222 2355 5286 τὰς
2384 5221 2555 5291 θύρας
2593 5220 2691 5283 τὰς
2736 5221 2869 5285 σάς;
2896 5222 2960 5275 Ὢ
2999 5221 3099 5289 τῆς
3140 5221 3462 5291 συμφορᾶςὶ
3521 5222 3644 5273 Ἐπὶ

2130 5471 2208 5543 (6)
2247 5471 2410 5525 Μετὰ
2446 5464 3011 5543 ἀληθείαςζίιεείιυτ
3053 5466 3107 5518 in
3136 5472 3401 5519 contextu
3453 5462 3641 5543 Basilii

2060 5537 2200 5612 μετά
2227 5541 2558 5612 αὐταρκείας
2586 5538 2842 5608 ἀληθοῦς,
2871 5553 2991 5590 cum
3019 5551 3197 5589 rerum
3219 5537 3641 5589 necessariarum

2055 5630 2688 5755 ω’(θΐηλουσιώτερρφς
2707 5696 2801 5734 σε.
2840 5678 2929 5755 Sic
2961 5676 3148 5755 _Basili_i
3182 5682 3642 5755 contextus,.m_e-

2057 5745 2164 5812 lius
2182 5745 2353 5811 multo
2380 5769 2541 5827 quam
2561 5745 2690 5809 editi
2722 5751 2897 5809 nostri
2917 5746 3315 5818 πλουσιώτερόν
3342 5761 3436 5800 σου
3455 5745 3637 5803 αὐτόν.
