3840 6226
218 315 355 370 1175

1059 322 1293 384 SERMO
1334 328 1397 383 V.
1437 358 1511 374 —
1545 330 1635 385 DE
1672 332 1948 388 DIVITIIS
1985 333 2074 388 ET
2112 330 2593 388 PAUPERTATE.

3327 334 3466 382 11⁵14

215 426 537 518 συμμαχίαν
585 428 755 485 ἐλθὼν
821 433 1075 505 πολέμιον
1126 433 1314 511 εὗρεν·
1370 444 1790 518 ἀλεξιφάρμακα

1892 448 2164 514 reddere,
2217 446 2349 517 quid
2402 446 2471 500 ad
2522 453 2646 500 tuas
2704 458 2904 514 Januas
2964 444 3366 516 quaesivisset?
3421 443 3466 498 Ο

220 515 550 606 περιζητῶν,
584 517 932 593 δηλητηρίοις
956 526 1287 600 (ηιὲνέτυχε.
1308 533 1436 587 Δέον
1449 515 1788 606 παραμυθεῖ-

218 602 342 655 σθαι
384 605 476 658 τοῦ
519 607 711 679 ἀνδρὸς
740 610 839 682 τὴν
881 616 1172 686 πτωχείαν,
1223 620 1287 673 σὺ
1319 620 1376 674 δὲ
1422 602 1789 679 πολυπλασιά-

213 692 328 757 ζεις
374 694 475 765 τὴν
522 696 760 753 ἔνδειαν
817 701 1003 778 ῶσπερ
1048 704 1114 759 ἂν
1166 706 1220 759 εί
1264 727 1349 774 τις
1408 712 1606 784 ἰατρῶν
1652 715 1790 785 πρὸς

212 785 522 856 κάμνοντας
550 789 755 857 εἰσιὼν,
783 795 904 847 ἀντὶ
925 794 1015 849 τοῦ
1037 799 1118 861 είς
1156 799 1367 868 ὑγίειαν
1394 803 1591 868 αὐτοὺς
1621 806 1787 861 ἐπαν-

211 880 478 946 ἀγαγεῖν,
525 882 553 933 6
596 879 654 933 δὲ
699 884 794 937 καὶ
847 884 906 939 τὸ
951 888 1148 959 μικρὸν
1196 889 1446 961 λείψανον
1484 893 1588 965 τῆς
1630 896 1789 949 δυνά-

218 985 366 1038 μεως
415 974 827 1041 προσαφέλοιτο.
871 979 983 1033 Καὶ
1030 982 1093 1035 σὺ
1141 983 1320 1037 τοίνυν
1356 984 1454 1049 τάς
1503 988 1788 1060 συμφορὰς

210 1059 324 1113 τῶν
353 1060 572 1131 ἀθλίων,
615 1068 870 1140 ἀφορμὴν
910 1073 1092 1146 πόρων
1152 1078 1313 1147 ποιῇ*
1367 1078 1462 1130 καὶ
1504 1059 1693 1151 ὥσπερ
1735 1082 1785 1134 οἱ

213 1154 456 1223 γεωργοὶ
503 1154 744 1227 ὄμϐρους
777 1159 1023 1230 εὔχονται
1055 1166 1134 1228 είς
1173 1167 1651 1241 πολυπλασιασμὸν
1679 1172 1785 1226 τῶν

214 1245 569 1317 σπερμάτων,
602 1247 744 1303 οὕτω
788 1252 883 1306 καὶ
918 1254 980 1306 σὺ
1012 1254 1220 1320 ἐνδείας
1260 1258 1355 1310 καὶ
1403 1259 1637 1329 ἀπορίας
1688 1262 1787 1318 ἀν-

211 1331 447 1459 θρώπων
480 1338 776 1410 ἐπιζητεῖς,
834 1344 919 1397 ἵνα
956 1344 1050 1398 καὶ
1079 1346 1162 1400 σοὶ¹
1207 1348 1405 1420 ἐνεργά
1431 1349 1501 1404 τὰ
1526 1352 1785 1424 χρήματα

208 1437 461 1494 γενηται.

284 1601 338 1658 5.
377 1603 488 1657 Καὶ
516 1606 544 1658 6
592 1606 691 1678 μὲν
736 1607 914 1685 ζητῶν
945 1612 1009 1666 τὸ
1050 1614 1331 1688 δάνεισμα,
1374 1620 1536 1691 μέσος
1567 1621 1784 1694 ἀμηχα-

205 1692 330 1786 νίας
360 1696 789 1770 ἀπειλημμένος,
813 1703 940 1756 ὅταν
973 1706 1069 1776 μὲν
1091 1709 1226 1780 πρὸς
1256 1711 1353 1782 τὴν
1382 1712 1571 1767 πενίαν
1596 1692 1782 1786 ἀπίδῃ,

204 1784 577 1855 ἀπογινώσκει
610 1790 706 1863 τὴν
739 1792 944 1851 ἔκτισιν
965 1815 979 1828 ·
1026 1799 1153 1853 ὅταν
1185 1802 1242 1855 δὲ
1276 1804 1411 1874 πρὸς
1442 1805 1540 1875 τὴν
1578 1784 1784 1877 παρούὴ-
1817 1796 1859 1850 Β

206 1893 312 1967 σαν
359 1879 624 1953 ἀνάγκην,
676 1889 991 1961 κατατολμᾷ
1040 1891 1135 1945 τοῦ
1173 1893 1546 1967 δανείσματος.
1598 1898 1687 1962 Ὠς
1728 1899 1786 1953 δὲ

205 1963 281 2018 τὰ
322 1967 420 2037 μὲν
466 1971 724 2041 χρήματα
759 1975 1008 2049 ὑπορρεῖ,
1038 1982 1067 2033 ό
1098 1981 1155 2035 δὲ
1191 1963 1381 2054 χρόνος
1423 1985 1627 2057 προῖὼν
1659 1989 1786 2051 τοὺς

204 2057 400 2122 τόκους
446 2062 623 2134 ἐαυτῷ
669 2069 1046 2139 συμπροάγει·
1088 2074 1150 2126 ού
1193 2075 1384 2140 νύκτες
1430 2079 1624 2150 ἐκείνῳ
1657 2081 1786 2134 ἀνά-

206 2167 413 2206 παυσιν
440 2155 715 2225 φέρουσιν,
762 2161 861 2232 οὐχ
893 2163 926 2233 ή
965 2164 1147 2236 ἡμέρα
1190 2168 1410 2240 φαιδρὰ,
1447 2172 1544 2242 οὑχ
1572 2172 1602 2224 6
1637 2173 1784 2242 ἥλιος

200 2248 439 2317 τερπνός
458 2265 470 2278 ’
500 2250 638 2305 ἀλλά
662 2253 1001 2328 δυσχεραίνει
1035 2260 1127 2314 τὸν
1166 2261 1302 2332 βίον,
1337 2268 1488 2335 μισεῖ
1516 2266 1615 2331 τάς
1645 2270 1785 2340 ὴμέ-

206 2357 310 2435 ρας
338 2343 474 2412 πρὸς
488 2344 587 2417 τὴν
609 2349 947 2423 προθεσμίαν
964 2354 1345 2427 ἐπειγομένας.
1376 2358 1494 2414 Κᾶν
1519 2362 1781 2435 καθεύδῃ,

202 2431 457 2489 ἐνύπνιον
497 2436 683 2507 βλέπει
716 2441 807 2495 τὸν
856 2443 1160 2517 δανειστὴν,
1199 2450 1368 2504 κακὸν
1413 2452 1546 2525 ὅναρ
1590 2458 1654 2526 τῇ
1691 2431 1783 2509 κε-

203 2523 348 2597 φαλῇ
385 2531 792 2601 παριστάμενον
814 2552 828 2565 ·
866 2536 968 2590 κᾶν
994 2543 1265 2612 γρηγορῇ,
1296 2541 1472 2597 ἔννοια
1513 2523 1663 2619 αὑτῶ
1691 2548 1782 2602 καὶ

203 2620 427 2711 φροντὶς
466 2623 494 2673 6
524 2624 682 2688 τόκος
710 2627 879 2685 ἐστίν.
937 2630 1076 2684 Ἀλλ’
1101 2632 1247 2687 ἔστιν
1291 2637 1465 2690 είπεῖν
1508 2640 1602 2692 καὶ⁵
1646 2640 1782 2711 πρὸς

200 2708 297 2762 τὸν
324 2709 702 2784 δανειζόμενον
724 2733 735 2745 ·
765 2717 893 2771 Πίνε
925 2718 1090 2775 ὖδατα
1113 2723 1221 2776 ἀπὸ
1255 2725 1363 2779 σῶν
1389 2727 1649 2797 ἀγγείων,
1689 2708 1782 2785 καὶ

202 2801 316 2853 ἀπὸ
362 2803 469 2856 σῶν
505 2807 753 2877 φρεάτων
787 2812 1006 2882 πηγῆςο
1056 2815 1325 2882 τουτέστι,
1381 2818 1458 2891 μὴ
1510 2822 1597 2873 ἐπ’
1629 2821 1784 2875 ἀλλο-

202 2893 364 2961 τρίας
407 2897 592 2967 πηγὰς
640 2898 842 2970 βάδιζε,
891 2904 1004 2957 ἀλλ’
1038 2904 1097 2973 ἐξ
1147 2908 1362 2963 οἰκείων
1389 2911 1618 2967 λιϐάδων
1654 2914 1782 2967 σύν-

204 3004 309 3056 αγε
359 2988 435 3057 (2)
480 2993 691 3064 σεαυτῷ
736 2995 834 3059 τάς
878 3000 1234 3070 παραμυθίας
1265 3002 1359 3057 τοῦ
1408 3003 1550 3074 βίου.
1599 3008 1782 3077 Ἔχεις

1890 553 2007 591 rem
2089 540 2346 592 miseram
2427 544 2483 592 et
2552 535 2978 591 calamitosaml
3041 533 3203 589 Venit
3277 533 3466 590 subsi-

1889 624 2041 679 dium
2098 641 2348 696 quzerens
2390 641 2405 678 :
2467 626 2561 682 sed
2614 627 2825 681 hostem
2870 626 3117 695 reperit;
3162 624 3464 679 remedium

1889 718 2019 771 dum
2102 720 2446 787 requireret,
2511 719 2567 773 in
2635 732 2842 774 venena
2910 717 3136 773 incidit.
3212 716 3464 772 Oliicium

1889 818 2045 863 tuum
2102 809 2281 864 fuerat
2332 810 2437 864 viri
2485 809 2774 865 sublevare
2818 810 3107 879 inopiam:
3158 815 3214 861 at
3260 816 3321 861 tu
3367 807 3465 861 ad-

1888 916 2056 972 auges
2093 908 2438 972 egestatem;
2497 902 2645 956 velut
2700 901 2749 957 si
2792 900 2919 970 quis
2981 899 3231 954 medicus
3291 912 3467 968 aegro-

1889 1001 1975 1047 tos
2025 992 2270 1047 invisens
2303 1030 2318 1056 ,
2371 1006 2499 1046 cum
2551 992 2633 1047 eis
2687 991 2886 1047 debeat
2922 991 3216 1045 restituere
3256 989 3466 1043 sanita-

1887 1088 1996 1135 tem
2027 1119 2044 1146 ,
2115 1080 2431 1137 econtrario
2504 1081 2591 1136 vel
2659 1080 2888 1151 exiguas
2938 1079 3142 1134 virium
3202 1079 3465 1147 reliquias

1886 1170 2111 1225 adimat.
2161 1169 2241 1224 Tu
2282 1172 2450 1241 igitur
2478 1171 2805 1226 miserorum
2834 1170 3176 1225 calamitates
3220 1175 3466 1238 quaestus

1885 1264 2234 1318 occasionem
2261 1262 2420 1318 facis.
2451 1262 2518 1316 Et
2547 1263 2691 1318 sicut
2720 1263 2900 1317 coloni
2927 1261 2994 1315 ad
3019 1263 3292 1318 seminum
3331 1261 3466 1315 mul-

1886 1354 2280 1423 tiplicationem
2316 1354 2521 1410 imbres
2563 1363 2824 1425 exoptant
2870 1371 2883 1405 :
2930 1354 3006 1407 ita
3049 1361 3105 1408 et
3161 1363 3218 1407 tu
3248 1362 3464 1423 egesta—

1886 1454 1966 1500 tes
1989 1454 2044 1500 et
2091 1446 2302 1515 inopias
2333 1444 2614 1500 hominum
2661 1454 2819 1515 optas
2846 1485 2862 1510 ,
2913 1444 3012 1499 tibi
3040 1453 3100 1500 ut
3140 1452 3465 1515 quaestuosae

1884 1535 1996 1591 sint
2028 1542 2292 1607 pecuniae.

1957 1627 2012 1680 5.
2054 1628 2134 1681 Ac
2164 1630 2452 1697 pecuniam
2506 1629 2860 1701 quidemqui
2892 1629 3089 1701 quaerit
3136 1628 3327 1684 fenore
3353 1667 3370 1695 ,
3406 1629 3463 1683 in

1887 1718 2086 1775 mediis
2130 1718 2536 1775 difﬁcultatibus
2568 1723 2930 1787 constitutus,
2963 1737 3088 1776 cum
3127 1721 3353 1790 respicit
3394 1720 3464 1774 ad

1886 1820 2260 1882 paupertatem
2289 1853 2304 1878 ,
2369 1814 2437 1869 de
2495 1816 2768 1869 solutione
2795 1814 3055 1885 desperat
3087 1830 3102 1880 ;
3166 1829 3292 1869 cum
3331 1829 3464 1869 vero

1885 1909 2204 1973 praesentem
2261 1904 2573 1959 considerat
2649 1914 2944 1975 egestatem
2970 1943 2986 1970 ,
3037 1905 3216 1960 audax
3266 1906 3326 1959 lit
3393 1905 3461 1960 ad

1885 1994 2065 2051 fenus.
2102 1995 2181 2066 (4)
2214 1994 2320 2051 Sed
2349 2012 2473 2051 cum
2513 1996 2716 2053 sensim
2748 1995 3003 2051 difﬂuunt
3025 1997 3290 2066 pecuniae,
3322 2003 3465 2051 tem-

1884 2104 2098 2159 pusque
2151 2087 2507 2160 progrediens
2560 2104 2748 2144 secum
2827 2087 2988 2142 fenus
3035 2088 3300 2152 advehit,
3349 2103 3463 2142 non

1885 2190 2077 2239 noctes
2109 2183 2160 2238 ei
2189 2183 2433 2252 requiem
2480 2182 2714 2238 alferunt
2737 2223 2752 2247 ,
2800 2199 2911 2239 non
2949 2184 3068 2238 dics
3106 2183 3298 2237 hilaris
3355 2193 3463 2248 est,

1883 2288 1996 2327 non
2054 2274 2136 2328 sol
2164 2272 2442 2341 jucundus
2472 2311 2488 2338 ,
2540 2272 2636 2328 sed
2687 2273 2852 2327 vitam
2893 2265 3126 2327 moleste
3163 2270 3291 2325 fert.
3336 2268 3465 2325 Odit

1884 2366 2000 2420 dies
2042 2364 2110 2421 ad
2162 2367 2521 2419 constitutum
2564 2372 2781 2435 tempus
2829 2363 3175 2420 festinantes.
3223 2362 3381 2427 Quod
3415 2361 3462 2417 si

1884 2457 2165 2523 dormiat,
2216 2457 2362 2512 videt
2416 2458 2777 2513 feneratorem
2828 2457 2887 2511 in
2939 2456 3149 2512 somnis
3181 2495 3196 2521 ,
3257 2455 3461 2510 malum

1885 2550 2165 2614 somnium
2194 2591 2210 2617 ,
2268 2550 2434 2620 capiti
2486 2557 2757 2606 astantem
2792 2567 2805 2602 :
2851 2550 2899 2605 si
2931 2564 3060 2603 vero
3098 2549 3285 2619 vigilet
3321 2586 3337 2612 ,
3367 2562 3464 2601 co-

1881 2641 2158 2713 gitatioei
2194 2649 2248 2697 et
2277 2658 2408 2698 cura
2453 2641 2608 2697 fenus
2655 2651 2758 2696 est.
2792 2641 2868 2712 (5)
2902 2640 3103 2697 Verum
3153 2649 3208 2695 et
3237 2640 3304 2695 ad
3334 2655 3461 2695 eum

1883 2734 1979 2804 qui
2020 2734 2210 2793 fenore
2247 2734 2485 2806 accipit,
2523 2735 2707 2790 dicere
2782 2735 2951 2801 licet,
3010 2734 3141 2788 Bibe
3197 2749 3364 2804 aquas
3397 2733 3463 2787 de

1885 2828 1989 2883 tuis
2023 2828 2163 2881 vasis
2186 2827 2231 2860 ⁸⁵
2256 2867 2273 2893 ,
2322 2836 2375 2883 ει
2412 2829 2480 2883 de
2512 2827 2756 2884 fontibus
2785 2828 2918 2892 tuis,
2951 2828 3056 2882 hoc
3095 2834 3199 2893 est,
3225 2826 3295 2881 ad
3330 2826 3464 2881 aliee

1883 2932 1986 2972 nos
2020 2916 2199 2973 fontes
2232 2933 2302 2972 ne
2341 2919 2561 2984 accede,
2595 2918 2690 2973 sed
2717 2933 2782 2973 ex
2807 2918 3047 2988 propriis
3082 2917 3337 2972 laticihus
3366 2916 3463 2970 tibi

1885 3007 2003 3079 ipse
2032 3009 2155 3063 vitae
2207 3009 2399 3064 solatia
2433 3024 2710 3079 compara.
2753 3008 2932 3065 Habes
2982 3024 3113 3065 vasa
3155 3024 3324 3075 aerea,
3369 3022 3463 3062 ve-

202 3077 559 3151 χαλκώματα,
596 3083 815 3155 ἐσθῆτα,
849 3087 1159 3159 ὑποζύγιον,
1211 3094 1380 3167 σκεύη
1430 3096 1777 3167 παντοδαπά;

202 3169 376 3194 -..π-μ
439 3173 625 3194 2.-15-η
652 3193 660 3194 κ
778 3179 789 3193 1
1072 3182 1083 3194 ι
1130 3182 1151 3194 Α
1387 3187 1431 3194 .-
1474 3188 1494 3194 ...
1684 3190 1695 3194 -
1721 3191 1730 3194 _

1888 3077 2026 3159 stem
2052 3138 2067 3163 ,
2106 3098 2415 3168 jumentum
2443 3138 2459 3164 ,
2515 3077 2716 3155 diversi
2768 3101 2984 3170 generis
3018 3099 3412 3170 supellectilem
3440 3097 3465 3152 ?

199 3169 379 3225 ταῦτα
431 3173 662 3228 ἀπόδου·
721 3179 897 3233 πάντα
950 3182 1215 3253 προέσθαι
1265 3187 1553 3253 κατάδεξαι
1574 3230 1589 3253 ,
1641 3190 1781 3263 πλὴν

1884 3189 2012 3251 Haec
2076 3193 2296 3247 vende:
2353 3192 2518 3253 induc
2545 3213 2548 3217 ’
2577 3194 2632 3247 in
2672 3194 2915 3247 animum
2961 3194 3145 3249 omnia
3191 3194 3461 3264 projicere

199 3262 305 3333 τῆς
341 3265 670 3341 ἐλευθερίας.
719 3272 858 3327 Ἀλλ’
890 3276 1212 3348 αἰσχύνομαι
1246 3280 1386 3333 αὐτὰ
1415 3262 1779 3354 δημοσιεύειν,

202 3356 359 3425 φησί.
393 3357 460 3412 Τί
483 3356 596 3429 οὖν,
627 3362 708 3417 ότι
748 3367 942 3439 μικρὸν
972 3367 1195 3442 ὕστερον
1225 3371 1381 3438 ἄλλος
1412 3376 1552 3437 αὐτὰ
1589 3395 1783 3450 προκο-

201 3447 372 3517 μίσει,
421 3452 515 3505 καὶ
547 3454 880 3530 ἀποκηρύξει
936 3461 1004 3516 τά
1050 3464 1150 3530 σά,
1190 3465 1285 3519 καὶ
1333 3467 1419 3521 ἐπ’
1477 3447 1775 3542 ὀφθαλμοῖς

200 3543 318 3606 σοῖς
364 3545 712 3613 ἐπευωνίζων
771 3552 912 3608 αὐτά
974 3555 1326 3628 διαθήσετσι;
1386 3559 1600 3615 Βέλτιον
1654 3567 1773 3627 ταῖς

196 3632 343 3687 κατά
392 3637 587 3708 μικρὸν
625 3642 889 3709 ἐπινοίαις
934 3646 1033 3718 τὴν
1073 3650 1260 3720 χρείαν
1311 3654 1775 3724 παραμυθεῖσθαι,

196 3725 231 3795 ἢ
265 3724 479 3797 ἀθρόως
510 3730 815 3802 ἐπαρθέντα
854 3740 968 3801 τοῖς
1007 3738 1330 3813 ἀλλοτρίοις,
1368 3743 1594 3817 ὕστερον
1641 3749 1777 3802 πάν-

197 3831 311 3909 των
360 3817 495 3888 ὁμοῦ
533 3820 641 3874 τῶν
688 3825 999 3895 προσόντων
1050 3830 1519 3903 ἀπογυμνοῦσθαι.
1572 3836 1635 3890 Εἰ
1678 3838 1778 3909 μὲν

194 3903 293 3962 οὖν
325 3908 470 3981 ἔχεις
499 3912 620 3968 ὅθεν
651 3916 885 3988 ἀποδῷς,
916 3920 970 3977 τί
997 3921 1117 3992 οὐχὶ
1140 3923 1238 3996 τὴν
1267 3925 1548 3997 παροῦσαν
1571 3903 1778 3985 ἔνδειαν

195 4002 264 4054 ἐκ
300 4001 506 4058 τούτων
558 4005 668 4060 τῶν
718 4009 981 4081 ἀφορμῶν
1028 4012 1295 4083 διαλύεις;
1346 4020 1395 4070 εί
1446 4019 1504 4071 δὲ
1552 4021 1777 4093 ἀπορεῖς

193 4093 335 4163 πρὸς
380 4094 479 4166 τὴν
523 4094 751 4165 ἔκτισιν,
788 4101 956 4165 κακρν
1006 4104 1162 4175 κακῴ
1206 4106 1550 4178 θεραπεύεις.
1598 4111 1777 4183 Πένης

191 4178 247 4236 εἷ
279 4183 395 4248 νῦν,
420 4185 534 4239 ἀλλ’
564 4186 849 4261 ἐλεύθερος
871 4208 884 4221 ·
920 4191 1308 4265 δανεισάμενος
1336 4197 1414 4265 δὲ,
1449 4198 1573 4253 οὔτε
1612 4178 1776 4254 πλου-

187 4276 400 4344 τήσεις,
432 4276 525 4330 καὶ
557 4277 654 4350 τὴν
687 4280 998 4354 ἐλευθερίαν
1030 4286 1397 4361 ἀφαιρεθήσῃ.
1439 4290 1636 4355 Δοῦλος
1681 4289 1773 4345 τοῦ

185 4367 558 4434 δεδανεικότος
585 4374 614 4425 6
640 4372 1042 4446 δανεισάμενος,
1066 4379 1161 4442 καὶ
1189 4379 1374 4446 δοῦλος
1410 4382 1487 4456 (5)
1520 4384 1775 4456 μισθοφό⁹

1881 3290 2079 3352 praeter
2104 3283 2429 3339 libertatem.
2474 3282 2582 3338 Sed
2628 3300 2714 3340 me
2761 3286 2961 3354 pudet,
3017 3286 3198 3357 inquit
3227 3327 3241 3351 ,
3270 3287 3462 3343 isthaec

1881 3375 2003 3429 voci
2056 3375 2325 3445 praeconis
2378 3376 2670 3445 subjicere.
2742 3376 2854 3431 Cur
2902 3378 3069 3448 igitur
3120 3379 3285 3449 paulo
3338 3388 3461 3450 post

1882 3465 2023 3520 alius
2076 3481 2139 3521 ea
2178 3476 2455 3537 exponet,
2487 3475 2816 3538 tuorumque
2871 3469 3140 3524 bonorum
3170 3471 3332 3527 faciet
3361 3488 3459 3527 au-

1881 3557 2117 3613 ctionem
2149 3596 2163 3619 ,
2209 3556 2371 3629 495
2400 3571 2466 3616 ει·
2502 3560 2596 3615 vili
2625 3562 2803 3630 pretio
2836 3562 2906 3618 ob
2937 3564 3129 3620 oculos
3161 3571 3286 3620 tuos
3325 3581 3458 3621 ven-

1880 3644 2018 3705 det?
2069 3642 2253 3706 Satius
2288 3655 2393 3713 est,
2434 3659 2550 3703 arte
2582 3657 2636 3704 et
2665 3650 2936 3707 industria
2969 3654 3234 3724 paulatim
3259 3671 3458 3712 neces-

1881 3738 2097 3794 sitatem
2158 3740 2338 3796 levare
2365 3782 2381 3806 ,
2442 3758 2603 3813 quam
2662 3744 2855 3802 alienis
2887 3746 3240 3806 facultatibus
3276 3750 3460 3804 subito

1880 3830 2080 3894 elatum
2109 3871 2125 3895 ,
2157 3832 2417 3904 deinceps
2448 3837 2711 3894 omnibus
2734 3840 2900 3895 simul
2932 3841 3095 3899 bonis
3138 3843 3356 3899 nudari.
3399 3843 3458 3899 Si

1881 3923 2049 3995 igitur
2085 3925 2256 3982 habes
2310 3928 2455 3985 unde
2514 3932 2718 3995 solvas,
2766 3949 2867 3988 cur
2893 3945 3460 4008 praesentemegesta-

1881 4023 1988 4072 tem
2030 4018 2182 4075 hisce
2230 4021 2451 4077 auxiliis
2481 4039 2589 4079 non
2620 4026 2886 4096 depellis?
2917 4028 3015 4084 Sin
3050 4032 3316 4087 solvendo
3344 4046 3457 4087 non

1878 4123 1960 4171 es,
1988 4110 2193 4163 malum
2218 4111 2364 4166 malo
2395 4128 2578 4169 curas.
2637 4115 2714 4188 (6)
2748 4115 2960 4188 Pauper
3012 4134 3073 4175 es
3129 4136 3276 4175 nunc
3299 4160 3315 4186 ,
3359 4121 3457 4177 sed

1879 4200 2035 4256 liber.
2071 4200 2370 4272 Argentum
2400 4204 2446 4260 si
2477 4204 2664 4263 fenore
2701 4210 3025 4290 sumpseris,
3054 4227 3165 4267 non
3195 4213 3456 4305 ditesces,

1879 4292 1973 4347 sed
2013 4291 2266 4350 libertate
2319 4296 2642 4366 spoliabere.
2709 4300 2815 4367 Qui
2876 4305 3171 4374 pecuniam
3219 4291 3457 4375 sumpsit

1878 4380 2086 4449 fenore,
2132 4383 2458 4442 feneratoris
2507 4404 2701 4447 servus
2726 4399 2832 4459 est,
2867 4392 2978 4449 imo
3030 4410 3222 4451 servus
3250 4397 3458 4467 stipene

192 4475 309 4530 pag,
348 4460 718 4537 ἀπαραίτητον
755 4466 935 4538 φέρων
979 4469 1080 4541 τὴν
1107 4469 1465 4544 λειτουργίαν.
1517 4476 1579 4530 Οἱ
1611 4479 1772 4543 κύνες

1883 4476 2103 4542 diarius,
2150 4478 2483 4536 inexorabile
2520 4484 2781 4541 exhibens
2842 4485 3224 4541 ministerium.
3278 4488 3455 4546 Canes

188 4550 453 4617 λαϐόντες
481 4555 841 4636 ἡμεροῦνται’
874 4560 902 4611 6
926 4559 1206 4633 δανειστὴς
1235 4562 1526 4634 λαμϐάνων
1572 4584 1772 4639 προσε-

190 4642 491 4715 ρεθίζεται.
549 4632 625 4700 Ού
672 4649 904 4711 παύεται
960 4632 1227 4718 ὑλακτῶν,
1285 4632 1422 4709 ἀλλά
1472 4656 1534 4710 τὸ
1588 4632 1771 4714 πλεῖον

185 4733 463 4809 ἐπιζητεῖ.
509 4737 632 4792 Ἐὰν
676 4740 904 4813 όμνύῃς,
950 4742 1201 4798 ἀπιστεῖ·
1250 4747 1445 4819 ἐρευνᾷ
1492 4749 1560 4804 τὰ
1601 4750 1768 4818 ἔνδον,

183 4830 260 4883 τά
284 4829 710 4902 συναλλάγματά
739 4851 833 4887 σου
862 4834 1325 4909 πολυπραγμονεῖ.
1367 4840 1490 4895 Ἐπὶ
1524 4846 1772 4916 γαμετῆς

182 4923 565 4995 καταισχύνει,
599 4926 692 4980 ἐπὶ
739 4927 908 4997 φίλων
934 4929 1273 5001 καθυϐρίζει,
1308 4934 1369 4987 ἐν
1394 4937 1515 4998 ταῖς
1543 4937 1769 5009 ἀγοραῖς

179 5019 369 5088 ἄγχει,
405 5019 573 5085 κακὸν
613 5021 931 5093 συνάντημα
964 5025 1179 5095 ἑορτῆς,
1207 5025 1439 5082 ἀϐίωτόν
1472 5045 1556 5081 σοι
1600 5047 1768 5084 κατα-

180 5107 443 5174 σκευάζει
473 5109 563 5164 τὸν
602 5110 737 5181 βίον.
785 5113 945 5167 Ἀλλά
979 5115 1213 5189 μεγάλη,
1247 5117 1434 5187 φησὶν,
1463 5120 1497 5190 ἡ
1526 5120 1761 5193 ἀνάγκη,

257 5270 305 5304 ⁸⁸
327 5269 491 5329 Prov.
520 5289 576 5339 v,
608 5273 695 5330 15.

258 5448 768 5522 (1),Δηλητηρίοις.
803 5455 894 5511 Sic
918 5454 1103 5510 Basilii
1131 5466 1437 5514 contextus.
1461 5458 1647 5515 Codex
1672 5459 1774 5518 Re-

178 5520 483 5602 εῖιεΞΨΡὲ
507 5520 667 5579 habet
684 5520 1043 5602 ,βὴλῖιῖηρίῳι
1061 5525 1206 5602 Εᾱίιί
1230 5528 1434 5602 δηλητή
1444 5546 1578 5602 ριονο

258 5589 774 5668 (2)27t9ra1e_._Sic
808 5589 949 5652 i'de'i'n
981 5589 1209 5668 'Regius
1262 5589 1455 5654 c'od'ex"
1476 5608 1531 5656 et
1579 5599 1768 5657 Basilii

258 5609 339 5660 μ)
370 5609 626 5715 Laruae.
682 5609 774 5650 Sic
808 5609 949 5652 Idem

175 5667 525 5736 contextus.‘
565 5664 665 5736 diti
697 5668 992 5736 συνάγαγε.

286 5730 343 5791 '5)
365 5731 475 5788 Kal
496 5731 738 5805 δοῦλος.
769 5730 1131 5797 Εάῖιῖὶιεινιιω
1154 5739 1360 5798 addunt
1387 5740 1505 5811 καί,
1531 5739 1629 5805 sed
1654 5741 1770 5801 haec

1877 4572 2199 4642 accipiendo
2228 4586 2643 4646 mansuescunt,
2676 4578 2953 4636 fenerator
2977 4597 3109 4638 vero
3139 4583 3456 4654 recipiendo

1872 4666 2140 4723 irritatur.
2201 4668 2320 4724 Non
2353 4671 2499 4728 enim
2553 4674 2810 4729 allatrare
2864 4674 3110 4742 desinit,
3159 4677 3253 4732 sed
3295 4678 3454 4747 plura

1874 4762 2139 4830 exposcit.
2175 4761 2233 4815 Si
2259 4762 2571 4832 juraveris,
2608 4780 2716 4819 non
2755 4766 2950 4821 credit.
2987 4769 3119 4833 Quae
3154 4770 3207 4823 in
3243 4771 3453 4827 aedibus

1873 4850 2064 4919 habes,
2107 4861 2528 4922 perscrutatur;
2573 4866 2662 4910 tua
2692 4857 2982 4926 diligenter
3028 4859 3248 4931 indagat
3298 4877 3452 4918 com-

1874 4943 2099 4999 mercia.
2138 4943 2415 5001 Praesente
2447 4962 2618 5004 uxore
2642 4988 2658 5012 ,
2694 4948 2856 5005 allicit
2889 4959 2940 5005 te
2977 4953 3188 5022 pudore
3218 4994 3234 5018 ,
3265 4969 3454 5010 coram

1871 5035 2064 5103 amicis
2094 5034 2327 5105 imponit
2382 5039 2810 5109 contumeliam;
2843 5041 2901 5097 in
2940 5045 3279 5102 mercatibus
3329 5045 3453 5101 fau-

1867 5138 1977 5183 ces,
2016 5128 2386 5199 constringit;
2435 5131 2614 5187 malus
2669 5140 2756 5189 est
2820 5132 2962 5190 festo
3015 5135 3105 5192 die
3140 5151 3451 5206 occursus;

1873 5462 2374 5545 conjunctioﬁeest
2408 5464 2466 5519 in
2496 5465 2687 5521 codice
2735 5465 2906 5540 Regio
2941 5466 3080 5526 1992
3126 5477 3180 5527 et
3218 5471 3275 5527 in
3314 5488 3452 5530 con-

1872 5541 2027 5590 textu
2064 5533 2276 5592 Basilii.
2820 5533 2823 5537 ’

1964 5606 2128 5744 ιζφΕξ
2156 5606 2300 5658 hom.
2330 5606 2372 5657 in

1941 5606 2023 5817 ίὲ)
2053 5672 2213 5801 ίιῗῖἓῗ
2249 5673 2372 5731 Μ’

2304 5872 2372 5888 -ίς
