3840 6226
391 299 524 348 “75

1271 296 1639 354 ΑΡΡΕΝΒΙΧ.
1676 326 1748 338 ·-
1785 296 2140 355 SYMEONIS
2177 299 2717 358 M-ETAPHRASTJE

3509 309 3646 364 H76

386 411 553 464 vitam
587 409 684 465 tibi
731 409 912 466 reddit
951 409 1310 480 injucundam
1340 421 1395 469 et
1435 414 1860 473 intolerabilem.
1891 417 1996 482 At,

2089 407 2158 474 ιαλ
2191 419 2368 484 οὐδείς
2419 438 2508 492 μοι
2551 422 2718 494 πόρος
2748 424 3047 494 χρημάτων
3080 425 3289 496 ἔτερος.
3335 425 3404 479 Τί
3461 422 3558 480 οὖν
3589 428 3649 480 τὸ

386 517 602 574 magna,
636 502 835 573 inquit,
879 511 968 559 est
997 505 1298 562 necessitas
1330 549 1345 572 ,
1377 522 1481 563 nec
1514 509 1624 563 alia
1657 519 1742 566 est
1769 526 1969 581 paran-

387 589 471 646 dae
513 591 760 662 pecuniae
807 594 970 647 ratio.
1023 592 1154 660 Quae
1186 633 1202 658 ,
1261 611 1478 666 quaeso,
1511 599 1724 655 utilitas
1771 617 1836 655 ex
1871 601 1971 654 lio-

389 683 595 740 diernze
634 683 739 740 diei
787 685 1101 742 dilatione?
1156 686 1338 744 Fenus
1390 689 1536 744 enim
1576 708 1686 746 non
1741 693 1970 748 omnino

390 777 605 844 liberat,
647 779 746 834 sed
808 779 1028 835 consilii
1081 788 1136 836 et
1181 783 1383 838 mentis
1431 784 1673 854 inopiam
1705 785 1972 854 tantisper

391 867 594 924 tardat.
656 868 871 925 Etenim
929 871 975 926 si
1022 880 1305 942 argentum
1359 873 1548 930 fenore
1594 891 1702 930 non
1753 877 1970 944 sumis;

389 959 556 1016 hodie
615 970 668 1016 et
708 971 899 1030 postea
958 963 1122 1017 simili
1177 965 1342 1020 modo
1373 966 1485 1022 eris
1529 982 1782 1038 pauper:
1826 985 1971 1024 nunc

391 1048 612 1117 quidem
671 1051 857 1104 nullus
907 1051 1006 1107 tibi
1058 1053 1219 1108 vertit
1285 1057 1488 1125 probro
1549 1067 1971 1129 paupertatem,

392 1138 662 1207 siquidem
717 1140 922 1196 malum
967 1151 1052 1199 est
1099 1144 1245 1200 haud
1297 1148 1704 1216 voluntarium;
1765 1153 1812 1207 si
1843 1168 1975 1208 vero

393 1228 572 1284 feuori
625 1230 797 1288 fueris
833 1233 1108 1291 obnoxius
1130 1275 1148 1300 ,
1181 1253 1346 1293 nemo
1375 1242 1478 1294 erit
1516 1242 1608 1310 qui
1644 1252 1696 1298 te
1725 1245 1974 1300 stultitia:

393 1335 506 1377 non
558 1322 904 1381 condemnet.
942 1330 1020 1399 (1)
1068 1327 1188 1383 Jam
1224 1335 1498 1401 perpende
1541 1333 1684 1388 unde
1712 1335 1790 1390 sis
1825 1336 1976 1390 solu-

396 1423 574 1472 turus.
627 1414 770 1472 Num
793 1434 856 1473 ex
892 1419 960 1474 iis
992 1422 1242 1490 pecuniis
1292 1439 1432 1492 quas
1463 1425 1670 1494 accipis
1698 1428 1721 1480 ἱ)
1752 1425 1860 1481 Sed
1892 1429 1975 1484 hae

394 1514 449 1559 et
481 1506 552 1562 ad
599 1510 986 1565 necessitatem
1029 1513 1389 1568 cohibendam
1431 1524 1486 1570 et
1521 1517 1588 1571 ad
1645 1519 1974 1577 solutionem

397 1613 509 1654 non
535 1598 834 1656 suiliciunt.
892 1601 1050 1668 Quod
1080 1604 1128 1659 si
1167 1620 1367 1660 usuras
1390 1608 1552 1662 etiam
1586 1613 1930 1680 reputaveris
1959 1632 1974 1680 ;

397 1692 542 1747 unde
619 1708 798 1764 usque
883 1694 1022 1750 adeo
1087 1698 1600 1769 multiplicabuntur
1679 1705 1976 1773 pecunia)?

2067 510 2261 580 ὄφελος
2291 514 2356 565 ἐκ
2390 512 2486 566 τοῦ
2515 513 2614 585 τὴν
2645 515 2885 585 σήμερον
2911 516 3278 588 ὑπερθέσθαις
3315 517 3389 570 Τὸ
3417 519 3528 588 γὰρ
3559 519 3649 573 δά-

2071 620 2164 666 νος
2189 603 2289 656 οὐκ
2319 603 2643 677 ἀπαλλαγὴν
2672 609 2933 680 παντελῆ,
2970 608 3107 663 ἀλλὰ
3146 607 3348 681 μικρὰν
3381 609 3650 681 ἀναϐολὴν

2071 695 2169 766 τῆς
2227 696 2540 767 ἀμηχανίας
2597 699 2918 771 παρέχεται.
2979 701 3071 772 Μὴ
3116 701 3507 772 δανεισάμενος
3556 704 3652 773 μὲν

2069 786 2273 858 ὁμοίως
2301 788 2401 861 ἔσῃ
2428 790 2598 861 πένης
2625 792 2720 844 καὶ
2754 794 3012 864 σήμερον,
3043 794 3136 847 καὶ
3169 795 3307 866 πρὸς
3326 795 3388 848 τὸ
3418 795 3618 866 ἐφεξῆς
3637 814 3650 826 ·

2073 879 2170 933 καὶ
2201 879 2296 932 νῦν
2327 880 2428 951 μὲν
2445 881 2623 946 οὐδεὶς
2654 884 2940 952 ἐγκαλέσει
2975 902 3056 938 σοι
3079 885 3414 957 πτωχεύοντι
3438 905 3450 916 ·
3489 888 3654 940 ἀκού-

2076 984 2191 1022 σιον
2236 967 2347 1040 γὰρ
2387 970 2450 1022 τὸ
2497 971 2700 1025 κακόνο
2737 973 2833 1027 ἐὰν
2883 975 2940 1028 δὲ
2986 977 3166 1040 τόκοις
3214 976 3517 1040 ὑπεύθυνος
3563 973 3652 1050 ᾖς,

2072 1067 2175 1120 οὐκ
2207 1065 2356 1121 ἐστιν
2397 1066 2459 1131 ὃς
2502 1069 2564 1121 ού
2613 1070 2885 1141 μέμψεταί
2920 1088 3014 1124 σου
3047 1071 3148 1143 τὴν
3181 1071 3462 1128 ἀϐουλίαν.
3513 1074 3655 1144 Ἤδη

2077 1156 2365 1226 βούλευσαι
2420 1158 2584 1213 πόθεν
2644 1160 2944 1224 ἀποτίσεις.
3022 1163 3138 1231 Ἀφ’
3181 1155 3256 1217 ὧν
3317 1163 3655 1235 λαμϐάνεις

2075 1249 2190 1302 ἀλλ’
2237 1251 2338 1303 οὐκ
2381 1250 2603 1323 ἐξαρκεῖ
2638 1254 2733 1306 καὶ
2793 1253 2930 1325 πρὸς
2973 1253 3073 1324 τὴν
3124 1256 3335 1326 χρείαν,
3382 1257 3477 1310 καὶ
3518 1259 3657 1329 πρὸς

2075 1338 2173 1409 τὴν
2218 1337 2442 1394 ἔκτισιν.
2507 1342 2634 1396 Ἐὰν
2669 1343 2726 1395 δὲ
2779 1343 2843 1414 δὴ
2891 1345 2986 1397 καὶ
3029 1346 3154 1408 τοὺς
3209 1347 3401 1410 τόκους
3440 1348 3655 1420 λογίσῃ,

2077 1431 2240 1484 πόθεν
2278 1432 2346 1486 τὰ
2389 1435 2646 1505 χρήματα
2687 1437 2768 1499 είς
2805 1435 3062 1490 τοσοῦτον
3105 1438 3659 1510 πολυπλασιασθήσε-

2075 1538 2198 1587 ται;
2254 1523 2445 1585 Οὐδεὶς
2494 1523 2785 1595 τραύματα
2836 1525 3114 1596 τραύμασι
3162 1526 3490 1599 θεραπεύει,
3536 1531 3661 1584 οὐδὲ

2079 1616 2232 1685 κακῷ
2262 1615 2323 1668 τὸ
2366 1616 2536 1669 κακὸν
2592 1619 2757 1671 ἰᾶται.
2809 1617 2935 1682 Πῶς
2980 1615 3074 1673 οὖν
3119 1621 3420 1693 διατραφῶ,
3454 1625 3662 1692 φησίν;

2081 1705 2266 1774 Ἔχεις
2307 1708 2530 1777 χεῖρας,
2577 1706 2721 1778 ἔχεις
2755 1709 2983 1782 τέχνην·
3019 1711 3304 1784 μισθάρνει
3327 1755 3342 1778 ,
3383 1713 3660 1768 διακόνειο

397 1782 636 1840 Vulnera
713 1787 936 1843 vulnere
1016 1799 1173 1844 curat
1263 1807 1466 1861 nemo,
1525 1809 1702 1865 neque
1764 1797 1966 1850 malum

2089 1797 2269 1850 πολλαὶ
2319 1799 2553 1852 ἐπίνοιαι
2610 1799 2701 1853 τοῦ
2757 1800 2895 1871 βίου,
2950 1803 3146 1858 πολλαὶ
3191 1782 3455 1877 ἆφορμαί.
3519 1807 3663 1861 Ἀλλ’

396 1879 542 1933 malo
587 1887 767 1935 sanat.
834 1879 910 1951 (2)
955 1879 1056 1944 At,
1104 1883 1330 1952 inquis,
1379 1887 1654 1954 quomodo
1710 1889 1974 1943 nutriar?

397 1970 593 2026 Manus
656 1971 828 2028 habes
857 2011 873 2035 ,
924 1972 1094 2029 habes
1129 1984 1301 2030 artem
1337 2017 1354 2042 ,
1398 1978 1516 2032 loca
1548 1993 1769 2048 operam
1818 1989 1969 2035 tuam

397 2064 539 2118 lucri
577 2064 774 2134 gratia,
807 2064 1059 2120 ministra
1096 2081 1111 2118 :
1157 2068 1326 2122 multa
1360 2077 1487 2124 sunt
1526 2071 1756 2140 parandi
1789 2073 1971 2129 victus

397 2156 667 2221 consilia,
726 2157 883 2212 multi
935 2158 1106 2214 modi.
1165 2161 1234 2213 At
1277 2160 1330 2215 id
1379 2161 1558 2217 facere
1596 2178 1708 2218 non
1770 2165 1972 2234 potes?

395 2248 528 2307 Pete
573 2263 604 2302 a
658 2249 1088 2320 possidentibus.
1167 2253 1237 2305 At
1300 2260 1462 2323 turpe
1507 2262 1592 2310 est
1644 2256 1972 2325 postulare?

397 2337 638 2410 Turpius
674 2341 866 2412 utique
896 2341 1062 2398 fuerit
1091 2343 1422 2399 creditorem
1467 2345 1612 2402 datis
1643 2347 1822 2402 fenori
1868 2363 1968 2418 pe-

396 2433 577 2489 cuniis
606 2432 952 2492 defraudare.
990 2436 1195 2492 Deinde
1223 2453 1351 2492 vero
1387 2447 1564 2509 potest
1593 2439 1842 2506 formica,
1868 2456 1972 2498 nec

396 2525 754 2593 mendicans,
811 2543 912 2584 nec
965 2528 1158 2587 fenore
1212 2533 1520 2602 accipiens,
1557 2534 1755 2588 nutriri
1791 2550 1804 2586 :
1841 2550 1971 2604 apes

398 2617 586 2673 itidem
642 2619 866 2691 regibus
923 2621 1230 2692 largiuntur
1279 2625 1487 2694 proprii
1548 2625 1796 2680 alimenti
1840 2626 1972 2682 reli-

2077 1887 2356 1952 ἀδυνάτως
2403 1888 2581 1960 έχεις;
2629 1893 2914 1963 προσαίτει
2953 1895 3105 1966 παρὰ
3139 1896 3247 1949 τῶν
3282 1898 3662 1970 κεκτημένων.

2089 1978 2252 2033 Ἀλλὰ
2298 1981 2524 2053 αἰσχρὸν
2557 1983 2618 2036 τὸ
2659 1985 2865 2051 αἰτεῖν;
2918 1987 3145 2058 αἰσχρὸν
3188 1988 3286 2058 μὲν
3337 1985 3430 2044 οὖν
3480 1990 3556 2060 (4)
3603 1993 3667 2046 τὸ

2075 2070 2466 2142 δανεισάμενον
2492 2073 2834 2146 ἀποστερεῖν.
2869 2073 3004 2130 Εἶτα
3040 2080 3068 2130 ὁ
3118 2079 3342 2151 μύρμηξ
3371 2082 3472 2152 μὲν
3505 2082 3667 2137 δύνα-

2073 2179 2186 2229 ται,
2239 2163 2312 2235 μὴ
2369 2166 2701 2237 προσαιτῶν,
2756 2169 2895 2240 μήτε
2936 2169 3332 2242 δανειζόμενος,
3381 2173 3669 2246 διατρέφε-

2079 2256 2234 2310 σθαι·
2267 2257 2362 2310 καὶ
2395 2258 2647 2328 μέλισσαι
2698 2259 2766 2312 τὰ
2811 2258 3038 2330 λείψανα
3080 2263 3181 2334 τῆς
3212 2264 3418 2328 οἰκείας
3453 2269 3670 2339 τροφῆς

2077 2346 2356 2418 βασιλεῦσι
2390 2348 2723 2420 χαρίζονται,
2760 2345 2841 2414 οἷς
2882 2351 3007 2406 οὕτε
3045 2356 3253 2425 χεῖρας,
3305 2355 3430 2409 οὒτε
3471 2359 3672 2429 τέχνας

2075 2443 2108 2513 ἡ
2144 2440 2306 2512 φύσις
2343 2441 2560 2496 δέδωκε.
2592 2443 2665 2496 Σὺ
2699 2443 2757 2496 δὲ
2783 2444 2846 2497 τὸ
2881 2445 3190 2516 εὐμήχανον
3221 2447 3358 2512 ζῶον
3387 2452 3416 2503 ὁ
3449 2450 3669 2523 ἄνθρω-

2074 2550 2194 2598 πος,
2233 2533 2361 2604 μίαν
2391 2533 2500 2586 τῶν
2531 2533 2724 2587 πασῶν
2773 2534 3034 2607 μηχανῶν
3080 2537 3180 2609 οὐχ
3220 2539 3480 2612 εὑρήσεις
3521 2542 3670 2615 πρὸς

2073 2625 2171 2697 τὴν
2205 2624 2300 2679 τοῦ
2332 2625 2446 2696 βίου
2475 2626 2786 2698 διαγωγήν;

397 2713 555 2782 quias
589 2729 604 2767 :
636 2715 839 2785 quibus
884 2725 1066 2773 tamen
1110 2733 1212 2774 nec
1277 2734 1514 2786 manus,
1567 2737 1670 2777 nec
1705 2730 1854 2778 artes
1921 2722 2196 2777 concessit
2229 2731 2446 2776 natura.
2509 2719 2591 2776 Tu
2635 2737 2766 2777 vero
2831 2721 3163 2779 industrium
3221 2726 3424 2780 animal
3492 2727 3662 2785 homo

398 2807 543 2866 inter
561 2816 708 2864 artes
731 2823 923 2864 omnes
956 2825 1121 2865 unam
1147 2809 1218 2866 ad
1241 2813 1647 2884 transigendam
1663 2814 1830 2869 vitam
1862 2829 1976 2868 non
2013 2811 2278 2885 reperies?

467 2905 524 2961 6.
555 2904 632 2976 (3)
672 2903 835 2960 Dives
856 2905 958 2960 es?
991 2913 1277 2977 argentum
1302 2921 1372 2963 ne
1404 2909 1502 2963 des
1527 2906 1737 2964 fenore.
1761 2909 1978 2980 Pauper

397 2997 506 3052 es?
541 3012 612 3051 ne
642 3011 797 3052 sume
833 2995 1022 3052 fenore
1062 3004 1370 3068 argentum.
1402 2998 1618 3056 Etenim
1651 3001 1698 3056 si
1737 3001 1978 3070 locuples

2161 2908 2216 2962 6.
2268 2905 2530 2971 Πλούσιος
2565 2902 2646 2972 εἷς
2687 2905 2762 2978 μὴ
2802 2906 3046 2973 δανείζου
3091 2907 3189 2980 (5).
3231 2909 3407 2981 Πένης
3459 2906 3546 2978 εἷς
3601 2912 3674 2984 μὴ

2080 2999 2346 3066 δανείζου.
2379 3001 2443 3054 Et
2469 3001 2567 3070 μὲν
2595 3001 2705 3071 γὰρ
2728 3001 3004 3072 εὑπορεῖς,
3034 3001 3096 3054 ού
3132 3001 3353 3074 χρῄζεις
3378 3004 3665 3076 δανείσμα-

400 3101 486 3154 ‘es,
514 3088 653 3143 nihil
695 3088 797 3143 tibi
831 3087 1020 3144 fenore
1049 3103 1189 3160 opus
1217 3098 1335 3146 est:
1389 3092 1437 3146 si
1457 3092 1595 3146 nihil
1623 3108 1752 3148 vero
1793 3093 1983 3158 habes,

2089 3109 2196 3156 τος·
2229 3094 2278 3145 εί
2311 3092 2369 3145 δὲ
2401 3092 2552 3145 οὐδὲν
2583 3091 2751 3162 ἔχεις,
2791 3094 2892 3146 οὐκ
2926 3094 3206 3157 ἀποτίσεις
3233 3095 3294 3147 τὸ
3319 3095 3552 3148 δάνειον.
3583 3096 3673 3166 Μὴ

401 3195 514 3235 non
537 3181 743 3250 pendes
765 3195 986 3237 usuras.
1010 3179 1131 3235 Noli
1157 3191 1304 3236 tuam
1327 3183 1501 3253 ipsius
1530 3185 1696 3238 vitam
1720 3200 1855 3240 serae
1870 3199 1988 3254 pte-

401 3271 646 3328 nitentiae
672 3270 929 3339 obiicere.
963 3269 1078 3326 Hoc
1109 3287 1221 3326 uno
1249 3280 1575 3343 praestamus
1595 3274 1860 3330 divitibus
1889 3289 1988 3330 nos

403 3377 692 3438 pauperes,
723 3377 982 3417 curarum
1013 3367 1288 3420 vacuitate
1313 3384 1326 3418 :
1365 3380 1430 3422 ac
1465 3380 1561 3422 eos
1591 3366 1884 3436 vigilantes
1913 3365 1990 3419 ri-

404 3457 599 3512 demus
639 3456 745 3525 ipsi
785 3456 1146 3521 dormientes,
1183 3472 1247 3512 ac
1285 3458 1438 3513 curis
1471 3472 1688 3528 semper
1716 3457 1988 3513 distentos

403 3555 460 3602 et
489 3547 777 3614 sollicitos,
803 3549 974 3620 quieti
1009 3557 1064 3604 et
1089 3550 1264 3605 liberi.
1296 3549 1521 3605 Debitor
1551 3551 1742 3621 utique
1774 3561 1828 3605 et
1851 3567 1990 3621 pau-

408 3657 506 3710 per
545 3651 650 3707 est,
681 3651 736 3697 et
778 3642 929 3698 curis
977 3643 1164 3699 multis
1197 3644 1417 3708 anxius,
1459 3650 1514 3698 et
1551 3645 1698 3697 omni
1747 3652 1990 3712 tempore

405 3734 735 3805 cogitatione
755 3735 986 3798 defixus,
1011 3749 1157 3789 nunc
1179 3735 1397 3805 quidem
1426 3750 1518 3791 res
1538 3749 1668 3790 suas
1683 3735 1986 3802 aestimans,

407 3841 557 3880 nunc
586 3841 717 3881 vero
752 3825 948 3880 domos
983 3835 1358 3897 sumptuosas,
1398 3825 1629 3880 divitum
1665 3841 1850 3896 agros,
1892 3841 1988 3880 oc-

407 3922 750 3976 currentium
805 3930 1008 3976 vestes.
1062 3920 1187 3975 iiaec
1246 3921 1290 3976 si
1351 3935 1471 3975 mea
1525 3926 1734 3983 essent,
1785 3919 1986 3988 inquit,

408 4013 550 4068 tanti
597 4024 650 4068 et
694 4014 831 4068 tanti
879 4011 1252 4077 divenderem,
1294 4021 1458 4083 atque
1509 4013 1775 4071 liberarer
1824 4009 1992 4088 496

411 4105 616 4164 fenore.
652 4105 780 4166 Haec
805 4107 928 4176 ejus
968 4107 1155 4162 animo
1188 4113 1460 4175 nocteque
1495 4107 1690 4176 dieque
1725 4105 1986 4160 insident.

409 4197 642 4252 Januam
682 4199 728 4254 si
770 4200 1098 4270 pulsaveris,
1151 4199 1343 4268 irrepit
1374 4199 1481 4254 sub
1515 4199 1717 4254 lectum
1749 4197 1986 4253 debitor.

419 4289 688 4345 Velociter
717 4290 959 4345 accurrit
983 4290 1129 4360 quis.
1158 4299 1214 4346 et
1242 4290 1391 4344 illius
1421 4305 1517 4344 cor
1543 4289 1796 4370 palpitat.
1821 4287 1990 4342 Canis

413 4383 605 4436 latrat:
646 4382 738 4436 ille
774 4382 978 4438 sudore
1007 4381 1238 4444 diﬁluit,
1275 4391 1328 4435 et
1360 4381 1631 4435 anxietate
1658 4379 1986 4449 corripitur,

2088 3182 2194 3253 δῷς
2225 3183 2452 3236 σεαυτοῦ
2486 3183 2578 3236 τὸν
2612 3183 2727 3252 βίον
2759 3185 2842 3247 είς
2868 3183 3306 3254 ὑστεροὸουλίαν.
3360 3186 3474 3240 'Evl.
3498 3187 3671 3256 τούτῳ

2088 3267 2416 3338 διαφέρομεν
2460 3267 2567 3322 τῶν
2620 3267 2993 3323 πλουτούντων
3027 3270 3078 3322 οί
3129 3271 3382 3341 πένητες,
3425 3275 3494 3344 τῇ
3550 3275 3669 3344 ἁμε-

2092 3359 2301 3430 ριμνία·
2323 3359 2419 3413 καὶ
2440 3359 2834 3430 καταγελῶμεν
2852 3360 3032 3413 αὐτῶν
3055 3361 3500 3431 ἀγρυπνούντων,
3522 3367 3670 3419 αὐτοὶ

2089 3449 2458 3514 καθεύδοντες
2489 3450 2584 3503 καὶ
2619 3448 2968 3504 συνεστώτων
2997 3451 3084 3503 ἀεὶ
3111 3451 3206 3504 καὶ
3244 3452 3669 3523 φροντιζόντων,

2089 3540 2243 3597 αὐτοὶ
2297 3540 2779 3613 ἀφροντιστοῦντες
2837 3542 2930 3594 καὶ
2997 3543 3295 3613 ἀνειμένοι.
3369 3545 3430 3598 '0
3493 3547 3669 3618 μέντοι

2088 3632 2319 3702 ὀφείλων
2369 3633 2466 3685 καὶ
2525 3631 2698 3704 πένης
2747 3633 2894 3698 ἐστὶ,
2940 3634 3036 3686 καὶ
3085 3633 3524 3707 πολυμέριμνος,
3583 3640 3669 3692 καὶ

2089 3725 2315 3789 σύννους
2363 3726 2540 3780 πάντα
2593 3725 2686 3779 τὸν
2742 3725 2965 3798 χρόνον,
3018 3727 3114 3780 νῦν
3164 3730 3264 3798 μὲν
3321 3730 3421 3800 τὴν
3483 3729 3670 3784 ἑαυτοῦ

2088 3818 2276 3871 οὐσίαν
2316 3817 2752 3890 ὰποτιμώμενος,
2791 3818 2890 3872 νῦν
2919 3819 2977 3872 δὲ
3015 3819 3116 3882 τὰς
3162 3820 3338 3884 οἰκίας
3375 3821 3476 3885 τὰς
3512 3821 3672 3876 πολυ-

2089 3909 2284 3973 τελεῖς,
2316 3910 2443 3972 τοὺς
2473 3910 2676 3981 ἀγροὺς
2705 3910 2815 3963 τῶν
2847 3909 3122 3964 πλουσίων
3160 3910 3261 3981 (6),
3303 3912 3404 3975 τὰς
3445 3912 3672 3982 ἐσθῆτας

2088 3997 2197 4051 τῶν
2235 3999 2689 4068 ἐντυγχανόντων.
2731 4000 2795 4052 Ei
2829 3999 3003 4054 ταῦτα
3038 3999 3147 4070 ἐμὰ
3182 3996 3272 4071 ἦν,
3319 4003 3508 4070 φησὶν,
3547 4004 3668 4056 ἁπεο

2089 4090 2311 4162 διδόμην
2364 4090 2522 4145 τόσου
2577 4091 2670 4144 καὶ
2714 4091 2897 4156 τόσου,
2953 4092 3048 4144 καὶ⁵
3108 4093 3540 4164 ἁπηλλασσόμην
3586 4092 3676 4146 τοῦ

2089 4183 2270 4235 τόκου.
2314 4181 2500 4236 Ταῦτα
2545 4181 2709 4236 αὐτοῦ
2759 4183 2854 4236 καί¹
2905 4184 3121 4256 νύκτωρ
3161 4187 3254 4238 καὶ
3295 4185 3417 4256 μεθ’
3467 4186 3678 4257 ἡμέραν

2089 4274 2443 4344 ὲγκαθέζεται
2487 4277 2551 4347 τῇ
2595 4275 2813 4347 καρδίᾳ.
2863 4275 2988 4330 Ἐὰν
3031 4277 3129 4348 τὴν
3181 4277 3349 4349 θύραν
3401 4280 3678 4349 πατάξῃς,

2089 4370 2118 4420 ὁ
2154 4367 2434 4439 χρεώστης
2465 4368 2570 4423 ὑπὸ
2605 4367 2704 4439 τὴν
2733 4368 2940 4438 κλίνην·
2977 4369 3223 4440 σφοδρῶς
3252 4370 3551 4442 εἰσέδραμε
3578 4389 3679 4434 τις,

411 4490 628 4547 quaque
648 4475 734 4528 via
757 4472 947 4545 fugiat,
967 4473 1255 4542 conspicit.
1278 4471 1401 4527 Dies
1419 4472 1770 4542 praescriptus
1785 4471 1984 4532 instat;

2091 4459 2184 4512 τοῦ
2229 4459 2286 4514 δὲ
2321 4459 2589 4527 ἐπάταξεν
2631 4462 2665 4531 ἡ
2709 4461 2925 4533 καρδίαν
2974 4462 3196 4516 ὑλακτεῖ
3235 4464 3263 4516 ὁ
3308 4465 3496 4529 κύων,
3548 4467 3578 4519 ὀ
3627 4467 3681 4520 δὲ

413 4568 573 4622 aiixie
612 4580 801 4621 secum
830 4572 1047 4636 reputat
1078 4564 1355 4634 quodnam
1381 4563 1633 4618 dicturus
1668 4563 1742 4619 sit
1769 4563 1993 4617 menda-

411 4659 582 4722 cium,
612 4669 668 4713 et
698 4672 812 4727 quo
843 4657 1078 4712 conficto
1108 4663 1371 4725 praetextu
1400 4656 1734 4726 depulsurus
1763 4671 1792 4709 a
1825 4670 1885 4710 se
1923 4655 1996 4709 sit

412 4749 762 4804 creditorem.
796 4748 938 4813 Quid
983 4755 1038 4804 te
1079 4749 1194 4819 ipse
1237 4748 1423 4803 bestiae
1461 4745 1868 4802 fecundissimae
1899 4746 1996 4800 ad-

408 4840 635 4911 jungis?
671 4838 910 4910 Lepores
937 4840 1094 4893 aiunt
1130 4839 1294 4894 simul
1328 4848 1384 4893 et
1423 4852 1637 4908 parere,
1676 4844 1732 4891 et
1760 4837 1994 4898 nutrire,

414 4939 469 4984 ct
502 4928 886 5000 superfetare:
926 4927 1008 4982 sic
1042 4927 1291 4997 pecuniae
1321 4925 1727 4981 feneratoribus
1757 4923 1918 4984 simul
1941 4929 1998 4977 et

412 5023 618 5078 dantur
651 5019 720 5076 ad
751 5019 1067 5091 pendendas
1098 5033 1318 5080 usuras,
1351 5024 1406 5072 et
1430 5018 1752 5089 gignuntur,
1780 5022 1836 5071 et
1877 5013 1998 5084 pul-

487 5179 562 5249 (l)
598 5177 847 5249 AErxihom.
877 5175 933 5228 in
971 5176 1108 5241 psal.
1141 5191 1250 5238 xw,
1285 5175 1386 5230 HO

485 5247 563 5321 (ι)
595 5247 753 5321 ψει..
783 5248 902 5321 ψ.-

508 5317 942 5393 ῖ¹ξ>¹ῒφίάονί¹⁰κ
1060 5379 1085 5393 .
1177 5383 1194 5393 .
1293 5383 1322 5393 ._
1425 5383 1436 5393 .
1618 5391 1626 5393 _
1709 5391 1717 5393 _
1831 5382 1843 5393 .
1968 5377 1980 5393 .

583 5336 989 5458 1111):)?
1015 5379 1148 5437 οὖν·
1175 5383 1399 5454 Legitur
1425 5383 1480 5438 in
1505 5391 1764 5437 contextu
1790 5377 2004 5450 αἰσχρός

413 5476 592 5513 τερον.

409 5476 894 5598 ῗεῗὲἶᾎανείζου.
920 5522 1114 5579 Nullus
1137 5521 1328 5577 dubito
1348 5522 1482 5592 quin
1514 5521 1800 5598 legendum
1832 5517 1906 5574 sit
1929 5518 2002 5588 μὴ

416 5594 648 5663 savage,
670 5616 732 5652 ne
760 5599 850 5650 des
881 5601 1081 5672 tenore,
1109 5609 1233 5672 non_
1252 5609 1403 5672 vera,
1426 5594 1790 5672 n_e__pecunia_m
1823 5605 2004 5672 sumas

419 5661 952 5738 fenore.‘l{ationem
988 5663 1134 5716 enim
1169 5663 1319 5716 addit
1349 5662 1607 5726 Basilius,
1645 5664 1773 5738 quia
1807 5661 2004 5714 divites

422 5734 608 5797 fenore
639 5736 1042 5796 nonindiaent:
1073 5748 1180 5794 qua
1211 5747 1343 5788 voce
1371 5748 1478 5788 non
1505 5734 1790 5790 pecuniam
1816 5738 2005 5788 mutuo

2097 4550 2281 4621 ἱδρῶτι
2309 4553 2502 4623 ῥεῖται,
2532 4553 2626 4605 καὶ
2657 4553 2867 4624 ἀγωνίᾳ
2901 4554 3202 4624 συνέχεται,
3237 4557 3333 4610 καὶ
3358 4563 3681 4629 περισκοπεῖ

2097 4639 2260 4692 πόθεν
2317 4640 2501 4711 φύγοι.
2567 4642 2633 4694 Ἠ
2681 4642 2991 4714 προθεσμία
3033 4646 3283 4715 προάγει·
3343 4652 3590 4722 μεριμνᾷ
3638 4655 3683 4702 τί

2095 4730 2388 4800 ψεύσεται,
2419 4732 2580 4791 ποίαν
2601 4731 2949 4804 πλασάμενος
2980 4736 3250 4810 πρόφασιν
3275 4737 3368 4790 τὸν
3407 4740 3683 4812 δανειστὴν

2095 4824 2499 4896 διακρούσεται.
2531 4825 2596 4877 Τί
2620 4825 2900 4893 πολυτόκῳ
2935 4826 3012 4897 (7)
3037 4827 3213 4905 θηρίῳ
3242 4831 3475 4883 σεαυτὸν
3513 4849 3682 4903 παρα-

2099 4914 2408 4983 ζευγνύεις;
2439 4917 2577 4981 Τοὺς
2604 4916 2850 4989 λαγῳούς
2883 4935 3014 4987 φασι
3043 4919 3140 4978 καὶ
3167 4920 3375 4974 τίκτειν
3410 4922 3573 4993 ὁμοῦ,
3599 4925 3684 4978 καὶ

2098 5008 2342 5079 τρέφειν,
2394 5009 2489 5062 καὶ
2541 5009 2978 5068 ἐπικυΐσκεσθαι·
3033 5013 3128 5066 καὶ
3171 5013 3286 5077 τοῖς
3332 5015 3686 5085 τοκογλύφοις

2101 5160 2442 5240 sumendam,
2473 5160 2894 5240 sed_mercedem
2923 5178 2989 5240 οδ
3014 5164 3550 5240 collocata__pecunia
3570 5186 3682 5240 pro-

2101 5232 2408 5309 venientem
2447 5233 2798 5309 manifestum
2827 5243 2912 5288 est
2939 5233 3260 5309 designari._
3278 5232 3537 5293 Ueterret
3565 5232 3685 5309 ergo

2102 5303 2298 5356 divites
2320 5303 2602 5378 a_pecunia
2620 5303 2673 5378 in
2697 5303 2854 5378 fenus
2875 5303 3213 5378 collocanda.
3239 5304 3396 5376 Legit
3422 5303 3662 5378 an-hieﬁi

2104 5388 2306 5443 scOpus
2351 5373 2708 5438 Turonensis,
2748 5375 2822 5428 ita
2854 5381 2913 5426 ut
2954 5374 3240 5443 legendum
3282 5373 3683 5433 contendimus.

2102 5471 2170 5483 -
2209 5441 2350 5510 Vide
2367 5449 2553 5498 notam
2594 5452 2839 5500 nostram
2881 5443 2948 5497 ad
2975 5441 3112 5505 tom.
3141 5445 3182 5507 Ι,
3220 5446 3326 5501 col.
3359 5446 3490 5510 272.
3530 5447 3682 5503 Enn.

2177 5511 2259 5588 (θλ
2291 5509 2413 5588 Ἰξῶν
2440 5515 2773 5569 πλουσίων.
2812 5514 3077 5572 Codicum
3118 5516 3258 5570 alter
3295 5509 3409 5569 τῶν
3444 5517 3682 5588 πλησίον,

2105 5583 2334 5650 proximi
2365 5598 2542 5652 agros.

2107 5647 2124 5738 ζ
2179 5647 2636 5775 (ζὶεηολυτόκῳ.
2677 5651 2768 5712 Sic
2816 5662 3124 5715 contextus.
3172 5653 3319 5715 Editi
3370 5660 3548 5717 nostri
3595 5676 3680 5712 πο-

2109 5741 2376 5775 Αυποκω.

2109 5741 2168 5778 At)
2176 5741 2376 5790 πλοκῳ.
