3840 6226
173 261 318 315 H77

1025 269 1260 327 bERMO
1304 272 1363 327 ν.
1405 305 1476 315 --
1512 273 1602 332 DE
1644 275 1929 332 DIVlTllS
1972 275 2061 332 ΕΤ
2100 273 2589 331 ΡΑυΡΕΒΤΛΤΕ.

3310 280 3448 333 H73

170 379 243 434 τὰ
264 382 520 453 χρήματα
549 383 687 455 ὀμοῦ
725 386 821 440 καὶ
856 387 1188 455 δανείζεται,
1219 393 1313 446 καὶ
1347 397 1632 463 γεννᾶται,
1669 396 1761 450 καὶ
1791 449 1794 456 ,

1865 393 2058 448 lulant.
2080 393 2350 456 _Nondum
2378 393 2524 448 enim
2557 393 2610 447 in
2644 407 2838 447 manus
2862 392 3146 462 aecepisti,
3176 399 3232 447 et
3265 403 3446 450 tamen

123 525 134 547 ,
172 474 499 544 ὑποφύεται.
549 477 718 533 Οὔπω
758 480 869 552 γὰρ
921 482 1087 548 ἐδέξω
1133 487 1216 548 είς
1252 488 1462 558 χεῖρας,
1520 489 1614 541 καὶ
1657 488 1755 542 τοῦ

170 567 444 636 παρόντος
484 569 652 640 μηνὸς
684 571 976 646 ἀπῃτήθης
1010 574 1109 645 τὴν
1142 578 1427 648 ἐργασίαν.
1465 581 1576 633 Καὶ
1605 579 1764 634 τοῦτο

169 659 337 715 πάλιν
359 661 650 724 δανεισθὲν,
684 665 872 736 ἕτερον
898 667 1069 722 κακὸν
1096 669 1376 740 ἐξέθρεψε,
1407 672 1631 726 κάκεῖνο
1654 671 1764 725 ἐτε-

165 770 290 825 ρον,
329 754 422 809 καὶ
455 756 516 810 τὸ
544 757 713 812 κακὸν
741 761 824 824 είς
851 759 1102 833 ἄπειρονι
1125 763 1297 828 Τόκος
1321 765 1452 836 γὰρ,
1489 765 1566 829 ὡς
1584 761 1759 838 οἶμαι,

163 847 256 902 5ιὰ
305 849 406 921 τὴν
454 851 778 922 πολυγονίαν
815 854 892 924 (1)
933 853 1029 910 τοῦ
1074 857 1248 910 κακοῦ
1298 859 1757 931 προσηγόρευται·

163 942 335 999 πόθεν
375 945 483 1017 γὰρ
516 945 772 1015 suae”;
813 949 886 1003 Ἦ
915 950 1057 1021 τάχα
1097 952 1256 1014 τόκος
1290 952 1508 1021 λέγεται
1539 952 1627 1006 διὰ
1661 951 1761 1015 τὰς

161 1033 365 1099 ⁸ὠδῖνας
417 1038 512 1091 καὶ
560 1037 758 1104 λύπας,
809 1039 877 1105 ἃς
925 1044 1174 1113 ἐμποιεῖν
1223 1045 1345 1106 ταῖς
1399 1042 1598 1114 ψυχαῖς
1652 1044 1759 1096 τῶν

164 1127 560 1202 εανειζομένων
585 1131 846 1200 πέφυκεν.
877 1133 966 1196 Ὦς
994 1134 1104 1208 γὰρ
1139 1137 1172 1205 ἡ
1208 1135 1336 1199 ὠδὶς
1373 1137 1438 1207 τῇ
1475 1135 1755 1208 τικτούσῃ,

163 1220 340 1286 δῦτως
376 1224 410 1294 ή
451 1223 760 1296 προθεσμία
791 1227 870 1298 τῷ
907 1228 1160 1300 ὑποχρέῳ
1196 1228 1549 1302 παρίσταται.
1587 1230 1756 1294 Τόκος

163 1313 259 1366 ἐπὶ
297 1312 463 1384 τόκῳ,
517 1316 772 1388 πονηρῶν
812 1318 1014 1386 γονέων
1064 1319 1298 1391 πονηρὸν
1343 1319 1585 1390 ἔκγονον.
1641 1321 1756 1385 Τὰς

157 1407 376 1477 ἐχίδνας
395 1407 611 1478 λέγουσι
639 1409 738 1480 τὴν
770 1411 1016 1481 γαστέρα
1042 1411 1142 1482 τῆς
1179 1412 1385 1483 μητρὸς
1411 1412 1756 1477 διεσθιούσας

159 1497 462 1554 τίκτεσθαι·
503 1501 599 1555 καὶΙ
640 1503 690 1555 οί
727 1502 878 1556 τόκοι
913 1505 1042 1568 τοὺς
1079 1502 1262 1568 οἴκους
1289 1503 1397 1559 τῶν
1431 1504 1753 1574 ὀφειλόντων

157 1591 496 1659 ικφαγόντες
559 1594 989 1664 ἀπογεννῶνται.
1060 1595 1144 1649 Τὰ
1214 1597 1505 1670 σπέρματα
1575 1598 1750 1669 χρόνῳ

1871 487 2160 556 praesentis
2197 484 2403 541 mensis
2434 494 2676 556 quaestus
2715 499 2744 538 a
2780 494 2832 539 te
2862 483 3196 555 expos_citur.
3230 483 3296 540 Et
3332 487 3446 542 hare

1867 579 2100 648 pecunia
2126 592 2323 632 rursus
2353 576 2542 632 fenore
2564 587 2808 647 accepta,
2835 578 3041 630 malum
3067 577 3302 632 alterum
3325 581 3443 644 alit,

1861 677 1916 724 et
1945 669 2077 724 illud
2103 671 2360 734 alterum,
2393 679 2556 739 atque
2584 670 2664 724 sic
2689 670 2892 722 malum
2931 671 2987 723 in
3030 670 3327 726 inﬁnitum.
3360 672 3448 726 Et-

1860 761 2031 823 enim,
2063 760 2294 830 Opinor,
2343 761 2520 824 τοκός,
2554 761 2608 814 id
2658 769 2764 826 est,
2801 772 3009 830 partus,
3049 763 3121 816 ob
3167 762 3443 834 ingentem

1859 852 1990 906 mali
2024 851 2416 907 fecunditatem
2455 854 2788 910 nominatur.
2817 853 2972 910 Unde
3002 857 3149 911 enim
3188 859 3445 914 aliunde?

1860 946 1968 1000 Aut
1999 946 2139 1002 forte
2162 947 2341 1010 τοκός,
2371 947 2475 1001 hoc
2512 956 2618 1011 est,
2647 957 2854 1016 partus,
2881 949 3088 1003 dicitur
3117 951 3189 1005 ob
3222 951 3441 1006 dolores

1860 1052 1925 1091 ac
1958 1038 2264 1101 molestias,
2291 1054 2430 1108 quas
2456 1039 2656 1094 animis
2686 1054 2879 1094 eorum
2920 1041 3013 1108 qui
3059 1040 3244 1097 fenore
3283 1057 3444 1099 acce-

1861 1138 2076 1199 perunt,
2107 1132 2246 1185 solet
2269 1145 2477 1185 creare.
2505 1129 2738 1184 Utenim
2771 1132 3124 1201 puerperium
3155 1133 3438 1202 pariturae,

1859 1222 1934 1274 ita
1962 1219 2082 1276 dies
2113 1220 2318 1276 indicta
2352 1221 2586 1277 debitori
2623 1223 2812 1280 instat.
2850 1222 3032 1280 Fenus
3070 1224 3243 1281 fenori
3285 1227 3442 1282 addi-

1855 1318 1994 1377 tum,
2026 1323 2310 1382 parentum
2356 1314 2624 1368 malorum
2670 1317 2815 1369 mala
2855 1324 2941 1370 est
2989 1317 3225 1373 soboles.
3270 1318 3440 1372 Aiunt

1855 1405 2098 1474 viperas,
2123 1405 2252 1459 dum
2275 1406 2596 1476 gignuntur,
2622 1416 2864 1462 ventrem
2887 1411 3083 1464 matris
3104 1410 3435 1466 corrodere:

1849 1495 2018 1552 fenus
2053 1513 2294 1567 quoque,
2322 1500 2502 1554 erosis
2529 1514 2592 1553 ac
2619 1500 2961 1570 consumptis
2985 1500 3291 1557 debitorum
3315 1504 3436 1558 aedi-

1853 1588 1978 1651 bus,
2027 1589 2297 1643 nascitur.
2334 1587 2558 1643 Semina
2606 1594 2870 1660 temporis
2900 1606 3196 1662 progressu
3229 1595 3436 1665 germi-

162 1679 376 1749 ρύεται·
410 1683 441 1736 ὀ
469 1681 527 1736 δὲ
569 1684 726 1749 τόκος
764 1688 1007 1757 σήμερον
1041 1689 1317 1756 γεννᾶται,
1367 1691 1463 1743 καὶ
1506 1692 1748 1762 σήμερον
1782 1758 1794 1762 Α

1851 1687 2021 1734 nant:
2060 1695 2230 1734 usura
2261 1695 2391 1734 vero
2423 1679 2582 1735 hodie
2615 1689 2929 1750 generatur,
2965 1690 3019 1736 et
3050 1683 3212 1738 hodie
3244 1700 3432 1754 parere

161 1771 251 1826 εοῦ
276 1771 481 1826 τίκτειν
505 1774 755 1847 ἄρχεται.
783 1776 904 1830 Τῶν
936 1777 1286 1850 αὑξουμένων
1315 1758 1749 1844 ἕκαστον,νέπει-
1781 1758 1794 1816 Ι

1851 1771 2065 1841 incipit.
2111 1771 2392 1842 Quidquid
2421 1773 2640 1837 crescit,
2672 1774 2764 1827 ubi
2801 1773 2868 1828 ad
2915 1776 3192 1846 propriam
3225 1778 3430 1848 magni-

163 1865 252 1919 ἰὰν
277 1867 414 1938 πρὸς
435 1867 497 1920 τὸ
522 1871 722 1924 οίκεῖον
755 1871 1020 1942 ἀφίκηται
1055 1872 1305 1942 μέγεθος,
1336 1876 1436 1944 τῆς
1469 1873 1749 1945 αὐξήσεως

160 1973 395 2012 ισταταν
433 1959 496 2012 τὸ
527 1959 584 2012 δὲ
617 1960 726 2013 τῶν
758 1960 1099 2016 πλεονεκτῶν
1143 1964 1408 2036 ἀργύριον
1447 1964 1526 2036 τῷ
1571 1967 1748 2038 χρόνῳ

157 2051 320 2104 παντὶ
345 2050 819 2125 συμπαραύξεται.
853 2053 936 2106 Τὰ
959 2052 1077 2118 ζῶα
1111 2056 1420 2128 παραδόντα
1447 2059 1562 2120 τοῖς
1592 2059 1749 2126 ἐκγό-

156 2157 266 2204 ιοις
297 2139 380 2212 (ἢ)
424 2141 486 2195 τὸ
517 2142 744 2208 τίκτειν,
790 2142 932 2196 αὐτὰ
968 2143 1065 2215 τῆς
1108 2145 1357 2216 κυήσεως
1393 2144 1646 2199 παύεται·
1676 2145 1745 2199 τὰ

153 2232 204 2284 ἱέ
233 2231 344 2286 τῶν
363 2233 658 2288 δανειστῶν
688 2233 930 2307 ἀργύρια
951 2236 1048 2289 καὶ
1073 2234 1142 2288 τὰ
1171 2235 1526 2306 ἐπιγινόμενα
1545 2236 1740 2301 τίκτει,

151 2323 244 2378 σαὶ
273 2323 345 2378 τὰ
368 2325 569 2397 ἀρχαῖα
598 2326 802 2392 νεάζει.
838 2328 950 2382 Καὶ
978 2327 1166 2398 ὥσπερ
1192 2328 1283 2382 ἐπὶ
1310 2328 1408 2399 τῆς
1437 2327 1667 2399 χολέρας
1693 2330 1744 2381 oi

149 2419 209 2472 τὸ
235 2419 326 2472 ἀεὶ
354 2421 754 2492 προϊστάμενον
790 2420 1134 2494 ἐξαιροῦντες
1173 2420 1271 2492 (5),
1314 2421 1408 2474 καὶ
1438 2421 1569 2491 πρὶν
1603 2437 1742 2474 παν-

148 2509 320 2574 τελῶς
353 2510 693 2582 καθαρθῆναι
722 2513 982 2584 δευτέραν
1007 2513 1214 2584 τροφὴν
1242 2513 1338 2566 ἐπε
1348 2511 1740 2583 μὸαλλόμενοι,

147 2602 311 2656 πάλιν
340 2602 534 2673 ἐμοῦσι
561 2603 702 2674 μετὰ
726 2604 919 2676 ὀδύνης
951 2607 1044 2658 καὶ
1077 2604 1443 2676 σπαραγμῶν⁹
1477 2603 1619 2657 οὓτω
1648 2604 1742 2657 καὶ

148 2697 194 2748 at
231 2694 603 2767 δανειζόμενοι
623 2736 639 2760 ,
674 2697 869 2761 τόκους
901 2701 966 2750 ἐκ
1000 2698 1174 2751 τόκων
1210 2697 1738 2767 μεταλαμϐάνοντες,

145 2787 241 2840 καὶ
277 2787 410 2857 πρὶν
446 2787 752 2860 ἐκκαθᾶραι
777 2789 846 2842 τὰ
875 2787 1098 2860 πρῶτα,
1129 2787 1384 2859 δεύτερον
1413 2787 1738 2856 ἐπεισάγον-

149 2897 237 2944 τες
259 2879 552 2951 δάνεισμα,
583 2881 777 2953 μικρὸν
810 2882 1001 2954 χρόνον
1035 2885 1145 2946 τοῖς
1177 2881 1477 2952 ἀλλοτρίοις
1507 2881 1738 2952 ἐναϐρυ-

145 2973 396 3044 νόμενοι,
452 2972 681 3046 ὕστερον
731 2976 826 3028 καὶ
870 2978 938 3029 τὰ
981 2975 1160 3028 οἰκεῖα
1211 2974 1510 3046 ὠδύραντο.
1577 2973 1738 3027 Ἀλλά

143 3065 364 3129 πολλοὶ,
425 3066 560 3137 φησι
580 3108 595 3131 ,
654 3066 750 3120 καὶ
816 3068 880 3118 ἐκ
945 3066 1306 3137 δανείσματος
1372 3064 1733 3137 ἐπλούτησαν.

1849 1863 2098 1918 tudinem
2132 1865 2464 1934 pervenerit,
2489 1864 2694 1920 desinit
2728 1867 2947 1935 augeri;
2978 1882 3271 1922 avarorum
3304 1885 3429 1924 vero

1849 1964 2137 2026 argentum
2168 1958 2318 2011 omni
2343 1966 2588 2027 tempore
2610 1959 2875 2028 augescit.
2907 1959 3176 2014 Animalia
3199 1960 3293 2016 ubi
3323 1977 3428 2016 sua

1848 2048 2190 2118 soboli_vim
2250 2049 2674 2118 impertiverunt
2737 2052 3013 2122 pariendi,
3075 2054 3428 2123 supersedent

1847 2143 2253 2211 praegnatione:
2281 2149 2335 2194 at
2367 2143 2736 2198 feneratorum
2767 2146 3016 2215 pecunia:
3045 2154 3098 2202 et
3129 2147 3429 2203 adnascen-

1846 2238 1930 2287 tes
1962 2234 2218 2303 pariunt,
2270 2241 2326 2288 et
2369 2242 2584 2291 veteres
2623 2247 2979 2293 renovantur.
3010 2240 3087 2310 (5)
3120 2237 3187 2292 Et
3220 2240 3366 2294 sicut
3395 2241 3429 2294 ii

1845 2325 1939 2394 qui
1965 2325 2186 2381 cholera
2209 2327 2481 2392 laborant,
2505 2329 2561 2383 id
2588 2345 2804 2401 semper
2829 2331 2976 2402 quod
2999 2341 3126 2386 ante
3153 2339 3429 2400 sumptum

1843 2426 1950 2484 est,
1979 2417 2230 2487 ejiciunt,
2258 2427 2312 2475 et
2337 2422 2382 2475 si
2404 2424 2814 2493 anteintegram
2843 2424 3224 2495 purgationem
3247 2423 3429 2478 cibum

1844 2511 2079 2566 alterum
2115 2515 2360 2582 capiunt,
2399 2517 2550 2568 hunc
2582 2531 2779 2571 rursus
2812 2532 2937 2570 cum
2978 2516 3188 2581 dolore,
3219 2526 3274 2570 et
3304 2531 3430 2570 cum

1844 2618 2137 2658 nervorum
2172 2606 2530 2660 convulsione
2556 2615 2848 2662 evomunt:
2882 2608 2964 2664 sic
2993 2608 3084 2678 qui
3114 2607 3304 2663 fenore
3338 2623 3430 2661 ac-

1841 2694 2074 2765 cipiunt,
2110 2697 2300 2752 usuris
2343 2713 2635 2753 usurarum
2677 2714 2800 2754 sese
2839 2707 3158 2764 onerantes,
3183 2706 3240 2754 et
3273 2707 3429 2752 ante-

1840 2802 2004 2857 quam
2028 2787 2238 2857 priores
2259 2805 2441 2844 usurae
2465 2799 2770 2862 purgentur
2789 2829 2806 2856 ,
2830 2792 3059 2846 alteram
3084 2791 3428 2860 adjicientes.

1842 2894 2142 2949 parumper
2173 2881 2230 2934 in
2263 2881 2458 2936 alienis
2487 2884 2726 2953 gloriati,
2763 2892 2879 2938 tum
2903 2884 3124 2939 demum
3154 2882 3232 2938 rei
3264 2882 3428 2937 etiam

1843 2969 2132 3025 familiaris
2178 2971 2455 3040 jacturam
2517 2975 2726 3045 lugent.
2780 2974 2968 3046 Atqui,
3020 2973 3228 3044 inquis,
3271 2975 3428 3028 multi

1839 3062 2004 3117 etiam
2039 3062 2228 3119 fenore
2261 3064 2389 3120 facti
2423 3077 2551 3122 sunt
2575 3068 2796 3123 divites.
2823 3068 2893 3122 At
2927 3082 3056 3122 vero
3085 3069 3298 3138 plures,
3335 3083 3427 3120 ar-

144 3126 374 3221 Πλείονς
543 3126 718 3229 οίμαι,
759 3158 853 3211 καὶ
896 3157 1106 3228 βρόχων
1137 3126 1368 3228 ὶήψαντο.
1415 3157 1487 3209 Σὺ
1521 3126 1737 3221 δὲποὺς
1764 3126 1794 3182 ί

1850 3154 2035 3219 bitror,
2070 3155 2137 3210 ad
2177 3156 2407 3226 laqueos
2447 3167 2840 3227 pervenerunt.
2881 3157 2962 3212 Tu
2998 3126 3133 3214 vero
3172 3167 3430 3228 strangu-

139 3249 567 3321 ἁπαγξαμένους
593 3249 694 3304 οὐκ
715 3248 991 3321 ἀριθμεῖς,
1023 3249 1072 3302 οἳ
1097 3248 1197 3321 τὴν
1228 3250 1320 3302 ἐπὶ
1345 3250 1466 3312 ταῖς
1489 3249 1736 3319 ἀπαντή-

140 3360 297 3396 σεσιν
341 3343 416 3412 (4)
471 3342 735 3414 αἰσχύνην
793 3340 869 3414 μὴ
917 3341 1198 3412 φέροντες,
1246 3339 1337 3394 τὸν
1381 3339 1450 3392 δι’
1497 3341 1738 3410 ἀγχόνης

139 3435 374 3489 θάνατον
419 3432 515 3489 τοῦ
568 3433 946 3497 ἐπονειδίστως
991 3432 1090 3504 ζῇν
1135 3432 1534 3504 προετίμησαν.
1581 3428 1737 3484 Εἶδον

139 3527 253 3598 ἐγὼ
291 3529 525 3583 ἐλεεινὸν
555 3527 766 3598 θέαμα,
797 3527 998 3590 παῖδας
1031 3526 1350 3598 ἐλευθέρους
1383 3526 1524 3598 ὑπὲρ
1557 3525 1736 3597 χρεῶν

139 3619 426 3691 πατρικῶν
467 3619 790 3691 ἑλκομένους
830 3619 910 3682 είς
956 3617 1018 3670 τὸ
1060 3620 1382 3690 πρατήριον.
1433 3618 1547 3670 Ούκ
1591 3617 1736 3687 ἔχεις

137 3712 468 3766 καταλιπεῖν
504 3713 765 3785 χρήματα
796 3714 909 3776 τοῖς
940 3711 1133 3774 παισίς
1167 3711 1242 3782 μὴ
1285 3700 1606 3781 προσαφέλῃ
1641 3709 1736 3762 καὶ

137 3804 241 3875 τὴν
269 3803 569 3873 εὐγένειαν.
607 3805 702 3858 Ἓν
722 3801 880 3858 τοῦτο
898 3803 1228 3874 διατήρησον
1253 3802 1435 3866 αὐτοῖς
1461 3801 1522 3854 τὸ
1548 3803 1734 3873 κτῆμα

137 3897 240 3967 τῆς
267 3896 610 3968 ἐλευθερίας,
640 3897 740 3970 τὴν
772 3895 1266 3968 παρακαταθήκην,
1319 3896 1386 3966 ἣν
1433 3894 1585 3966 παρὰ
1625 3893 1735 3946 τῶν

136 3989 346 4057 γονέων
391 3987 718 4059 παρέλαϐες.
761 3987 950 4051 Οὐδεὶς
989 3986 1180 4040 πενίαν
1218 3985 1426 4056 πατρὸς
1469 3983 1733 4055 ἐνεκλήθη

136 4074 296 4128 ποτέο
331 4074 556 4147 ὄφλημα
581 4076 637 4129 δέ
667 4074 920 4147 πατρῷον
952 4076 1032 4138 είς
1059 4074 1435 4146 δεσμωτήριον
1467 4072 1612 4142 ἄγει.
1647 4071 1734 4142 Μὴ

136 4165 450 4238 καταλίπῃς
498 4169 878 4238 γραμματεῖον
911 4165 1099 4236 ὥσπερ
1151 4165 1290 4239 ἀρὰν
1345 4164 1616 4237 πατρικὴν
1655 4167 1736 4228 είς

135 4259 339 4323 παῖδας
360 4259 794 4314 καταϐαίνουσαν
819 4260 912 4314 καὶ
939 4261 1216 4329 ἐκγόνους.
1513 4265 1523 4275 ⁴

211 4352 265 4406 ’1.
296 4351 566 4419 Πλοῦτος
585 4353 716 4424 γὰρ,
742 4353 927 4425 φησὶν,
949 4353 1058 4408 ἐὰν
1072 4352 1208 4422 ῥέῃ,
1227 4351 1313 4421 μὴ
1339 4350 1738 4419 προστίθεσθε

1837 3247 1981 3302 latos
2007 3264 2118 3302 non
2147 3264 2432 3313 numeras,
2464 3251 2558 3320 qui
2585 3252 3029 3306 vadimoniorum
3059 3249 3300 3305 dedecus
3331 3251 3426 3305 ml-

1837 3339 1986 3394 nime
2016 3339 2278 3405 ferentes,
2317 3342 2423 3395 sibi
2453 3350 2685 3397 mortem
2722 3343 3035 3397 maluerunt
3075 3342 3272 3412 laqueo
3296 3357 3430 3396 con-

1837 3432 2098 3498 sciscere,
2138 3446 2302 3503 quam
2344 3434 2614 3503 probrose
2656 3435 2858 3488 vivere.
2903 3432 3026 3488 Vidi
3066 3450 3169 3505 ego
3200 3435 3430 3489 misera-

1836 3521 1946 3576 bile
1998 3524 2430 3592 spectaculum,
2492 3525 2764 3594 ingenuos
2812 3540 3014 3595 pueros
3048 3567 3064 3592 ,
3119 3525 3191 3579 ob
3251 3526 3427 3595 patris

1835 3612 2063 3677 debita,
2121 3615 2340 3670 venales
2402 3616 2459 3670 in
2521 3615 2702 3669 forum
2759 3616 3027 3685 pertrahi.
3081 3615 3202 3671 Non
3257 3616 3429 3675 habes

1836 3706 2124 3775 pecuniam
2149 3722 2312 3776 quam
2343 3709 2627 3778 relinquas
2653 3707 2778 3763 filiis
2801 3709 2824 3760 ?
2853 3709 2999 3764 Cave
3030 3709 3424 3779 ingenuitatem

1835 3797 1917 3853 eis
1961 3799 2204 3856 auferas.
2255 3799 2433 3856 Unam
2480 3801 2620 3856 hanc
2666 3801 2801 3871 ipsis
2843 3817 3112 3857 conserva
3157 3802 3428 3858 libertatis

1838 3893 2270 3962 possessionem,
2303 3893 2613 3963 depositum
2644 3896 2801 3958 illud,
2835 3894 2982 3964 quod
3026 3911 3054 3948 a
3104 3895 3426 3965 parentibus

1837 3984 2122 4054 accepisti.
2176 3983 2390 4040 Nemini
2440 4003 2678 4056 unquam
2732 3988 2906 4057 patris
2953 3995 3252 4057 paupertas
3299 3988 3424 4042 data

1835 4087 1922 4131 est
1945 4077 2200 4131 crimini:
2237 4085 2291 4131 at
2321 4089 2612 4148 paternum
2639 4079 2886 4134 debitum
2918 4082 2973 4132 in
3007 4094 3287 4135 carcerem
3315 4079 3419 4133 du-

1837 4169 1934 4223 cit.
1980 4167 2059 4224 Ne
2106 4170 2389 4240 relinquas
2419 4171 2788 4241 syngrapham
2816 4186 2916 4226 ceu
2947 4180 3234 4240 paternam
3267 4186 3426 4226 exse-

1837 4260 2141 4315 orationem
2178 4261 2232 4314 in
2273 4260 2415 4315 filios
2443 4277 2507 4315 ac
2546 4271 2772 4332 nepotes
2801 4261 3247 4317 descendentem.

1909 4351 1961 4406 7.
1990 4350 2064 4424 (6)
2099 4341 2313 4406 ὒὶυἱιὶαέ
2338 4353 2506 4415 enim,
2541 4353 2742 4423 inquit,
2769 4353 2816 4406 si
2850 4351 3094 4423 afﬂuant,
3135 4353 3299 4406 nolite
3336 4369 3429 4407 cor

132 4442 414 4512 καρδίαν.
466 4443 758 4514 Θαύμασον
796 4443 894 4514 τὴν
935 4445 1141 4516 φωνήν.
1188 4442 1496 4510 Πλοῦτος,
1539 4444 1732 4514 φησὶν,
1767 4465 1794 4520 Ῑ

1850 4459 2100 4515 apponere
2129 4443 2195 4501 “.
2222 4443 2376 4498 Hanc
2401 4460 2591 4498 vocem
2624 4445 2920 4500 admirare.
2954 4443 3193 4512 Divitiw,
3224 4444 3424 4514 inquit,

129 4536 247 4589 ἐὰν
264 4534 399 4604 ῥέῃ.
445 4535 671 4606 Ῥευστὴ
706 4536 740 4606 ἡ
789 4535 951 4605 φύσις
989 4533 1084 4588 τοῦ
1126 4534 1383 4598 πλούτου,
1422 4535 1729 4606 χειμάρρου

129 4627 394 4698 ὀξύτερον
440 4629 567 4690 τοὺς
616 4626 836 4698 ἔχοντας
899 4627 1258 4698 παρατρέχειο
1327 4626 1514 4681 ἄλλοτε
1571 4625 1730 4681 ἄλλον

129 4719 352 4790 πέφυκε
409 4719 869 4791 παραμείδεσθαι.
927 4720 1040 4773 Καὶ
1089 4719 1281 4790 ὥσπερ
1333 4719 1577 4790 ποταμὸς
1633 4719 1728 4789 ἀφ’

127 4799 344 4887 ὑψηλοῦ
385 4814 706 4886 φερόμενος,
753 4813 963 4884 ἐγγίζει
1020 4814 1118 4886 μὲν
1161 4816 1275 4878 τοῖς
1312 4812 1628 4883 παρεστῶσι
1661 4815 1726 4884 τῇ

125 4907 294 4982 ὄχθῃ,
341 4907 478 4979 ὀμοῦ
519 4907 578 4961 δὲ
620 4906 798 4980 ἥψατο
833 4909 928 4961 καὶ
967 4907 1130 4970 εὐθὺς
1165 4903 1542 4977 ὐπεχώρησεψ
1585 4903 1728 4957 οὕτω

125 5000 227 5052 καὶ
268 4999 304 5070 ἡ
351 4997 448 5054 τοῦ
495 4997 729 5052 πλούτου
769 4998 990 5052 εὐκολία
1025 4995 1294 5066 ὀξυτάτην
1330 4995 1445 5065 ἔχει
1479 4995 1575 5046 καὶ
1614 4993 1723 5046 ὀλι-

128 5086 346 5159 σθηρὰν
403 5087 503 5160 τὴν
558 5088 881 5160 παρουσίαν,
930 5087 1025 5142 καὶ
1070 5087 1262 5151 ἄλλους
1305 5085 1365 5151 ἐξ
1410 5084 1585 5139 ἄλλων
1626 5102 1726 5138 πα-

200 5245 250 5275 ⁶⁶
281 5243 435 5300 Psal.
470 5260 586 5310 LXI,
619 5245 708 5300 11.

199 5428 282 5500 (1)
313 5428 419 5500 Au}
441 5429 557 5495 τὴν
584 5429 980 5498 πολυγονίαν.
1021 5428 1116 5484 Sic
1156 5445 1292 5486 mss.
1327 5437 1383 5485 et
1428 5435 1719 5486 contextus

124 5499 344 5554 Basilii.
379 5499 520 5556 Editi
553 5500 642 5555 διὰ
667 5500 792 5554 τινὰ
818 5500 1162 5568 πολυγονίαν.

201 5571 282 5640 (2)
319 5569 447 5638 Τοῖς
479 5572 769 5697 inﬂa-occ.
811 5572 905 5626 Sic
957 5571 1208 5626 codicum
1257 5571 1396 5626 alter
1433 5579 1488 5627 et
1530 5569 1719 5626 Basilii

202 5647 446 5697 ntextus.
571 5649 628 5696 ιιι
655 5641 920 5697 ἐγγόνοις.

127 5647 446 5697 contextus.
487 5641 628 5697 Editi
655 5641 920 5710 ἐγγόνοις.

204 5712 285 5780 (5)
325 5711 756 5781 Ἐξαιροῦντες.
786 5711 1005 5784 Legitur
1037 5715 1091 5770 in
1118 5721 1376 5770 contextu
1402 5710 1716 5784 ἐξερῶντες.

1835 4539 1882 4595 δί
1932 4539 2172 4609 afﬂuant.
2207 4537 2380 4592 Fluxa
2419 4545 2505 4593 est
2550 4536 2870 4592 divitiarum
2916 4543 3136 4600 natura,
3184 4545 3431 4591 torrente

1830 4629 1996 4684 citius
2036 4629 2441 4698 praeterlabitur
2483 4643 2871 4698 possessores,
2905 4625 3070 4698 497
3103 4627 3240 4680 alios
3265 4625 3428 4680 aliter

1831 4723 1973 4776 solet
2002 4729 2234 4776 mutare.
2267 4721 2742 4788 Quemadmodum
2766 4717 2964 4774 ﬂuvius
2987 4719 3057 4774 ah
3078 4719 3189 4773 alto
3215 4719 3424 4781 labens,

1827 4813 1897 4868 iis
1923 4811 2143 4882 quidem
2184 4813 2278 4882 qui
2329 4813 2396 4867 ad
2443 4812 2619 4882 ripam
2673 4809 3301 4880 astantappropinquat,
3332 4809 3428 4864 sed

1830 4905 1996 4958 simul
2020 4913 2080 4957 ut
2107 4904 2363 4975 contigit,
2401 4905 2586 4958 statim
2619 4903 2866 4958 secedit:
2902 4903 2980 4958 ita
3011 4903 3176 4958 etiam
3207 4901 3424 4957 divitia-

1831 5014 1952 5052 rum
2009 4997 2348 5053 instabilitas
2388 4997 2795 5054 velocissimam
2844 4995 3229 5066 lubricamque
3280 5010 3424 5065 prae-

1831 5088 2066 5145 sentiam
2110 5089 2296 5153 habet,
2347 5087 2486 5145 alios
2535 5103 2603 5144 ex
2654 5088 2778 5142 aliis
2829 5095 3148 5159 permutare
3196 5087 3420 5141 solitam

1900 5427 1978 5500 (4)
2023 5424 2503 5500 ’ᾼπαντήσι-ζσιν.
2535 5423 2721 5493 Longe
2753 5421 3092 5500 praeferenda
3126 5421 3243 5475 haec
3288 5420 3430 5476 seri.

1828 5494 1990 5570 ptura
2020 5497 2071 5553 ei
2102 5512 2224 5570 quae
2266 5496 2464 5566 legitur
2492 5497 2547 5550 in
2581 5501 2840 5550 contextu
2868 5494 3250 5567 ἀπαιτήσεσιν,
3296 5506 3426 5547 exa-

1827 5566 2059 5634 ctionum
2087 5566 2328 5621 dedecus.

1896 5640 1976 5707 (ει)
2009 5633 2085 5692 Ex
2107 5637 2256 5692 hom.
2282 5637 2336 5688 in.
2367 5633 2506 5707 psaf.
2538 5649 2651 5700 xrv,
2681 5634 2806 5691 112.

1898 5705 1973 5782 (6)
2000 5708 2076 5766 Ex
2117 5709 2263 5767 hom.
2296 5707 2348 5762 in
2378 5705 2512 5761 mal.
2548 5720 2661 5772 ut,
2698 5707 2819 5764 l98.
