3860 6224
438 242 574 298 H79

1325 259 1695 320 APPENDIX.
1732 297 1801 308 —
1844 268 2197 329 SYMEONIS
2236 275 2777 338 METAPHRASTE

3578 305 3725 358 1180

440 356 612 416 llodie
646 360 811 433 huius
846 374 931 420 est
981 382 1132 440 ager,
1182 386 1306 430 cras
1334 376 1585 443 alterius,
1618 391 1672 436 et
1702 387 1865 453 paulo
1898 398 2024 459 post

440 451 577 484 οιῖηο
630 453 860 484 ῐὶηηηιη-
885 459 949 484 ..Α
982 463 1211 484 ,ς--ε.-.ε-
1266 467 1305 484 ._
1631 483 1636 484 ,
1672 475 1682 484 .
1933 481 1942 484 _

2129 395 2491 464 ραμείϐεσθαι
2542 403 2869 468 πεφυκυῖαν.
2934 403 3178 476 Σήμερον
3223 407 3375 461 τοῦδε
3424 412 3454 463 ό
3512 416 3717 484 ατρὸς,

437 451 601 508 alius.
629 453 862 526 Respice
883 459 950 514 ad
978 463 1217 520 civitatis
1246 467 1478 535 domos;
1510 483 1644 543 quot
1663 451 1775 545 jam
1802 451 2023 536 nomina

434 557 502 597 ex
533 559 643 614 quo
667 557 961 605 exstructas
993 566 1139 618 sunt,
1173 572 1453 628 accepere,
1486 563 1648 619 aliter
1669 568 1736 622 ab
1755 570 1864 626 alio
1893 588 2025 642 pos-

436 648 656 690 sessore
687 639 995 708 appellatae.
1046 646 1355 711 Quinetiam
1388 668 1582 709 aurum
1612 674 1830 731 semper
1857 639 2024 719 ema-

434 725 602 781 nibus
650 728 773 799 ejus
816 747 978 802 quem
1020 752 1188 805 penes
1231 751 1336 808 est,
1384 745 1629 816 elabcns,
1669 725 1753 806 ad.
1789 754 2022 811 alterum

434 820 655 887 transit,
698 831 755 877 et
785 825 853 879 ab
884 826 977 882 illo
1015 828 1082 882 ad
1111 831 1302 888 alium.
1336 835 1805 908 Comprehensam
1853 861 2020 902 manu

437 923 639 981 aquam
674 912 892 971 facilius
924 921 1105 987 possis
1137 925 1439 992 continere,
1470 944 1635 999 quam
1665 933 1892 992 divitias
1922 938 2021 994 tibi

435 1011 759 1060 constanter
794 1023 1033 1065 servare.
1068 1011 1145 1067 Ne
1170 1015 1337 1085 igitur
1363 1018 1611 1077 invideas
1634 1038 1664 1078 e
1686 1025 1843 1082 valde
1870 1027 2023 1084 locu-

432 1094 672 1164 pletibus
725 1101 1003 1170 cuipiam,
1040 1121 1219 1176 neque
1265 1109 1387 1179 ejus
1436 1112 1603 1169 vitam
1653 1116 1866 1173 beatam
1900 1136 2025 1178 esse

434 1185 695 1243 duxeris:
727 1193 852 1246 etsi
885 1194 1128 1267 undique
1155 1214 1218 1253 ac
1254 1216 1319 1255 ex
1357 1203 1513 1259 uberi
1551 1205 1782 1262 fontium
1835 1220 2022 1267 scatu-

434 1277 612 1348 rigine
642 1280 1028 1340 circumﬂuant
1049 1292 1317 1358 pecuniae,
1347 1310 1415 1349 ne
1438 1295 1579 1351 hanc
1601 1315 1783 1354 rerum
1808 1304 2021 1374 copiam

435 1373 781 1441 amplexeris.
812 1376 1042 1447 (I);Non
1087 1397 1303 1453 semper
1353 1387 1643 1447 laudabilis
1673 1400 1758 1447 est
1787 1373 2022 1467 pauper-

434 1466 542 1524 tas,
578 1463 674 1517 sed
709 1480 831 1534 quae
866 1470 1170 1526 secundum
1207 1478 1583 1546 evangelicum
1626 1486 1921 1541 consilium
1956 1504 2023 1544 ex

434 1551 604 1607 libera
637 1555 918 1613 voluntate
947 1562 1248 1629 perficitur.
1288 1566 1441 1622 Multi
1467 1572 1635 1638 enim,
1664 1589 1788 1628 cum
1816 1591 2023 1648 paupe-

434 1658 526 1699 res
557 1645 686 1714 sint,
720 1649 766 1702 si
797 1648 1087 1710 facultates
1116 1666 1353 1726 spectes,
1387 1665 1671 1732 pr0posito
1701 1669 2019 1725 avarissimi

433 1745 598 1792 sunt:
630 1755 770 1809 quos
805 1758 913 1796 non
966 1746 1141 1800 salvat
1180 1749 1502 1821 indigentia,
1550 1756 1647 1810 sed
1678 1761 2018 1829 propositum
2050 1739 2096 1795 Β

431 1834 783 1892 condemnat.
825 1839 902 1911 (Ξ)
943 1838 1155 1899 Divitia:
1199 1856 1378 1903 autem
1414 1859 1468 1905 et
1513 1855 1710 1923 gloria,
1746 1868 2018 1928 quatenus

430 1921 608 1980 bonos
632 1941 741 1981 non
769 1930 1007 1985 reddunt
1033 1950 1405 2004 possessores,
1434 1921 1542 1997 non
1576 1954 1705 2000 sunt
1730 1965 1798 2002 ex
1825 1965 2017 2006 eorum

432 2030 662 2071 numero
690 2058 704 2081 ,
748 2034 869 2089 qum
904 2032 1103 2079 natura
1148 2037 1279 2083 sunt
1324 2030 1508 2087 bona:
1564 2048 1839 2106 quatenus
1886 2059 2018 2100 vero

430 2112 849 2177 prosperitatem
897 2118 1192 2202 quamdam
1248 2122 1302 2176 in
1354 2124 1464 2179 vita
1516 2137 1708 2184 nostra
1754 2132 2015 2203 efﬁciunt,

430 2199 607 2268 magis
639 2189 933 2260 contrariis
980 2208 1232 2279 eligenda
1266 2223 1396 2268 sunt
1431 2229 1753 2289 paupertate
1779 2233 1833 2279 et
1859 2189 2018 2298 igno:

430 2287 623 2344 minia.
652 2291 833 2363 Atque
860 2296 975 2351 haac
1001 2300 1221 2369 quidem
1255 2287 1637 2366 nonnulliskad
1680 2287 2019 2376 distribuen-

428 2376 559 2433 dum
597 2381 802 2438 dantur
831 2401 860 2439 a
894 2387 1006 2444 Deo
1040 2391 1190 2446 velut
1217 2392 1516 2464 Abraham,
1544 2399 1735 2471 Jacob,
1770 2415 1824 2461 et
1858 2409 2016 2463 simi-

428 2469 598 2528 libus.
633 2475 903 2546 lmprobis
937 2497 1066 2536 vero
1091 2489 1410 2553 provocatio
1439 2500 1589 2558 sunt,
1624 2503 1682 2549 ut
1715 2469 1774 2553 se
1808 2501 1876 2554 ad
1901 2517 2015 2558 me-

428 2562 626 2619 liorem
659 2567 870 2640 frugem
908 2576 1201 2645 recipiant,
1233 2580 1309 2633 ita
1355 2591 1414 2636 ut
1444 2587 1539 2654 qui
1581 2596 1706 2657 post
1744 2600 1949 2647 tantam
1983 2612 2014 2649 a

426 2653 542 2710 Deo
577 2658 935 2732 benignitatis
973 2668 1430 2740 signiﬁcationem
1462 2653 1779 2748 perseverat
1813 2686 1867 2740 in
1903 2688 2012 2742 ini-

426 2750 656 2819 quitate,
709 2771 767 2810 se
808 2757 923 2827 ipse
972 2763 1091 2817 sine
1141 2765 1251 2819 ulla
1299 2773 1677 2830 excusationis
1717 2779 1875 2832 venia
1917 2780 2015 2835 ob-

430 2840 656 2895 noxium
721 2848 1167 2906 condemnationi
1224 2858 1547 2916 constituat.
1622 2862 1726 2931 Qui
1790 2869 2011 2936 quidem

421 2930 608 2999 justus
631 2941 735 3000 est,
768 2953 944 3007 neque
972 2942 1040 2995 ad
1072 2944 1314 3011 divitias,
1349 2963 1474 3004 eum
1510 2930 1733 3019 adsunt,
1762 2930 2012 3031 adjungit

426 3022 707 3093 animum;
741 3043 917 3098 neque
952 3048 1064 3096 cas,
1097 3050 1222 3088 cum
1255 3038 1476 3105 absunt,
1520 3059 1585 3097 ex

426 3113 548 3168 dem
579 3131 689 3170 non
716 3117 918 3174 fruitur
940 3127 1297 3193 concreditis,
1320 3131 1414 3185 sed
1438 3150 1628 3188 earum
1654 3139 2011 3196 administra-

427 3215 514 3261 tor
546 3218 649 3263 est.
684 3209 855 3267 Nemo
889 3225 1068 3271 autem
1116 3222 1360 3289 prudens
1407 3231 1685 3297 negotium
1736 3234 1908 3289 ambit
1954 3236 2008 3290 in

425 3300 620 3357 alienis
647 3304 812 3361 rebus
836 3308 1261 3381 distribuendis,
1313 3316 1420 3373 nisi
1454 3324 1758 3390 respexerit
1789 3326 1855 3380 ad
1888 3327 2008 3382 lau-

425 3392 548 3446 dem
585 3397 754 3466 vulgi,
786 3399 876 3453 cui
911 3400 1163 3460 homines
1198 3407 1251 3460 in
1285 3409 1468 3478 aliqua
1500 3416 1833 3471 auctoritate
1873 3432 2012 3472 con-

426 3486 603 3541 stituti
635 3489 989 3548 admirationi
1014 3504 1143 3550 sunt
1176 3513 1242 3554 ac
1266 3503 1624 3559 aemulationi.
1660 3506 1735 3576 ('5)
1768 3506 1924 3574 Quod
1962 3509 2011 3565 si

424 3577 481 3633 in
505 3580 856 3651 despicienda
885 3600 1118 3659 corpore
1140 3594 1424 3651 exercitati
1455 3612 1724 3666 essemus,
1749 3602 1839 3655 vix
1862 3602 2010 3659 aliud

423 3673 726 3743 quidquam
762 3676 1127 3736 humanarum
1166 3700 1348 3740 rerum
1392 3689 1815 3747 admiraremur.
1866 3695 2010 3762 Quid

423 3758 694 3831 cnimjam
727 3763 909 3829 nobis,
945 3766 992 3820 si
1021 3770 1271 3839 corporis
1298 3772 1606 3842 voluptates
1634 3758 2007 3843 fastidiamus,

423 3861 564 3915 opus
588 3851 660 3903 sit
680 3850 908 3919 divitiis,
933 3858 1187 3927 equidem
1217 3875 1326 3915 non
1350 3863 1547 3933 video;
1576 3866 1682 3922 nisi
1700 3867 2009 3937 jucundum

425 3939 499 3994 sit
527 3948 581 3994 et
609 3950 827 4012 gratum
862 3946 1142 4006 thesauris
1173 3950 1415 4011 defossis
1446 3972 1601 4013 more
1628 3956 2009 4016 fabulosarum

423 4031 725 4088 draconum
762 4035 1065 4110 invigilare.

495 4122 548 4177 8.
579 4122 657 4193 (4)
689 4125 744 4180 Id
780 4127 965 4199 itaque
987 4135 1324 4206 praecipuum
1354 4145 1460 4204 est,
1504 4146 1559 4194 et
1589 4141 1748 4211 cujus
1774 4144 2009 4202 maxime

423 4230 612 4270 curam
642 4234 832 4289 gerere
858 4222 1209 4283 Christianus
1256 4230 1435 4295 debet,
1491 4239 1550 4290 ut
1586 4233 1797 4291 vitiosis
1839 4236 2003 4293 υσθυε

422 4307 570 4363 tibus
601 4310 693 4379 qui
744 4314 879 4367 varii
919 4323 1050 4370 sunt
1088 4332 1152 4372 ac
1195 4319 1418 4386 diversi,
1455 4323 1807 4395 animamque
1855 4328 2013 4381 coin-

2128 488 2222 539 καὶ
2268 488 2457 560 αὔριον
2496 491 2677 560 ἄλλου,
2725 496 2820 549 καὶ
2851 496 2969 567 μετ’
3015 498 3195 568 ὀλίγον
3236 500 3413 557 ἄλλου.
3460 504 3724 561 ’Δπόϐλε-

2125 578 2225 648 ψον
2259 581 2396 651 πρὸς
2436 583 2536 648 τὰς
2575 587 2718 660 ὲντῇ
2768 589 2921 643 πόλει
2961 592 3157 657 οἰκίας,
3199 594 3342 649 πόσα
3382 596 3482 667 ἤδη
3519 598 3618 668 ἀφ’
3656 595 3720 656 οὗ

2126 672 2415 739 γεγόνασιν
2458 676 2697 748 ὀνόματα
2742 683 3150 754 μετειλήφασιν,
3187 686 3375 741 ἄλλοτε
3414 690 3509 743 ἀπ’
3550 691 3717 747 ἄλλου

2124 763 2233 818 τῶν
2277 768 2629 838 κεκτημένων
2661 773 3079 846 ὀνομαζόμεναι.
3116 778 3221 832 Καὶ
3258 781 3456 852 χρυσὸς
3489 783 3579 836 dei.
3616 786 3718 848 τὰς

2127 856 2221 910 τοῦ
2265 857 2479 928 ἔχοντος
2519 864 2707 934 χεῖρας
2752 865 3040 941 διαρρέων,
3077 871 3161 940 ἐφ’
3194 872 3379 945 ἕτερον
3423 874 3714 946 διαϐαίνει,

2127 949 2221 1002 καὶ
2256 951 2351 1005 ἀπ’
2388 954 2602 1009 ἐκείνου
2646 958 2784 1028 πρὸς
2830 960 3008 1016 ἄλλον.
3040 966 3257 1020 Μᾶλλον
3297 967 3521 1023 δύνασαι
3569 971 3718 1043 ὕδωρ

2125 1043 2193 1112 τῇ
2235 1046 2379 1116 χειρὶ
2426 1047 2740 1117 περιλαϐὼν
2782 1059 3105 1126 κατασχεῖν,
3138 1057 3172 1129 ἢ
3209 1059 3439 1116 πλοῦτον
3470 1063 3718 1136 διαρκῶς

2128 1136 2339 1208 σεαυτῷ
2367 1144 2722 1214 συντηρῆσαι.
2757 1146 2849 1218 Μὴ
2891 1148 3072 1203 τοίνυν
3108 1148 3357 1224 ζηλώσῃς
3397 1155 3507 1208 τῶν
3546 1158 3718 1229 ὑπερ-

2127 1227 2497 1287 πλουτούντων
2530 1236 2671 1302 τινὰ,
2708 1239 2841 1309 μηδὲ
2877 1241 3191 1314 μακαρίσῃς
3222 1245 3386 1299 αὐτοῦ
3410 1246 3508 1319 τὴν
3539 1227 3711 1320 ζωήν·

2126 1318 2230 1373 κᾶν
2272 1323 2599 1395 πολλαχόθεν
2639 1345 2722 1383 σοι
2769 1331 2863 1384 καὶ
2902 1333 2962 1397 ἐξ
3005 1334 3253 1405 ἀφθόνων
3294 1318 3485 1409 πηγῶν
3519 1318 3716 1413 περιρ-

2127 1411 2227 1483 ρἐ
2253 1413 2322 1468 τὰ
2345 1420 2623 1489 χρήματα,
2656 1423 2730 1493 μὴ
2756 1425 3024 1500 προσδέξῃ
3044 1428 3225 1485 αὐτῶν
3248 1429 3345 1501 τὴν
3367 1411 3711 1501 περιουσίαν.

2126 1503 2241 1558 Οὐκ
2277 1506 2365 1561 ἀεὶ
2403 1508 2461 1561 δὲ
2503 1512 2761 1585 ἐπαινετὴ
2805 1517 2842 1587 ἡ
2884 1519 3146 1588 πτωχεία,
3183 1520 3296 1579 ἀλλ’
3338 1525 3370 1593 ἡ
3409 1524 3473 1583 ὲκ
3512 1542 3714 1595 προαι-

2128 1595 2332 1665 ρέσεως
2362 1600 2504 1654 κατὰ
2529 1602 2621 1657 τὸν
2656 1605 3008 1675 εὐαγγελικὸν
3044 1612 3246 1665 σκοπὸν
3277 1615 3710 1686 κατορθουμένη.

2128 1685 2322 1741 Πολλοὶ
2358 1689 2466 1762 γὰρ
2497 1696 2704 1765 πτωχοὶ
2739 1697 2838 1767 μὲν
2869 1701 2935 1770 τῇ
2968 1703 3281 1772 περιουσίᾳ,
3316 1685 3715 1759 πλεονεκτικῶ-

2121 1795 2275 1833 τατοι
2293 1780 2350 1834 δὲ
2378 1786 2443 1853 τῇ
2472 1787 2789 1856 προαιρέσει
2821 1791 3195 1860 τυγχάνουσινσ
3227 1793 3319 1858 οὓς
3343 1796 3441 1865 οὐχ
3470 1798 3504 1866 ἡ
3535 1796 3714 1852 ἔνδεια

2123 1871 2305 1938 σώζει,
2328 1874 2442 1927 ἀλλ’
2471 1877 2503 1947 ἡ
2529 1880 2849 1952 προαίρεσις
2890 1887 3229 1957 κατακρίνει.
3264 1888 3497 1953 Πλοῦτος
3524 1889 3584 1943 δὲ
3616 1891 3713 1943 καὶ

2120 1963 2268 2031 δόξα,
2309 1966 2445 2019 καθὸ
2492 1970 2589 2039 μὲν
2629 1972 2691 2024 ού
2733 1977 2876 2028 ποιεῖ
2903 1978 3029 2041 τοὺς
3063 1977 3288 2048 ἔχοντας
3313 1979 3569 2047 ἀγαθοὺς,
3610 1982 3713 2035 οὐκ

2120 2053 2235 2109 ἔστι
2266 2057 2377 2111 τῶν
2414 2061 2556 2113 κατά
2595 2063 2757 2132 φύσιν
2794 2067 3038 2135 ἀγαθῶψ
3076 2069 3211 2124 καθὸ
3244 2071 3303 2125 δὲ
3337 2070 3558 2143 εὔροιάν
3588 2090 3713 2127 τινα

2120 2150 2423 2222 παρέχεται
2455 2154 2613 2226 ἡμῶν
2642 2156 2720 2227 τῷ
2754 2157 2875 2229 βίῳ,
2910 2160 3250 2234 αἱρετώτερά
3270 2165 3386 2217 ἐστι
3420 2165 3529 2219 τῶν
3553 2167 3711 2220 ἐναν-

2118 2240 2273 2307 τίων,
2301 2243 2491 2307 πενίας
2512 2244 2607 2298 καὶ
2629 2246 2874 2317 ἀτιμίας.
2902 2249 3085 2305 Ταῦτα
3110 2253 3292 2324 μέντοι
3310 2257 3421 2318 τοῖς
3446 2255 3547 2326 μὲν
3567 2259 3712 2311 οἱκο-

2119 2332 2313 2400 νομίας
2334 2332 2519 2389 ἕνεκεν
2543 2336 2746 2391 δίδοται
2767 2339 2919 2411 παρὰ
2938 2341 3032 2395 τοῦ
3056 2343 3211 2409 Θεοῦ,
3234 2344 3309 2407 ὡς
3335 2345 3413 2417 τῷ
3435 2346 3709 2420 Ἀϐραὰμ,

2120 2424 2309 2496 καὶτῷ
2332 2426 2543 2494 Ἰακὼϐ,
2564 2430 2659 2482 καὶ
2681 2434 2793 2494 τοῖς
2817 2432 3101 2498 τοιούτοις.
3123 2435 3249 2499 Τοῖς
3273 2437 3329 2492 δὲ
3355 2438 3713 2510 φαυλοτέροις

2120 2517 2418 2588 πρόκλησίς
2444 2521 2559 2573 ἐστι
2586 2520 2680 2574 τοῦ
2712 2521 3067 2595 βελτιωθῆναι
3094 2527 3237 2580 κατά
3262 2527 3353 2581 τὸν
3377 2529 3602 2600 τρόπον,
3633 2530 3713 2593 ὡς

2117 2607 2145 2661 ὃ
2172 2625 2233 2677 γε
2265 2611 2403 2681 μετὰ
2435 2613 2703 2685 τοσαύτην
2746 2616 2811 2668 ἐκ
2852 2616 2987 2670 Θεοῦ
3032 2616 3278 2682 δεξίωσιν
3323 2621 3603 2691 ἐπιμένων
3642 2626 3709 2694 τῇ

2117 2698 2321 2771 ἀδικίᾳ,
2343 2703 2752 2776 ἀναπιρρήτως
2780 2707 2973 2761 ἑαυτὸν
3006 2709 3258 2763 ὑπόδικον
3283 2714 3351 2782 τῇ
3384 2713 3711 2784 κατακρίσει

2116 2791 2459 2866 καθίστησιν.
2506 2797 2565 2850 Ὀ
2608 2799 2794 2869 μέντοι
2840 2800 3068 2867 δίκαιος,
3112 2801 3236 2857 οὔτε
3278 2805 3544 2876 παρόντος
3589 2807 3712 2860 ὲπι-

2117 2886 2409 2957 στρέφεται
2438 2888 2533 2942 τοῦ
2565 2889 2827 2956 πλούτου,
2864 2891 2988 2946 οὔτε
3021 2893 3096 2966 μὴ
3135 2895 3400 2966 παρόντος
3433 2895 3705 2969 ἐπιζητεῖ·

2115 2975 2176 3029 οὐ
2206 2976 2316 3046 γὰρ
2348 2977 2750 3043 ἀπολαυστικός
2784 2982 2900 3047 ἐστι
2930 2980 3040 3035 τῶν
3069 2980 3398 3052 δεδομένων,
3417 2983 3531 3036 ἀλλ’
3563 2985 3712 3036 οἰκο-

1590 3047 1799 3114 Quir“;
1837 3050 2010 3120 εἱρυὶ-
2037 3075 2082 3132 c
2114 3068 2357 3138 νομικός·
2414 3069 2590 3135 οὐδεὶς
2628 3071 2685 3125 δὲ
2720 3072 2830 3125 τῶν
2862 3068 2923 3127 εὖ
2954 3047 3293 3143 φρονούντων
3327 3074 3609 3146 ἐπιτρέχει
3640 3079 3709 3148 τῇ

2112 3160 2339 3232 ἀσχολία
2374 3160 2473 3232 τῆς
2513 3160 2624 3215 τῶν
2675 3162 2972 3235 ἀλλοτρίων
3006 3164 3287 3235 διανομῆς,
3322 3164 3416 3218 ἐὰν
3458 3166 3535 3237 μὴ
3572 3167 3711 3239 πρὸς

2111 3249 2210 3321 τὴν
2238 3251 2347 3304 τῶν
2380 3251 2594 3308 πολλῶν
2625 3254 2911 3327 ἀποϐλέπῃ
2945 3256 3121 3324 δόξαν,
3155 3257 3205 3310 οἶ
3241 3257 3580 3329 θαυμάζουσι
3613 3261 3709 3313 καὶ

2112 3340 2334 3412 ζηλοῦσι
2372 3343 2500 3405 τοὺς
2533 3345 2591 3396 ὲν
2621 3344 2841 3416 ἐξουσίᾳ
2874 3347 2982 3399 τινὶ
3026 3347 3395 3431 καθεστῶτας.
3430 3349 3494 3402 Εἰ
3523 3349 3581 3402 δὲ
3610 3350 3708 3404 τοῦ

2114 3429 2366 3501 σώματος
2388 3432 2663 3505 ὑπερορᾷν
2693 3434 3111 3506 μελετήσαιμεν,
3144 3429 3308 3508 σχολῇ
3335 3438 3387 3506 γ’
3410 3436 3477 3492 ἂν
3499 3437 3633 3497 ἄλλο
3654 3456 3708 3492 τι

2110 3521 2220 3575 τῶν
2257 3523 2612 3596 ἀνθρωπίνων
2653 3524 3058 3598 θαυμάσαιμεν.
3100 3528 3166 3581 Τί
3208 3528 3317 3600 γὰρ
3358 3530 3440 3583 ὅτι
3487 3530 3711 3603 χρησὼ-

2116 3613 2255 3685 μεθα
2299 3614 2376 3686 (5)
2420 3615 2496 3686 τῷ
2541 3615 2786 3687 πλούτῳ,
2830 3618 2929 3682 τὰς
2964 3619 3052 3671 διὰ
3086 3618 3178 3672 τοῦ
3216 3625 3466 3691 σώματος
3513 3621 3706 3692 ἡδονᾶς

2112 3706 2491 3777 ἀτιμάζοντες,
2533 3706 2644 3777 ἐγὼ
2689 3709 2787 3780 μὲν
2832 3710 2929 3780 οὐχ
2973 3711 3104 3782 ὁρῶο
3149 3711 3286 3783 πλὴν
3327 3714 3374 3765 εί
3414 3711 3529 3784 μὴ,
3562 3716 3706 3768 κατά

2111 3797 2239 3860 τοὺς
2281 3798 2339 3850 ὲν
2384 3799 2498 3860 τοῖς
2539 3797 2729 3867 μύθοις
2778 3799 3100 3872 δράκοντας,
3140 3802 3334 3874 ἡδονήν
3386 3809 3510 3860 τινα
3547 3806 3705 3879 φέρει

2113 3886 2410 3961 θησαυροῖς
2431 3891 2945 3962 κατορωρυγμένους
2973 3895 3362 3967 ἐπαγρυπνεῖν.

2182 4155 2237 4210 8.
2275 4154 2349 4209 Τὸ
2394 4156 2494 4227 μὲν
2535 4151 2628 4210 οῦν
2672 4157 3084 4228 προηγούμενόν
3129 4162 3297 4228 ἐστιν,
3347 4155 3409 4216 οὗ
3460 4163 3702 4234 μάλιστα

2111 4249 2379 4321 προσήκει
2402 4248 2493 4301 τὸν
2527 4250 2851 4319 Χριστιανὸν
2880 4251 3258 4323 ἐπιμελεῖσθαι
3279 4253 3379 4323 (6),
3402 4258 3701 4330 γυμνωθῆ-

2115 4361 2200 4398 ναι
2225 4343 2294 4396 τὰ
2317 4341 2462 4397 κατά
2482 4342 2581 4414 τὴν
2609 4343 2810 4396 κακίαν
2843 4344 2988 4416 πάθη
3017 4345 3087 4398 τὰ
3112 4346 3329 4400 ποικίλα
3365 4364 3426 4400 τε
3460 4348 3557 4402 καὶ
3579 4349 3702 4404 διά-

421 4400 678 4469 quinant,
706 4403 1035 4463 denudetur.
1078 4407 1287 4466 Deinde
1317 4428 1449 4467 vero
1470 4424 1705 4486 oportet,
1736 4424 1794 4470 ut
1821 4418 1915 4490 qui
1937 4418 2007 4475 ad

2120 4453 2276 4509 ιρορα,
2305 4437 2373 4490 δι’
2414 4429 2490 4489 ὧν
2534 4400 2819 4506 μολύνεται
2857 4438 2890 4508 ή
2932 4400 3099 4509 ei)“.
3137 4437 3277 4510 Χρὴ,
3300 4438 3358 4492 δὲ
3398 4440 3543 4495 κατά
3577 4440 3702 4495 δεύ..

422 4492 711 4548 sublimem
761 4500 1066 4554 secundum
1118 4501 1289 4559 Deum
1333 4505 1500 4560 vitam
1559 4510 1820 4578 respicit,
1873 4527 2006 4581 opes

418 4598 553 4638 suas
601 4600 666 4639 ac
696 4586 991 4646 facultates
1021 4591 1401 4666 derelinquat:
1444 4600 1571 4669 quia
1612 4617 1795 4656 rerum
1829 4611 2006 4661 terre-

418 4686 617 4727 narum
643 4691 776 4732 cura
801 4694 866 4733 ac
901 4682 1217 4741 sollicitudo
1248 4702 1501 4758 magnam
1542 4694 1599 4745 in
1633 4694 1815 4753 animo
1844 4696 2005 4752 aber-

418 4765 690 4822 rationem
721 4783 1003 4839 generant.
1037 4773 1175 4829 Cum
1225 4777 1391 4847 igitur
1423 4781 1607 4849 plures
1641 4783 1708 4837 ad
1750 4784 2001 4841 eumdem

419 4855 617 4911 salutis
655 4874 882 4930 scapum
916 4864 1135 4931 intenti,
1161 4880 1509 4924 communem
1542 4872 1686 4927 inter
1733 4889 1793 4929 se
1832 4876 1999 4931 vitam

419 4947 657 5016 amplexi
686 4950 910 5019 fuerint,
943 4954 1000 5009 id
1037 4956 1180 5011 inter
1208 4958 1358 5028 ipsos
1389 4969 1516 5017 ante
1548 4963 1731 5022 omnia
1762 4967 2005 5024 obtineat

417 5053 649 5096 necesse
673 5049 779 5107 est,
806 5051 865 5097 ut
901 5061 1073 5100 unum
1103 5048 1156 5102 in
1189 5051 1448 5108 omnibus
1479 5054 1551 5109 sit
1572 5070 1690 5120 cor,
1718 5067 1773 5112 et
1805 5059 2001 5114 volun~

416 5137 503 5188 tas
545 5147 676 5221 una,
722 5150 1004 5208 unumque
1041 5138 1383 5198 desiderium
1440 5153 1607 5218 atque
1652 5156 1713 5204 ut
1753 5153 2002 5224 praecipit

513 5368 566 5446 l)
593 5368 675 5446 Ex
703 5369 851 5427 hom.
886 5375 941 5429 in
960 5374 1099 5445 psal.
1140 5392 1332 5446 xxxnt,
1361 5381 1483 5436 M7.

416 5440 417 5445 ‘
488 5439 565 5512 (ἓ)
604 5439 681 5512 ξι
722 5457 810 5512 ep.
846 5439 1101 5511 ccxxxw,
1125 5446 1247 5502 564.

594 5509 683 5593 Ex
713 5509 877 5568 sérm.
909 5515 984 5569 De
1006 5509 1408 5593 legendisjibris
1449 5531 1610 5593 gent.,
1648 5524 1769 5582 l82.

488 5578 566 5650 (4)
593 5578 674 5650 Ex
708 5595 874 5637 serui.
905 5578 1163 5650 ascetico,
1194 5590 1319 5646 525.

487 5648 729 5741 (5)n"Ot't
756 5648 1360 5741 mno¢;w6a,Basili_i
1405 5671 1697 5741 contextus
1721 5667 1994 5741 _Ett~xm-

417 5718 641 5791 σόμεθα.
690 5718 912 5795 Legitur
959 5718 1294 5800 χρησόμεθα,
1338 5732 1393 5789 in
1438 5718 1557 5793 cod;

2113 4544 2270 4598 τερον
2315 4527 2504 4595 λόγον,
2559 4526 2652 4580 καὶ
2702 4526 2801 4599 τὴν
2843 4527 2953 4581 τῶν
3008 4529 3359 4601 ὑπαρχόντων
3413 4532 3701 4606 ἀπαταγὴν

2112 4614 2544 4687 κατορθωθῆναι,
2592 4614 2669 4685 τῷ
2717 4615 2855 4686 πρὸς
2889 4616 2979 4670 τὸν
3015 4617 3164 4671 ’κατὰ
3200 4618 3332 4672 Θεὸν
3374 4619 3580 4693 ὑψηλὸν
3622 4622 3699 4694 (7)

2113 4705 2476 4760 ἀποϐλέποντι
2518 4704 2651 4776 βίον
2685 4705 2819 4759 διότι
2848 4706 3017 4761 πολὺν
3056 4708 3283 4779 παρέχει
3313 4714 3702 4785 περισπασμὸν

2110 4801 2176 4870 τῇ
2211 4798 2356 4869 ψυχῇ
2398 4797 2430 4869 ἡ
2468 4797 2577 4851 τῶν
2615 4797 2819 4851 ὑλικῶν
2866 4800 3207 4870 πραγμάτων
3246 4803 3469 4872 φροντίς
3511 4821 3570 4856 τε
3604 4805 3702 4858 καὶ

2108 4889 2420 4960 ἐπιμέλεια.
2471 4888 2639 4941 Ὅταν
2672 4885 2766 4943 οὖν
2806 4888 3022 4953 πλείους
3062 4890 3192 4961 περὶ
3240 4892 3333 4945 τὸν
3383 4893 3549 4948 αὑτὸν
3586 4894 3703 4965 βλέ·

2109 4998 2302 5045 ποντες
2346 4983 2445 5052 τῆς
2493 4981 2768 5053 σωτηρίας
2833 4980 3062 5047 σκοπὸν,
3113 4981 3212 5054 τὴν
3273 4986 3392 5054 μετ’
3451 4986 3701 5059 ἀλλήλων

2110 5069 2254 5140 ζωὴν
2272 5066 2692 5133 καταδέξωνται,
2727 5067 2832 5140 χρὴ
2859 5068 3015 5123 τοῦτο
3046 5071 3154 5143 πρὸ
3182 5072 3403 5127 πάντων
3434 5077 3493 5128 ὲν
3516 5077 3701 5141 αὐτοῖς

2108 5158 2471 5230 κρατηθῆναι,
2523 5159 2584 5212 τὸ
2639 5159 2767 5231 μίαν
2818 5162 2877 5213 ὲν
2924 5164 3059 5215 πᾶσι
3118 5163 3343 5236 καρδίαν
3391 5162 3553 5234 εἶναι,
3602 5171 3699 5224 καὶ

2100 5395 2389 5477 contextus
2418 5390 2616 5477 xa‘tn‘th
2646 5392 2824 5477 ΛἸώϐ...
3021 5464 3036 5477 _
3200 5463 3216 5477 ‘
3355 5474 3366 5477 _
3404 5464 3418 5476 .

2172 5458 2250 5547 £6)
2290 5458 2753 5529 Ἐπιμελεῗσθαι.
2780 5461 2903 5546 Hoc.
2926 5463 3374 5547 verbumndeerat
3404 5464 3461 5519 iu
3488 5464 3692 5547 editis;

2100 5528 2196 5584 sed
2221 5528 2344 5584 eum
2375 5528 2602 5601 prorsus
2628 5534 3009 5590 necessarium
3021 5535 3112 5599 sit,
3135 5535 3267 5590 illud
3284 5535 3474 5590 desum
3481 5538 3622 5607 psim
3631 5528 3691 5590 ιιέ

2098 5614 2163 5654 ΘΧ
2199 5610 2456 5657 contextu
2467 5646 2478 5657 .

2171 5671 2248 5748 (7)
2283 5670 2570 5748 Τρνκατᾲ
2600 5672 2748 5748 Θερν
2777 5676 3046 5745 ὑψηλόν.
3068 5674 3350 5748 Codicum
3385 5677 3525 5748 alter
3558 5675 3693 5748 πρὸς

2099 5738 2241 5795 θεῖον
2273 5742 2367 5801 καὶ
2388 5743 2609 5818 ὑψηλόν.
2646 5738 2957 5804 Contextus
2987 5746 3124 5822 πρὸς
3157 5747 3249 5801 τὸν
3284 5746 3509 5819 ὑψηλόν.
