3860 6224
108 304 249 361 1181

1241 312 1471 369 δΕΒιΜυ
1508 312 1597 367 Ἥ.
1638 344 1710 353 —
1743 312 1832 366 DE
1868 312 2220 369 AVARITIA.

3232 292 3375 367 ηδε

104 424 327 496 θέλημα
350 424 430 490 ἓν,
461 426 554 480 καὶ
591 428 720 500 μίαν
747 429 1067 503 ἐπιθυμίαν,
1097 434 1190 487 καὶ
1212 435 1395 498 καθὼς
1421 434 1701 506 νομοθετεῖ

1828 436 2118 506 tpostolus,
2146 437 2312 489 unum
2341 435 2603 491 eﬂiciatnr
2630 450 2830 506 corpus
2856 451 2922 492 ex
2954 435 3188 491 diversis
3210 451 3377 490 mem-

104 517 138 568 6
168 517 514 582 Ἀπόστολος,
546 517 605 573 ἓν
632 521 882 588 γενέσθαι
917 523 1076 595 σῶμα
1108 527 1174 579 ὲκ
1209 525 1479 597 διαφόρων
1522 524 1699 597 μελῶν

109 607 599 679 συνηθροισμένον.
635 613 803 667 Τοῦτο
824 613 880 667 δὲ
913 615 1013 668 οὐκ
1043 615 1188 670 ἐστιν
1217 617 1392 681 ἄλλως
1419 617 1698 689 κατορθω-

108 694 299 766 θῆναι,
327 699 375 750 εἰ
414 699 490 769 μὴ
522 701 699 754 έκεῖνο
723 704 1039 774 κρατήσειε,
1073 705 1134 758 τὸ
1165 706 1242 777 μὴ
1269 706 1700 778 ἐπονομάζεσθαι

105 803 224 840 τινι
247 789 702 863 ἀποτεταγμένως
733 796 869 865 μήτε
894 796 1127 866 ἱμάτιον,
1154 800 1288 869 μήτε
1318 799 1529 863 σκεῦος,
1559 800 1700 870 μήτε

108 879 250 934 ἄλλο
276 898 328 934 τι
358 882 468 936 τῶν
498 886 578 948 εἰς
608 885 706 956 τὴν
734 887 919 959 κοινὴν
944 888 1089 960 ζωὴν
1115 892 1577 962 χρησιμευόντωνο
1616 891 1702 944 ἵνα

109 971 350 1026 ἕκαστον
375 973 580 1028 τούτων
600 976 697 1048 τῆς
725 977 913 1049 χρείας
934 976 991 1050 ᾖ,
1019 981 1113 1033 καὶ
1132 982 1205 1051 μὴ
1224 979 1319 1034 τοῦ
1339 980 1699 1051 κεκτημένου.

110 1066 233 1119 Καὶ
278 1067 468 1140 ὥσπερ
501 1069 845 1140 ἀνάρμοστόν
883 1073 1000 1127 ἐστι
1036 1072 1113 1144 τῷ
1154 1074 1359 1144 μείζονι
1401 1072 1612 1144 σώματι
1643 1074 1704 1127 τὸ

116 1158 322 1231 μικρὸν
358 1161 650 1234 ἰμάτιον,ῆ
678 1162 756 1234 τῷ
786 1164 1095 1237 μικροτέρῳ
1119 1165 1181 1218 τὸ
1213 1165 1564 1237 τελειότερον,
1587 1166 1703 1219 ἀλλ’

113 1252 341 1323 ἑκάστῳ
375 1254 436 1307 τὸ
475 1254 787 1326 σύμμετρόν
819 1258 936 1309 ἐστι
977 1257 1072 1311 καὶ
1106 1257 1385 1328 ὲπωφελὲς
1418 1257 1514 1311 καὶ
1543 1258 1706 1329 εὑάρο

115 1358 343 1413 pou-tow
376 1342 550 1408 οὕτως
582 1344 678 1398 καὶ
717 1344 953 1399 ἐνταῦθα
989 1348 1021 1416 ή
1064 1345 1243 1416 κλίνη,
1277 1346 1347 1400 τὰ
1388 1344 1703 1417 στρώματα,

111 1435 180 1488 τὸ
220 1434 423 1506 θερμὸν
463 1437 840 1508 περιϐόλαιον,
879 1438 941 1492 τὸ
985 1438 1237 1510 ὑπόδημα
1269 1438 1365 1492 τοῦ
1397 1439 1539 1493 πάνυ
1574 1440 1707 1511 χρῄ-

113 1529 328 1593 ζοντος,
367 1530 489 1599 οὐχὶ
525 1529 619 1583 τοῦ
661 1530 999 1601 κεκτημένου
1038 1527 1177 1583 εἶναι
1207 1531 1430 1601 ὀφείλει.
1467 1531 1579 1585 Καὶ
1610 1548 1708 1585 κα-

115 1618 304 1691 θάπερ
329 1620 406 1691 τῷ
436 1621 711 1693 φαρμάκῳ
734 1624 762 1675 6
789 1622 1234 1693 τραυματισθείς,
1258 1623 1355 1693 οὐχ
1388 1625 1417 1675 6
1447 1622 1707 1691 ὑγιαίνων

116 1710 412 1783 κέχρηται,
444 1711 587 1766 οὓτω
607 1714 701 1766 καὶ
724 1713 832 1766 τῶν
858 1714 993 1785 πρὸς
1015 1713 1114 1786 τὴν
1134 1713 1317 1768 ἄνεσιν
1338 1713 1433 1767 τοῦ
1459 1713 1708 1785 σώματος

116 1804 558 1874 ὲπινοουμένων,
609 1806 707 1876 οὐχ
753 1808 783 1858 6
823 1807 1077 1877 τρυφῶν,
1125 1806 1238 1859 ἀλλ’
1280 1807 1309 1858 6
1352 1806 1566 1879 χρῄζων
1608 1805 1710 1877 τῆς
1738 1793 1783 1848 Β

117 1895 365 1959 ἀνέσεως
402 1894 665 1949 ἀπολαύει
702 1896 927 1961 δικαίως
964 1898 1062 1969 (1),
1097 1899 1155 1951 ὲν
1186 1897 1406 1969 Χριστῷ
1428 1896 1602 1969 Ἰησοῦ
1631 1896 1709 1968 τῷ

118 1985 319 2058 Κυρίῳ
345 1986 521 2058 ἡμῶν,
541 1979 586 2055 ᾧ
611 1991 644 2059 ἡ
668 1986 795 2053 δόξα
815 1990 908 2041 καὶ
933 1989 994 2042 τὸ
1019 1989 1219 2061 κράτος
1248 1992 1330 2054 εἰς
1360 1990 1488 2054 τοὺς
1507 1988 1711 2052 αἰῶνας

118 2078 237 2136 τῶν
275 2079 507 2135 αἰώνων.
543 2081 739 2152 ’Δμήν.

548 2195 735 2247 ΠΕΡΙ
781 2192 1286 2249 ΠΛΕΟΝΕΞΙΑΣ.

740 2306 960 2360 ΛΟΓΟΣ
998 2309 1090 2375 εῖν.

203 2418 261 2472 1.
309 2416 482 2471 Ὅταν
517 2417 596 2482 εἰς
637 2417 815 2473 οἰκίαν
853 2419 1046 2491 ἀνδρὸς
1087 2419 1450 2493 ἀπειροκάλου
1476 2421 1552 2493 (2)
1598 2423 1712 2479 εἰσ-

128 2507 295 2574 έλθω,
320 2508 416 2562 καὶ
449 2508 543 2562 ίδω
569 2508 738 2579 αὐτὴν
769 2511 1043 2575 παντοίοις
1072 2512 1447 2582 γεγανυμένην
1472 2512 1710 2578 ἄνθεσιν,

128 2595 251 2653 οἰδα
280 2601 362 2653 ὅτι
402 2595 556 2664 οὗτος
591 2601 743 2655 οὐδὲν
772 2601 882 2657 τῶν
921 2603 1214 2674 ὁρωμένων
1262 2602 1586 2676 τιμιώτερον
1623 2605 1713 2658 κέ-

129 2708 354 2763 κτηται,
375 2690 511 2746 ἀλλά
532 2692 599 2745 τὰ
633 2693 728 2764 μὲν
756 2693 938 2765 ἄψυχα
960 2694 1310 2760 καλλωπίζει,
1334 2697 1432 2767 τὴν
1454 2697 1512 2749 δὲ
1539 2696 1715 2768 ψυχὴν

131 2788 449 2858 ἀκόσμητον
497 2785 631 2856 ἔχει.
686 2785 880 2839 Καίτοι
934 2787 1118 2859 μυρίοι
1152 2788 1411 2856 ἐφεστᾶσι
1462 2790 1528 2859 τῇ
1576 2787 1717 2860 θύρα

132 2882 364 2952 πτωχοὶ,
392 2881 574 2934 πᾶσαν
594 2879 833 2952 ἐλεεινὴν
866 2881 1119 2950 ἀφιέντες
1149 2882 1334 2950 φωνήν
1354 2898 1367 2911 ·
1396 2882 1425 2933 6
1447 2883 1503 2935 δὲ
1537 2883 1719 2953 ἀρνεῖέ

127 2990 225 3026 ται
259 2972 359 3044 τὴν
385 2971 552 3037 δόσιν,
599 2971 863 3026 ἀδύνατον
904 2968 1045 3026 εἰναι
1081 2973 1256 3042 λέγων
1297 2977 1562 3046 ἐπαρκεῖν
1605 2977 1720 3036 τοῖς

131 3066 371 3123 αἰτοῦσι.
405 3068 517 3120 Καὶ
553 3069 619 3138 τῇ
668 3067 768 3137 μὲν
803 3064 1026 3139 γλώσσῃ
1056 3066 1368 3138 ἐξόμνυται,
1396 3066 1500 3120 ὑπὸ
1535 3067 1591 3120 δὲ
1621 3068 1720 3138 τῆς

1802 527 1917 582 bris
1944 534 2388 598 coagmentatum
2420 529 2487 580 "’.
2524 527 2641 582 Hoc
2666 536 2847 583 autem
2873 528 3032 582 aliter
3058 528 3243 598 perﬁci
3267 543 3376 581 non

1802 627 2003 690 potest,
2035 619 2204 690 498
2246 620 2355 676 nisi
2400 620 2705 675 obtinuerit
2738 620 2855 674 haec
2902 620 3265 685 consuetudo,
3318 628 3377 675 ut

1801 711 1940 765 nihil
1968 711 2291 766 nominatim
2328 727 2390 766 ac
2413 712 2764 782 peculiariter
2792 711 3046 781 cuiquam
3081 713 3375 776 tribuatur,

1803 820 1982 874 neque
2030 805 2441 871 veStimentum,
2499 822 2676 877 neque
2714 823 2828 870 vas,
2875 824 3053 877 neque
3095 809 3381 878 quidpiam

1804 896 1953 950 aliud
1984 912 2052 951 ex
2083 896 2150 952 iis
2181 913 2302 967 quae
2327 898 2646 954 conducunt
2667 900 2792 955 vitae
2820 900 3132 964 communi;
3168 908 3226 954 ut
3263 900 3380 955 sin-

1804 987 1930 1059 gula
1961 987 2154 1044 usibus
2183 991 2534 1054 necessariis,
2590 1006 2695 1045 non
2724 998 2925 1046 'autem
2966 993 3381 1061 possessoribus

1804 1077 2169 1132 destinentur.
2199 1076 2266 1130 Et
2294 1078 2456 1133 sicuti
2491 1080 2873 1134 vestimentum
2902 1095 3130 1150 parvum
3162 1081 3384 1151 corpori

1805 1168 2022 1237 majori,
2064 1174 2158 1222 aut
2190 1168 2371 1236 majus
2419 1184 2588 1239 parvo
2636 1185 2745 1224 non
2782 1172 3061 1236 convenit,
3098 1171 3193 1225 sed
3223 1169 3385 1240 quid-

1806 1259 1937 1330 quid
1959 1260 2160 1330 cuique
2185 1262 2660 1315 accommodatum
2688 1261 2863 1328 est,id
2894 1263 3025 1317 utile
3056 1270 3205 1317 estet
3231 1277 3387 1317 com-

1807 1352 2060 1407 modum:
2092 1353 2169 1407 ita
2193 1354 2357 1408 etiam
2392 1355 2496 1407 alia
2528 1354 2736 1422 omnia,
2768 1356 2965 1419 lectus,
2995 1356 3262 1426 stragula,
3293 1370 3388 1409 ca-

1806 1442 1979 1497 lidum
2011 1444 2424 1512 vestimentum,
2457 1444 2616 1500 valde
2661 1445 2956 1517 indigentis
2999 1462 3121 1501 esse
3163 1446 3385 1510 debent,

1808 1550 1918 1590 non
1943 1536 2294 1604 possidentis.
2320 1534 2793 1602 Quemadmodum
2816 1538 2961 1593 enim
2989 1538 3388 1592 medicamento

1810 1627 1903 1698 qui
1922 1628 2237 1685 vulneratus
2261 1637 2365 1694 est,
2398 1645 2508 1683 non
2528 1629 2622 1700 qni
2653 1645 2843 1694 sanus,
2878 1631 3083 1684 utitur:
3117 1632 3197 1684 sic
3221 1631 3388 1685 etiam

1810 1722 1894 1776 vir
1925 1737 2045 1793 quae
2087 1723 2156 1777 ad
2198 1723 2593 1779 sublevandum
2641 1739 2841 1793 corpus
2883 1725 3188 1795 excogitata
3237 1733 3387 1788 sunt,

1811 1827 1919 1867 non
1950 1813 2045 1883 qui
2071 1812 2306 1868 delicate
2345 1814 2497 1877 vivit,
2526 1813 2623 1868 sed
2659 1815 2707 1869 is
2735 1814 2824 1867 cui
2847 1814 3091 1868 levamen
3114 1830 3253 1885 opus
3281 1824 3388 1880 est,

1811 1904 2006 1958 merito
2036 1903 2358 1975 perfruitur,
2391 1905 2448 1959 in
2488 1905 2713 1960 Christo
2748 1903 2878 1960 Jesu
2915 1904 3146 1960 Domino
3176 1912 3389 1971 nostro,

1812 1994 1900 2051 cui
1933 1994 2105 2066 gloria
2135 2002 2189 2050 et
2214 2004 2465 2066 potestas
2501 1996 2557 2050 in
2588 1996 2786 2050 saecula
2811 1996 3159 2051 saeculorum.
3197 1995 3391 2051 Amen.

2340 2158 2444 2250 DE
2478 2195 2520 2248 A
2538 2192 2861 2248 VARITIA.

2414 2305 2656 2362 ‘SERMO
2709 2304 2797 2359 Vl.

1886 2425 1939 2480 1.
1984 2424 2063 2496 (4)
2110 2422 2342 2490 Quando
2381 2423 2435 2477 in
2473 2424 2697 2478 domum
2740 2423 2909 2494 inepti
2954 2420 3055 2475 viri
3098 2418 3399 2488 ingredior,

1814 2515 2084 2585 videoque
2117 2515 2289 2583 ipsam
2321 2513 2628 2583 omnigenis
2658 2515 2995 2569 renidentem
3039 2510 3400 2573 ornamentis,

1816 2607 2060 2678 intelligo
2080 2622 2204 2661 eum
2247 2605 2385 2659 nihil
2411 2604 2480 2659 iis
2511 2621 2632 2675 qua:
2666 2605 2924 2660 videntur
2952 2602 3247 2674 pretiosius
3276 2615 3405 2671 pos-

1819 2699 2017 2761 sidere,
2058 2695 2153 2751 sed
2200 2711 2402 2750 ornare
2448 2694 2741 2765 diligenter
2779 2693 3103 2755 inanimata,
3157 2688 3401 2742 animam

1816 2805 1949 2845 vero
2008 2789 2271 2844 incultam
2331 2788 2662 2858 relinquere.
2739 2785 3063 2857 Quanquam
3129 2779 3406 2837 innumeri

1821 2890 1968 2937 stant
2002 2896 2102 2952 pro
2128 2880 2341 2935 foribus
2381 2894 2651 2950 pauperes
2694 2879 2899 2932 nullam
2942 2892 3053 2930 non
3091 2875 3408 2930 emittentes

1820 2988 2008 3028 vocem
2040 2971 2448 3036 miserabilem;
2485 2979 2646 3039 negat
2677 2969 2768 3022 ille
2811 2982 2871 3022 se
2906 2965 3188 3025 daturum,
3240 2976 3410 3030 seque

1823 3065 1900 3118 ait
1923 3063 2175 3118 sullicere
2197 3078 2306 3116 non
2331 3077 2494 3132 posse.
2517 3059 2858 3130 rogantibus.
2886 3055 2953 3110 Et
2975 3057 3158 3126 lingua
3186 3052 3408 3123 quidem

132 3159 318 3232 χειρὸς
337 3158 619 3230 ἐλέγχεται
638 3176 652 3190 ·
687 3158 947 3211 σιωπῶσα
978 3157 1087 3229 γὰρ
1116 3160 1149 3230 ἡ
1187 3159 1308 3230 χεὶρ
1337 3158 1436 3229 τὴν
1465 3157 1721 3228 ψευδολο-

1828 3153 2001 3222 ejurat
2030 3168 2140 3206 non
2178 3167 2361 3221 posse,
2402 3149 2498 3206 sed
2533 3166 2564 3204 a
2605 3165 2771 3204 manu
2808 3150 3080 3220 arguitur.
3119 3147 3217 3200 llla
3260 3145 3409 3199 enim

123 3252 265 3321 -γίαν
309 3252 596 3323 κηρύσσει,
629 3251 1179 3323 περιαστραπτομένη
1222 3252 1328 3305 ὑπὸ
1372 3252 1470 3321 τῆς
1508 3251 1599 3303 ἐπὶ
1626 3249 1721 3303 τοῦ

134 3341 427 3396 δακτυλίου
463 3339 775 3411 σφενδόνης.
812 3338 999 3392 Ἀθλιε
1034 3339 1128 3391 καὶ
1159 3337 1496 3408 ταλαίπωρε,
1526 3336 1724 3398 πόσους

137 3433 366 3488 δύναται
394 3427 606 3497 εἷς’σου
645 3431 930 3494 δακτύλιος
967 3430 1147 3501 χρεῶν
1185 3428 1454 3483 ἀπολῦσαι
1478 3442 1491 3456 °
1528 3426 1726 3489 πόσους

138 3526 329 3591 οῖκους
370 3525 814 3587 καταπίπτοντας
836 3522 1179 3595 ἀνορθῶσαιί
1224 3521 1341 3576 Μία
1377 3537 1471 3574 σου
1497 3518 1741 3582 κιϐωτὸς.

139 3621 254 3675 τῶν
278 3622 505 3692 ἱματίων
532 3619 752 3674 δύναται
772 3620 942 3690 δῆμον
966 3617 1258 3688 ὁλόκληρον
1287 3614 1544 3687 ῥιγοῦντα
1570 3629 1727 3684 περιο

142 3713 359 3768 ϐαλεῖν·
395 3712 510 3767 ἀλλ’
540 3711 833 3782 ὑπομένεις
858 3709 1140 3781 ἄπρακτον
1163 3706 1490 3777 ἀποπέμψαι
1510 3705 1603 3758 τὸν
1633 3703 1731 3757 πέ-

142 3823 307 3877 νητα,
345 3806 419 3878 μὴ
450 3803 784 3874 φοϐούμενος
810 3803 873 3856 τὸ
903 3802 1111 3855 δίκαιον
1141 3801 1240 3873 τῆς
1268 3800 1594 3862 ἀντιδόσεως
1633 3796 1730 3851 τοῦ

145 3897 359 3971 κριτοῦ.
381 3899 496 3952 Οὐκ
514 3897 775 3970 ἠλέησας.
810 3898 910 3950 οὐκ
933 3893 1204 3968 ὲλεηθήσῃ
1220 3911 1234 3923 ⁸
1263 3894 1364 3947 οὐκ
1391 3891 1610 3964 ἦνοιξας
1634 3890 1732 3962 τὴν

144 3988 348 4053 οἰκίαν,
365 3987 778 4061 ἀποπεμφθήσῃ
807 3988 905 4058 τῆς
940 3985 1217 4057 βασιλείας
1241 4002 1255 4015 ’
1282 3984 1383 4038 οὐκ
1406 3984 1615 4046 ἔδωκας
1640 3982 1732 4035 τὸν

144 4077 337 4151 ἄρτον,
358 4077 420 4131 οὐ
448 4077 596 4151 λήψῃ
627 4076 725 4149 τὴν
755 4074 973 4129 αἰώνιον
1004 4076 1171 4147 ζωήν.
1214 4074 1374 4128 Ἀλλά
1410 4074 1619 4146 πένητα
1650 4071 1736 4125 λέ-

146 4186 271 4238 γεις
301 4169 548 4223 σεαυτόν.
577 4166 749 4237 Κάγὼ
779 4167 1131 4238 συντίθεμαι·
1170 4167 1342 4238 πένης
1367 4166 1476 4235 γάρ
1508 4168 1676 4228 ἐστιν,
1708 4166 1736 4218 6

150 4261 366 4318 πολλῶν
398 4262 604 4333 ἐνδεής.
638 4259 856 4313 Πολλῶν
888 4259 945 4312 δὲ
974 4260 1118 4329 ὑμᾶς
1150 4257 1347 4320 ἐνδεεῖς
1380 4260 1525 4310 ποιεῖ
1549 4257 1610 4310 τὸ
1639 4256 1737 4327 τῆς

149 4350 456 4424 ἐπιθυμίας
484 4352 800 4423 ἀκόρεστον.
826 4351 951 4413 Τοῖς
982 4349 1117 4402 δέκα
1141 4348 1423 4411 ταλάντοις
1441 4349 1576 4402 ἄλλα
1607 4347 1739 4401 δέκα

151 4444 395 4508 τάλαντα
438 4442 887 4516 προστεθεικέναι
929 4439 1289 4505 σπουδάζετε*
1322 4440 1539 4494 ἐπειδὰν
1568 4440 1739 4492 εἰκοσι

154 4537 405 4607 γένηται,
448 4535 585 4590 ἀλλα
627 4534 868 4587 τοσαῦτα
917 4533 1250 4602 ἐπιζητεῖτε,
1303 4531 1396 4585 καὶ
1428 4532 1516 4585 ἀεὶ¹
1544 4530 1620 4602 (5)
1677 4529 1739 4582 τὸ

156 4627 607 4703 προστιθέμενον,
634 4628 754 4698 οὐχὶ
780 4624 880 4697 τὴν
910 4624 1085 4698 ὁρμὴν
1115 4625 1348 4693 ἵστησιν,
1375 4622 1487 4675 ἀλλ’
1510 4621 1742 4690 ἀναφλέ-

156 4740 247 4792 γει
274 4723 374 4793 τὴν
406 4720 604 4792 ὄρεξιν.
635 4720 853 4790 Ὠσπερ
885 4718 994 4788 γὰρ
1030 4719 1146 4779 τοῖς
1191 4714 1480 4786 μεθύουσιν
1521 4713 1742 4785 ἀφορμὴ

155 4815 253 4869 τοῦ
291 4814 465 4867 πίνειν
495 4814 528 4883 ἡ
560 4809 846 4882 προσθήκη
887 4807 981 4862 τοῦ
1020 4809 1163 4861 οἴνου
1196 4807 1427 4875 γίνεται,
1467 4804 1609 4859 οὕτω
1651 4805 1747 4857 καὶ

158 4911 211 4964 οἱ
253 4908 571 4971 νεόπλουτοι
622 4903 794 4958 πολλὰ
836 4902 1205 4973 κτησάμενοι,
1250 4900 1509 4954 πλειόνων
1552 4897 1744 4951 ἐπιθυ-

166 5004 353 5076 μοῦσι,
382 5000 462 5073 τῷ
509 5002 596 5055 ἀεὶ
643 4996 1056 5070 προστιθεμένῳ
1098 4997 1195 5066 τὴν
1231 4996 1386 5048 νόσον
1429 4994 1743 5064 τρέφοντες.

163 5096 260 5150 καὶ
291 5094 685 5167 περιτρέπεται
712 5090 896 5154 αὐτοῖς
930 5091 963 5161 ὴ
997 5087 1203 5159 σπουδὴ
1240 5088 1376 5159 πρὸς
1398 5085 1457 5138 τὸ
1480 5084 1742 5138 ἐναντίον.

165 5192 240 5246 Οὐ
270 5188 382 5261 γὰρ
411 5186 695 5258 εὐφραίνει
719 5185 918 5247 αὐτοὺς
942 5181 1011 5235 τὰ
1042 5181 1313 5252 προσόντα
1339 5179 1578 5233 τοσαῦτα
1597 5179 1747 5240 ὄντα,

166 5283 290 5336 ὅσον
324 5281 486 5333 λυπεῖ
514 5276 586 5331 τὰ
635 5274 915 5339 ἐνδέοντα,
948 5271 1093 5341 ἆπερ
1133 5268 1200 5324 ἂν
1253 5267 1438 5330 αὐτοῖς
1481 5263 1750 5320 ἐλλείπειν

240 5440 285 5473 ⁸⁷
313 5436 337 5490 1
369 5435 497 5492 Cor.
526 5449 628 5502 xu,
654 5431 742 5486 19..

244 5531 323 5604 (1)
355 5527 621 5604 Amatam.
640 5522 821 5578 Minus
849 5518 1134 5576 commode
1152 5516 1305 5583 deest
1332 5528 1396 5578 ea
1421 5527 1526 5569 vox
1551 5512 1609 5566 in
1634 5525 1761 5565 con-

176 5597 328 5659 textu
360 5597 568 5653 Basilii.

247 5650 328 5742 ζεῖ
361 5650 835 5742 ‘Akecpomov,
874 5660 1039 5742 _A__ddn
1101 5655 1286 5716 Basilii
1329 5659 1620 5712 contextus
1668 5650 1762 5714 καὶ

178 5733 605 5800 ὀυίιίτέ).ούτου.ίει
637 5752 751 5791 sero
780 5733 981 5788 divitis.
1055 5764 1060 5768 -

1825 3247 1950 3302 silet
1974 3246 2221 3316 quidem,
2249 3245 2345 3301 sed
2378 3244 2724 3299 mendacium
2757 3243 3043 3313 prmdicat,
3070 3239 3262 3294 annuli
3288 3238 3412 3308 pala

1825 3350 2146 3391 coruscans.
2185 3333 2230 3389 Ο
2287 3333 2478 3388 infelix
2500 3340 2664 3401 atque
2688 3333 2873 3396 miser,
2899 3337 3033 3400 quot
3056 3336 3238 3399 potest
3267 3340 3413 3379 unus

1827 3435 1955 3481 tuus
1983 3426 2222 3489 annulus
2253 3439 2362 3479 agre
2392 3424 2569 3478 alieno
2597 3422 2869 3476 liberare!
2903 3426 3036 3491 quot
3062 3419 3255 3472 domos
3290 3431 3415 3470 cor-

1828 3525 2050 3573 ruentes
2083 3516 2323 3584 erigeret
2356 3514 2497 3568 Area
2532 3521 2623 3566 tna
2652 3511 2909 3567 vestiaria
2934 3511 3018 3565 vel
3050 3509 3210 3562 unica
3234 3513 3415 3578 potest

1830 3616 2005 3665 totum
2032 3607 2292 3678 populum
2320 3604 2525 3675 frigere
2554 3604 2822 3674 rigentem
2848 3602 3119 3667 amiccre;
3144 3606 3198 3653 et
3226 3607 3413 3652 tamen

1831 3704 2075 3760 sustines
2108 3713 2403 3771 pauperem
2440 3712 2551 3751 non
2578 3697 2841 3750 donatum
2884 3692 3181 3757 dimittere,
3206 3690 3413 3759 justam

1829 3795 2037 3866 judicis
2074 3793 2376 3848 vindictam
2413 3805 2523 3844 non
2562 3787 2949 3845 reformidans.
2990 3783 3110 3839 Non
3153 3784 3419 3838 misertus

1832 3904 1912 3952 es,
1945 3902 2055 3941 non
2105 3897 2443 3953 consequere
2490 3876 2924 3936 misericordiam
2954 3891 3102 3931 :nen
3149 3870 3418 3943 aperuisti

1834 3980 2079 4043 domum,
2127 3992 2158 4031 a
2198 3989 2363 4046 regno
2407 3970 2718 4029 excluderis
2745 3988 2759 4024 :
2789 3983 2985 4040 panem
3038 3981 3149 4021 non
3194 3962 3418 4026 dedisti,

1836 4088 1945 4127 non
1993 4069 2233 4141 accipies
2261 4067 2429 4121 vitam
2472 4072 2754 4120 aeternam.
2811 4059 2917 4115 Sed
2955 4072 3250 4128 pauperem
3283 4054 3422 4108 dicis

1839 4164 2114 4233 teipsum;
2164 4169 2220 4215 et
2258 4174 2359 4230 ego
2408 4156 2703 4213 assentior.
2749 4151 2960 4222 Pauper
2991 4150 3139 4204 enim
3176 4155 3279 4208 est,
3328 4143 3421 4214 qui

1838 4253 2032 4307 multis
2079 4250 2306 4319 indiget.
2364 4246 2476 4302 Vos
2532 4255 2712 4301 autem
2761 4239 3094 4298 insatiabilis
3148 4236 3424 4307 cupiditas

1838 4344 2137 4398 multorum
2182 4339 2398 4408 indigos
2446 4337 2632 4393 ellicit.
2685 4332 2931 4388 Talentis
2978 4328 3192 4393 decem,
3236 4326 3423 4381 decem

1842 4435 1948 4488 alia
1995 4433 2239 4503 adjicere
2289 4429 2607 4485 conamini:
2645 4425 2840 4497 viginti
2890 4422 3137 4485 coactis,
3199 4418 3427 4473 totidem

1843 4526 2114 4598 quaeritis,
2163 4538 2341 4593 neque
2397 4518 2764 4591 appetentiam
2814 4516 2974 4572 sistet
3021 4511 3169 4584 quod
3215 4523 3432 4579 semper

1847 4620 2091 4682 additur,
2128 4619 2238 4673 imo
2288 4614 2540 4670 accendit
2589 4611 2908 4682 appetitum.
2958 4602 3431 4674 Quemadmodum

1847 4713 1995 4770 enim
2032 4711 2201 4766 ebriis
2230 4709 2345 4763 vini
2399 4705 2646 4761 accessio
2685 4702 2906 4759 bibendi
2946 4699 3006 4754 fit
3057 4697 3276 4753 occasio
3309 4714 3322 4749 :
3352 4693 3434 4749 sic

1850 4806 2015 4860 etiam
2062 4819 2256 4858 recens
2294 4800 2453 4856 ditati
2492 4798 2586 4853 ubi
2635 4796 2807 4850 multa
2855 4790 3235 4862 acquisierint,
3278 4786 3436 4855 plura

1852 4896 2278 4966 concupiscunt,
2302 4907 2521 4962 semper
2539 4888 2792 4944 addendo
2820 4886 3069 4940 morbum
3102 4880 3435 4940 nutrientes,

1851 4989 2043 5059 eisque
2078 5000 2238 5043 suum
2274 4983 2515 5040 studium
2555 4979 2703 5036 cedit
2740 4980 2797 5033 in
2846 4974 3207 5031 contrarium.
3250 4968 3439 5038 Neque

1853 5081 1999 5135 enim
2027 5077 2320 5150 praesentia
2349 5077 2494 5131 bona
2527 5089 2652 5129 cum
2694 5077 2849 5125 tanta
2880 5069 3011 5130 sint,
3054 5073 3267 5119 tantum
3314 5062 3439 5115 illos

1854 5171 2185 5232 exhilarant,
2228 5176 2497 5239 quantum
2544 5164 2881 5221 contristant
2912 5174 3034 5231 quae
3082 5158 3302 5217 desunt,
3351 5166 3439 5213 ea,

1858 5265 2105 5334 inquam,
2140 5275 2264 5332 quae
2289 5258 2397 5315 sibi
2443 5256 2638 5314 deesse
2672 5261 2887 5325 putant.
2932 5250 3070 5305 Nam
3101 5264 3226 5304 cum
3270 5243 3438 5301 laetari

1930 5505 2009 5577 (5)
2035 5504 2149 5560 Καὶ
2171 5502 2302 5577 ἀεί.
2341 5498 2602 5577 Ῡοοιιιειῐι
2621 5493 2960 5577 _addidir_nus
2996 5504 3061 5577 er
3087 5490 3445 5577 Aco‘ntertpﬁt

1860 5552 2332 5635 οοὶῧὲιῖιῖξιιῖιέιέό.
2360 5552 2510 5625 idem
2537 5566 2707 5622 codex
2744 5564 2904 5634 paulo
2934 5567 3058 5617 ante
3083 5558 3178 5613 καὶ
3205 5552 3444 5611 ἐπειδάν.

1934 5648 2010 5707 ιι)
2038 5646 2117 5701 Ex
2147 5643 2294 5700 hom.
2338 5643 2394 5697 in
2426 5639 2650 5703 Divites,
2683 5635 2771 5692 56.
