3840 6226
472 279 608 335 H85

1354 286 1723 347 APPENDlX.
1765 323 1834 332 -—-
1874 293 2226 353 SYHEONlS
2270 295 2815 355 METAPHRASTAE

3622 305 3750 361 [liti

469 398 618 466 ipsos
648 412 746 469 par
773 407 941 461 esset,
975 415 1040 456 ac
1067 401 1300 473 gratiam
1332 403 1557 475 habere,
1582 411 1730 480 quod
1771 423 1881 466 tam
1910 416 2052 469 mul-

2179 417 2485 472 ιπόθωνται.
2507 420 2639 474 Δέον
2663 420 2774 493 γὰρ
2801 421 3003 486 αὑτοὺς
3035 419 3424 493 εὐφραίνεσθαι
3459 423 3562 476 καὶ
3596 425 3750 494 χάριν

467 492 539 543 tis
588 498 718 544 sunt
756 492 1140 561 opulentiores
1173 513 1186 548 :
1217 505 1411 550 contra
1446 515 1592 570 aegre
1628 501 1812 558 ferunt
1850 520 1916 559 ac
1957 507 2058 560 do-

466 580 581 635 lent
617 598 677 639 se
708 582 848 639 forte
889 586 958 640 ab
993 601 1103 640 uno
1147 595 1241 641 aut
1287 589 1464 647 altero
1495 592 1851 664 locupletiore
1895 615 2058 668 supe-

467 676 599 730 rari.
647 675 723 747 (1)
761 675 948 748 Neque
991 695 1088 735 eos
1143 681 1238 750 qui
1287 697 1348 738 se
1397 685 1533 756 ipsis
1585 686 1878 746 inferiores
1927 699 2056 746 sunt

468 781 876 840 enumerantes,
910 789 1010 844 pro
1057 775 1124 830 iis
1164 792 1286 846 qua:
1334 778 1558 845 habent,
1603 785 1810 853 gratias
1849 787 2057 854 persol-

465 868 602 916 vunt
644 862 890 932 largitori
934 865 1221 922 beneﬁca:
1267 867 1436 940 599
1477 871 1587 927 imo
1636 873 1776 929 facta
1822 894 1946 931 cuin
1989 895 2055 933 eu

467 953 618 1025 quod
644 957 996 1025 praestantius
1048 965 1133 1014 est
1166 963 1605 1033 comparatione,
1646 979 1912 1038 quantum
1961 986 2058 1024 su-

464 1055 726 1116 perentur
750 1059 1089 1118 reputantes,
1139 1051 1214 1105 ita
1260 1063 1497 1111 mwrent
1542 1071 1596 1114 et
1641 1071 2054 1131 conquerantur

465 1138 626 1193 bonis
693 1140 888 1196 alienis
948 1143 1179 1212 privati,
1240 1163 1305 1203 ac
1376 1151 1424 1205 si
1485 1152 1602 1208 suis
1662 1155 2049 1223 spoliarentur.

467 1229 546 1300 (2)
578 1229 712 1284 Nam
746 1235 838 1303 qui
885 1239 1231 1294 necessarios
1264 1243 1530 1298 terminos
1573 1261 1883 1314 excessere,
1926 1264 2050 1303 cum

459 1319 574 1392 jam
619 1322 746 1386 sibi,
780 1340 932 1380 more
963 1342 1153 1383 eorum
1189 1333 1280 1401 qui
1321 1334 1376 1387 in
1419 1334 1635 1390 declive
1667 1337 1939 1404 feruntur,
1971 1342 2056 1396 ni-

462 1413 542 1467 hil
579 1414 796 1469 firmum
852 1427 1128 1490 suppetat,
1168 1425 1234 1478 ad
1282 1426 1429 1494 quod
1480 1444 1540 1482 se
1583 1430 1878 1500 recipiant,
1921 1449 2055 1488 nus-

465 1520 627 1575 quam
663 1507 895 1564 ulterius
943 1513 1121 1583 abripi
1167 1515 1539 1574 intermittunt
1572 1539 1586 1574 :
1619 1523 1715 1577 sed
1746 1540 1855 1594 quo
1898 1528 2053 1595 plura

463 1601 860 1667 compararim,
887 1617 952 1656 eo
987 1606 1159 1675 magis
1189 1623 1330 1677 opus
1366 1609 1648 1666 habebunt
1679 1617 1926 1684 paribus.
1961 1631 2055 1673 aut

465 1689 631 1742 etiam
672 1692 1031 1760 amplioribus
1071 1697 1140 1751 ad
1184 1700 1540 1770 cupiditatem
1577 1709 1923 1775 explendam,
1965 1729 2053 1766 se-

465 1782 704 1835 cundum
745 1781 1078 1842 Execestidae
1111 1790 1280 1845 tilium
1319 1793 1600 1860 Solonem,
1637 1800 1730 1870 qui
1768 1803 1842 1854 ait
1872 1822 1889 1857 :

529 1891 858 1949 Diuitiarum
885 1897 1086 1953 homini
1118 1902 1244 1970 ﬁnis
1286 1921 1392 1958 non
1424 1909 1662 1962 constitit
1686 1910 1850 1964 ullus.

462 2051 521 2106 ln
551 2053 637 2110 his
671 2055 836 2110 etiam
872 2055 1190 2130 Theognide
1221 2061 1487 2134 magistro
1521 2066 1784 2121 utendum
1819 2077 1923 2134 est,
1961 2072 2054 2140 qui

463 2143 598 2199 dicit
631 2165 645 2201 :

537 2258 814 2340 Non"qu
840 2262 1080 2340 divitias,
1115 2275 1373 2340 nonppto
1404 2267 1539 2340 :rsed
1571 2270 1701 2323 mihi
1728 2287 1890 2340 parvo

655 2331 834 2386 Vivere
873 2337 1166 2405 contingat,
1193 2331 1368 2406 nilque
1396 2339 1579 2392 timere
1606 2331 1755 2394 mali.
1827 2352 1849 2384 κ

533 2441 646 2515 Ego
673 2453 857 2501 autem
894 2445 1154 2518 Diogenis
1194 2449 1440 2504 admiror
1473 2451 1722 2506 omnium
1757 2453 1922 2508 simul
1952 2455 2055 2510 hu-

461 2549 747 2591 manarum
793 2553 977 2592 rerum
1014 2547 1414 2610 contemptum,
1449 2543 1543 2612 qui
1577 2559 1638 2598 se
1683 2560 1809 2616 rege
1856 2563 2054 2618 magno

465 2629 841 2698 pronuntiavit
893 2631 1172 2698 ditiorem,
1226 2633 1370 2704 quod
1431 2635 1486 2688 in
1541 2634 1650 2687 vita
1704 2635 2054 2704 paucioribus

459 2735 625 2790 quam
676 2721 768 2776 ille
813 2731 1020 2794 egeret.
1057 2724 1253 2779 Avaris
1303 2735 1508 2790 autem,
1554 2727 1661 2782 nisi
1695 2725 1876 2796 Pythii
1916 2728 2052 2801 Mysi

460 2811 644 2867 adsint
670 2814 896 2879 talenta,
931 2815 1036 2870 nisi
1073 2816 1184 2870 sint
1219 2822 1380 2870 terra:
1404 2824 1482 2870 tot
1508 2827 1562 2872 et
1587 2825 1668 2872 tot
1692 2817 1910 2888 jugera,
1943 2821 2052 2875 nisi

461 2918 722 2973 pecorqu
766 2921 959 2976 greges
996 2907 1291 2976 innumeri,
1333 2909 1570 2965 suiliciet
1629 2912 1787 2966 nihil.
1825 2913 1902 2984 (5)
1943 2910 2050 2969 Sed

460 2996 921 3065 quemadmodum
979 2999 1019 3053 ii
1073 3001 1168 3070 qui
1216 3001 1394 3056 scalas
1442 3005 1852 3069 conscendunt,
1911 3006 2050 3076 pede

2159 509 2325 581 ἔχειν,
2359 511 2631 566 τοσούτων
2675 513 2838 578 δντας
2889 513 3337 586 εὐπορωτέρους·
3372 515 3423 568 οἱ
3459 515 3518 568 δὲ
3559 514 3752 585 δυσφο-

2162 600 2336 673 ροῦσι,
2372 603 2466 656 καὶ
2499 602 2813 669 ὀδυνῶνται,
2859 604 2943 658 ὅτι
2975 606 3096 670 ἑνός
3133 623 3236 659 που
3273 606 3306 677 ἢ
3348 607 3617 679 δευτέρου
3651 608 3752 662 τῶν

2158 691 2682 764 ὑπερπλουτοῦντων
2714 695 3209 767 ἀπολιμπάνονται.
3240 697 3352 752 Καὶ
3371 699 3434 751 οὑ
3465 701 3605 764 τοὺς
3632 701 3753 752 ὑπο-

2156 785 2473 857 δεεστέρους
2496 787 2702 860 ἀπαριθ
2711 789 2812 859 μού
2820 805 2993 859 μενοι,
3015 791 3115 862 τὴν
3138 791 3279 864 ὑπὲρ
3299 785 3374 846 ὧν
3391 791 3582 863 ἔχουσι
3599 794 3753 865 χάριν

2156 876 2536 949 ἀποπληροῦσι
2555 879 2632 949 τῷ
2658 879 2924 954 εὐεργέτῃ
2945 896 2959 910 ·
2983 880 3123 935 ἀλλά
3151 885 3216 954 τῇ
3247 884 3384 955 πρὸς
3401 883 3466 937 τὸ
3487 885 3752 958 ὑπερέχον

2157 967 2462 1038 συγκρίσει·
2495 969 2620 1023 ὅσον
2637 969 3023 1025 ἀπολείπονται
3048 972 3407 1046 λογιζόμενοι,
3425 976 3508 1040 ὡς
3534 977 3752 1031 οίκείων

2159 1057 2510 1130 στερούμενοι
2535 1057 2643 1113 τῶν
2681 1061 2890 1132 ἑτέροις
2919 1064 3253 1135 προσόντων,
3288 1065 3465 1130 οὑτως
3492 1068 3751 1121 ἀνιῶνται

2155 1150 2250 1204 καὶ
2284 1151 2758 1223 καταμέμφονται.
2775 1154 2841 1206 Οἱ
2860 1153 2970 1227 γὰρ
2996 1155 3105 1209 τῶν
3128 1156 3446 1226 ἀναγκαίων
3471 1159 3621 1232 ὅρων
3651 1158 3752 1223 ἔξω

2153 1241 2458 1312 γενόμενοι,
2478 1243 2877 1315 παραπλησίως
2892 1249 3006 1310 τοῖς
3033 1247 3177 1300 κατά
3203 1248 3298 1302 τοῦ
3326 1249 3570 1320 πρανοῦς
3585 1267 3749 1320 φερο-

2157 1333 2360 1404 μένοις,
2385 1334 2522 1406 πρὸς
2545 1335 2700 1389 οὐδὲν
2731 1337 2995 1408 στάσιμον
3028 1337 3244 1410 ἔχοντες
3267 1341 3563 1412 ἀποϐῆναι,
3591 1343 3750 1395 οὖδα-

2159 1423 2262 1494 μοῦ
2292 1426 2391 1496 τῆς
2421 1427 2503 1490 είς
2539 1426 2602 1479 τὸ
2631 1428 2820 1500 πρόσω
2854 1431 3028 1500 φορᾶς
3075 1430 3318 1486 ἵστανται
3338 1450 3352 1463 ο
3386 1433 3504 1486 ἀλλ’
3531 1435 3751 1505 ὅσῳπερ

2154 1511 2220 1565 ἂν
2243 1512 2416 1567 πλείω
2445 1517 3014 1588 προσπεριδάλωνται,
3043 1519 3140 1573 τοῦ
3181 1521 3297 1574 [σου
3320 1521 3558 1588 δέονται,
3591 1523 3626 1592 ἢ
3659 1524 3750 1576 καὶ

2156 1605 2404 1672 πλείονος
2437 1608 2574 1680 πρὸς
2607 1608 2705 1680 τὴν
2740 1609 2840 1680 τῆς
2871 1609 3170 1682 ἐπιθυμίας
3204 1613 3578 1686 ἐκπλήρωσιν,
3609 1613 3750 1668 κατά

2152 1698 2245 1752 τὸν
2277 1699 2658 1772 Ἐξηκεστίδου
2684 1702 2921 1769 Σόλωνα,
2953 1704 3014 1768 ὃς
3045 1721 3178 1774 φησι
3199 1720 3216 1736 ⁶

2161 1901 2438 1956 Πλούτου
2483 1901 2536 1956 δ’
2585 1903 2768 1959 οὐδὲν
2813 1903 2997 1975 τέρμα
3045 1906 3463 2050 πεφασμένον[
3488 1907 3752 1988 ἀτδρὰσι

3467 1995 3678 2032 κειται.

3467 1995 3678 2032 κειται.

2160 2059 2251 2128 Τῷ
2297 2060 2355 2113 δὲ
2390 2059 2636 2132 Θεόγνιδι
2686 2064 2824 2136 πρὸς
2867 2065 3041 2120 ταῦτα
3087 2065 3395 2138 διδασκάλῳ
3441 2069 3750 2140 χρηστέον,

2159 2147 2369 2217 λέγοντι
2391 2166 2404 2178 ·

2161 2262 2284 2315 Οὐκ
2310 2261 2525 2340 ἔραμαι
2551 2265 2863 2340 πλουτεῖν,
2893 2267 3280 2340 οῠτέᾷχομαι
3301 2286 3315 2300 °
3347 2268 3513 2325 ἀλλά
3530 2289 3638 2340 μοι
3658 2272 3753 2340 εἴη

2298 2331 2427 2402 Ζῆν
2451 2335 2569 2387 ἀπὸ
2596 2334 2714 2390 τῶν
2735 2337 2955 2405 ὀλίγων
2973 2331 3393 2410 μηδὲν-’ἔχοντι
3426 2331 3645 2396 καίόν.

2241 2442 2383 2512 Ἐγὼ
2428 2444 2487 2498 δὲ
2518 2446 2613 2499 καὶ
2652 2446 2937 2516 Διογένους
2981 2449 3197 2520 ἄγαμαι
3228 2449 3329 2521 τὴν
3359 2452 3582 2507 πάντων
3615 2453 3753 2524 ὁμοῦ

2154 2535 2264 2589 τῶν
2302 2535 2660 2608 ἀνθρωπίνων
2694 2540 2993 2612 ὑπεροψίαν
3025 2541 3084 2606 ὅς
3106 2558 3172 2610 γε
3209 2543 3305 2596 καὶ
3349 2543 3624 2614 βασιλέως
3657 2546 3754 2600 τοῦ

2159 2625 2396 2696 μεγάλου
2439 2628 2633 2683 ἑαυτὸν
2677 2629 2926 2700 ἀπέφηνε
2957 2632 3382 2704 πλουσιώτερον,
3411 2635 3492 2707 τῷ
3525 2636 3753 2692 ἐλαττό-

2155 2733 2262 2770 νων
2297 2717 2329 2788 ἢ
2373 2719 2584 2782 ἐκεῖνος
2616 2719 2759 2773 κατά
2802 2721 2892 2774 τὸν
2946 2721 3060 2792 βίον
3106 2724 3481 2796 προσδεῖσθαι.
3523 2718 3672 2792 Τοῖς
3698 2729 3753 2782 δέ

2155 2807 2541 2874 πλεονέκταις,
2586 2813 2635 2864 εί
2669 2811 2744 2884 μὴ
2785 2812 2852 2866 τὰ
2893 2813 3095 2868 Πυθίου
3135 2813 3231 2868 τοῦ
3277 2817 3470 2871 Μυσοῦ
3518 2820 3750 2891 προσείη

2154 2901 2413 2964 τάλαντα,
2450 2903 2544 2955 καὶ
2571 2903 2783 2976 πλέθρα
2811 2907 2914 2976 γῆς
2947 2905 3081 2960 τόσα
3105 2908 3202 2960 καὶ
3235 2907 3393 2972 τόσα,
3423 2909 3520 2964 καὶ
3553 2910 3752 2981 βοσκη-

2157 2991 2343 3061 μάτων
2369 2992 2527 3063 ιὲσμο)⁸
2566 2994 2789 3060 πλείους
2823 2997 2856 3069 ἢ
2888 2997 3222 3069 ἀριθμῆσαι,
3250 2999 3404 3052 οὐδὲν
3436 2999 3746 3074 ἐξαρκέσει.

461 3104 682 3160 semper
722 3090 791 3145 ad
845 3093 1186 3164 superiorem
1222 3095 1454 3165 gradum
1509 3106 1694 3152 erecto
1743 3115 1851 3154 non
1895 3101 2049 3170 prius

2179 3082 2306 3135 Ἀλλ’
2328 3082 2519 3158 ὥσπερ
2545 3087 2595 3139 οἱ
2624 3086 2722 3152 τὰς
2756 3087 3034 3160 κλίμακας
3059 3091 3470 3157 ἀναϐαίνοντες,
3495 3095 3590 3148 ἀεὶ
3616 3096 3749 3166 πρὸς

460 3183 882 3252 conquiescunt,
906 3200 1071 3254 quam
1102 3183 1167 3239 ad
1196 3201 1471 3240 summum
1498 3188 1820 3257 perveniant
1845 3210 1856 3245 :
1889 3191 1969 3246 sic
1996 3198 2051 3246 et

461 3273 517 3327 hi
548 3277 770 3344 quando
800 3275 948 3330 hunc
979 3277 1202 3332 divitem
1239 3279 1502 3343 assecuti,
1543 3277 1838 3335 confestim
1863 3281 2049 3336 ditiori

464 3365 648 3420 adhuc
679 3382 842 3437 pares
869 3367 983 3422 ﬁeri
1010 3376 1286 3442 conantur
1318 3389 1330 3424 :
1361 3378 1415 3425 et
1444 3372 1535 3426 ubi
1564 3388 1690 3428 eum
1725 3389 1944 3444 quoque
1971 3383 2054 3427 at-

461 3458 706 3528 tigerint,
729 3459 973 3515 studium
1006 3476 1167 3516 suum
1191 3463 1257 3516 ad
1281 3463 1449 3518 alium
1473 3454 1842 3530 transferunt:
1865 3475 1920 3522 et
1943 3483 2052 3522 non

460 3561 680 3607 cessant
712 3553 784 3607 ab
834 3552 1139 3621 appetenda
1179 3557 1446 3624 potentia,
1499 3557 1676 3614 donec
1717 3559 1773 3612 in
1818 3559 2054 3615 sublime

460 3645 657 3711 evecti,
693 3647 803 3700 alto
843 3660 977 3702 casu
1009 3645 1222 3718 seipsos
1257 3649 1624 3705 contundant.

531 3911 588 3969 2.
630 3911 708 3984 (4)
735 3911 914 3985 Atque
941 3921 1004 3968 ut
1033 3915 1126 3985 qui
1154 3930 1268 3984 prae
1293 3913 1513 3970 insania
1542 3923 1724 3971 mente
1749 3917 1879 3970 moti
1903 3925 2051 3984 sunt,

461 4019 554 4061 res
580 4004 728 4074 ipsas
756 4019 866 4058 non
893 4003 1207 4072 intuentur;
1241 4005 1337 4062 sed
1369 4021 1432 4060 ea
1463 4021 1532 4062 ex
1559 4007 1763 4077 quibus
1802 4007 2052 4063 alliciun-

459 4105 554 4152 tur
578 4114 590 4150 :
621 4095 704 4152 sic
733 4111 1025 4151 avarorum
1049 4096 1292 4162 animus,
1321 4099 1568 4168 pecunia:
1593 4099 1854 4155 aviditate
1881 4100 2052 4155 obru-

460 4197 574 4252 tus,
609 4195 814 4244 cuncta
843 4203 1065 4253 aurum,
1102 4197 1306 4244 cuncta
1335 4199 1621 4260 argentum
1655 4189 1839 4244 videt:
1869 4204 1934 4245 ac
1969 4191 2055 4244 lu~

461 4283 688 4338 bentius
717 4296 914 4336 aurum
949 4297 1113 4352 quam
1152 4281 1325 4336 solem
1358 4281 1661 4337 intueatur.
1687 4281 1836 4337 Verti
1868 4282 2052 4337 omnia

461 4377 517 4432 in
558 4374 680 4429 auri
709 4381 964 4428 naturam
997 4381 1244 4445 excptat,
1284 4383 1448 4444 atque
1475 4375 1532 4429 in
1571 4375 1624 4429 id
1659 4375 1922 4429 incumbit
1955 4390 2054 4444 pro

2151 3177 2252 3246 τὴν
2285 3175 2690 3248 ὑπερκειμένην
2714 3178 2790 3250 (5)
2819 3178 3052 3251 βαθμίδα
3083 3180 3142 3234 τὸ
3188 3181 3334 3252 ἴχνος
3382 3185 3658 3256 αἴροντες,
3689 3184 3747 3236 οὐ

2153 3265 2420 3337 πρότερον
2471 3266 2821 3336 ἀφίστανται,
2853 3270 2985 3341 πρὶν
3021 3271 3088 3324 ἂν
3120 3271 3222 3342 τῆς
3269 3272 3449 3344 ἄκρας
3501 3275 3747 3343 ἀφίκων-

2151 3373 2242 3410 ται
2289 3357 2395 3429 (6)·
2436 3356 2581 3412 οὑτω
2626 3360 2718 3413 καὶ
2746 3351 2916 3424 οὗτοι,
2945 3361 3075 3415 ὅταν
3114 3362 3307 3416 τοῦτον
3355 3364 3449 3420 τὸν
3489 3365 3749 3420 πλούσιον

2152 3448 2564 3516 καταλάϐωσιν,
2603 3452 2766 3516 εὐθὺς
2807 3451 2886 3524 τῷ
2933 3455 3319 3530 πλουσιωτέρῳ
3361 3460 3750 3531 παρισωθῆναι

2153 3538 2538 3608 φιλονεικοῦσιο
2562 3541 2664 3596 κᾶν
2689 3544 2776 3597 ἐπ’
2798 3545 3006 3620 ἐκεῖνον
3026 3547 3330 3617 φθάσωσιν,
3351 3551 3447 3604 ἐπὶ
3469 3552 3561 3605 τὸν
3592 3552 3751 3607 ἄλλον

2152 3631 2250 3702 τὴν
2277 3632 2511 3706 σπουδὴν
2542 3635 2932 3708 μεταφέρουσι,
2959 3639 3053 3692 καὶ
3077 3641 3139 3693 οὑ
3174 3640 3440 3696 παύονται
3472 3644 3573 3715 τῆς
3608 3648 3753 3699 κατά

2153 3721 2250 3794 τὴν
2277 3722 2594 3780 δυναστείαν
2639 3728 2818 3799 ὁρμῆς
2837 3729 2962 3795 ,ἕως
3012 3730 3079 3785 ἂν
3112 3732 3442 3802 ὑψωθέντες,
3495 3736 3607 3790 ἀπὸ
3657 3756 3752 3806 με·

2151 3814 2356 3887 τεὼρου
2389 3818 2484 3872 τοῦ
2518 3819 2810 3891 πτώματος
2839 3824 3067 3888 ἑαυτοὺς
3101 3827 3513 3899 καταρρήξωσι.

2226 3907 2282 3962 2.
2319 3909 2430 3962 Καὶ
2476 3909 2668 3983 ὥσπερ
2698 3913 2747 3966 ot
2796 3913 2900 3967 ὑπὸ
2955 3915 3156 3986 μανίας
3204 3917 3520 3988 παράφοροι
3571 3919 3637 3972 οὑ
3689 3921 3756 3973 τὰ

2153 4001 2456 4071 πράγματα
2497 4001 2824 4072 βλέπουσιν,
2868 4005 3006 4060 ἀλλὰ
3040 4005 3110 4060 τὰ
3135 4007 3202 4060 ὲκ
3243 4006 3338 4061 τοῦ
3374 4008 3582 4072 πάθους
3617 4029 3756 4080 φαν-

2153 4090 2438 4156 τάζονται·
2477 4092 2652 4158 οὑτως
2703 4097 2736 4167 ἡ
2777 4095 2872 4149 τοῦ
2909 4097 3238 4151 πλεονέκτου
3295 4098 3442 4172 ψυχὴ
3482 4103 3548 4172 τῇ
3601 4103 3755 4170 φιλο-

2154 4185 2436 4258 Χρηματίᾳ
2469 4187 2888 4258 καταχωσθεῖσα
2927 4189 3030 4261 (7),
3063 4191 3243 4245 πάντα
3278 4192 3514 4263 χρυσὸν,
3568 4193 3754 4250 πάντα

2155 4276 2396 4351 ἄργυρον
2431 4277 2643 4349 βλέπει.
2676 4279 2861 4333 Ἥδιον
2888 4279 2956 4334 ἂν
2988 4281 3076 4354 ῐδῃ
3103 4282 3180 4352 (8)
3213 4281 3306 4336 τὸν
3335 4283 3560 4353 χρυσὸν,
3592 4284 3630 4356 ἢ
3663 4287 3754 4340 τὸν

2154 4369 2325 4439 ἥλιον.
2341 4369 2573 4441 Εὑχέται
2595 4372 2775 4427 πάντα
2795 4372 2932 4444 πρὸς
2949 4372 3044 4444 τὴν
3059 4372 3154 4426 τοῦ
3172 4373 3376 4446 χρυσοῦ
3400 4372 3566 4442 φύσιν
3590 4393 3754 4444 μετα·

460 4461 626 4516 virili.
651 4461 796 4527 Quid
821 4462 968 4515 enim
1006 4477 1116 4516 non
1157 4463 1385 4518 molitur
1417 4471 1638 4534 propter
1664 4479 1860 4518 aurum
1878 4464 1902 4519 ἳ
1921 4465 2055 4518 Fru-

2179 4462 2442 4534 ῑληθῆναι,
2475 4465 2571 4518 καὶ
2589 4465 2795 4519 ἐπινοεῖ
2815 4464 3000 4536 μέντοι
3025 4466 3147 4518 καθ’
3167 4466 3292 4520 ὅσον
3321 4460 3433 4519 οἷόν
3462 4483 3546 4520 τε.
3581 4467 3753 4522 Ποίαν

463 4561 708 4608 mentum
751 4553 810 4607 tit
834 4553 914 4608 illi
943 4569 1162 4619 aurum,
1189 4555 1377 4610 vinum
1403 4556 1461 4610 in
1494 4571 1690 4611 aurum
1718 4557 2050 4627 concrescit,

460 4645 602 4700 lanae
647 4646 727 4701 illi
771 4645 828 4700 in
877 4661 1072 4700 aurum
1110 4655 1438 4715 vertuntur;
1473 4658 1786 4703 mercatura
1840 4651 2047 4715 omnis,

461 4739 644 4794 omnis
669 4738 895 4794 solertia
921 4739 1066 4809 parit
1097 4739 1173 4792 illi
1198 4753 1416 4793 aurum.
1444 4737 1626 4809 Ipsum
1653 4755 1850 4794 aurum
1881 4756 2051 4811 gene-

461 4837 549 4886 rat
601 4830 1003 4901 semetipsum,
1051 4829 1180 4884 dum
1231 4845 1331 4900 per
1375 4830 1566 4885 fenora
1615 4833 2048 4902 multiplicatur;

458 4937 641 4992 neque
682 4922 826 4977 ullus
865 4921 992 4978 linis
1043 4922 1318 4992 reperitur
1357 4923 1700 4992 cupiditatis.
1743 4924 1822 4980 Ac
1863 4926 2052 4996 pueris

460 5015 684 5086 quidem
719 5015 930 5087 gulosis
971 5014 1295 5084 plerumque
1327 5015 1704 5083 concedimus,
1741 5024 1800 5070 ut
1829 5017 1896 5073 iis
1929 5034 2051 5089 qua:

463 5109 713 5179 cupiunt,
746 5123 872 5164 sese
899 5105 1116 5164 abunde
1147 5108 1424 5178 estpleant,
1450 5115 1510 5162 ut
1531 5125 1629 5180 per
1664 5109 1929 5180 majorem
1958 5125 2050 5165 sa-

463 5197 747 5252 turitatem
801 5194 1083 5251 fastidium
1141 5197 1280 5268 ipsis
1335 5197 1615 5252 offeratur.
1665 5198 1880 5257 Avarus
1938 5216 2049 5256 non

564 5305 612 5375 l)
641 5304 720 5375 Ex
754 5305 900 5359 hom.
927 5305 982 5358 in
1009 5313 1170 5362 mart.
1201 5304 1478 5369 Julittam,
1510 5307 1600 5362 '59.

558 5374 613 5448 ἓ)
645 5374 724 5448 [ξι
757 5391 924 5448 serm.
951 5375 1038 5448 De
1066 5375 1475 5448 tegendistibris
1501 5388 1667 5448 gent.,
1707 5378 1814 5433 {8'5

560 5446 616 5514 ὃ)
656 5445 736 5499 Ex
760 5445 911 5501 hom.
941 5447 996 5500 in
1040 5445 1256 5512 diuites,
1285 5447 1374 5502 5'7.

560 5515 616 5582 4)
648 5514 726 5570 Ex
761 5517 908 5570 hom.
941 5515 997 5570 in
1022 5517 1155 5573 illud
1188 5517 1370 5584 Lucas,
1397 5517 1704 5582 Destruam,
1734 5519 1825 5574 47.

541 5584 619 5656 (5)
664 5584 1136 5656 Ὺπερκειμένην.
1183 5588 1275 5643 Sic
1326 5597 1614 5645 contextus
1660 5589 1864 5646 Basilii.
1907 5589 2050 5649 Εάίιί

470 5655 649 5726 nostri
685 5655 1070 5726 ὑποκειμένην.

546 5725 622 5798 (ἢ)
674 5725 1030 5794 Ἀφίκωνται.
1057 5725 1218 5784 Forte
1243 5727 1554 5799 ἐφίκωνται.
1595 5729 1748 5787 Eon.

2154 4553 2266 4625 γὰρ
2319 4555 2567 4628 μηχανὴν
2597 4557 2687 4610 διὰ
2719 4557 2921 4628 χρυσὸν
2945 4557 3008 4610 οὑ
3051 4560 3224 4623 κινεί;
3259 4557 3318 4611 '0
3361 4561 3508 4622 σῖτος
3547 4561 3751 4630 χρυσὸς

2154 4646 2304 4718 αὑτῷ
2331 4648 2578 4717 γίνεται·
2612 4650 2642 4702 ὁ
2678 4645 2820 4712 οἶνος
2847 4651 2928 4713 είς
2959 4649 3162 4721 χρυσὸν
3196 4652 3647 4721 μεταπήγνυται·
3685 4653 3748 4704 τὰ

2154 4739 2278 4812 ἔρια
2311 4739 2460 4810 αὑτῷ
2499 4740 2910 4812 ἀποχρυσοῦται
2931 4757 2944 4771 ·
2979 4743 3132 4794 πᾶσα
3163 4742 3428 4814 ἐμπορία,
3453 4745 3605 4797 πᾶσα
3631 4743 3749 4796 ἐπί-

2153 4847 2272 4884 νοια
2319 4831 2522 4902 χρυσὸν
2570 4831 2720 4902 αὑτῷ
2773 4831 3041 4902 προσάγει
3090 4832 3189 4902 (9).
3242 4832 3417 4896 Αὐτὸς
3479 4833 3679 4886 ἑαυτὸν
3725 4835 3749 4885 ό

2153 4921 2354 4994 χρυσὸς
2379 4923 2676 4996 ἀπογεννᾷ,
2703 4923 3281 4996 πολυπλασιαζόμενος
3308 4927 3367 4981 ἐν
3391 4925 3745 4998 δανείσμασι·

2153 5012 2247 5066 καὶ
2278 5011 2431 5077 τέλος
2461 5013 2563 5084 τῆς
2597 5014 2894 5087 ἐπιθυμίας
2922 5015 3024 5069 οὑκ
3058 5015 3460 5088 ἐξευρίσκεται.
3489 5017 3612 5072 Τῶν
3649 5020 3745 5090 μὲν

2153 5105 2262 5179 γὰρ
2292 5106 2501 5161 παίδων
2533 5110 2648 5171 τοῖς
2675 5106 2878 5178 λίχνοις
2909 5108 3148 5178 ἀφειδῶς
3178 5107 3441 5172 πολλάκις
3473 5109 3745 5182 ἐνδίδομεν

2153 5195 2260 5249 τῶν
2296 5197 2778 5268 περισπουδάστων
2803 5199 2915 5271 (10)
2949 5198 3523 5272 ὑπερεμπίμπλασθαι
3548 5241 3565 5268 ,
3610 5201 3744 5254 ὥστε

2224 5309 2302 5385 (Ἰ)
2332 5312 2821 5385 Καταχωσθεῖσα.
2851 5313 3153 5370 Contextus
3192 5313 3619 5385 κατασχεθεῖσα.

2225 5381 2301 5465 (ἓὲ
2331 5381 2483 5465 11.617-
2510 5382 2824 5465 ιῗοτιεὶξοι-
2853 5385 3013 5465 Ειμτ·
3146 5455 3181 5465 ._
3331 5381 3434 5465 IL.
3753 5452 3760 5465 .

2225 5453 2302 5522 (9)
2335 5452 2655 5522 Προσάγει.
2696 5454 2790 5509 Sic
2822 5456 3076 5512 codicum
3111 5455 3251 5512 alter
3292 5461 3348 5512 et
3393 5453 3585 5513 Basilii
3614 5472 3746 5512 con—

2153 5529 2360 5595 textus.
2397 5523 2536 5595 E_dili
2572 5524 2826 5595 προάγει.

2225 5593 2338 5663 (10)
2373 5591 2496 5648 Τῶν
2521 5591 3080 5663 περισπουδάστων.
3109 5593 3200 5651 Sic
3217 5595 3359 5652 idem
3377 5595 3555 5653 codex
3568 5605 3623 5654 et
3652 5597 3742 5652 Ba-

2154 5662 2261 5721 silii
2285 5671 2597 5723 contextus.
2623 5662 2770 5722 Editi
2797 5665 2874 5737 τῷ
2904 5666 3378 5739 περισπουδάστῳ.
