3860 6224
108 290 250 346 H85

1165 282 1396 338 SERIIO
1435 281 1528 336 ιι.
1571 309 1642 321 --
1680 279 1768 333 DE
1813 275 2162 333 AVARITIA.

3225 272 3365 330 H86

109 408 186 479 τῷ
231 402 623 475 ὑπερϐάλλοντι
665 401 813 472 κόρῳ
843 401 944 471 τὴν
982 397 1331 469 ἀποστροφὴν
1363 395 1680 468 ἐμποιῆσαι.

1815 401 1921 444 tem
1956 409 1969 445 :
2003 388 2099 444 sed
2135 402 2248 459 quo
2287 386 2540 457 pluribus
2568 385 2846 456 impletur,
2877 384 2983 440 hoc
3014 385 3176 456 plura
3217 387 3364 445 desi-

122 500 180 552 Ὀ
207 496 263 550 δὲ
304 493 672 564 πλεονέκτης,
723 493 823 562 οὐχ
865 490 1072 553 οὕτως·
1106 489 1219 542 ἀλλ’
1268 489 1378 554 ὅσῳ
1423 486 1683 539 πλειόνων

107 590 454 661 ἐμφορεῖται,
493 585 754 639 πλειόνων
802 583 1030 652 ἐφίεται.
1063 581 1136 633 Τὸ
1185 581 1284 651 μὲν
1329 579 1438 652 πῦρ
1470 577 1686 631 ἐπειδὰν

109 680 510 751 καταπρήσεως
543 676 770 747 ἅψηται,
815 673 1030 726 σπεύδει
1065 675 1244 725 πᾶσαν
1290 670 1687 742 ὲπινεμηῡῆναι

108 772 212 842 τὴν
242 769 375 838 ὓλην
396 783 409 796 ·
449 768 544 820 καὶ
570 765 748 828 οὐδεὶς
779 763 929 833 αὐτῷ
955 763 1032 832 (1)
1067 762 1263 831 στῆσαι
1286 760 1527 820 δύναται,
1559 759 1688 830 πρὶν

111 863 178 917 ἂν
215 860 470 932 ἐπιλείπῃ
507 861 541 930 ἡ
587 856 710 928 ὖλη.
757 855 862 908 Τὸν
893 855 949 909 δὲ
995 853 1323 923 πλεονέκτην
1370 852 1422 905 τί
1468 850 1687 904 δύναται

114 957 391 1024 ὲπισχεῖν;
425 949 606 1021 Πυρός
637 952 752 1001 ἐστι
784 945 1182 1018 χαλεπώτερος,
1216 945 1393 997 πάντα
1427 944 1513 997 διὰ
1560 960 1686 995 συν-

113 1047 297 1118 εχείας
348 1043 667 1114 νεμόμενος.
718 1039 918 1092 Ἔλαὸε
974 1037 1040 1090 τὰ
1085 1036 1177 1089 τοῦ
1228 1035 1479 1106 πλησίον·
1532 1033 1690 1096 ἄλλος

113 1139 356 1208 ἀνεφάνη
389 1134 607 1204 γείτων,
641 1131 736 1185 καὶ
760 1131 829 1184 τὰ
873 1129 1083 1184 ἐκείνου
1139 1127 1584 1198 ἐξιδιοποιήσατο.
1615 1126 1689 1178 Οὐ

115 1235 230 1295 τοῖς
256 1228 483 1283 κατόπιν
517 1224 796 1297 προσέχει,
824 1224 905 1275 ὅτι
936 1219 1138 1274 πολλάο
1170 1218 1307 1272 ἀλλὰ
1337 1221 1448 1281 τοῖς
1481 1217 1694 1270 λείπου-

118 1341 226 1390 σιν,
263 1323 346 1374 ὅτι
394 1318 642 1388 γείτονας
675 1314 958 1382 κέκτηται.
991 1312 1106 1364 Οὑκ
1142 1309 1422 1381 εὐφραίνει
1445 1307 1514 1360 τὰ
1557 1323 1692 1376 κτη-

117 1415 314 1469 θέντα·
345 1410 482 1465 άλλὰ
516 1408 677 1461 λυπεῖ
707 1405 775 1460 τὰ
820 1403 1114 1474 λειπόμενα.
1137 1418 1150 1431 ·
1187 1402 1245 1454 ού
1294 1403 1356 1472 τῇ
1400 1397 1694 1454 ἀπολαύσει

115 1503 229 1556 τῶν
251 1498 622 1570 συναχθέντων
654 1492 932 1564 προσέχει,
961 1490 1074 1544 ἀλλ’
1101 1489 1291 1542 ἑαυτὸν
1318 1487 1597 1558 ὲκδαπανᾷ
1627 1488 1694 1557 τῇ

117 1592 386 1664 ἐπιθυμίᾳ
412 1589 512 1658 τῆς
544 1585 637 1640 τοῦ
672 1584 916 1646 πλείονος
944 1582 1210 1653 κτήσεως.
1242 1575 1374 1633 Εἶτα
1401 1577 1696 1650 ἁγρυπνίαι

118 1682 402 1745 ἐντεῦθεν,
440 1680 497 1732 αἱ
529 1679 824 1750 μέριμναι,
871 1675 929 1728 αἱ
987 1673 1287 1746 φροντίδες.
1345 1671 1410 1723 Τί
1455 1670 1693 1740 ποιήσω;

1785 482 1961 538 derat.
2014 479 2092 552 (4)
2131 479 2276 552 Ignis
2318 486 2609 550 postquam
2670 493 2940 534 accensus
2981 487 3098 545 est,
3140 477 3368 535 festinat

1786 571 2068 626 materiam
2104 585 2320 626 omnem
2356 568 2650 640 depascere
2685 587 2700 622 :
2733 583 2833 624 nec
2861 569 3156 638 quisquam
3184 568 3369 639 prius-

1787 679 1954 735 quam
1982 664 2210 718 materia
2234 661 2473 724 deficiat,
2510 677 2636 716 eum
2678 663 2874 717 sistere
2897 668 3094 731 potest.
3129 661 3368 716 Avarum

1789 766 1967 809 autem
2017 753 2148 824 quid
2191 760 2372 824 potest
2419 752 2714 807 cohibere?
2745 751 2879 823 igne
2918 753 3036 821 ipso
3080 760 3164 808 est
3209 768 3370 822 aspe-

1790 847 1925 912 rior,
1961 847 2141 901 omnia
2170 847 2518 900 continenter
2561 844 2885 916 depascens.
2922 843 3220 915 Usurpavit
3249 859 3371 916 qum

1791 936 2025 1006 proximi
2072 945 2233 1003 sunt;
2270 936 2412 990 alius
2450 935 2650 1006 prodiit
2702 935 2944 998 vicinus,
2988 936 3109 1002 ejus
3154 951 3374 1005 quoque

1791 1027 1935 1100 bona
1981 1027 2085 1081 sibi
2129 1027 2464 1094 assumpsit:
2497 1024 2657 1094 500
2682 1040 2790 1078 non
2842 1024 3074 1080 attendit
3134 1026 3204 1081 iis
3250 1040 3374 1094 qua:

1791 1120 1946 1188 prius
1978 1128 2132 1187 parta
2165 1116 2407 1179 fuerunt,
2439 1119 2585 1187 quod
2617 1117 2787 1170 multa
2820 1124 2949 1170 sunt
2981 1135 2995 1171 :
3025 1117 3118 1172 sed
3158 1116 3226 1172 iis
3255 1131 3377 1186 qua:

1793 1212 2014 1274 desunt,
2044 1209 2190 1280 quod
2215 1209 2426 1264 vicinos
2459 1209 2642 1264 habet.
2677 1209 2795 1263 Non
2827 1210 3043 1263 laetatur
3065 1211 3375 1278 possessis:

1795 1305 1891 1359 sed
1937 1304 2004 1359 de
2052 1303 2118 1358 iis
2165 1317 2288 1372 quae
2337 1303 2557 1360 desunt.
2604 1301 2796 1357 dolet:
2830 1317 3008 1371 neque
3041 1302 3110 1356 ad
3149 1318 3214 1358 ea
3257 1317 3379 1374 qua:

1795 1393 2073 1464 congessit
2111 1393 2441 1464 perfruenda
2492 1393 2734 1447 animum
2787 1394 3027 1462 appellit,
3073 1394 3168 1448 sed
3213 1409 3377 1464 opum

1797 1487 2125 1557 ampliorum
2158 1485 2430 1541 desiderio
2475 1485 2716 1540 absumit
2755 1486 3133 1554 semetipsum.
3172 1483 3380 1540 Deinde

1798 1580 1928 1634 hinc
1977 1578 2197 1650 vigiliae,
2248 1593 2415 1641 curae,
2473 1575 2895 1632 sollicitudines.
2945 1575 3090 1642 Quid
3143 1575 3382 1632 faciam?

1804 1671 2028 1724 Diruam
2063 1669 2252 1723 horrea
2294 1684 2431 1733 mea,
2463 1679 2511 1721 et
2542 1667 2804 1733 ampliora
2834 1666 3132 1735 wdiﬁcabo.
3183 1664 3378 1732 Stulte,

117 1773 367 1832 Καθελῶ
390 1790 510 1844 μου
537 1772 644 1838 τὰς
677 1766 1012 1835 ἀποθήκας,
1049 1765 1148 1819 καὶ
1171 1764 1446 1836 μείζονας
1470 1763 1698 1817 οἰκοδο-

1810 1765 1896 1818 hac
1929 1771 2078 1817 nocte
2108 1763 2342 1816 animam
2378 1771 2523 1814 tuam
2565 1769 2802 1827 repetunt
2848 1777 2880 1812 a
2927 1768 2973 1813 te
3014 1775 3033 1812 :
3059 1775 3176 1828 qua:
3206 1768 3381 1812 autem

117 1871 316 1938 μήσω.
334 1869 570 1936 Ἀφρον,
595 1866 665 1919 ἐν
691 1864 878 1930 ταύτῃ
905 1859 979 1930 τῇ
1003 1859 1177 1914 νυκτὶ
1198 1858 1518 1914 ἀπαιτοῦσι
1542 1857 1701 1938 παρὰ

117 1930 240 2016 ὲ-ὁῦ
286 1930 676 2029 τ-ἡννξῦιυχήνο
727 1954 765 2010 ἁ
808 1954 877 2008 δὲ
919 1953 1283 2022 ἡτοίμασας,
1331 1949 1450 2002 τίνι
1491 1930 1699 2012 ἕσὲαι;

117 2053 344 2116 Μεῖζων
371 2053 470 2122 τῆς
493 2050 715 2104 αἰωνίου
745 2045 1020 2108 κολάσεως
1053 2047 1080 2098 ὁ
1111 2042 1284 2112 γέλως
1309 2041 1408 2112 τῆς
1426 2039 1698 2103 ἀϐουλίας.

133 2148 194 2199 Ὁ
227 2145 339 2215 γὰρ
373 2143 492 2214 μετ’
523 2140 702 2208 ὀλίγον
731 2138 1080 2209 άνάρπαστος
1106 2131 1337 2202 ἄγεσθαι
1362 2131 1435 2199 (2)
1471 2129 1702 2200 μέλλων,

119 2231 214 2288 οἷα
254 2231 604 2304 βουλεύεται;
654 2225 899 2284 Καθελῶ
928 2243 1048 2295 μου
1087 2225 1197 2288 τὰς
1224 2220 1555 2288 ἀποθήκας.
1590 2221 1702 2273 Ka-

120 2325 233 2390 λῶς
261 2325 456 2386 ποιεῖς,
491 2321 659 2392 φαίην
689 2321 754 2373 ἂν
800 2319 976 2388 ἔγωγε
1025 2313 1161 2386 πρὸς
1209 2312 1404 2366 αὐτόν·
1439 2310 1563 2375 ἄξια
1596 2310 1706 2381 γὰρ

123 2413 504 2484 καθαιρέσεως
552 2409 622 2463 τὰ
664 2410 888 2480 ταμιεῖα
930 2406 1030 2476 τῆς
1072 2401 1304 2465 ἀδικίας.
1342 2400 1706 2454 Κατάσκαπτε

120 2508 248 2569 ταῖς
301 2501 498 2556 ἑαυτοῦ
542 2501 750 2573 χερσῖν,
785 2498 821 2552 ἃ.
862 2497 1050 2560 κακῶς
1091 2494 1481 2566 ᾡκοδὸμησας·
1516 2491 1610 2545 λύε
1640 2491 1711 2546 τὰ

125 2597 464 2668 σιτοδοχεῖα,
510 2594 636 2649 ὅθεν
684 2592 858 2656 οὐδεὶς
906 2588 1118 2659 ἀπῆλθέ
1174 2603 1308 2640 ποτε
1355 2583 1710 2654 παραμυθίας

121 2687 337 2760 τυχώνο
384 2687 650 2757 ἀφάνισον
680 2685 860 2738 πάντα
901 2677 1071 2745 οἶκον,
1121 2677 1434 2743 πλεονεξίας
1475 2677 1709 2747 φύλακα,

122 2778 507 2834 άποσκεύασον
542 2779 801 2850 ὀρόφους,
833 2773 1054 2845 περίελε
1082 2770 1293 2842 τοίχους
1313 2809 1328 2834 ,
1379 2769 1549 2833 δεῖξον
1576 2767 1712 2839 ἡλίῳ

123 2873 219 2926 τὸν
259 2869 605 2942 εὐρωτιῶντα
642 2872 805 2933 σῖτον,
837 2867 1073 2934 ἐξάγαγε
1117 2866 1182 2917 ὲκ
1213 2862 1461 2932 φυλακῆς
1498 2860 1588 2915 τὸν
1629 2860 1714 2913 δέ-

127 2979 290 3034 σμιον
317 2961 565 3026 πλοῦτον,
596 2957 964 3031 θριάμϐευσον
983 2955 1050 3009 τὰ
1078 2952 1330 3009 σκοτεινὰ
1349 2953 1446 3005 τοῦ
1480 2951 1715 3022 μαμωνᾶ

123 3054 474 3124 καταγώγια.
517 3050 762 3107 Καθελῶ
790 3068 911 3120 μου
943 3048 1051 3114 τὰς
1081 3047 1421 3113 ἀποθήκας,
1455 3043 1556 3098 καὶ
1587 3043 1714 3112 μεί-

127 3149 306 3214 ζονας
351 3144 745 3215 οἰκοδομήσω.
805 3141 932 3194 Ἐὰν
983 3139 1041 3192 δὲ
1089 3137 1185 3191 καὶ
1236 3134 1443 3197 ταύτας
1498 3132 1712 3203 ἐμπλή-

127 3257 230 3312 σης
258 3238 358 3310 (5),
397 3237 452 3290 τί
486 3251 620 3288 ποτε
659 3234 770 3304 ἄρα
805 3229 1166 3301 διανοηθήσῃ;
1198 3222 1342 3298 ἦπου
1386 3224 1549 3279 πάλιν
1582 3223 1715 3277 καθ-

1798 1856 2042 1926 parasti,
2096 1853 2248 1923 cujus
2286 1852 2546 1907 erant“?
2603 1851 2679 1922 (5)
2729 1851 2855 1905 Ηωο
2904 1850 3092 1905 irrisio
3138 1851 3384 1906 stultitia

1801 1955 2022 2018 superat
2052 1945 2382 2017 supplicium
2421 1951 2707 2000 aeternum.
2742 1943 2845 2010 Qui
2870 1943 3016 1998 enim
3054 1943 3217 2013 paulo
3257 1954 3383 2013 post
3489 1963 3492 1968 ’

1801 2040 2103 2110 rapiendus
2131 2047 2215 2094 est
2248 2045 2303 2093 et
2325 2036 2708 2101 abducendus,
2743 2036 2926 2105 qualia
2958 2035 3012 2087 in
3041 2034 3228 2090 animo
3255 2050 3384 2090 ver-

1803 2138 1890 2185 sat
1919 2128 2180 2184 consilia?
2211 2126 2495 2181 Destruam
2523 2125 2717 2179 horrea
2742 2140 2877 2178 mea.
2907 2121 3074 2178 Recte
3101 2123 3261 2186 facis,
3284 2139 3388 2195 ego

1805 2223 1923 2292 ipse
1955 2221 2004 2276 ei
2037 2219 2293 2275 dixerim.
2323 2218 2494 2289 Digna
2519 2219 2665 2272 enim
2692 2225 2822 2272 sunt
2856 2232 2978 2287 qua:
3005 2216 3386 2279 destruantur,

1805 2311 2112 2382 iniquitatis
2163 2309 2380 2362 horrea.
2429 2306 2563 2361 Tuis
2613 2306 2731 2375 ipse
2777 2303 3030 2359 manibus
3069 2303 3227 2358 dirue
3267 2317 3390 2373 quae

1806 2404 1948 2458 male
1995 2401 2300 2457 auiilicasti.
2354 2399 2514 2454 Solve
2561 2396 2952 2452 frumentarias
3001 2412 3199 2466 penus,
3242 2395 3391 2450 unde

1808 2509 1974 2550 nemo
2010 2508 2249 2563 unquam
2285 2492 2551 2546 allevatus
2586 2491 2737 2545 exiit.
2785 2488 3012 2544 Destrue
3043 2503 3259 2544 omnem
3289 2488 3392 2543 do-

1810 2603 1961 2641 mum
2013 2585 2259 2639 avaritia:
2319 2582 2628 2646 custodem,
2671 2589 2857 2636 everte
2903 2589 3070 2645 tecta,
3122 2580 3390 2635 demolire

1809 2693 2023 2741 muros,
2066 2675 2293 2731 ostende
2327 2675 2428 2730 soli
2464 2673 2799 2727 frumentum
2839 2671 3140 2737 cariosum,
3175 2669 3316 2725 educ
3362 2684 3395 2726 θ

1811 2783 2034 2824 carcere
2059 2768 2271 2822 vinctas
2292 2781 2444 2836 opes,
2473 2764 2686 2836 produc
2713 2765 2768 2818 in
2797 2763 3078 2833 publicum
3103 2761 3394 2818 tenebrosa

1814 2871 2140 2912 mammona:
2160 2857 2441 2910 conclavia
2472 2873 2487 2909 :
2517 2853 2802 2907 Destruam
2827 2852 3015 2906 horrea
3043 2866 3176 2914 mea,
3202 2857 3252 2902 et
3279 2865 3397 2902 ma-

1807 2949 1934 3017 jora
1983 2947 2282 3018 aediﬁcabo.
2331 2945 2486 3012 Quod
2536 2946 2583 3000 si
2643 2945 2757 2999 haec
2801 2957 3021 3013 quoque
3065 2940 3397 3010 impleveris,

1815 3037 1945 3107 quid
1979 3045 2092 3090 tum
2122 3034 2498 3106 excogitabis?
2525 3047 2793 3087 rursusne
2823 3031 3097 3096 destrues,
3125 3039 3181 3083 et
3202 3042 3398 3082 rursus

1817 3129 2148 3186 aediﬁcabis?
2184 3127 2328 3194 Quid
2355 3126 2600 3191 stultius,
2630 3140 2792 3195 quam
2817 3124 3074 3178 laborare
3104 3127 3396 3192 perpetuo,

1817 3221 2090 3277 aediﬁcare
2116 3219 2431 3291 diligenter,
2466 3227 2519 3273 et
2549 3217 2841 3288 diligenter
2861 3212 3190 3269 destruere?

125 3301 380 3407 αίρήσεις
402 3373 418 3396 ,
465 3331 562 3385 καὶ
627 3301 790 3384 πάλιν
831 3326 1244 3396 οἰκοδομήσεις;
1293 3322 1405 3374 Καὶ
1449 3319 1502 3374 τί
1575 3319 1782 3374 τούτων
1819 3318 2210 3389 ἀνοητότερον,
2261 3315 2544 3386 ἀπέραντα
2597 3311 2816 3383 μοχθεῖν
2840 3349 2855 3365 .
2907 3307 3210 3377 οἰκοδομεῖν
3265 3301 3401 3375 μετὰ

127 3427 388 3498 σπουδῆς,
429 3423 688 3494 καὶμετὰ
729 3421 966 3490 σπουδῆς
998 3417 1318 3488 καθαιρεῖν;

197 3525 252 3578 5.
299 3521 416 3577 Κᾶν
467 3520 564 3591 μὲν
611 3516 874 3588 ἀκούσῃς,
911 3513 1208 3580 Πώλησόν
1239 3527 1356 3565 σου
1402 3509 1476 3563 τὰ
1520 3507 1711 3575 ὑπάρ-

126 3632 351 3688 χοντα,
399 3612 499 3666 καὶ
543 3610 650 3676 δὸς
687 3605 945 3678 πτωχοῖς
969 3647 984 3672 ,
1022 3604 1109 3658 ἵνα
1141 3603 1272 3676 ἔχῃς
1321 3600 1530 3671 ἐφόδιον
1576 3601 1712 3670 πρὸς

126 3710 231 3781 τὴν
269 3705 484 3760 αἰώνιον
529 3703 850 3764 ἀπόλαυσιν,
883 3698 1100 3768 ἀπέρχῃ
1148 3694 1523 3765 λυπούμενος³
1558 3692 1622 3747 ἂν
1653 3693 1711 3746 δὲ

129 3800 396 3873 ἀκούσῃς,
437 3798 536 3861 Δὸς
569 3796 831 3868 χρήματα
859 3790 1076 3860 γυναιξὶ
1104 3786 1412 3859 χλιδώσαις,
1449 3785 1536 3848 δὸς
1572 3783 1714 3837 λιθο-

128 3893 296 3960 ξόοις,
334 3890 570 3952 τέκτοσι,
602 3885 973 3958 ψηφοθέταις,
1015 3879 1327 3950 ζωγράφοις
1347 3919 1362 3943 ,
1395 3877 1606 3947 χαίρεις
1641 3875 1715 3938 ὡς

127 3982 195 4054 δή
227 3999 282 4034 τι
311 3997 415 4051 χρη
426 3978 610 4050 μάτων
629 3975 954 4048 τιμιώτερον
987 3968 1426 4039 κατακτώμενος.
1451 3969 1562 4035 Οὐχ
1585 3966 1716 4036 ὁρᾷς

127 4075 262 4136 τοὺς
300 4071 516 4142 τοίχους
563 4067 787 4130 τούτους
818 4065 947 4127 τοὺς
990 4061 1096 4115 ὑπὸ
1139 4059 1231 4114 τοῦ
1273 4059 1468 4134 χρόνου
1514 4060 1718 4127 καταρ-

132 4161 388 4236 ῥυέντας,
433 4153 510 4211 ὦν
541 4157 612 4210 τὰ
645 4154 876 4224 λείψανα
926 4150 1116 4221 ὥσπερ
1163 4147 1417 4202 σκόπελοί
1443 4163 1590 4209 τινες
1632 4144 1719 4198 διὰ

129 4251 237 4321 τῆς
283 4251 488 4313 πόλεως
537 4247 718 4317 πάσης
751 4244 1040 4314 ἀνέχουσι;
1074 4240 1240 4293 Πόσοι
1277 4236 1419 4311 ἦσαν
1451 4237 1594 4292 κατὰ
1619 4237 1719 4308 τὴν

132 4343 296 4396 πόλιν
325 4341 558 4411 πένητες
585 4337 790 4392 τούτων
834 4333 1218 4408 ἐγειρομένων,
1247 4331 1297 4384 οἳ
1335 4330 1423 4384 διὰ
1452 4329 1552 4401 τὴν
1590 4326 1719 4397 περὶ

1882 3503 1938 3558 3.
1983 3476 2060 3572 (63
2093 3499 2250 3566 Quod
2285 3497 2331 3554 si
2365 3494 2652 3550 audieris:
2693 3489 2867 3545 Vende
2893 3505 3012 3560 qua:
3045 3486 3226 3550 habes,
3259 3486 3402 3540 uda

1812 3590 2131 3663 pauperibus
2156 3589 2222 3653 δ’,
2258 3594 2318 3641 ut
2347 3586 2551 3639 habeas
2589 3583 2847 3636 viaticum
2887 3580 2954 3632 ad
2983 3587 3246 3631 aeternam
3278 3575 3402 3630 feli-

1814 3684 2054 3742 citatem,
2111 3679 2231 3733 abis
2275 3675 2450 3731 tristis
2485 3693 2498 3728 :
2529 3671 2576 3728 si
2619 3681 2749 3727 Vero
2783 3668 3066 3724 audieris:
3101 3666 3177 3719 Da
3223 3681 3394 3735 pecu—

1814 3774 1938 3829 nias
1986 3770 2313 3826 mulieribus
2344 3760 2641 3820 luxuriosis
2664 3801 2679 3826 ,
2711 3761 2779 3816 da
2815 3758 3087 3830 lapicidis,
3126 3755 3298 3810 fabris
3337 3754 3404 3809 li-

1816 3864 2043 3937 gnariis,
2075 3861 2392 3916 hominibus
2423 3857 2667 3913 calculos
2697 3851 3036 3915 locantibus,
3075 3847 3401 3919 pictoribus,

1819 3969 1950 4015 tunc
1983 3956 2210 4028 perinde
2235 3954 2442 4026 gaudes
2477 3966 2542 4006 ac
2581 3949 2629 4005 si
2663 3947 2965 4018 quidquam
3001 3941 3255 4014 pecuniis
3280 3955 3405 4010 pre-

1818 4051 2013 4106 tiosius
2047 4048 2321 4118 acquiras.
2373 4043 2492 4098 Non
2522 4041 2676 4096 vides
2724 4035 2930 4092 moenia
2971 4033 3087 4086 haec
3136 4030 3410 4100 temporis

1819 4138 2183 4196 diuturnitate
2222 4135 2486 4204 collapsa,
2527 4143 2764 4202 quorum
2807 4122 3054 4193 reliquiae
3097 4119 3246 4174 velut
3279 4132 3405 4174 sco-

1819 4231 1931 4302 puli
1963 4228 2186 4299 quidam
2218 4239 2314 4295 per
2349 4231 2517 4276 totam
2542 4218 2732 4273 urbem
2762 4210 3046 4269 eminent?
3081 4209 3247 4275 Quot,
3279 4221 3407 4260 cum

1821 4298 2258 4378 exstruerentur,
2291 4320 2450 4370 erant
2477 4313 2534 4366 in
2561 4309 2696 4364 urbe
2726 4318 3017 4376 pauperes,
3055 4302 3151 4372 qui
3186 4299 3260 4354 ob
3287 4298 3409 4352 col-

140 4389 288 4396 """'
332 4389 555 4411 "‘"r‘v
598 4389 751 4392 ἠν-ί
877 4389 887 4404 ι
957 4389 968 4408 ι
1024 4389 1036 4404 ι
1207 4389 1216 4395 ι
1508 4389 1519 4401 .
1667 4389 1677 4397 .

134 4434 313 4490 ταῦτα
341 4431 576 4502 σπουδὴν
602 4429 710 4483 ὑπὸ
739 4427 854 4481 τῶν
881 4427 1002 4480 τότε
1031 4423 1304 4477 πλουσίων
1327 4419 1707 4492 παρεωρῶντοξ

1827 4411 1994 4464 latum
2027 4409 2081 4461 in
2121 4421 2182 4461 ea
2202 4403 2463 4458 'studium
2504 4415 2533 4453 a
2560 4398 2824 4453 divitibus
2854 4392 2976 4462 ejus
3011 4389 3279 4459 temporis
3317 4402 3410 4449 ne-

133 4524 253 4579 Ποῦ
288 4523 468 4576 τοίνυν
497 4522 531 4592 η
557 4517 792 4592 λαμπρὰ
816 4517 934 4570 τῶν
955 4515 1132 4587 ἔργων
1156 4511 1466 4580 κατασκευή
1488 4527 1503 4576 ;
1536 4509 1639 4562 ποῦ
1666 4508 1724 4560 δὲ

134 4619 166 4670 ὁ
193 4616 292 4670 ἐπὶ
309 4617 377 4686 τῇ
404 4613 610 4666 τούτων
645 4609 1016 4684 μεγαλουργίᾳ
1040 4605 1405 4681 ζηλούμενος;
1431 4603 1504 4656 υύ
1522 4600 1595 4655 τὰ
1626 4599 1724 4671 μὲν

139 4706 478 4776 συγκέχυται
524 4704 620 4758 καὶ
665 4703 985 4773 ἠφάνισται,
1017 4700 1202 4770 ὥσπερ
1241 4697 1310 4751 τὰ
1340 4694 1484 4750 κατὰ
1506 4690 1724 4746 παιδιὰν

140 4804 203 4855 ὲν
249 4801 370 4862 ταῖς
409 4798 658 4870 ψάμμοις
710 4795 818 4850 ὑπὸ
850 4793 960 4848 τῶν
1005 4793 1211 4847 παίδων
1246 4787 1722 4860 φιλοτεχνούμενα,

138 4894 171 4945 ὁ
205 4891 266 4945 δὲ
306 4893 365 4944 ὲν
401 4889 482 4960 τῷ
523 4889 626 4962 ἅδῃ
656 4891 855 4952 κεῖται,
885 4886 978 4940 ἐπὶ
1007 4889 1074 4957 τῇ
1109 4883 1310 4952 σπουδῇ
1342 4880 1448 4934 τῶν
1483 4875 1726 4950 ματαίων

147 4982 661 5056 μεταμελούμενοςς
695 4980 956 5049 Μεγάλην
982 4977 1071 5048 ἔχε
1091 4977 1191 5046 τὴν
1225 4975 1422 5046 ψυχὴν,
1449 4971 1724 5042 ἄνθρωπε.

145 5076 332 5144 Τοῖχοι
365 5073 423 5127 δὲ
455 5073 553 5127 καὶ
602 5071 793 5142 μικροὶ
824 5069 921 5123 καὶ
947 5067 1192 5138 μείζονες
1221 5065 1317 5135 τὴν
1339 5062 1506 5132 αὐτὴν
1539 5057 1726 5130 χρείαν

146 5164 418 5238 πληροῦσι
453 5167 565 5227 τοῖς
609 5162 842 5234 ἔχουσιν.
882 5161 1068 5230 Ἔχεις
1108 5156 1414 5227 ἀποθήκας,
1445 5151 1541 5206 ὲὰν
1569 5149 1728 5220 θέλῃς

226 5321 272 5353 ⁸³
309 5318 441 5375 Luc.
478 5335 578 5384 xu,
617 5315 805 5373 18-20.
906 5315 950 5346 ”
993 5311 1184 5367 Matth.
1237 5325 1352 5374 xix,
1379 5307 1470 5361 2|.

226 5479 302 5549 (1)
328 5477 518 5542 Αὐτῷ.
551 5473 860 5549 Legendum
890 5471 1105 5549 videtur
1128 5465 1464 5549 αὑτόλΕυιτ.

334 5537 920 5619 "ArgoaqUCodjcum
947 5541 1083 5595 alter
1107 5537 1376 5619 γενέσθαι.

225 5558 282 5619 (2
334 5558 625 5617 Ἀγεσθαι.
659 5558 920 5602 conicum
947 5558 1083 5595 alter
1107 5558 1376 5610 γενεσυαι.

332 5616 722 5701 ,Ἐμπλήσῃᾳ
757 5615 851 5671 Sic
878 5621 1107 5682 uterque
1144 5608 1314 5666 codex
1343 5615 1396 5663 et
1419 5607 1724 5661 contextus.

158 5687 300 5747 Editi
329 5687 650 5760 ἐμπλήσεις.

1831 4499 2216 4573 gligcbantur?
2268 4497 2373 4552 Ubi
2427 4494 2594 4564 igitur
2645 4486 2934 4558 splendida
2985 4497 3213 4552 operum
3261 4487 3410 4536 stru-

1829 4593 2023 4648 ctura?
2054 4593 2144 4646 ubi
2176 4591 2286 4652 ille,
2331 4588 2425 4658 qui
2465 4595 2797 4653 magnopere
2841 4576 3168 4632 laudabatur
3197 4573 3270 4627 ob
3317 4586 3411 4624 eo-

1829 4698 1952 4738 rum
1997 4673 2502 4752 magniﬁCentiam?
2531 4671 2722 4726 Nonne
2754 4669 2870 4723 haec
2895 4663 3116 4734 quidem
3157 4661 3411 4731 prolapsa

1830 4785 1884 4832 et
1916 4751 2139 4834 abolita,
2169 4780 2229 4825 ut
2261 4783 2346 4835 ea,
2380 4781 2502 4838 quae
2532 4764 2588 4818 in
2621 4776 2788 4816 arena
2828 4773 2858 4812 a
2888 4755 3076 4828 pueris
3098 4751 3414 4808 ludentibus

1831 4875 2213 4928 exstruuntur,
2254 4863 2407 4916 illum
2447 4863 2629 4911 autem
2679 4854 2734 4907 in
2773 4849 2988 4904 inferno
3010 4846 3284 4916 iacentem
3317 4840 3391 4893 im

1833 4959 1990 5031 pensi
2023 4957 2189 5013 rebus
2223 4954 2381 5008 vanis
2425 4948 2591 5007 studii
2625 4941 2900 5017 pmnitet?
2929 4935 3020 4994 Sis
3059 4935 3243 4989 animo
3289 4945 3413 4986 ma-

1832 5021 1962 5124 gno,
2012 5065 2046 5106 ο
2071 5050 2251 5103 homo.
2287 5044 2427 5100 Muri
2456 5053 2570 5117 tum
2613 5037 2766 5110 parvi
2799 5043 2912 5088 tum
2945 5026 3129 5099 magni
3160 5021 3413 5081 eumdem

1834 5115 2248 5217 possidentibus
2272 5152 2432 5194 usum
2467 5115 2752 5205 praestant.
2791 5127 2868 5198 (7)
2903 5123 3081 5178 Habes
3110 5120 3327 5180 horrea,
3365 5115 3414 5170 si

1909 5452 1986 5522 (4)
2021 5449 2098 5522 Ex
2130 5448 2275 5522 liom.
2302 5443 2453 5522 dicta
2490 5430 2953 5522 ἱῖιΙΕηεὶεἱελέἰξξί).

2302 5494 2354 5592 in
2392 5507 2730 5592 illudLucgi,
2767 5503 3070 5562 Destruam,
3099 5494 3189 5551 48.

2025 5590 2100 5661 Ex
2124 5579 2623 5661 inmte-in.Iliturgis,
2657 5575 2744 5628 55.

2304 5634 2356 5706 in
2386 5651 2515 5705 illud
2538 5634 2715 5708 Luem,
2749 5643 3052 5702 Destruam,
3085 5634 3173 5689 49.
