3840 6226
486 249 621 304 H87

1347 244 1714 302 APPENDIX.
1733 275 1804 286 —
1820 238 2170 299 SYMEONIS
2205 239 2747 298 METAPBRASTE

3613 236 3750 292 uss
3808 196 3809 213 ἶ

483 373 591 432 vis,
620 366 815 421 domos
844 378 1173 436 pauperum.
1201 365 1529 420 Thesauriza
1563 364 1658 418 tibi
1680 364 1983 419 thesaurum
2006 365 2063 417 in

2178 363 2263 426 ιάς
2282 361 2461 425 οἰκίας
2488 361 2565 433 (5)
2612 359 2722 414 τῶν
2767 360 3035 431 πενήτων.
3078 358 3465 426 Θησαύρισον
3502 353 3751 419 σεαυτῷ

482 459 702 515 calo".
744 459 876 525 Quae
913 459 1029 513 illic
1056 457 1452 523 reconduntur,
1496 472 1560 513 ea
1602 473 1712 512 non
1756 455 2065 527 depascun-

483 557 576 602 tur
605 549 786 614 tineae,
827 564 939 603 non
972 548 1221 603 corrodit
1255 549 1457 613 caries,
1481 554 1589 602 non
1613 548 1947 618 praedantur
1976 545 2065 601 fu-

486 654 595 695 res.
625 640 694 693 At
724 642 914 708 egenis
960 640 1270 710 impertiar,
1301 654 1427 694 cum
1455 638 1698 695 secunda
1736 640 1932 693 horrea
1969 639 2067 692 im-

487 730 727 798 plevero.
762 728 1008 800 Longum
1046 728 1149 783 tibi
1174 728 1302 782 vita:
1332 737 1551 798 tempus
1588 726 1890 799 praaﬁxisti.
1923 726 2068 782 Cave

488 828 540 875 te
566 821 835 889 praefinita
864 819 985 874 dies
1035 818 1302 874 festinans
1333 826 1644 891 praevertat.
1680 818 1815 871 Nam
1857 817 2068 887 pollici-

486 912 622 965 tatio
654 912 846 965 isthac
892 911 1154 981 nequitiae
1199 917 1581 981 argumentum
1618 919 1723 976 est,
1761 924 1872 963 non
1910 909 2067 964 beni-

486 1002 733 1072 gnitatis.
768 1000 1058 1057 Polliceris
1102 1002 1272 1065 enim,
1302 1015 1411 1055 non
1442 1009 1504 1055 ut
1537 999 1605 1055 de
1634 1007 1844 1070 postea,
1886 1000 1985 1055 sed
2010 1010 2067 1054 ut

485 1108 729 1163 praesens
753 1094 1102 1149 submoveas.
1127 1092 1284 1147 Nunc
1314 1108 1438 1147 cum
1466 1093 1651 1155 liceat,
1683 1091 1815 1161 quid
1844 1091 2070 1161 impedit

484 1185 784 1253 quominus
829 1185 1104 1255 largiare?
1150 1184 1343 1239 Nonne
1385 1182 1542 1237 adest
1587 1182 1842 1254 indigus?
1888 1198 2070 1238 nonne

485 1275 646 1344 plena
681 1283 809 1330 sunt
832 1276 1070 1332 horrea?
1102 1290 1170 1329 an
1194 1290 1304 1330 non
1335 1283 1527 1345 parata
1567 1275 1822 1331 merces?
1851 1289 1921 1328 an
1957 1291 2069 1330 non

484 1366 695 1420 clarum
744 1375 1075 1439 preceptum
1126 1379 1211 1423 est
1264 1375 1318 1421 ct
1363 1366 1760 1436 perspicuum?
1802 1366 2069 1422 Esuriens

485 1459 845 1524 contabescit,
895 1461 1079 1516 nudus
1126 1462 1309 1531 riget:
1340 1461 1714 1528 strangulatur
1743 1459 1898 1530 501
1940 1460 1988 1514 is
2038 1474 2070 1513 a

484 1564 596 1618 quo
619 1550 862 1605 debitum
891 1553 1161 1622 exigitur;
1192 1561 1246 1607 et
1275 1561 1333 1605 tu
1358 1552 1765 1622 eleemosynam
1797 1548 1985 1606 differs
2012 1550 2069 1604 in

486 1642 829 1697 crastinum?
855 1643 997 1697 Audi
1046 1642 1397 1697 Salomonem
1428 1661 1440 1695 :
1474 1639 1557 1695 Ne
1588 1641 1788 1695 dixeris
1818 1657 1837 1695 :
1870 1641 1970 1695 Abi
2006 1658 2068 1695 ac

2165 453 2475 522 θησαυρὸν
2500 453 2571 507 ἐν
2593 451 2844 521 οὐρανῷ.
2860 451 2943 504 Τά
2962 452 3078 505 ἐκεῖ
3098 451 3470 521 άποτιθέμενα
3488 450 3556 502 οὐ
3593 448 3753 519 σῆτες

2169 544 2627 615 μεταϐόσκονται,
2655 545 2717 597 οὐ
2753 542 2998 614 σηπεδὼν
3045 542 3393 613 ἐπινέμεται,
3443 542 3507 594 οὐ
3553 539 3753 611 λῃσταὶ

2163 635 2595 690 διακλέπτουσιν.
2644 633 2807 688 Ἀλλά
2836 633 2958 687 τότε
2983 632 3274 704 μεταδώσω
3305 635 3420 695 τοίς
3445 631 3752 700 δεομένοις,

2165 728 2292 783 ὅταν
2343 727 2444 791 τὰς
2494 727 2751 799 δευτέρας
2795 726 3080 796 ἀποθήκας
3132 723 3427 796 πληρώσω.
3480 723 3753 793 Μακροὺς

2168 815 2380 888 σεαυτῷ
2408 818 2535 880 τοὺς
2567 817 2795 887 χρόνους
2828 816 2930 886 τῆς
2959 814 3102 887 ζωῆς
3127 814 3332 885 ἔπηξας
3354 831 3367 844 ·
3402 814 3503 868 καὶ
3530 813 3752 877 σκόπει,

2170 913 2245 982 μή
2275 928 2334 963 σε
2359 909 2751 982 προκαταλάϐῃ
2781 911 2809 962 6
2832 908 2972 963 κατά
2992 909 3327 981 προθεσμίαν
3354 908 3624 975 ἐπείγων.
3654 904 3755 958 Καὶ

2167 1003 2276 1077 γὰρ
2312 1004 2347 1074 ή
2376 1001 2678 1071 ἐπαγγελία
2711 1003 2772 1054 ού
2809 1001 3174 1073 χρηστότητος
3204 1003 3352 1055 ἐστιν
3395 1000 3541 1053 ἀλλά
3585 1017 3743 1069 πονηυ

2170 1092 2293 1165 ρίας
2326 1091 2620 1155 ἀπόδειξις.
2658 1089 2996 1161 Ἐπαγγέλλῃ
3034 1089 3163 1158 γὰρ,
3187 1089 3285 1158 οὐχ
3317 1088 3407 1140 ἴνα
3454 1086 3565 1157 δῷς
3616 1086 3753 1155 μετὰ

2166 1186 2361 1250 ταῦτα,
2392 1183 2505 1238 ἀλλ’
2541 1184 2627 1237 ἵνα
2649 1182 2710 1236 τὸ
2741 1182 2913 1253 παρὸν
2940 1180 3261 1253 διακρούσῃ.
3298 1179 3454 1232 Ἐπεὶ
3481 1178 3582 1232 νῦν
3611 1179 3671 1230 τί
3698 1179 3750 1229 τί

2169 1276 2378 1331 κωλύον
2407 1276 2505 1347 τήν
2535 1274 2851 1346 μετάδοσιν;
2883 1274 2958 1327 Ού
3003 1273 3265 1345 πάρεστιν
3303 1273 3333 1324 6
3375 1271 3599 1342 ὲνδεής;
3633 1270 3751 1339 ούχῑ

2169 1369 2398 1440 πλήρεις
2443 1368 2500 1421 αἱ
2540 1365 2843 1436 amb-712cm;
2899 1365 2998 1435 οὐχ
3046 1366 3075 1416 6
3127 1363 3314 1434 μισθὸς
3360 1362 3622 1434 ἕτοιμος
3660 1362 3751 1431 ού)

2169 1462 2203 1532 ή
2236 1459 2422 1530 ἐντολὴ
2460 1459 2774 1531 τηλαυγής;
2831 1457 2890 1509 Ὁ
2922 1455 3122 1509 πεινῶν
3151 1457 3411 1526 τήκεται,
3466 1458 3497 1508 6
3533 1470 3726 1524 γυμνη

2168 1553 2340 1605 τεύων
2380 1551 2684 1621 πήγνυται,
2730 1551 2760 1601 6
2813 1547 3211 1618 ἀπαιτούμενος
3265 1546 3614 1617 ἀπάγχεται⁵
3663 1545 3751 1599 καὶ

2172 1644 2236 1697 σὺ
2305 1645 2405 1715 τήν
2465 1642 2836 1714 ἐλεημοσύνην
2889 1643 2969 1704 είς
3025 1641 3124 1711 τὴν
3182 1638 3369 1712 αύριον
3428 1638 3751 1711 ἀναϐάλλῃ.

485 1744 760 1799 revertere,
795 1744 846 1789 et
892 1752 1013 1789 cras
1047 1735 1207 1800 dabo,
1250 1751 1368 1787 cum
1402 1733 1554 1787 hodie
1602 1733 1902 1802 benefacere
1946 1749 2066 1803 pos-

2178 1737 2372 1790 ΙἈκοιλε
2410 1736 2753 1807 Σολομῶντος
2771 1752 2785 1765 ·
2813 1733 2910 1803 Μὴ
2941 1732 3122 1801 εἴπῃς
3140 1747 3154 1762 ·
3191 1731 3579 1786 Ἐπανελθὼν
3606 1731 3739 1784 ἐπά-

484 1827 629 1880 sis'”
671 1843 686 1880 ι
739 1828 957 1897 ignoras
1016 1828 1158 1881 enim
1208 1826 1334 1897 quid
1380 1828 1553 1896 pariet
1602 1827 1713 1880 dies
1762 1842 1977 1896 sequens
1999 1827 2065 1880 τ’.

487 1919 563 1989 (t)
586 1918 874 1986 Praeterea,
906 1935 1099 1973 aurum
1137 1935 1262 1973 cum
1299 1918 1421 1984 das,
1454 1927 1509 1974 et
1537 1919 1676 1973 emis
1705 1933 1929 1988 equum,
1958 1934 2070 1973 non

486 2023 731 2065 maeres:
766 2025 892 2064 cum
944 2025 1075 2064 vero
1109 2010 1355 2079 peritura
1401 2008 1674 2080 impertis,
1724 2024 1789 2062 ac
1839 2024 2069 2080 regnum

486 2100 752 2154 caelorum
785 2101 1013 2171 accipis,
1062 2102 1336 2171 lacrymas
1368 2099 1626 2164 edundis,
1670 2107 1725 2156 et
1756 2099 1943 2170 rejicis
1981 2116 2072 2155 ro-

486 2200 727 2262 gantem,
760 2209 823 2248 ac
853 2193 986 2248 dare
1021 2208 1266 2260 recusas,
1302 2202 1592 2249 sexcentas
1616 2194 1717 2247 tibi
1753 2202 2070 2264 sumptuum

365 2302 374 2320 ι
487 2297 684 2340 causas
736 2285 1185 2341 comminiscens.
1237 2284 1380 2351 Quid
1454 2283 1814 2354 respondebis
1857 2284 2074 2353 judiei?

486 2375 582 2444 qui
607 2374 845 2444 parietes
873 2377 1065 2440 vestis,
1092 2376 1366 2431 hominem
1390 2391 1499 2431 non
1533 2376 1747 2431 vestis?
1769 2377 1861 2446 qui
1892 2391 2071 2446 equos

488 2480 679 2530 ornas,
727 2464 952 2521 fratrem
1002 2467 1056 2520 in
1108 2468 1365 2522 sordibus
1391 2467 1664 2536 jacentem
1717 2467 2074 2537 aspernaris?

489 2560 584 2630 qui
618 2568 933 2630 putrescere
993 2560 1132 2617 sinis
1180 2560 1557 2628 frumentum,
1607 2563 1915 2617 esurientes
1964 2576 2074 2616 non

489 2653 627 2709 alis?
653 2654 747 2724 qui
774 2653 987 2710 defodis
1012 2668 1233 2723 aurum,
1262 2669 1587 2724 oppressum
1616 2654 1966 2710 contemnis?

560 2896 612 2950 ι.
640 2895 715 2967 (2)
749 2895 1033 2963 Quomodo
1061 2899 1160 2952 tibi
1193 2897 1455 2967 pauperis
1488 2898 1830 2952 calamitates
1863 2913 2067 2968 ponam

492 2985 567 3041 ob
615 2986 847 3042 oculos?
888 2987 982 3042 llle
1029 3002 1091 3042 re
1141 2987 1398 3041 familiari
1435 2987 1861 3056 circumspecta,
1924 2989 2075 3042 videt

2168 1847 2336 1899 νηκε,
2381 1831 2478 1884 καὶ
2508 1831 2719 1898 αὔριον
2756 1827 2949 1893 δώσω,
2978 1825 3241 1880 δυνατοῦ
3289 1841 3405 1880 σου
3456 1825 3642 1892 ὄντος
3684 1818 3753 1879 εὖ

2170 1924 2363 1978 ποιεῖν
2385 1940 2400 1954 ·
2426 1926 2497 1978 οὐ
2528 1922 2639 1993 γὰρ
2670 1918 2837 1989 οἶδας
2864 1922 2921 1975 τί
2955 1919 3187 1985 τέξεται
3217 1920 3257 1987 ἠ
3281 1918 3564 1973 ἐπιοῦσα.
3594 1914 3755 1985 Εἶτα,

2169 2016 2369 2087 χρυσὸν
2400 2016 2498 2084 μὲν
2525 2014 2699 2077 διδοὺς
2717 2055 2732 2079 ,
2777 2013 2871 2066 καὶ
2917 2012 3083 2065 ἵππον
3125 2011 3402 2082 κτώμενος
3422 2052 3439 2076 ,
3472 2011 3577 2063 οὐκ
3619 2009 3754 2063 ἀθυ-

2176 2111 2326 2179 μεῖςσ
2371 2105 2587 2179 φθαρτὰ
2644 2105 2704 2158 δὲ
2750 2105 3075 2175 προέμενος.
3126 2101 3224 2156 καὶ
3268 2101 3547 2173 βασιλείαν
3594 2101 3756 2173 obpa-

2171 2200 2277 2254 νῶν
2315 2198 2642 2269 λαμϐάνων,
2679 2196 2974 2268 δακρύεις,
3010 2196 3105 2250 καὶ
3135 2195 3273 2267 ἀρνῇ
3316 2194 3409 2248 τὸν
3451 2194 3723 2248 αἰτοῦντα
3744 2234 3759 2256 ,

2172 2290 2269 2344 καὶ
2306 2288 2590 2355 ἀνανεύεις
2625 2287 2723 2359 τὴν
2757 2287 2926 2351 δόσιν,
2971 2285 3172 2357 μυρίας
3210 2285 3513 2356 προφάσεις
3543 2283 3759 2338 ἀναλω-

2177 2378 2361 2450 μάτων
2407 2376 2658 2431 ὲπινοῶν.
2707 2374 2773 2428 Τί
2819 2374 3161 2446 ἀποκριθήσῃ
3196 2372 3274 2443 τῷ
3315 2376 3517 2443 κριτῇ;
3555 2375 3587 2426 6
3630 2372 3759 2435 τοὺς

2172 2470 2385 2541 τοίχους
2431 2468 2729 2540 ἀμφιεννὺς
2757 2508 2771 2532 ,
2817 2467 3101 2538 ἄνθρωπον
3133 2466 3233 2518 ούκ
3276 2464 3520 2530 ὲνδύεις;
3558 2465 3590 2516 6
3632 2465 3759 2526 τοὺς

2174 2565 2374 2626 ἵππους
2403 2561 2643 2633 κοσμῶν,
2661 2560 2749 2613 τὸν
2772 2558 2998 2628 ἀδελφὸν
3021 2556 3434 2628 ἀσχημονοῦντα
3455 2556 3757 2626 περιορᾷς;

2173 2658 2202 2709 6
2230 2656 2563 2725 κατασήπων
2586 2652 2677 2706 τὸν
2707 2656 2871 2716 σῖτον,
2887 2651 3014 2714 τοὺς
3037 2649 3335 2711 πεινῶντας
3364 2648 3423 2701 ού
3454 2647 3714 2717 τρέφεις
3732 2644 3759 2695 6

2206 2747 2264 2800 ὸν
2290 2747 2487 2817 χρυσὸν
2501 2744 2872 2816 κατορύσσων,
2901 2741 2995 2795 τοῦ
3021 2740 3323 2813 ἀγχομένου
3344 2756 3485 2793 κατα
3500 2740 3757 2809 φρονεῖς;

2244 2901 2298 2954 4.
2329 2897 2455 2963 Πῶς
2484 2914 2565 2950 σοι
2605 2897 2697 2949 ὑπ’
2725 2894 2847 2964 ὄψιν
2878 2894 3072 2963 ἀγάγω
3095 2892 3165 2946 τά
3190 2891 3335 2962 πάθη
3364 2890 3460 2944 τοῦ
3488 2891 3754 2961 πένητοςς

2188 2990 2425 3053 Ἐκεῖνος
2455 2988 2929 3059 περισκεψάμενος
2954 2985 3024 3038 τὰ
3057 2985 3224 3046 ἔνδον,
3263 2985 3391 3054 ὁρᾷ,
3421 2984 3506 3036 ὅτι
3558 2983 3757 3053 χρυσὸς

491 3094 686 3132 aurum
717 3079 824 3135 sibi
873 3094 976 3133 nec
1011 3078 1227 3144 adesse,
1256 3094 1358 3134 nec
1389 3093 1630 3150 unquam
1679 3078 1945 3145 adfuisse,
1975 3082 2066 3136 sed

2178 3081 2277 3153 μὲν
2309 3079 2458 3151 αύτῷ
2502 3080 2625 3133 οὔτε
2662 3079 2833 3145 ἐστὶν,
2867 3076 2991 3130 οὔτε
3043 3076 3335 3146 γεγένηται
3379 3074 3458 3147 (4)
3499 3074 3752 3128 πώποτε·

491 3187 621 3226 vasa
665 3185 729 3225 ae
769 3179 973 3236 vestes,
1021 3172 1200 3242 qualis
1246 3187 1367 3227 esse
1413 3173 1555 3227 solet
1602 3188 1908 3243 pauperum
1942 3189 2074 3244 pos-

489 3265 691 3327 sessio,
743 3265 927 3318 omnia
980 3265 1175 3334 paucis
1228 3265 1406 3319 obolis
1454 3264 1802 3319 aestimanda.
1851 3264 2072 3335 Ecquid

490 3357 706 3426 igitur?
748 3353 890 3409 Tum
940 3355 1160 3410 demum
1198 3359 1367 3411 miser
1396 3357 1668 3412 convertit
1696 3356 1886 3412 oculos
1917 3359 1974 3411 in
2002 3359 2072 3412 li-

490 3447 673 3512 beros,
719 3454 779 3501 ut
815 3447 871 3500 in
917 3446 1095 3500 forum
1128 3447 1357 3511 ducens,
1390 3446 1585 3501 mortis
1615 3447 1856 3501 inveniat
1886 3462 2064 3503 reme-

491 3538 667 3592 dium.
702 3537 805 3592 Hic
850 3537 1097 3607 urgentis
1135 3536 1295 3591 famis
1339 3551 1575 3608 pugnam
1611 3536 1950 3600 consideres,
1985 3553 2076 3591 ve-

491 3632 609 3693 lim,
634 3642 688 3685 et
720 3629 936 3700 paterni
965 3628 1195 3682 amoris.
1229 3626 1424 3682 Fames
1455 3626 1677 3697 quidem
1709 3628 2073 3681 miserrimam

490 3729 722 3776 mortem
757 3722 1021 3787 minatur,
1069 3728 1263 3773 natura
1297 3734 1427 3773 vero
1474 3719 1738 3782 retrahit,
1774 3718 2076 3787 suadetque

492 3822 556 3868 ut
588 3829 698 3868 una
733 3829 855 3868 cum
889 3813 1079 3868 liberis
1128 3813 1396 3866 moriatur
1431 3830 1446 3865 :
1493 3820 1548 3865 et
1596 3825 1741 3879 saepe
1781 3810 2073 3879 impulsus,

490 3915 546 3962 et
589 3921 734 3976 saepe
768 3913 1050 3969 retentus,
1103 3905 1322 3958 tandem
1359 3902 1692 3964 succumbit,
1749 3901 2076 3956 necessitate

490 3999 749 4069 egestatis
781 4005 1031 4053 coactus.
1075 3994 1182 4051 Sed
1213 4011 1334 4065 qua:
1378 3996 1430 4048 in
1461 3995 1646 4047 animo
1684 3994 1917 4047 consilia
1950 4007 2076 4046 ver-

491 4099 576 4145 sat
631 4091 833 4161 pater?
886 4090 1058 4158 Quem
1106 4091 1345 4158 primum
1398 4085 1729 4141 divendam?
1780 4099 2073 4155 quemnam

492 4180 754 4236 frumenti
797 4181 1050 4235 venditor
1096 4178 1377 4232 lubentius
1423 4178 1768 4246 conspiciet?
1801 4175 2071 4230 Accedam

491 4270 558 4325 ad
610 4272 910 4326 maximum
953 4271 1131 4326 natu?
1182 4272 1249 4322 At
1283 4270 1463 4324 aetatis
1495 4270 1621 4338 jura
1661 4283 1938 4322 revereor.
1988 4267 2074 4320 An

493 4363 562 4417 ad
611 4364 898 4417 minimum
949 4362 1123 4417 natu?
1167 4369 1222 4415 at
1273 4377 1362 4415 me
1405 4361 1627 4415 miseret
1674 4358 1822 4413 illius
1875 4359 2071 4421 artatis,

492 4457 836 4512 calamitates
866 4457 1100 4511 necdum
1147 4455 1526 4525 intelligentis.
1579 4453 1679 4506 Hic
1726 4454 1932 4507 claram
1972 4468 2073 4508 ex-

494 4548 642 4602 hibet
670 4556 957 4617 parentum
988 4546 1219 4617 effigiem
1263 4566 1275 4600 :
1311 4548 1404 4601 ille
1433 4547 1666 4600 idoneus
1691 4553 1776 4599 est
1803 4544 1871 4598 ad
1903 4544 2071 4600 discis

496 4641 672 4710 plinas
719 4639 1033 4693 discendas.
1075 4638 1216 4703 Heu,
1249 4639 1467 4693 consilii
1511 4637 1795 4707 inopiam!
1833 4635 1954 4701 Quo
1985 4652 2070 4691 me

497 4731 739 4785 vertam?
791 4731 846 4784 in
885 4746 1048 4801 quem
1097 4730 1293 4784 horum
1343 4729 1681 4799 impingam?
1714 4728 1928 4797 qualem
1972 4728 2069 4782 be-

497 4825 617 4877 stia:
639 4825 882 4877 animum
914 4823 1176 4877 induam?
1202 4822 1477 4892 quomodo
1506 4834 1717 4875 natura:
1744 4821 2073 4875 obliviscar?

497 4914 700 4970 Omnes
744 4916 790 4970 si
846 4931 1029 4980 servo,
1082 4915 1226 4970 fame
1283 4916 1485 4970 videbo
1542 4913 1797 4969 consumi
1857 4929 2071 4970 omnes.

499 5006 674 5062 Unum
728 5009 776 5062 si
814 5009 1136 5073 vendidero,
1170 5009 1372 5078 quibus
1401 5008 1580 5064 oculis
1627 5009 1876 5076 reliquos
1923 5008 2073 5077 aspi-

563 5186 610 5217 "°
642 5184 831 5240 Matth.
872 5200 947 5248 vr,
978 5184 1068 5238 20.
1144 5185 1186 5215 '“
1220 5182 1381 5239 Prov.
1403 5200 1487 5245 ιιι,
1520 5183 1610 5239 28.

573 5343 648 5417 (1)
681 5346 765 5417 Ex
801 5344 949 5399 hom.
976 5344 1290 5417 ‘inADivites,
1333 5344 1422 5401 55.

569 5414 641 5485 (2}
677 5415 753 5485 Et;
790 5416 936 5485 honr.
974 5415 1028 5467 in
1057 5415 1188 5485 illud
1218 5415 1398 5478 Lucae,
1426 5414 1729 5476 Destruam,
1761 5415 1851 5470 46.

570 5482 791 5555 (5)169
815 5482 1197 5555 oixjaq._Editi
1230 5485 1326 5549 τὰς
1356 5485 1583 5549 κοιλίας,
1635 5494 1834 5539 ventres
1880 5501 2077 5555 paupe-

500 5551 638 5604 rum.
670 5553 861 5607 Melius
894 5551 1078 5607 Basilii
1115 5563 1402 5610 contextus
1436 5571 1498 5609 ac
1530 5557 1699 5609 nostri
1728 5551 1968 5610 codices.

571 5621 647 5693 (4)
677 5625 711 5676 Ι
716 5620 1019 5692 ἐγεένηται.
1053 5621 1271 5678 Leaitur
1301 5626 1355 5679 in
1401 5634 1656 5682 contextu
1686 5624 1873 5680 Basilii
1918 5626 2077 5694 γενή-

2173 5500 2406 5555 quorum
2443 5488 2578 5538 alter
2605 5486 2769 5540 habet
2800 5486 3025 5555 πτωχῷ.

2178 3172 2348 3243 σκεύη
2373 3173 2433 3225 δὲ
2458 3173 2553 3225 καὶ
2583 3171 2771 3242 ἐσθὴς,
2799 3168 3026 3224 τοιαῦτα
3053 3172 3213 3223 ὁποῖα
3255 3168 3320 3222 ἂν
3350 3168 3582 3239 γένηται
3610 3185 3756 3220 πτω-

2175 3263 2288 3334 χῶν
2322 3267 2581 3334 κτήματα
2610 3262 2709 3334 (5),
2745 3262 2941 3330 ὀλίγων
2966 3261 3035 3314 τὰ
3068 3260 3481 3315 πάντατόϐολῶν
3510 3260 3663 3327 ἀξια.
3693 3259 3756 3312 Τί

2175 3352 2300 3421 οὖν.;
2339 3357 2464 3408 Ἐπὶ
2509 3356 2634 3418 τοὺς
2682 3356 2878 3418 παῖδας
2926 3353 3115 3407 λοιπὸν
3165 3357 3194 3407 6
3248 3353 3433 3417 ἄθλιος
3490 3354 3615 3422 ἄγει
3670 3354 3759 3407 τὸν

2175 3447 2473 3517 ὀφθαλμὸν,
2508 3447 2649 3500 ὥστε
2688 3446 2912 3516 ἀγαγὼν
2941 3449 3021 3510 είς
3052 3447 3114 3499 τὸ
3148 3449 3473 3517 πρατήριον,
3505 3446 3759 3499 ἐντεῦθεν

2176 3538 2440 3609 εὕρασθαι
2473 3538 2565 3591 τοῦ
2602 3538 2836 3592 θανάτου
2867 3537 3240 3608 παραμυθίαν.
3275 3538 3490 3607 Νόησον
3518 3537 3758 3590 ἐνταῦθα

2180 3632 2360 3702 μάχην
2383 3631 2629 3702 ἀνάγκης
2643 3630 2802 3701 λιμοῦ
2829 3631 2924 3685 καὶ
2946 3631 3238 3694 διαθέσεως
3262 3632 3557 3702 πατρικῆς.
3575 3632 3641 3684 Ἡ
3660 3633 3761 3701 μὲν

2174 3721 2267 3774 τὸν
2291 3723 2558 3775 οἴκτιστον
2599 3720 2825 3778 θάνατον
2863 3720 3095 3783 ἀπειλεῖ,
3131 3721 3242 3792 ἡδὲ
3285 3721 3445 3789 φύσις
3481 3721 3757 3783 ἀνθέλκει,

2179 3812 2568 3866 συναποθανεῖν
2620 3816 2734 3875 τοῖς
2789 3813 3000 3876 τέκνοις
3036 3813 3297 3866 πείθουσα
3320 3829 3332 3841 ·
3370 3815 3465 3866 καὶ
3493 3813 3761 3875 πολλάκις

2176 3906 2445 3975 ὁρμήσας,
2488 3905 2584 3957 καὶ
2611 3904 2871 3967 πολλάκις
2900 3906 3216 3969 ἀνακοπεὶς,
3250 3904 3558 3959 τελευταῖον
3589 3907 3761 3977 ἐκρα-

2176 3995 2337 4064 τήθη,
2365 3994 2471 4047 ύπὸ
2498 3994 2599 4062 τῆς
2618 3995 2923 4063 ἀναγκαίας
2949 3995 3135 4065 χρείας
3165 3995 3496 4059 ἐκϐιασθείς.
3525 3998 3642 4049 Καὶ
3674 3992 3763 4049 οἷα

2179 4082 2494 4153 βουλεύεται
2509 4087 2537 4137 6
2553 4086 2765 4156 πατήρ;
2791 4086 2925 4138 Τίνα
2943 4085 3149 4139 τούτων
3172 4088 3599 4159 ἀπεμπωλήσως
3634 4089 3764 4142 τίνα

2175 4175 2232 4228 δὲ
2264 4176 2436 4246 ἡδέως
2468 4178 2497 4230 6
2520 4176 2825 4247 σιτοπώλης
2850 4177 3076 4247 δψεται;
3115 4179 3239 4231 Ἐπὶ
3264 4178 3356 4231 τὸν
3379 4179 3762 4250 πρεσϐύτατον

2177 4266 2350 4334 Eleo);
2391 4267 2531 4321 ἀλλὰ
2568 4268 2924 4340 δυσωποῦμαι
2965 4269 3129 4323 αὐτοῦ
3167 4270 3236 4323 τὰ
3269 4272 3558 4342 πρεσϐεῖα.
3595 4272 3763 4324 ’Δλλά

2175 4358 2269 4411 τὸν
2301 4357 2452 4422 νέονς
2483 4359 2598 4412 ἀλλ’
2632 4360 2769 4413 ὲλεῶ
2808 4362 2908 4431 τὴν
2936 4361 3152 4431 ἡλικίαν
3180 4362 3612 4431 ἀναισθητοῦων
3647 4364 3762 4416 τῶν

2179 4449 2493 4519 συμφορῶν.
2543 4445 2710 4515 Οὗτος
2756 4453 3005 4522 ἐναργεῖς
3051 4452 3212 4517 σώζει
3255 4453 3363 4506 τῶν
3392 4454 3594 4521 γονέων
3626 4455 3759 4516 τοὺς

2176 4540 2557 4614 χαρακτῆρας·
2605 4544 2813 4608 ἐκεῖνος
2851 4545 3173 4615 ἐπιτηδείως
3211 4545 3325 4615 ἔχει
3371 4547 3510 4618 πρὸς
3548 4546 3617 4600 τὰ
3652 4565 3757 4618 μα-

2177 4633 2243 4704 θή
2254 4650 2416 4704 ματα.
2432 4634 2537 4686 Φεῦ
2555 4637 2653 4705 τῆς
2664 4637 2976 4706 ἀμηχανίας
2992 4637 3006 4689 ί
3025 4636 3120 4699 Τίς
3131 4637 3373 4707 γένωμαι
3393 4654 3406 4701 ;
3423 4639 3531 4690 τίνι
3550 4638 3756 4691 τούτων

2180 4725 2573 4796 προσκρούσω;
2628 4727 2788 4779 ποίαν
2828 4727 3018 4798 θηρίου
3070 4726 3251 4798 ψυχὴν
3296 4728 3590 4791 ἀναλάϐως
3640 4730 3757 4793 πῶς

2178 4818 2279 4887 τῆς
2330 4818 2543 4887 φύσεως
2595 4817 2977 4889 ἐπιλάθωμαι;
3025 4818 3152 4872 Ἐὰν
3209 4818 3427 4873 πάντων
3478 4820 3758 4891 ἀντίσχω-

2183 4928 2280 4978 μαι
2321 4910 2419 4979 (6),
2475 4909 2685 4973 πάντας
2732 4911 2933 4980 ὂψομαι
2970 4910 3395 4981 δαπανωμένους
3443 4911 3525 4982 τῷ
3573 4913 3753 4966 πάθει.

2192 5001 2316 5054 Ἐὰν
2366 5002 2463 5055 ἕνα
2510 5003 2799 5073 πρόωμαι,
2847 5005 3022 5066 ποίοις
3057 5004 3356 5073 ὀφθαλμοῖ·
3402 5007 3532 5068 τοὺς
3573 5005 3754 5058 λειπο-

1723 5185 1768 5215 ⁷⁸
1812 5181 1975 5237 Prov.
2010 5198 2180 5247 xxvn,
2232 5184 2283 5236 1.

2179 5360 2479 5415 σεταιηιιεο
2509 5361 2740 5415 unquam
2769 5346 3100 5413 adfuturum.

2247 5415 2322 5487 (5)
2346 5414 2647 5487 Κτήματα.
2682 5416 2862 5487 Deest
2902 5430 3104 5487 eaﬁvox
3146 5416 3202 5469 in
3254 5423 3489 5485 atroque
3545 5417 3747 5482 codice,

2245 5554 2322 5624 (6)
2367 5555 2506 5643 Ἔριν
2525 5554 3176 5643 πάιςτωτοιάντίσχωμαι.
3202 5555 3327 5611 Haec
3353 5555 3540 5611 addita
3572 5572 3637 5612 ex
3659 5573 3749 5643 ce-

2174 5624 2354 5679 dicum
2391 5627 2561 5680 altero
2590 5634 2644 5682 et
2666 5634 2945 5681 contextu.
