3860 6224
151 303 288 359 M89

1212 303 1445 360 SERMO
1482 301 1573 357 Vl.
1614 329 1684 341 ——
1707 298 1801 352 DE
1839 294 2192 351 AVABITIA.

3259 300 3400 357 H90

146 422 340 492 μένους
371 382 639 495 προσίδω,
689 423 931 489 ὕποπτος
969 426 1154 485 αὐτοῖς
1196 425 1297 495 ήδη
1344 423 1710 495 γεγενημένος

1824 416 1976 479 ciam,
2012 414 2124 469 illis
2162 414 2276 483 jam
2313 412 2552 485 perﬁdiae
2588 429 2653 468 ac
2696 414 3023 484 proditionis
3051 416 3275 471 nomine
3303 432 3401 471 su-

144 514 223 576 εἰς
248 513 533 579 ἀπιστίαν;
558 514 684 579 Πῶς
711 518 919 586 οίκήσω
949 517 1050 587 τὴν
1075 516 1271 581 οἰκίαν,
1303 514 1523 587 ἐμαυτῷ
1551 532 1719 568 κατα-

143 604 415 669 σκευάσας
469 606 568 677 τὴν
609 608 902 675 ἀπαιδίαν;
934 608 1053 673 πῶς
1095 608 1188 662 ἐπὶ
1233 608 1510 680 τράπεζαν
1556 607 1715 672 ἔλθω,

143 694 207 747 ἐκ
247 694 505 768 τοιαύτης
544 699 868 768 προφάσεως
904 699 1004 769 τὴν
1033 699 1291 770 εὐπορίαν
1318 700 1577 769 ἔχουσαν;
1613 699 1718 752 Καὶ

143 784 169 836 ὁ
193 784 294 853 μὲν
326 785 463 855 μετὰ
485 787 695 857 μυρίων
717 787 968 858 δακρύων
991 788 1083 844 τὸν
1108 789 1362 858 φίλτατον
1382 788 1490 842 τῶν
1514 788 1717 842 παίδων

143 872 561 945 ἀπεμπωλήσων
586 876 805 947 ἔρχεται
826 893 840 907 ⁸
875 879 935 930 σὲ
969 878 1026 931 δὲ
1066 879 1128 931 οὐ
1161 880 1402 950 κάμπτει
1430 879 1491 932 τὸ
1523 877 1714 944 πάθος,

142 965 203 1017 οὐ
235 964 493 1036 λογισμὸν
516 967 813 1038 λαμϐάνεις
832 969 932 1039 τῆς
958 970 1192 1040 φύσεως.
1224 971 1362 1023 Ἀλλ’
1383 973 1411 1024 ὁ
1441 971 1536 1042 μὲν
1561 969 1718 1041 λιμὸς

144 1054 355 1123 συνέχει
388 1055 479 1109 τὸν
524 1056 727 1122 ἄθλιον,
762 1060 825 1113 σὺ
868 1059 926 1112 δὲ
981 1061 1256 1133 ἀναϐάλλῃ
1289 1063 1384 1116 καὶ
1429 1062 1714 1134 εἰρωνεύῃ,

145 1146 491 1217 μακροτέραν
518 1148 666 1219 αὐτῷ
691 1151 1114 1217 κατασκευάζων
1144 1154 1244 1226 τήν
1270 1154 1574 1226 συμφοράν.
1606 1156 1717 1207 Καὶ

143 1235 170 1286 6
197 1233 297 1304 μὲν
324 1233 395 1287 τά
432 1237 715 1307 σπλάγχνα
748 1241 1095 1311 προτείνεται
1124 1243 1289 1314 τιμὴν
1319 1243 1430 1296 τῶν
1463 1245 1677 1315 τροφῶν
1698 1260 1710 1272 ”

144 1324 241 1379 σοῦ
267 1325 325 1378 δὲ
358 1327 420 1379 οὐ
451 1327 610 1398 μόνον
635 1329 735 1383 οὐκ
765 1332 1052 1405 ἀποναρκᾷ
1081 1335 1114 1403 ἡ
1146 1334 1286 1405 χεὶρ,
1319 1336 1383 1388 ὲκ
1403 1334 1510 1387 τῶν
1539 1336 1716 1390 τοιού-

144 1430 251 1467 των
298 1416 590 1486 συμφορῶν
631 1418 997 1493 ὑποδεχομένη
1058 1424 1382 1493 τιμήματαο
1431 1426 1570 1481 ἀλλά
1622 1428 1717 1481 καὶ

144 1503 476 1576 ζυγομαχεῖς
523 1511 654 1580 περὶ
697 1510 792 1563 τοῦ
833 1511 1107 1578 πλείονοςο
1159 1516 1254 1570 καὶ
1293 1516 1441 1581 ὅπως
1480 1517 1545 1572 ἂν
1582 1520 1715 1575 πολὺ

143 1595 326 1648 λαϐὼν
358 1596 578 1653 ἔλαττον
613 1600 757 1674 δώῃς
799 1603 1140 1671 φιλονεικεῖς.
1176 1609 1513 1681 πανταχόθεν
1554 1610 1717 1683 βαρύ-

144 1707 249 1744 νων
276 1690 376 1762 τὴν
412 1693 695 1764 συμφορὰν
725 1693 803 1767 τῷ
822 1694 1013 1769 ἀθλίῳ.

211 1866 267 1919 5.
315 1865 425 1937 Τήν
453 1866 744 1926 Σελευκίδα
784 1873 845 1926 τὸ
894 1873 1099 1945 ὄρνεον,
1149 1877 1236 1929 ἐπ’
1278 1878 1566 1950 εὐεργεσίᾳ
1610 1879 1717 1934 τῶν

148 1955 485 2027 ἀνθρώπων,
543 1962 839 2035 ἀκόρεστον
887 1959 1024 2018 εἶναι
1068 1968 1096 2019 ὁ
1140 1966 1363 2039 κτίστης
1419 1969 1526 2022 τῶν
1580 1968 1719 2023 ὅλων

147 2049 531 2119 ἐμηχανήσατο
556 2068 570 2082 ο
610 2052 675 2105 σὺ
715 2054 773 2106 δὲ
820 2055 914 2109 ἐπὶ
944 2055 1116 2130 βλάϐῃ
1147 2058 1257 2111 τῶν
1290 2060 1500 2114 πολλῶν
1526 2061 1721 2132 ἀκόρε-

146 2156 272 2193 στον
297 2141 523 2195 σεαυτοῦ
551 2143 648 2212 τὴν
672 2144 847 2216 ψυχὴν
871 2148 1296 2214 κατεσκεύασας.
1334 2151 1717 2223 Ἀλληλοφάγοι

145 2231 256 2285 τῶν
284 2232 480 2303 ἰχθύων
518 2235 568 2286 ot
596 2235 857 2302 πλεῖστοι,
889 2240 983 2292 καὶ
1008 2243 1036 2293 6
1068 2241 1390 2313 μικρότερος
1416 2244 1546 2315 παρ’
1577 2244 1720 2296 ὲκεί-

147 2340 255 2386 νοις
284 2324 483 2395 βρῶμά
527 2327 642 2380 ἐστι
680 2327 774 2381 τοῦ
809 2331 1073 2400 μείζονος.
1100 2333 1216 2387 Κάν
1249 2351 1377 2387 ποτε
1411 2335 1589 2406 συμϐῇ
1627 2336 1717 2389 τὸν

146 2414 240 2467 τοῦ
267 2416 547 2479 ἐλάττονος
593 2422 941 2492 κρατήσαντα
971 2423 1158 2495 ἑτέρου
1188 2425 1440 2494 γενέσθαι
1472 2427 1713 2499 θήραμα,

146 2505 253 2559 ὑπὸ
287 2507 387 2577 τὴν
437 2508 563 2579 μίαν
619 2509 841 2578 ἄγονται
885 2515 1127 2586 γαστέρα
1160 2515 1254 2569 τού
1298 2517 1625 2572 τελευταίου.
1652 2519 1717 2572 Τί

146 2591 238 2651 οὖν
263 2600 425 2668 ἡμεῖς
450 2600 725 2673 ἄνθρωποι
750 2603 826 2676 (1)
854 2604 980 2658 ἄλλο
1008 2624 1061 2658 τι
1085 2608 1342 2679 ποιοῦμεν
1367 2611 1425 2661 ὲν
1451 2614 1517 2682 τῇ
1550 2629 1718 2665 κατα-

145 2686 433 2760 δυναστείᾳ
465 2690 572 2744 τῶν
598 2692 1032 2766 ὑποδεεστέρων;
1059 2697 1113 2749 τί
1139 2697 1385 2770 διαφέρει
1417 2699 1511 2752 τοῦ
1536 2701 1719 2753 τελευ-

145 2779 298 2832 ταίου
328 2782 506 2850 ἰχθύος
537 2787 565 2837 6
598 2787 663 2855 τῇ
691 2785 982 2858 λαιμάργῳ
1026 2789 1376 2863 φιλοπλουτίᾳ
1402 2794 1514 2856 τοῖς
1543 2793 1718 2865 ἀπλη-

145 2869 341 2941 ρώτοις
374 2872 473 2941 τῆς
503 2874 816 2941 πλεονεξίας
865 2879 1028 2933 αὑτοῦ
1077 2881 1298 2946 κόλποις
1349 2883 1716 2954 ἀποκρύπτων

146 2963 269 3026 τοὺς
317 2964 593 3032 ἀσθενεῖς;
647 2969 885 3034 Ἐκεῖνος
927 2968 1040 3043 εἶχε
1073 2973 1142 3026 τὰ
1188 2974 1284 3027 τοῦ
1337 2976 1568 3047 πένητος
1590 2992 1603 3007 ·
1650 2978 1715 3030 σὺ

146 3053 331 3107 τοῦτον
359 3056 539 3111 λαϐὼν
573 3060 738 3131 μέρος
765 3064 1006 3134 ἐποιήσω
1032 3066 1130 3136 τῆς
1161 3068 1476 3135 περιουσίας
1500 3069 1712 3123 ἑαυτοῦ.

1824 514 2047 577 Spectas
2067 506 2092 558 ‘i
2118 503 2402 571 Quomodo
2428 505 2688 559 habitabo
2718 504 2965 570 domum,
2996 505 3091 575 qui
3121 506 3257 559 mihi
3285 506 3402 575 ipse

1825 601 1929 655 sim
1957 608 2152 654 auctor
2198 599 2502 654 orbitatis?
2533 598 2820 664 Quomodo
2851 599 3108 653 accedam
3148 598 3217 652 ad
3247 613 3401 653 men-

1825 706 1970 756 sam,
2008 692 2170 760 cujus
2218 690 2560 746 abundantia
2603 706 2825 747 causam
2882 691 3156 759 ejusmodi
3204 691 3401 745 habet?

1823 782 2006 853 Atque
2064 783 2157 838 ille
2200 783 2423 854 quidem
2470 783 2777 837 innumeris
2815 798 2941 837 cum
2981 783 3240 854 lacrymis
3287 782 3399 837 abit

1824 875 2215 931 charissimum
2268 874 2508 930 ﬁliorum
2560 875 2885 930 venditurus
2949 893 2962 928 :
3017 882 3071 929 te
3120 890 3247 929 vero
3290 889 3399 929 non

1822 965 1990 1022 ﬂectit
2020 969 2328 1033 calamitas,
2362 983 2539 1038 neque
2582 968 2826 1022 animum
2869 976 3021 1022 tuum
3056 967 3205 1023 subit
3232 976 3396 1021 natu-

1822 1074 1900 1114 rae
1935 1060 2217 1130 cogitatio.
2251 1060 2419 1130 Atqui
2468 1060 2644 1115 fames
2680 1052 2959 1115 miserum
2990 1060 3141 1113 illum
3180 1060 3396 1125 premit,

1822 1157 1884 1204 tu
1918 1164 2050 1204 vero
2087 1150 2370 1204 cunctaris
2404 1164 2467 1204 ac
2512 1150 2721 1214 illudis,
2777 1151 3142 1205 calamitatem
3174 1152 3225 1206 ei
3275 1150 3398 1206 red-

1823 1244 1960 1298 dens
2004 1243 2328 1312 longiorem.
2376 1243 2442 1297 Et
2486 1245 2578 1300 ille
2608 1244 2830 1315 quidem
2879 1245 3091 1300 viscera
3138 1259 3237 1300 sua
3272 1260 3398 1316 pre-

1825 1336 1962 1389 tium
2008 1335 2394 1390 alimentorum
2446 1337 2718 1408 porrigit;
2769 1346 2861 1391 tua
2905 1353 3036 1391 vero
3079 1351 3275 1391 manus
3328 1352 3398 1391 ex

1827 1427 2104 1496 ejusmodi
2144 1428 2554 1483 calamitatibus
2588 1429 2760 1497 pretia
2801 1428 3066 1491 referens,
3098 1444 3206 1482 non
3235 1427 3398 1481 modo

1822 1530 1935 1569 non
1976 1524 2181 1586 stupet,
2231 1518 2326 1572 sed
2370 1519 2438 1573 de
2474 1520 2651 1588 pretio
2683 1519 2847 1574 etiam
2892 1520 3205 1586 contendis,
3236 1519 3396 1588 quasi

1824 1608 1947 1676 plus
1997 1609 2133 1663 satis
2185 1607 2405 1669 olferas,
2446 1618 2612 1680 atque
2650 1610 2892 1667 studium
2931 1611 3078 1665 ineo
3118 1612 3299 1681 ponis,
3339 1617 3395 1664 ut

1825 1699 1949 1768 plus
1979 1700 2277 1770 accipiens,
2312 1702 2498 1757 minus
2540 1703 2659 1768 des,
2701 1703 2902 1759 misero
2933 1702 3206 1758 undelibet
3234 1715 3395 1756 accu-

1753 1782 1795 1837 B
1825 1791 2042 1847 mutans
2066 1793 2459 1849 calamitatem.

1895 1881 1950 1936 5.
1983 1881 2058 1953 (4)
2098 1883 2266 1938 Avem
2302 1883 2642 1941 Seleucidem
2673 1885 3055 1939 universorum
3086 1882 3269 1954 opifex
3300 1883 3393 1937 ho-

1825 1972 2035 2027 minum
2081 1974 2257 2044 gratia
2313 1977 2561 2031 condidit
2614 1976 3023 2044 insatiabilem;
3062 1983 3119 2029 tu
3157 1989 3288 2030 vero
3341 1975 3395 2028 in

1826 2065 2124 2118 multorqu
2162 2067 2462 2134 perniciem
2510 2068 2755 2122 animum
2802 2075 2958 2121 tuum
3002 2067 3391 2137 ineXplebilem

1824 2153 2077 2211 effecisti.
2125 2156 2201 2227 (5)
2243 2157 2483 2212 Piscium
2536 2160 2758 2229 plurimi
2799 2169 2996 2215 vorant
3035 2177 3095 2216 se
3139 2161 3394 2223 invicem,

1825 2244 2117 2314 minorque
2166 2247 2308 2316 apud
2353 2248 2478 2301 illos
2532 2248 2853 2304 alimentum
2902 2258 2987 2306 est
3030 2250 3277 2319 majoris.
3331 2248 3393 2302 Et

1826 2334 1873 2388 si
1921 2351 2163 2406 unquam
2205 2338 2529 2408 contigerit,
2578 2347 2639 2393 ut
2683 2340 2732 2395 is
2776 2341 2871 2411 qui
2919 2342 3078 2412 502
3127 2342 3394 2395 minorem

1825 2441 2207 2501 superaverat,
2258 2432 2486 2487 alterius
2532 2432 2627 2486 ﬁat
2667 2434 2850 2503 praeda
2888 2451 2901 2486 :
2937 2436 3097 2487 ambo
3134 2434 3190 2487 in
3226 2447 3393 2487 unum

1824 2530 1877 2578 et
1904 2523 2156 2578 eumdem
2186 2525 2511 2593 posterioris
2541 2535 2787 2580 Ventrem
2818 2525 3220 2595 ingrediuntur.
3254 2524 3393 2590 Quid

1824 2613 1993 2683 igitur
2026 2614 2171 2667 aliud
2202 2629 2316 2682 ,nos
2363 2614 2613 2669 homines
2657 2616 2893 2685 agimus,
2929 2614 3057 2668 dum
3108 2614 3393 2686 tyrannide

1824 2717 1877 2759 et
1930 2705 2176 2774 potentia
2236 2706 2603 2776 opprimimus
2647 2707 2983 2763 inferiores?
3031 2706 3172 2773 Quid
3216 2725 3246 2760 a
3301 2722 3393 2778 po-

1824 2806 2029 2853 stremo
2052 2799 2202 2867 pisce
2244 2798 2421 2854 diﬂ'ert
2465 2801 2533 2864 is,
2580 2800 2675 2870 qui
2703 2816 2815 2870 prae
2864 2802 3051 2854 voraci
3083 2800 3395 2855 divitiarum

1824 2888 2126 2957 cupiditate
2167 2889 2223 2942 in
2270 2890 2694 2960 inexplebilibus
2744 2892 2986 2946 avaritiae
3022 2908 3136 2948 suae
3182 2893 3395 2949 sinibus

1824 2980 2131 3034 imbecilles
2210 2980 2536 3036 abscondit?
2609 2980 2703 3036 llle
2769 2983 3086 3052 possidebat
3143 2984 3395 3053 pauperis

1824 3072 1966 3126 bona
2011 3089 2025 3125 :
2077 3080 2136 3126 tu
2175 3073 2355 3143 ipsum
2401 3073 2804 3143 apprehensum
2850 3074 3030 3130 fecisti
3077 3083 3182 3130 tuae
3223 3076 3395 3152 ipsius

155 3144 381 3201 Ἀδίκων
413 3149 741 3222 ἀδικώτερος
787 3157 1027 3225 ἐφάνης,
1071 3158 1164 3210 καὶ
1196 3158 1716 3232 πλεονεκτικὼτερος

1824 3163 2113 3232 opulentiae
2165 3136 2398 3234 partem.
2438 3136 2676 3236 lnjuslis
2729 3168 3095 3237 injustiorem,
3128 3178 3183 3225 et
3213 3136 3396 3240 rapaci

149 3233 492 3293 πλεονέκτου.
527 3241 688 3311 Ὅρα,
726 3244 798 3314 μὴ
826 3246 889 3297 τὸ
914 3247 1046 3300 αὑτό
1079 3264 1136 3299 σε
1176 3248 1349 3319 πέρας
1377 3250 1487 3303 τῶν
1523 3251 1718 3322 ἰχθύων

146 3324 464 3395 ἑκδέξηται,
515 3330 812 3404 ἀγκιστρόν
853 3352 993 3400 που,
1040 3337 1074 3408 ἢ
1131 3338 1365 3408 κύρτας,
1410 3342 1443 3412 ἡ
1481 3342 1715 3396 δίκτυον.

146 3415 371 3480 Πάντως
395 3418 504 3491 γὰρ
530 3424 624 3476 καὶ
653 3427 815 3495 ἡμεῖς
846 3427 1012 3481 πολλὰ
1040 3428 1148 3482 τῶν
1181 3431 1381 3485 ἀδίκων
1412 3431 1721 3498 διεξελθόν-

150 3522 270 3570 τες,
322 3510 422 3579 τὴν
467 3512 781 3569 τελευταίαν
818 3519 1087 3589 τιμωρίαν
1135 3522 1235 3574 οὐκ
1277 3521 1716 3593 ἀποδρασόμεθα.

154 3597 253 3651 Ἐκ
300 3601 611 3669 πλεονεξίας
660 3623 742 3660 σοι
791 3609 1081 3663 κατέλιπεν
1118 3613 1147 3664 6
1194 3613 1378 3684 πατὴρ
1425 3615 1716 3685 κτήματα’

144 3689 342 3755 ἀπόδος
369 3695 449 3764 τῷ
475 3697 811 3772 ἠδικημένῳ,
832 3705 905 3773 μὴ
932 3703 1007 3766 ὼς
1031 3704 1173 3758 ἰδίων
1197 3705 1480 3759 ἀντιποιοῦ
1498 3722 1511 3736 ·
1541 3708 1720 3779 ἁμαρ-

144 3781 266 3844 τίας
301 3785 419 3838 ἐστὶ
450 3787 804 3862 κληρονομία.
845 3794 1071 3858 Ἀδίκως
1118 3797 1664 3867 καταδουλωσάμενος
1691 3800 1720 3851 6

142 3873 331 3944 πατὴρ
371 3875 552 3947 ἀφῆκέ
596 3896 679 3933 σοι
722 3881 907 3936 δοῦλον
926 3901 939 3914 ·
971 3884 1059 3948 δὸς
1089 3886 1238 3957 αὐτῷ
1270 3888 1335 3940 σὺ
1364 3887 1463 3957 τὴν
1500 3887 1719 3940 ἐλευθε-

143 3963 291 4032 ρίαν,
329 3965 417 4018 ἵνα
444 3968 681 4041 κάκείνῳ
709 3973 1043 4045 κουφοτέραν
1075 3978 1310 4048 ποιήσῃς
1340 3978 1439 4049 τὴν
1466 3977 1717 4047 βάσανον,

141 4054 237 4105 καὶ
267 4058 479 4129 σεαυτῷ
504 4060 603 4131 τὴν
630 4062 943 4136 ἐλευθερίαν
979 4069 1426 4142 παρασκευάσῃς.
1469 4071 1559 4139 Μὴ
1588 4089 1722 4142 προ-

143 4142 376 4209 φασίζου
405 4148 531 4210 τοὺς
559 4149 778 4215 παῖδας.
811 4154 1005 4217 Παῖδές
1032 4157 1138 4209 εἰσι
1162 4173 1177 4221 ;
1214 4157 1511 4230 θησαύριζε
1538 4162 1721 4225 αὐτοῖς

57 4286 64 4305 δ
144 4231 422 4324 θησαυρὸν
465 4239 710 4298 αἰώνιον.
768 4246 1080 4301 Κατάλειπε
1109 4250 1292 4314 αὐτοῖς
1338 4254 1558 4324 μνήμην
1582 4255 1722 4323 ἀγα-

144 4322 265 4395 θὴν,
302 4327 335 4398 ἢ
369 4329 598 4385 πλοῦτον
633 4333 708 4405 (Ξ)
737 4337 934 4390 πολύν’
972 4340 1180 4403 πάντας
1217 4322 1569 4414 ποίησαιίτοῦ
1593 4322 1721 4399 παι-

144 4415 231 4507 δδς
268 4417 364 4471 τοῦ
400 4421 494 4475 σού
535 4426 776 4491 πατέρας
805 4428 893 4483 διὰ
933 4432 1033 4501 τῆς
1078 4434 1290 4497 εὐνοίας
1315 4435 1414 4504 (5).
1479 4436 1716 4507 Ἀνάγκη

80 4540 83 4543 λ
145 4505 206 4558 σέ
239 4524 371 4561 ποτε
402 4513 659 4569 ἀπελθεῖν
686 4519 780 4571 τοῦ
810 4519 960 4590 βίου·
988 4520 1106 4575 εἶτα
1136 4525 1226 4578 τὸν
1254 4525 1344 4580 σὺν
1371 4528 1534 4581 παῖδα
1563 4530 1620 4581 έν
1650 4532 1716 4600 τῇ

144 4594 412 4671 ἀφηλικίᾳ
453 4603 835 4675 καταλείψεις,
879 4610 988 4664 τῶν
1039 4612 1398 4683 προεστώτων
1445 4594 1717 4685 δεόμενονξ

153 4686 282 4741 Ἐὰν
314 4691 411 4759 μὲν
443 4693 606 4758 καλὸς
634 4699 728 4751 καὶ
773 4701 975 4767 ἀγαθὸς
1009 4698 1095 4776 ᾖς,
1131 4703 1359 4768 ἕκαστος
1389 4706 1481 4761 τὸν
1513 4708 1605 4760 σὸν
1632 4707 1721 4761 Ex-

151 4796 301 4847 γονον
330 4780 518 4857 ὥσπερ
569 4787 699 4842 ῐδιον
745 4790 1036 4863 ἐκθρέψειο
1078 4797 1416 4867 μεμνήσεται
1459 4797 1588 4870 γὰρ,
1639 4800 1721 4852 ὅτι

144 4873 240 4926 καὶ
267 4875 333 4927 σὺ
375 4877 626 4947 ὀρφανῶν
670 4882 851 4954 πατὴρ
879 4885 1088 4950 ἐγένου.
1138 4886 1263 4941 Ἐὰν
1292 4887 1349 4941 δὲ
1395 4889 1454 4941 ἐν
1489 4890 1724 4962 πονηρίᾳ

144 4964 340 5034 ζήσας,
370 4971 464 5023 καὶ
497 4972 727 5037 πολλοὺς
747 4973 1014 5046 λυπήσας,
1050 4979 1143 5031 καὶ
1177 4980 1378 5043 παντὸς
1405 4979 1594 5052 θηρίου
1634 5000 1723 5052 χα-

143 5058 458 5131 λεπώτερος
490 5064 782 5134 γενόμενος
813 5070 929 5130 τοῖς
966 5072 1423 5139 συντυγχάνουσιν
1442 5112 1457 5136 ,
1494 5072 1720 5138 ὑπεξέλ-

142 5150 260 5213 θοις
312 5151 409 5204 τοῦ
452 5153 567 5223 βίου
593 5195 608 5219 ,
657 5157 950 5221 κατέλιπες
1000 5160 1093 5212 τὸν
1144 5161 1233 5213 σὺν
1276 5160 1497 5230 ἔκγονον
1547 5163 1722 5216 κοινὸν

143 5239 338 5309 ἐχθρὸν
376 5241 483 5295 τῶν
516 5243 754 5308 ζώντων.
787 5247 996 5316 Ὥσπερ
1032 5251 1140 5318 γὰρ
1168 5251 1357 5305 τέκνον
1402 5255 1662 5324 σκορπίου
1695 5258 1723 5310 ὁ

213 5377 292 5454 _(_l_)
324 5379 671 5454 ςΑιςθρῳποι.
709 5381 799 5438 Sic
833 5392 1063 5454 uterque
1105 5386 1277 5442 codex
1316 5398 1371 5444 et
1412 5397 1719 5449 contextus.

144 5441 288 5530 [δάῖἑῖ
319 5441 689 5530 (ἷζέινθρξυτξοι.
785 5520 926 5530 _____
972 5441 1018 5530 ⁵-
1104 5525 1116 5530 _

217 5518 294 5588 (ε)
337 5520 410 5573 Ἢ
459 5518 745 5575 πλοῦτον.
785 5520 930 5577 Editi
969 5524 1026 5576 οὐ
1065 5525 1309 5583 πλοῦτον,
1354 5526 1489 5583 Cum
1536 5518 1723 5588 Basilii

143 5600 419 5663 contextu
446 5593 717 5663 consentit
749 5601 975 5663 uterque
1000 5596 1187 5649 codex.

218 5658 295 5729 (ὃ)
330 5659 434 5712 Διά
478 5658 589 5727 τῆς
629 5658 904 5728 εὐνοίαςί
935 5664 987 5716 In
1036 5674 1294 5721 contextu
1345 5665 1526 5723 Basilii
1588 5674 1722 5729 satis

143 5730 434 5785 commode
459 5732 806 5785 emendatum
846 5741 929 5789 est
961 5732 1046 5787 διὰ
1076 5736 1176 5794 τῆς
1212 5737 1476 5796 εὐποιίας.
1508 5742 1718 5799 benefa-

1822 3256 2163 3324 rapaciorem
2209 3266 2262 3312 te
2307 3259 2623 3314 ostendisti.
2672 3260 2818 3315 Cave
2866 3264 3106 3333 excipiat
3157 3272 3210 3318 te
3254 3266 3396 3320 idem

1825 3344 1971 3409 ﬁnis,
2012 3347 2107 3416 qui
2143 3348 2321 3416 pisces
2356 3367 2370 3402 :
2403 3349 2599 3405 bamus
2630 3351 2904 3420 videlicet,
2941 3368 3029 3409 aut
3080 3372 3264 3420 nassa,
3303 3368 3397 3414 aut

1822 3443 1958 3490 rete.
1980 3435 2216 3492 Omnino
2251 3440 2397 3494 enim
2425 3451 2479 3495 et
2511 3456 2635 3505 nos,
2670 3444 2716 3497 si
2744 3447 2973 3498 multum
3008 3436 3395 3506 admiserimus

1823 3526 2153 3597 iniquitatis,
2185 3530 2432 3584 ultimam
2458 3548 2568 3586 non
2588 3533 2908 3604 effugiemus
2940 3553 3178 3606 poenam.
3209 3543 3228 3563 ‘
3256 3541 3396 3599 Pos-

1821 3621 2098 3677 sessiones
2141 3638 2240 3692 per
2278 3624 2527 3692 rapinam
2577 3635 2763 3695 partas
2801 3629 2898 3683 tibi
2940 3630 3160 3701 reliquit
3190 3642 3343 3703 pater
3378 3652 3391 3688 :

1821 3711 1988 3767 redde
2013 3720 2069 3766 tu
2097 3714 2300 3784 injuria
2339 3716 2553 3783 all‘ecto,
2585 3734 2656 3772 ne
2685 3727 2743 3771 tu
2787 3721 2885 3774 tibi
2913 3738 3006 3778 eas
3046 3731 3108 3778 ut
3146 3728 3396 3796 proprias

1819 3804 2034 3858 vindica
2063 3823 2078 3869 ;
2114 3807 2324 3875 peccati
2351 3816 2436 3863 est
2472 3809 2784 3866 hazreditas.
2820 3811 3024 3881 Injuste
3058 3816 3114 3870 in
3153 3820 3394 3873 servitu-

1820 3899 1929 3947 tem
1971 3894 2256 3950 redactum
2295 3898 2391 3952 tibi
2428 3914 2645 3954 servum
2689 3902 2908 3974 reliquit
2947 3912 3099 3973 pater
3130 3926 3144 3962 :
3177 3920 3395 3965 cum—tu

1820 3983 2072 4040 libertate
2103 3987 2268 4053 dona,
2308 3997 2368 4042 ut
2403 3997 2456 4045 et
2496 3991 2572 4043 illi
2602 3990 2806 4048 elIicias
2856 3995 3059 4050 leviora
3098 4007 3392 4069 tormenta,

1819 4076 2031 4147 tibique
2066 4079 2374 4135 libertatem
2413 4098 2596 4152 pares.
2644 4083 2723 4156 (6)
2754 4084 2833 4140 Ne
2881 4090 3131 4145 causeris
3161 4091 3391 4150 liberos.

1823 4167 1965 4223 Sunt
1997 4171 2091 4224 tibi
2124 4172 2322 4227 liberi?
2361 4176 2557 4246 collige
2591 4175 2727 4246 ipsis
2756 4179 3077 4235 thesaurum
3104 4191 3393 4244 aeternum.

1819 4258 2089 4331 Relinque
2127 4264 2237 4321 illis
2271 4266 2707 4324 recordationem
2740 4270 2959 4338 bonam,
3011 4276 3185 4344 magis
3228 4294 3394 4346 quam

1820 4351 2044 4409 divitias
2090 4357 2312 4413 multas.
2358 4357 2468 4414 Fac
2511 4360 2912 4427 benevolentia,
2959 4372 3019 4418 ut
3070 4380 3263 4423 omnes
3300 4371 3396 4426 lilii

1750 4474 1794 4529 Β
1821 4445 1904 4498 tui
1936 4446 2047 4501 sint
2084 4456 2288 4517 patres.
2323 4449 2636 4521 Aliquando
2667 4454 2735 4509 de
2764 4459 2874 4510 vita
2906 4458 3139 4515 decedas
3171 4477 3397 4519 necesse

1821 4543 1949 4603 est;
1985 4537 2180 4595 deinde
2214 4541 2384 4595 ﬁlium
2419 4551 2572 4598 tuum
2612 4546 2669 4601 in
2711 4547 2998 4604 immatura
3029 4561 3188 4608 aetate
3226 4556 3396 4610 relin-

1821 4642 1958 4695 ques
1989 4629 2168 4685 adhuc
2213 4634 2491 4690 tutoribus
2525 4649 2795 4706 egentem.
2839 4640 2996 4707 Quod
3044 4644 3090 4699 si
3126 4646 3395 4704 honestus

1823 4717 1992 4773 fucris
2026 4729 2079 4774 et
2113 4722 2312 4788 bonus,
2338 4729 2719 4798 unusquisque
2759 4729 2925 4785 ﬁlium
2958 4741 3112 4786 tuum
3146 4743 3205 4789 ut
3235 4752 3394 4792 suum

1823 4811 2102 4876 enutriet;
2169 4829 2297 4867 nam
2345 4815 2425 4871 eis
2487 4819 2541 4871 in
2609 4829 2846 4877 mentem
2915 4824 3097 4879 veniet
3140 4825 3309 4882 fuisse
3344 4837 3395 4882 te

1822 4916 2041 4971 quoque
2090 4904 2461 4972 orphanorum
2503 4918 2763 4980 patrem;
2818 4914 2903 4968 sin
2955 4923 3137 4971 autem
3179 4927 3397 4988 postea-

1823 5007 1988 5060 quam
2024 4995 2077 5048 in
2130 4996 2340 5051 malitia
2376 5000 2603 5063 vixeris,
2638 5005 2953 5075 multosque
2982 5008 3231 5065 aﬁ‘eceris
3258 5028 3396 5067 mte-

1824 5097 1971 5145 rore,
2000 5096 2055 5138 et
2086 5085 2141 5138 in
2174 5102 2270 5142 eos
2300 5089 2392 5154 qui
2425 5098 2604 5145 tecum
2637 5097 3070 5166 congrediuntur
3097 5099 3210 5155 fera
3245 5104 3395 5158 omni

1825 5169 1996 5224 fueris
2029 5174 2299 5239 acerbior,
2344 5178 2418 5231 ila
2446 5179 2666 5234 demum
2691 5185 2895 5254 migras
2925 5186 2994 5242 de
3030 5189 3141 5242 vita
3175 5208 3190 5256 ;
3226 5191 3392 5248 ﬁlium

1824 5269 1977 5317 tuum
2040 5267 2311 5337 reliquisti
2389 5287 2737 5331 communem
2798 5279 3096 5335 viventium
3162 5284 3392 5339 hostem.

1825 5400 2033 5463 ciendo,
2067 5405 2317 5471 quamvis
2342 5407 2449 5461 duo
2492 5416 2700 5489 tantum
2739 5415 2956 5490 codices
2996 5416 3134 5471 hanc
3161 5421 3398 5490 scriptu-

1825 5486 1941 5542 ram
1969 5485 2291 5535 agnoscant,
2328 5480 2505 5531 rteteri
2532 5497 2654 5532 cum
2686 5483 2848 5540 editis
2875 5490 3237 5542 consentiant.

1899 5540 1977 5609 (4)
2010 5542 2087 5595 Ex
2120 5544 2263 5597 hom.
2294 5546 2347 5597 in
2380 5548 2586 5607 divites.
2618 5551 2707 5604 57.

1917 5612 1971 5679 5)
2009 5613 2080 5683 Ex
2119 5614 2263 5668 hom.
2295 5631 2366 5667 vn
2397 5619 2449 5669 in
2484 5618 2760 5683 Nemean,
2794 5623 2862 5677 65

1920 5685 1974 5740 ti)
2016 5682 2092 5736 Ex
2127 5684 2270 5739 hom.
2301 5685 2444 5740 dicta
2476 5689 2528 5741 in
2562 5682 2790 5752 Lac-itis,
2817 5694 2939 5748 59].
