3840 6226
473 256 596 312 “9|

1339 249 1708 306 APPENDIX.
1727 249 2166 307 A’SYMEONIS
2205 245 2754 307 METAPHRASTE

3623 245 3758 303 “99

471 365 939 436 Quemadmodum
969 365 1117 420 enim
1150 363 1246 435 qui
1277 363 1481 433 scorpii
1511 370 1703 418 natum
1741 377 2052 434 conspexe-

2174 363 2496 434 ιεασάμενος
2541 360 2825 432 φοϐεῖται,
2891 361 2966 431 μή
3004 377 3134 413 ποτε
3183 360 3264 424 είς
3325 359 3556 432 ἠλικίαν
3609 361 3759 414 suos.

469 463 563 525 rit,
608 460 766 514 timet
819 473 888 513 ne
929 457 1152 527 quando
1202 463 1363 510 aetate
1427 454 1745 524 provectior
1800 454 2054 508 imitetur

468 559 678 620 patrem
715 564 728 598 :
765 547 842 604 ita
886 548 1053 604 etiam
1103 548 1216 602 tuis
1275 546 1466 601 liberis
1512 555 1756 616 paternae
1796 545 2056 615 nequitia:

468 640 803 704 liaeredibus,
860 639 1184 711 priusquam
1253 637 1322 692 ad
1377 646 1593 692 aetatem
1657 639 2054 708 pervenerint,

469 741 755 790 struentur
791 732 862 787 ab
888 732 1148 787 omnibus
1181 729 1418 786 insidiae.
1463 730 1538 802 (1)
1567 727 1703 784 Nam
1741 737 1800 783 ut
1829 729 2057 783 ﬂumina

469 838 533 877 ex
567 837 736 893 parvo
767 823 925 877 initio
960 822 1232 888 profecta,
1264 819 1462 874 deinde
1505 835 1603 889 per
1636 834 1731 874 eas
1773 835 1896 889 quae
1922 834 2059 889 pau-

468 915 616 968 latim
639 914 773 968 fiunt
792 914 1140 968 accessiones
1156 913 1576 989 intolerabiliter
1589 924 1772 975 aucta,
1792 911 2057 982 quidquid

469 1006 688 1060 obsistit
719 1014 772 1060 et
805 1005 1087 1075 objicitur,
1120 1005 1172 1060 id
1199 1005 1441 1060 violento
1483 1004 1691 1076 impetu
1719 1019 1905 1058 secum
1947 1013 2062 1057 tra-

470 1096 635 1163 hunt;
658 1097 729 1150 ita
752 1097 914 1151 etiam
939 1097 1136 1151 divites
1157 1113 1220 1152 ex
1244 1112 1414 1167 parva
1437 1096 1682 1167 potentia
1708 1097 2058 1166 prodeuntes,

471 1187 562 1240 ubi
591 1203 658 1241 ex
693 1187 761 1242 iis
793 1202 934 1256 quos
972 1188 1083 1256 jam
1134 1190 1380 1257 potentia
1417 1203 1516 1243 sua
1550 1203 1876 1258 oppressere
1915 1187 2055 1243 infe-

471 1278 652 1332 rendae
702 1279 916 1346 injuria:
947 1278 1268 1334 facultatem
1306 1281 1629 1350 ampliorem
1675 1281 1860 1350 adepti
1903 1288 2058 1344 sunt,

470 1381 599 1425 tunc
639 1371 884 1441 reliquos
919 1386 1026 1425 una
1055 1387 1181 1426 cum
1219 1371 1287 1426 iis
1318 1387 1458 1441 quos
1493 1372 1648 1442 prius
1680 1371 1884 1441 injuria
1928 1370 2060 1426 alle-

470 1478 614 1529 cere,
650 1464 907 1533 redigunt
939 1465 993 1517 in
1023 1465 1368 1529 servitutem,
1399 1465 1570 1535 fitque
1601 1466 1740 1535 ipsis
1773 1464 2061 1535 potestatis

470 1553 870 1608 incrementum
912 1555 1234 1625 magnitudo
1264 1557 1548 1626 nequitiae,
1583 1571 1710 1610 cum
1755 1558 2063 1626 unusquis-

471 1661 578 1714 que
605 1659 799 1700 eorum
840 1645 935 1714 qui
961 1645 1072 1714 jam
1109 1646 1313 1715 injuria
1348 1646 1531 1701 affecti
1556 1653 1706 1711 sunt,
1739 1647 1917 1716 magis
1947 1645 2062 1700 sol-

2158 455 2473 526 μιμήσηται
2525 453 2619 506 τὸν
2662 453 2912 524 πατέρα·
2960 451 3103 506 οὕτω
3155 453 3250 506 καὶ
3297 451 3370 506 τά
3419 453 3492 508 σὰ
3562 452 3760 522 ἔκγονα

2155 545 2423 618 πονηρίας
2469 545 2744 617 πατρικῆς
2773 541 2913 598 εἶναι
2955 545 3270 617 κληρονόμα
3308 547 3762 619 ὑποπτευόμενα,

2157 639 2286 710 πρὶν
2329 639 2410 701 είς
2437 637 2655 708 ἡλικίαν
2703 636 2916 701 ἐλθεῖν,
2969 636 3123 709 παρὰ
3157 638 3375 692 πάντων
3432 639 3763 693 ἐπιϐουλευ-

2157 729 2402 800 θήσεται.
2445 728 2533 792 Ὠς
2565 729 2676 799 γὰρ
2713 730 2761 780 οί
2797 729 3035 799 ποταμοὶ
3068 729 3132 783 ὲκ
3161 731 3363 800 μικρᾶς
3394 731 3504 802 τῆς
3533 731 3763 802 πρώτης

2159 821 2335 892 ἀρχῆς
2372 819 2728 892 ὁρμηθέντες,
2753 815 2876 874 εἶτα
2899 823 3020 885 ταῖς
3047 823 3167 875 κατ’
3201 822 3382 892 ὀλίγον
3403 824 3763 896 προσθήκαις

2156 912 2530 966 ἀνυπόστατον
2582 911 2956 984 λαμϐάνοντες
3000 914 3102 984 τὴν
3156 913 3428 986 αὔξησιν,
3477 915 3568 985 τῷ
3604 915 3765 985 βιαίῳ

2157 1006 2255 1076 τῆς
2295 1006 2468 1076 φορᾶς
2513 1005 2576 1058 τὸ
2629 1004 2982 1075 ἐνιστάμενον
3035 1006 3491 1078 παρασύρουσιν·
3527 1006 3687 1059 οὕτω
3707 1007 3764 1073 δὴ

2160 1099 2255 1150 καὶ
2279 1099 2330 1150 οἱ
2363 1097 2607 1151 πλούσιοι
2634 1099 2698 1150 ὲκ
2733 1101 2934 1171 μικρᾶς
2956 1098 3239 1169 δυνάμεως
3267 1099 3644 1170 προελθόντες
3670 1100 3762 1168 (6},

2161 1187 2257 1241 καὶ
2283 1189 2347 1240 ὲκ
2373 1186 2482 1241 τῶν
2521 1187 2621 1258 ἤδη
2659 1187 3266 1242 καταδυναστευθέντων
3297 1189 3400 1260 τὴν
3442 1189 3546 1243 τοῦ
3577 1189 3760 1243 πλεῖοι.

2161 1280 2370 1334 ἀδικεῖν
2428 1278 2657 1350 δύναμιν
2710 1278 3243 1350 προσλαμϐάνοντες,
3293 1283 3409 1344 τοῖς
3447 1282 3758 1352 προηδικη-

2165 1369 2351 1438 μένοις
2379 1373 2504 1430 τοὺς
2534 1367 2892 1438 λειπομένους
2920 1367 3394 1436 καταδουλοῦνται,
3420 1371 3521 1423 καὶ
3550 1373 3759 1440 γίνεται

2161 1460 2346 1522 αὐτοῖς
2373 1459 2661 1529 δυνάμεως
2693 1458 2920 1530 αὔξησις
2947 1462 2981 1532 ἡ
3015 1462 3304 1532 περιουσία
3332 1463 3433 1533 τῆς
3459 1465 3757 1536 πονηρίας,

2163 1551 2387 1606 πλείονα
2415 1551 2572 1620 λόγον
2603 1552 2835 1607 ἑκάστου
2881 1551 2990 1606 τῶν
3027 1552 3373 1623 ἠδικημένων
3415 1553 3648 1625 ἔχοντος
3689 1557 3754 1626 μθ

2165 1641 2503 1712 προσπαθεῖν
2528 1660 2580 1696 τι
2615 1643 2806 1709 κακὸν,
2838 1642 2872 1715 ἤ
2909 1643 3066 1716 δίκην
3098 1643 3284 1700 λαϐεῖν
3315 1645 3457 1716 ὑπὲρ
3477 1644 3599 1701 τῶν
3627 1647 3746 1716 φθα·

471 1737 655 1790 licitus
687 1737 780 1800 sit,
811 1752 878 1790 ne
909 1737 1040 1806 quid
1071 1737 1200 1790 mali
1233 1738 1468 1793 ulterius
1502 1739 1767 1808 patiatur,
1805 1752 1970 1807 quam
2002 1745 2061 1790 ut
2092 1733 2134 1788 B
2166 1734 2398 1788 σάντων.

469 1826 534 1881 de
566 1827 636 1882 iis
666 1841 789 1896 quae
817 1841 1112 1896 perpessus
1149 1836 1254 1889 est,
1296 1827 1594 1880 vindictam
1627 1832 1833 1881 sumat.

537 1919 593 1975 6.
633 1919 716 1990 (2)
751 1919 829 1973 Ne
870 1919 1037 1990 igitur
1081 1919 1453 1990 concupiscas
1487 1933 1650 1989 agros
1684 1915 1946 1987 proximi.
1981 1914 2062 1970 Ne

472 2012 682 2067 sulcum
746 2012 901 2068 sulco
953 2012 1256 2082 adjiciens.
1319 2027 1510 2082 agrum
1572 2018 1723 2064 tuum
1793 2009 2060 2080 paulatim

471 2103 762 2174 adaugeas.
828 2101 1110 2169 Quantum
1171 2102 1319 2156 enim
1378 2116 1445 2156 ex
1500 2100 1679 2154 aliena
1741 2098 2062 2153 accessione

473 2202 672 2250 terram
730 2193 1083 2261 dilataveris,
1147 2200 1302 2248 tanto
1369 2192 1549 2262 majus
1614 2201 1899 2262 peccatum
1958 2191 2060 2245 tibi

471 2285 728 2341 accersis.
762 2284 830 2338 Et
862 2293 1011 2340 terra
1049 2286 1270 2356 quidem
1293 2301 1416 2356 qua:
1450 2284 1548 2339 tibi
1578 2284 1844 2354 paulatim
1877 2298 2062 2338 acces-

473 2384 638 2447 serat,
669 2385 724 2432 et
755 2393 853 2448 per
885 2378 1178 2432 avaritiam
1218 2385 1375 2448 parta
1410 2376 1625 2440 fuerat,
1669 2376 1760 2431 hic
1789 2383 2056 2440 remanet,

472 2483 572 2523 nec
604 2469 842 2539 amplius
876 2476 965 2522 tua
994 2475 1100 2532 est,
1127 2469 1224 2524 sed
1256 2467 1562 2532 hmredum,
1589 2481 1652 2520 ac
1676 2466 1896 2536 iniquas
1929 2480 2060 2535 opes

473 2559 738 2629 relinquis
791 2559 1124 2614 successori.
1187 2557 1353 2612 Terra
1414 2558 1470 2610 in
1509 2567 1762 2611 wternum
1817 2567 1924 2610 stat
1965 2557 2056 2610 7'z

473 2661 755 2722 peccatum
787 2665 921 2704 vero
970 2656 1234 2718 sequetur
1277 2648 1438 2718 503
1475 2656 1536 2702 ut
1583 2647 1815 2710 umbra,
1862 2647 2061 2701 animae

473 2743 620 2797 omni
663 2743 969 2798 adhaerens.
1025 2739 1502 2807 Quemadmodum
1549 2740 1696 2794 enim
1729 2739 1919 2794 umbra
1973 2752 2061 2793 se-

473 2835 659 2905 quitur
707 2849 907 2905 corpus
955 2851 970 2889 :
1019 2835 1093 2887 ita
1124 2841 1179 2888 et
1231 2842 1518 2903 peccatum
1551 2832 1748 2886 anima:
1797 2831 2057 2886 adbmret.

474 2925 552 2998 (Ξ)
571 2926 835 2980 Praeterea
852 2926 1166 2995 quicunque
1185 2923 1469 2992 usurpatis
1489 2923 1864 2993 proximorum
1888 2923 2058 2993 agris,

474 3020 680 3075 limites
711 3018 1124 3090 possessionum
1169 3033 1397 3072 suarum
1433 3019 1563 3088 plus
1609 3033 1767 3087 aequo
1801 3019 2059 3073 extende-

2233 1917 2283 1972 6.
2308 1917 2401 1988 Μὴ
2423 1917 2603 1971 τοίνυν
2635 1917 2984 1989 ἐπιθυμήσῃς
3017 1917 3119 1988 τῆς
3153 1916 3246 1970 τοῦ
3286 1917 3518 1989 πλησίον
3548 1918 3740 1992 χώρας

2157 2010 2250 2080 Μὴ
2285 2008 2497 2062 αὔλακα
2525 2008 2722 2063 αὔλακι
2761 2009 3102 2080 προστιθεὶς,
3134 2010 3278 2064 κατὰ
3309 2011 3513 2081 μικρὸν
3555 2013 3755 2079 αῐιξανε

2158 2099 2256 2170 τὴν
2291 2099 2392 2168 γῆν
2431 2099 2530 2170 (7).
2571 2099 2737 2152 ’ὐσσν
2760 2101 2870 2171 γὰρ
2911 2099 3203 2164 πλατύνεις
3237 2103 3304 2153 ὲκ
3335 2101 3439 2171 τῆς
3459 2102 3757 2176 ἀλλοτρίας

2160 2191 2480 2262 προσθήκης
2525 2191 2625 2262 τὴν
2674 2193 2799 2262 γῆν,
2847 2193 3086 2264 τοσούτῳ
3135 2193 3488 2264 μακροτέραν
3531 2211 3622 2248 σοι
3669 2197 3758 2266 rip.

2158 2285 2436 2355 ἁμαρτίαν
2492 2282 2946 2348 κατασκευάζεις.
2997 2283 3104 2338 Καὶ
3147 2286 3181 2354 ὴ
3239 2285 3338 2354 μὲν
3380 2285 3456 2355 γῆ
3513 2286 3765 2340 ἐνταῦθα

2161 2379 2492 2448 παραμένει,
2526 2377 2670 2431 κατὰ
2718 2377 2914 2448 μικρόν
2944 2394 3028 2430 σοι
3057 2377 3508 2450 προχωρηθεῖσα,
3546 2380 3649 2432 καὶ
3678 2380 3768 2432 διὰ

2158 2473 2260 2542 τῆς
2288 2470 2604 2537 πλεονεξίας
2632 2471 2923 2542 γενομένη.
2953 2471 3055 2524 οὐκ
3095 2471 3175 2525 ἔτι
3203 2470 3291 2542 σὴ,
3313 2469 3450 2524 ἀλλὰ
3475 2470 3593 2525 τῶν
3624 2475 3766 2542 μετὰ

2162 2563 2240 2629 σὲ,
2265 2564 2360 2616 καὶ
2382 2563 2562 2631 ἁφίεις
2587 2562 2772 2616 ἄδικον
2800 2562 2878 2632 τῷ
2907 2561 3274 2634 διαδεχομένῳ
3299 2563 3391 2616 τὸν
3424 2562 3563 2632 βίον.
3597 2561 3671 2618 Ἡ
3689 2563 3761 2633 γῆ

2158 2655 2418 2723 ἔστηκεν
2435 2657 2524 2721 εἰς
2551 2654 2660 2708 τὸν
2687 2653 2878 2708 αἰῶνα
2897 2669 2911 2684 ο
2946 2657 2979 2725 ἡ
3011 2654 3069 2707 δὲ
3112 2655 3357 2726 ἁμαρτία
3392 2656 3762 2727 ἀκολουθήσει

2158 2745 2235 2808 ὡς
2297 2744 2446 2809 σκιὰ,
2500 2746 2648 2816 πάσῃ
2704 2744 2948 2814 ἑπομένη
2993 2745 3067 2815 (8)
3117 2746 3285 2816 ψυχῇ.
3331 2746 3548 2817 ’Ὠσπερ
3579 2746 3758 2817 γὰρὴ

2162 2833 2291 2887 σκιὰ
2348 2833 2427 2905 τῷ
2476 2834 2690 2906 σώματι
2736 2834 2950 2898 ἕπεται,
3011 2833 3156 2889 οὕτω
3209 2836 3304 2889 καὶ
3341 2838 3372 2907 ή
3406 2837 3664 2908 ἁμαρτία
3694 2842 3755 2907 τῇ

2159 2926 2303 2998 ψυχῇ
2329 2926 2709 2997 συμπέφυκεν.
2749 2926 2962 2992 ’Ἄλλως
2990 2944 3051 2979 τε
3073 2927 3186 2980 ὅσοι
3228 2927 3366 2997 μετὰ
3402 2928 3754 3000 παρορισμοΰ

2160 3016 2268 3070 τῶν
2295 3017 2545 3088 πλησίον,
2582 3017 2709 3080 τοὺς
2738 3017 2900 3088 ὅρους
2922 3016 3030 3069 τῶν
3059 3016 3275 3070 οίκείων
3304 3019 3556 3088 κτήσεων
3585 3019 3752 3088 ὑπερ-

475 3118 624 3172 runt,
658 3124 725 3164 eo
758 3107 905 3178 quod
934 3108 1316 3178 possessiones
1341 3107 1446 3161 illa:
1477 3123 1586 3161 non
1616 3108 1736 3163 sine
1763 3107 2059 3177 gemitibus

2174 3106 2454 3173 εξέτειναν,
2507 3106 2596 3160 διὰ
2653 3107 2714 3160 τὸ
2763 3107 2870 3160 ἀπὸ
2905 3107 3213 3178 στεναγμοῦ
3246 3107 3356 3160 τῶν
3400 3108 3749 3180 ἠδικημένων

476 3216 664 3258 eorum
697 3198 792 3270 qui
824 3199 1025 3268 injuria
1060 3198 1462 3263 adiciebantur,
1500 3199 1720 3254 fuerant
1754 3201 2060 3269 acquisita,

475 3292 606 3349 facti
647 3299 777 3346 sunt
822 3305 854 3344 a
888 3290 1076 3344 divina
1132 3290 1513 3344 benedictione
1547 3290 1735 3345 alieni.
1785 3291 1940 3346 Unde
1969 3293 2064 3347 ubi

476 3385 661 3442 decem
702 3383 867 3438 boum
904 3382 1058 3453 juga,
1114 3390 1174 3436 ut
1215 3393 1302 3437 est
1343 3384 1489 3453 apud
1521 3383 1716 3437 Isaiam
1751 3383 1830 3449 ⁷⁸,
1870 3399 2061 3440 arave-

477 3485 621 3540 raut,
669 3477 761 3530 vix
801 3475 1093 3546 laguncula
1122 3489 1234 3529 una
1266 3475 1720 3540 vindemiabitur,
1751 3483 1807 3531 et
1839 3477 1929 3531 ubi
1965 3492 2058 3533 sex

477 3568 681 3622 artabae
725 3565 944 3622 fuerant
992 3568 1296 3629 seminata,
1326 3568 1415 3620 vix
1451 3575 1564 3623 tres
1594 3567 1873 3622 fructuum
1905 3585 2060 3624 men-

477 3676 625 3717 sura:
670 3659 1017 3730 colligentur.
1056 3658 1134 3729 (ι)
1170 3657 1346 3714 Malus
1392 3660 1448 3713 in
1500 3660 1672 3723 urbe,
1717 3661 1895 3715 malus
1948 3661 2066 3715 ruri

477 3753 695 3808 vicinus
724 3760 808 3807 est
834 3767 1024 3822 rapax.
1062 3750 1222 3806 Novit
1253 3755 1404 3806 mare
1438 3753 1704 3809 terminos
1735 3769 1868 3810 suos
1901 3773 1915 3808 ε
1952 3769 2061 3808 nox

479 3845 736 3914 antiquos
783 3843 988 3900 limites
1021 3843 1128 3900 sibi
1175 3845 1532 3915 praescriptos
1561 3860 1674 3900 non
1721 3847 2064 3917 transgredi-

483 3946 592 3991 tur.
631 3936 703 3989 At
729 3951 862 3991 vero
896 3937 1062 3991 homo
1092 3951 1263 4007 rapax
1293 3953 1404 3992 non
1433 3947 1654 3993 veretur
1682 3946 1918 4009 tempus,
1953 3953 2063 3993 non

481 4028 735 4098 agnoscit
776 4032 1098 4092 terminum,
1130 4030 1499 4086 successionis
1524 4031 1702 4086 ordini
1737 4047 1845 4085 non
1878 4031 2022 4086 cedit
2049 4047 2062 4085 :

486 4120 577 4175 sed
623 4120 765 4190 ignis
796 4119 902 4174 vim
937 4121 1205 4185 imitatur,
1238 4122 1448 4176 invadit
1488 4125 1704 4189 omnia,
1737 4124 1917 4177 omnia
1965 4123 2064 4178 de—

485 4215 748 4285 pascitur.
799 4213 1155 4285 Quacunque
1197 4216 1346 4270 videt
1373 4218 1598 4280 oculus,
1627 4233 1690 4271 ea
1722 4218 2068 4286 concupiscit

487 4321 672 4376 rapax.
729 4305 852 4360 Non
914 4305 1212 4376 explebitur
1264 4308 1446 4362 oculus
1499 4307 1720 4362 videndo
1759 4310 1838 4372 ⁷⁵,
1889 4324 2066 4378 neque

484 4411 653 4466 rapax
697 4397 986 4452 satiabitur
1035 4398 1379 4469 accipiendo.
1435 4397 1691 4454 lnlernus
1743 4415 1852 4454 non
1902 4399 2062 4464 dixit,

484 4487 803 4555 Sufficit",
851 4507 1026 4561 neque
1082 4507 1252 4562 rapax
1305 4506 1547 4562 unquam
1599 4493 1774 4556 dixit,
1832 4490 2063 4547 Sufficit.

484 4579 562 4651 (3)
579 4578 647 4633 At
673 4596 802 4635 vero
830 4582 958 4651 quid
996 4582 1122 4637 inde
1154 4583 1331 4638 lucri?
1363 4582 1768 4653 Vigiliae,curae,
1796 4583 2064 4639 sollicitu-

485 4671 660 4727 dines.
686 4669 859 4726 Judcx
880 4681 1250 4743 exspectatur,
1286 4685 1340 4730 et
1382 4675 1500 4745 ipse
1531 4675 1956 4745 circumspectat
1993 4690 2065 4730 ne

2167 3198 2609 3271 συμπεπορίσθαι
2658 3199 2758 3263 τὰς
2805 3201 3065 3272 κτήσεις,
3113 3200 3389 3271 ἀλλότριοι
3447 3201 3548 3270 τῆς
3604 3199 3748 3262 θείας

2165 3288 2564 3360 ἀπεδείχθησαν
2593 3288 2882 3356 εὐλογίας·
2916 3287 3059 3341 ὥστε
3086 3287 3215 3341 ἔνθα
3239 3288 3410 3358 ζεύγη
3443 3289 3576 3342 δέκα
3611 3288 3749 3360 βοῶν

2164 3379 2480 3452 εἰργάσατο,
2524 3379 2668 3434 κατὰ
2723 3380 2816 3434 τδν
2875 3381 3125 3446 Ἡσαΐαν,
3171 3381 3334 3449 μόγις
3379 3380 3652 3452 κεράμιον
3692 3380 3748 3432 ἓν

2163 3472 2540 3544 τρυγηθῆναι·
2592 3473 2688 3526 καὶ
2727 3471 2858 3526 ἔνθα
2905 3472 2964 3540 ἐξ
3008 3472 3246 3544 ἀτράϐαι
3296 3473 3746 3544 κατεσπάρησαν,

2161 3564 2290 3635 τρία
2318 3565 2492 3635 μέτρα
2527 3564 2856 3632 συνάγεσθαι
2879 3563 2969 3618 τὸν
2994 3565 3224 3636 καρπόν.
3245 3565 3491 3636 Πονηρὸς
3522 3566 3579 3617 ἐν
3600 3564 3750 3618 πόλει

2165 3657 2432 3720 σύνοικος,
2488 3658 2724 3729 πονηρὸς
2772 3660 2830 3712 ὲν
2864 3659 3054 3728 ἀγροῖς
3087 3661 3116 3712 ὀ
3153 3657 3508 3727 πλεονέκτης.
3555 3658 3624 3710 Ἡ
3652 3656 3749 3710 θά-

2162 3746 2336 3802 λασσα
2389 3745 2497 3802 οἶδε
2545 3749 2616 3802 τὰ
2670 3750 2794 3821 ὅρια
2840 3751 3047 3820 αὐτῆςο
3077 3753 3110 3821 ἡ
3153 3749 3248 3816 νὺξ
3297 3751 3397 3821 οὐχ
3430 3750 3751 3823 ὑπερϐαίνει

2162 3841 2445 3912 ὁροθεσίας
2497 3842 2749 3912 ἀρχαίας.
2809 3843 2869 3895 '0
2928 3842 3261 3914 πλεονέκτης
3291 3841 3350 3895 δὲ
3388 3843 3492 3896 οὐκ
3523 3843 3751 3896 αἰδεῖται

2164 3935 2375 4006 χρόνον,
2411 3937 2473 3989 οὐ
2531 3935 2788 4008 γνωρίζει
2839 3937 2985 4006 ὅρον,
3029 3935 3091 3988 οὐ
3135 3938 3410 4007 συγχωρεῖ
3451 3936 3752 4007 ἁκολουθῐῳ

2162 4029 2415 4100 διαδοχῆς
2439 4045 2452 4057 ·
2485 4028 2620 4082 ἀλλὰ
2646 4031 2894 4100 μιμεῖται
2924 4029 3020 4082 τοῦ
3055 4030 3228 4099 πυρὸς
3257 4029 3360 4101 τὴν
3398 4029 3539 4102 βίαν,
3575 4030 3752 4084 πάντα

2165 4121 2576 4192 ἐπιλαμϐάνων,
2613 4121 2708 4174 καὶ
2758 4120 2939 4174 πάντα
2984 4121 3402 4192 ὲπινεμόμενος.
3453 4121 3598 4175 Ὅσα
3631 4123 3750 4174 ἐπι-

2166 4215 2357 4268 ϐλέπει
2387 4217 2414 4268 ὁ
2440 4213 2740 4283 ὀφθαλμὸς,
2768 4213 3038 4267 τοσούτων
3061 4213 3322 4284 ἐπιθυμεῖ
3347 4216 3375 4267 ὁ
3399 4213 3746 4286 πλεονέκτης.

2171 4309 2254 4360 Οὐ
2308 4306 2729 4375 πλησθήσεται
2768 4308 2802 4360 ὀ
2855 4306 3164 4376 ὀφθαλμὸς
3207 4306 3314 4360 τοῦ
3355 4306 3526 4375 ὁρᾷν,
3561 4308 3656 4360 καὶ
3687 4309 3746 4360 οὗ

2168 4399 2563 4471 κορεσθήσεται
2605 4397 2938 4470 φιλάργυρος
2987 4398 3083 4452 τοῦ
3139 4399 3457 4469 λαμϐάνειν.
3520 4401 3580 4453 ’0
3621 4401 3745 4472 ᾅδης

2167 4491 2268 4543 οὐκ
2324 4486 2496 4553 εἶπεν,
2553 4491 2772 4561 Ἀρκεῖ,
2829 4489 2938 4542 οὐδ’
2976 4490 3006 4542 ὁ
3051 4489 3382 4560 πλεονέκτης
3426 4486 3549 4543 εἶπέ
3586 4507 3746 4546 mer

2181 4583 2384 4653 Ἀρκεῖ.
2425 4583 2499 4634 Τὸ
2529 4581 2584 4636 δὲ
2623 4581 2872 4634 ἐντεῦθεν
2908 4580 3098 4652 κέρδος
3123 4580 3210 4641 τί;
3262 4581 3610 4650 Ἀγρυπνὶαι.
3659 4581 3742 4651 μὲ-

2173 4689 2383 4744 ριμναι,
2420 4673 2722 4745 φροντίδες.
2757 4672 3029 4744 Δικαστης
3056 4672 3450 4745 προσδοκᾶται,
3476 4675 3571 4728 κα)⁸
3599 4671 3744 4738 οὗτος

557 4826 604 4858 ’⁸
639 4827 817 4884 Eccle.
863 4846 904 4893 ι,
935 4829 989 4882 4.
1067 4828 1115 4859 ⁷⁸
1159 4826 1262 4882 lsa.
1310 4845 1364 4893 v,
1403 4828 1489 4882 10.
1567 4829 1612 4860 ’⁵
1639 4827 1816 4886 Eccle.
1855 4845 1894 4892 ι,
1926 4830 1978 4884 8.
2059 4833 2061 4844 '

2174 4838 2300 4885 ’rov.
2338 4847 2509 4897 xxvii,
2545 4833 2651 4900 27;
2684 4849 2817 4896 xxx,
2851 4833 2940 4888 l6.

557 5003 633 5074 (l)
664 5004 744 5059 Ex
785 5006 932 5061 liom.
959 5007 1013 5060 in
1033 5005 1242 5068 divites,
1279 5007 1368 5062 57.

558 5075 635 5146 (2)
664 5075 744 5129 Ex
769 5077 916 5132 hom.
945 5079 1002 5131 in
1037 5078 1266 5140 Lacizis,
1294 5076 1418 5133 590.

559 5147 637 5216 (3)
671 5147 750 5216 Ex
777 5158 1070 5203 comment.
1097 5149 1153 5201 in
1181 5147 1321 5209 Isa.,
1349 5145 1475 5202 486.

561 5217 638 5355 (4)
677 5215 758 5270 Ex
782 5219 929 5275 hom.
955 5219 1010 5272 in
1048 5219 1256 5279 divites,
1296 5220 1384 5274 57.

561 5287 616 5355 (5
677 5289 754 5342 Ex
784 5289 930 5346 hom.
962 5289 1106 5342 dicta
1129 5290 1183 5342 in
1219 5287 1380 5342 Laciz

560 5287 638 5355 (5)
677 5289 754 5342 Ex
784 5289 930 5346 hom.
962 5289 1106 5342 dicta
1129 5290 1183 5342 in
1219 5287 1451 5353 Lacizis,
1478 5288 1603 5345 591.

562 5357 661 5428 (6)-
677 5361 738 5412 Οἱ
772 5361 1055 5414 πλούσιοι
1081 5359 1150 5412 ἐκ
1182 5358 1398 5428 μικρᾶς
1419 5358 1725 5428 δυνάμεως
1753 5360 2070 5428 προελθόν-

494 5426 742 5500 ιεςίΡι-ιξ
775 5430 859 5484 liis
883 5432 1108 5484 vocibus
1137 5426 1332 5500 legitur
1353 5432 1407 5484 in
1435 5426 1690 5500 conteritu
1719 5432 1767 5483 οί
1794 5426 1898 5483 επὶ
1926 5431 2070 5500 μέγα

501 5498 592 5572 τῆς
621 5499 902 5570 δυνάμεως
939 5498 1310 5572 προελθόντες,
1360 5501 1448 5572 qui
1479 5499 1547 5572 ad
1587 5515 1834 5572 magnam
1881 5498 2067 5572 poten-

497 5570 626 5621 tiam
649 5572 876 5638 provecti
907 5570 1049 5624 suiit.
1091 5571 1195 5625 Sed
1223 5570 1411 5625 nostra
1440 5571 1712 5640 scriptura
1748 5571 1904 5640 longe
1925 5570 2072 5624 vide-

495 5645 585 5692 tur
617 5641 972 5707 praeterenda,
998 5657 1061 5697 ac
1091 5656 1213 5696 cum
1244 5641 1414 5698 altero
1446 5641 1874 5710 comparationis
1903 5655 2072 5696 mem-

2173 5015 2275 5084 bro
2311 5013 2509 5068 melius
2540 5016 2791 5084 quadrat.
2827 5014 2964 5070 Cum
2998 5031 3064 5071 ea
3095 5017 3368 5072 consentit
3407 5015 3741 5072 Coloertinus

2173 5083 2371 5159 codex,
2407 5084 2514 5159 nisi
2554 5083 2702 5156 quod
2731 5085 2896 5140 habet
2939 5089 3004 5140 ὲκ
3039 5089 3276 5159 μακρᾶς,
3319 5087 3468 5158 quod
3512 5097 3740 5143 erratum

2172 5163 2258 5210 est
2295 5153 2663 5208 librariorum.

2243 5222 2324 5300 (ἶ)
2346 5223 2465 5300 [ὴν
2481 5223 2618 5300 γῆν.
2641 5223 2823 5300 Minus
2844 5225 3128 5300 commode
3147 5226 3202 5280 in
3221 5235 3490 5300 contextu
3507 5229 3606 5300 τὴν
3629 5228 3739 5300 σήν,

2241 5293 2319 5368 (8)
2349 5293 2522 5368 Πάσῃ
2539 5293 2824 5364 ἑπομένη.
2848 5293 3173 5368 Sicvidetur
3185 5293 3585 5368 emendandum
3608 5293 3740 5368 quod

2168 5365 2454 5433 legebatur
2485 5365 2848 5439 incontextu
2878 5367 3010 5418 πᾶσι
3043 5367 3426 5439 παρεπομένη.
3452 5367 3582 5435 Qu:
3619 5365 3739 5439 seri:

2170 5443 2331 5506 ptura
2361 5451 2485 5489 cum
2518 5435 2790 5506 vitionon
2835 5445 3068 5500 careret,
3109 5435 3236 5493 inde
3271 5435 3484 5492 factum
3529 5449 3584 5492 ut
3621 5438 3742 5494 illud

2173 5505 2308 5578 πᾷσι
2343 5507 2396 5560 in
2425 5505 2701 5560 nonnullis
2723 5506 3010 5578 codicibus
3041 5522 3174 5563 mss.
3206 5517 3625 5578 expungeretur.
3659 5507 3738 5562 Est

2173 5574 2339 5630 etiam
2373 5582 2702 5647 expunctum
2734 5576 2792 5630 in
2822 5576 2922 5631 hac
2951 5578 3252 5634 novissima
3277 5574 3544 5635 editione.
