3860 6224
144 338 287 396 1193

1284 341 1519 398 SERMO
1559 341 1648 399 Vl.
1688 373 1758 381 —-—
1797 341 1885 397 DE
1926 341 2280 397 AVARITIA.

3280 345 3420 402 1194

141 459 494 530 περισκοπεῖ,
536 457 610 530 μὴ
649 459 729 521 εἰς
767 459 1097 531 δικαστήρια
1130 465 1442 533 παρασυρῇ.
1473 460 1729 516 Βουλεόε-

1839 461 1901 514 ad
1949 461 2218 530 judicium
2272 459 2642 530 pertrahatur.
2697 457 2974 516 Deliberat
3023 467 3230 526 noctu,
3279 478 3420 534 quos

141 569 234 603 ται
277 551 334 603 ἐν
385 551 564 614 νυκτὶ,
597 551 751 614 τίνας
803 550 912 604 τῶν
954 551 1169 624 πικρῶν
1212 555 1526 625 συνηγόρων
1558 571 1736 627 παρα-

143 641 422 704 σκευάσει,
460 641 549 694 ἵνα
585 640 801 710 ψευδεῖς
829 643 1139 714 μαρτυρίας
1165 644 1241 712 (1)
1282 644 1694 716 ἐκμισθὼσηται
1719 660 1731 673 ·

140 735 262 799 πῶς
309 735 728 805 ἐκπολιορκήσει
756 735 848 787 τὸν
877 737 935 789 ἐν
977 740 1042 808 τῇ
1079 737 1308 808 ἐρημίᾳ,
1355 737 1472 800 πῶς
1502 739 1736 792 καταδυ-

139 825 429 880 ναστεὺσει
466 825 679 890 τούτου,
727 828 820 881 καὶ
870 829 928 880 ἐν
978 827 1314 900 δικαστηρίῳ
1345 829 1443 901 τὴν
1481 831 1735 902 ἀλήθειαν

143 919 368 990 κλέψας,
429 921 774 992 ἀμφοτέρους
833 920 1126 986 ἀναλώσει,
1185 923 1278 976 καὶ
1327 923 1420 976 τὸν
1475 923 1735 995 δικαστὴν

141 1013 697 1085 παρακρουσάμενος,
723 1013 922 1066 καὶτὸν
955 1013 1282 1086 ἀδικηθέντα
1309 1014 1384 1086 (‘2)
1411 1013 1736 1088 πλεονεκτή-

141 1121 262 1168 σας.
294 1103 398 1158 Τδν
435 1104 684 1168 πλοῦτον,
717 1105 807 1158 τὸν
855 1105 954 1176 μὲν
1008 1105 1342 1177 δημοσιεύει,
1384 1109 1474 1160 τὸν
1514 1109 1569 1161 δὲ
1602 1127 1733 1162 κατ-

140 1197 466 1268 ωρυγμένον
518 1195 632 1268 ἔχει
665 1197 802 1268 πρὸς
835 1197 1056 1262 ἐλπίδας
1085 1198 1184 1262 τὰς
1209 1199 1436 1271 ἀδήλους
1478 1201 1734 1256 ἀποτιθέ-

143 1304 330 1358 μενος,
362 1286 584 1350 ἐλπίδας
603 1287 702 1351 τὰς
727 1289 826 1340 οὐκ
857 1287 1096 1352 ἐλπίδας.
1127 1289 1188 1342 Ei
1215 1288 1324 1360 γὰρ
1355 1290 1489 1362 πρὸς
1512 1290 1736 1356 ἐλπίδας

136 1375 208 1450 ἦν
228 1383 261 1451 ἡ
297 1380 576 1445 ἀπόθεσις,
607 1382 741 1454 πρὸς
760 1383 860 1454 τὴν
893 1382 1118 1436 αἰωνίαν
1143 1383 1333 1436 ἐλπίδα
1357 1383 1575 1453 ἐγένετο
1603 1383 1668 1438 ἂν
1697 1387 1730 1457 ή

140 1475 489 1544 παρασκευή.
514 1473 653 1526 Νυνὶ
681 1473 735 1526 δὲ
757 1473 1095 1545 ὑποκρύπτει
1120 1477 1186 1545 τῇ
1206 1475 1360 1548 κλίνῃ
1391 1475 1480 1528 τὸν
1505 1476 1734 1529 πλοῦτον

139 1564 235 1618 τὸν
285 1564 498 1636 ἄδηλον,
558 1565 658 1636 τὴν
697 1565 1075 1638 ἐπερχομένην
1117 1563 1322 1637 ζημίαν
1366 1568 1733 1639 ἀποστρὲωειν

141 1659 408 1728 οίόμενος.
457 1658 596 1712 Ἀλλ’
626 1663 675 1714 εἰ
727 1660 828 1732 μὲν
861 1658 978 1731 ἣξει
1034 1660 1163 1713 ποτέ
1208 1662 1240 1732 ἠ
1283 1661 1462 1732 χρεία,
1505 1659 1731 1732 ἄδηλοψ

139 1750 262 1821 ἣξει
299 1751 484 1822 μέντοι
512 1751 721 1822 καιρὸς,
759 1743 883 1820 ἐ,νῷ
919 1751 1452 1823 μεταμεληθήσεται,
1489 1752 1563 1824 μὴ
1589 1753 1733 1806 οἰκο-

1841 553 2214 608 amarulentos
2262 561 2524 624 patronos
2566 553 2858 618 subornet,
2900 559 2960 608 ut
3007 551 3143 608 faISa
3175 553 3422 608 testimo-

1839 645 1928 698 nia
1975 644 2225 700 mercede
2264 644 2520 708 redimat,
2558 644 2836 716 quomodo
2865 659 2990 700 eum
3015 645 3108 716 qui
3137 644 3421 702 desolatus

1837 744 1922 790 est
1963 743 2267 806 expugnet,
2299 735 2578 806 quomodo
2605 751 2729 790 eum
2761 736 3034 806 opprimat
3060 736 3325 807 potentia,
3356 750 3421 790 ac

1840 825 1896 878 in
1929 825 2050 896 ipso
2096 826 2308 895 judicio
2360 827 2634 881 occultata
2668 827 2926 890 veritate,
2960 836 3014 882 et
3039 827 3281 896 judicem
3319 826 3423 880 fal-

1839 917 1997 980 lens,
2044 924 2099 972 et
2142 916 2343 987 injuria
2390 917 2643 974 aﬂ‘eetum
2701 919 2862 974 bonis
2907 919 3174 990 spolians.
3207 929 3420 973 utrum-

1837 1027 1944 1081 que
1974 1017 2148 1066 vorct.
2187 1009 2456 1067 Pecunias
2485 1011 2621 1066 alias
2656 1010 2937 1082 profertin
2967 1009 3206 1066 medium
3233 1049 3250 1074 ,
3283 1010 3420 1064 alias

1837 1101 2090 1158 defossas
2146 1103 2328 1168 habet,
2370 1102 2454 1157 ad
2509 1119 2635 1174 spes
2683 1105 2924 1158 incertas
2981 1117 3290 1174 seponens,
3350 1103 3418 1154 ad

1839 1211 1989 1266 spes,
2047 1197 2311 1266 inquam,
2375 1212 2496 1267 quae
2552 1213 2680 1268 spes
2722 1211 3070 1268 nequaquam
3113 1204 3262 1252 sunt.
3325 1195 3420 1248 Et-

1836 1288 1985 1342 enim
2053 1287 2100 1342 si
2173 1289 2240 1343 ad
2310 1303 2434 1358 spes
2502 1289 2966 1356 reconderentur,
3034 1291 3090 1344 in
3155 1297 3416 1345 aeternam

1838 1399 1990 1454 spem
2059 1381 2214 1438 ﬁeret
2278 1383 2367 1438 illa
2428 1382 2778 1453 praeparatio.
2846 1383 3005 1438 Nunc
3073 1390 3254 1438 autem
3289 1381 3418 1436 sub

1837 1475 1978 1530 lecto
2029 1474 2252 1530 divitias
2310 1475 2550 1530 incertas
2604 1473 2926 1538 abscondit,
2971 1482 3260 1529 venturum
3321 1471 3416 1526 da-

1837 1583 2025 1622 mnum
2091 1575 2340 1623 avertere
2396 1583 2456 1622 se
2514 1576 2689 1622 ratus.
2764 1565 2870 1622 Sed
2921 1582 2992 1622 an
3059 1573 3287 1622 ventura
3345 1567 3420 1622 sit

1837 1671 2078 1730 unquam
2116 1659 2302 1714 utendi
2350 1659 2686 1726 necessitas,
2725 1659 3030 1727 incertum;
3063 1671 3252 1715 contra
3274 1699 3289 1723 ,
3319 1674 3415 1713 ve—

1835 1751 1948 1804 niet
1977 1757 2211 1820 tempus,
2247 1751 2300 1804 in
2324 1764 2434 1820 quo
2464 1749 2726 1820 pecunias
2769 1764 2882 1806 non
2925 1748 3273 1806 distribuisse
3300 1763 3414 1819 pte-

142 1843 390 1914 νομήσας
419 1843 512 1896 τὸν
561 1842 812 1898 πλοῦτον.
842 1843 1012 1896 Τοῦτο
1049 1843 1336 1915 πρόδηλον,
1379 1842 1533 1912 κάγώ
1552 1845 1668 1914 εἰμι
1699 1846 1725 1898 ὁ

1839 1843 2042 1898 nitebit.
2096 1841 2212 1896 Hoc
2260 1850 2472 1898 certum
2519 1849 2639 1907 est,
2691 1849 2747 1898 et
2789 1841 3182 1908 indubitatum,
3223 1850 3279 1900 ει
3315 1857 3416 1915 eg“.

143 1935 514 2006 ἐγγυώμενος.
539 1936 604 1988 Τί
631 1938 830 1999 ποιεῖς,
864 1935 1013 1988 ἄθλιε
1039 1952 1053 1997 ;
1083 1936 1160 2007 Τῇ
1198 1939 1268 2007 γῇ
1310 1935 1616 2007 παραδίδως
1643 1935 1733 1988 τὸν

142 2025 440 2098 θησαυρόν.
473 2025 612 2079 Πότε
647 2028 828 2097 χρήσῃ
873 2030 986 2090 τοῖς
1027 2027 1299 2099 stupebat;
1333 2027 1462 2082 πότε
1495 2027 1735 2081 ἀπολαύ-

143 2136 258 2182 σεις
284 2117 486 2182 αὐτῶν,
529 2117 617 2172 ἀεὶ
651 2121 762 2182 τοῖς
807 2119 988 2182 πόνοις
1021 2120 1119 2189 τῆς
1163 2121 1406 2192 κτήσεως
1439 2119 1734 2190 συνεχόμε-

141 2226 263 2274 νος;
289 2210 364 2262 Οὐ
393 2209 704 2282 προφασίζῃ
733 2208 922 2280 μυρία,
943 2209 1028 2260 ἵνα
1055 2207 1226 2282 λάδης
1253 2208 1320 2260 τὰ
1351 2204 1444 2259 τοῦ
1472 2205 1731 2287 πλησίονς

153 2301 468 2354 Ἐπισκοτεῖ
493 2318 602 2371 μοι,
627 2302 781 2371 φησι,
810 2299 904 2352 τοῦ
928 2299 1166 2367 γείτονος
1195 2301 1228 2370 ή
1265 2299 1440 2352 οἰκία·
1473 2296 1734 2369 θορύϐους

141 2392 371 2462 ἐνίησιν,
411 2393 446 2462 ἢ
476 2392 534 2444 τὸ
572 2389 1034 2462 ἀποπλανώμενον
1069 2389 1402 2460 ὑποδέχεται.
1449 2390 1510 2442 Ei
1550 2387 1738 2442 ἐπιθυ-

145 2485 269 2553 μεῖς
301 2483 404 2553 τῆς
431 2481 524 2537 τοῦ
565 2482 808 2551 γείτονος
841 2481 1044 2546 οἰκίας,
1075 2481 1270 2549 γείτων
1303 2481 1360 2534 δέ
1397 2498 1478 2533 σοι
1519 2481 1737 2544 πάντως

141 2576 202 2626 οὐ
231 2574 426 2645 λείψει,
461 2575 678 2645 ἀνάγκη
725 2592 782 2626 σε
815 2573 1054 2645 δηλονότι
1100 2574 1192 2626 ἐπὶ
1211 2572 1277 2626 τά
1301 2573 1500 2642 ἔσχατα
1535 2573 1735 2641 φθάσαι

141 2667 244 2735 τῆς
299 2666 420 2720 καθ’
467 2669 614 2738 ἡμᾶς
660 2666 1007 2738 οἰκουμένης.
1048 2666 1109 2718 Εἰ
1153 2666 1208 2718 δὲ
1249 2665 1406 2718 τοῦτο
1434 2667 1733 2736 ἀμήχανον,

142 2759 252 2812 ἀπὸ
283 2760 384 2830 τῆς
433 2757 658 2831 πρώτης
699 2759 908 2822 ἐννοίας
947 2758 1154 2812 παῦσον
1193 2757 1421 2811 σεαυτοῦ
1461 2758 1559 2829 τὴν
1601 2758 1738 2829 πρὸς

140 2852 204 2905 τὸ
234 2851 403 2906 κακὸν
431 2851 632 2923 ὁρμὴν,
687 2845 730 2903 ὦ
790 2849 1072 2922 ἄνθρωπε,
1103 2848 1442 2922 ἀρκούμενος
1481 2846 1561 2912 οἷς
1605 2865 1739 2920 παρ-

143 2943 358 3008 έλαϐες,
384 2944 661 3014 ἐπιμένων
699 2938 781 3007 οἷς
821 2942 966 3013 ἔχεις
991 2959 1004 2972 ·
1043 2942 1224 3009 εἰδὼς,
1259 2943 1342 2996 ὅτι
1383 2941 1480 2996 καὶ
1531 2940 1737 3013 μεγέθη

141 3036 354 3100 οίκιῶν,
391 3036 478 3090 διὰ
510 3035 571 3088 τὸ
610 3035 669 3102 ἐξ
701 3035 913 3099 ἀδικίας
959 3038 1243 3106 συστῆναι,
1279 3034 1463 3106 ἔρημά
1493 3035 1608 3086 ἐστι
1630 3031 1738 3084 τῶν

142 3128 470 3200 οἰκητόρων,
524 3127 620 3180 καὶ
665 3126 870 3196 πλῆθος
908 3125 1092 3198 χώρας
1126 3127 1190 3180 ἐκ
1229 3123 1540 3191 πλεονεξίας
1584 3139 1739 3195 περι-

1836 1949 2071 2004 sponsor
2113 1950 2255 1990 sum.
2291 1933 2364 2006 (6)
2397 1933 2540 2000 Quid
2573 1932 2714 2004 agis,
2749 1935 2949 1992 miser?
2992 1934 3153 1990 llumi
3196 1936 3419 1992 thesau-

1836 2041 1958 2080 rum
2021 2026 2272 2080 mandas.
2337 2025 2702 2092 Quandonam
2757 2027 2931 2082 uteris
3005 2028 3418 2098 praesentibus?

1835 2111 2057 2182 quando
2089 2113 2174 2168 his
2205 2111 2407 2169 frueris
2456 2130 2672 2186 semper
2707 2116 3035 2186 acquirendi
3085 2117 3274 2173 labore
3321 2117 3417 2174 de-

1836 2203 2066 2258 tentus?
2111 2219 2292 2258 annon
2333 2205 2624 2260 innumera
2655 2207 2927 2274 causaris,
2952 2216 3014 2262 ut
3042 2223 3158 2264 rem
3181 2210 3414 2280 proximi

1839 2294 2111 2363 usurpes?
2157 2294 2317 2361 Mihi,
2367 2297 2585 2367 inquit,
2634 2297 2894 2355 tenebras
2939 2298 3174 2353 oﬂ‘undit
3219 2299 3417 2355 domus

1836 2386 2026 2453 vicini,
2070 2389 2261 2444 turbas
2291 2390 2525 2458 excitat,
2556 2398 2651 2444 aut
2677 2407 2902 2448 errones
2943 2393 3196 2465 suscipit.
3233 2392 3419 2456 Sijdn-

1837 2496 1986 2536 mum
2029 2481 2194 2536 vicini
2241 2483 2558 2548 desideras,
2610 2501 2712 2540 nec
2762 2486 2862 2541 tibi
2912 2502 3154 2558 unquam
3205 2487 3418 2542 vicinus

1837 2573 2130 2629 defuturus
2155 2581 2262 2637 est,
2293 2589 2522 2630 necesse
2545 2582 2630 2630 est
2657 2575 2932 2642 videlicet,
2963 2587 3023 2631 ut
3049 2578 3116 2634 ad
3141 2585 3418 2635 extremos

1838 2665 1990 2719 orbis
2037 2665 2213 2720 nostri
2259 2667 2528 2722 terminos
2559 2675 2615 2723 te
2645 2667 2920 2725 conferas.
2953 2670 3030 2742 (7)
3065 2671 3218 2737 Quod
3267 2671 3315 2727 si
3362 2671 3418 2726 id

1841 2753 1961 2810 ﬁeri
2007 2756 2223 2826 nequit,
2269 2771 2298 2810 a
2335 2757 2513 2827 prima
2553 2757 2892 2827 cogitatione
2924 2761 3120 2818 cohibe
3161 2769 3318 2817 tuum
3348 2763 3417 2816 ad

1842 2848 2048 2902 malum
2091 2849 2396 2920 impetum,
2437 2866 2470 2906 ο
2502 2849 2705 2915 homo,
2735 2851 2820 2908 his
2849 2867 2973 2923 qua:
3017 2861 3179 2909 antea
3228 2869 3420 2924 posse-

1840 2938 1970 2993 disti
2007 2948 2323 3006 contentus,
2349 2951 2616 3014 stansque
2643 2941 2733 2998 his
2755 2959 2876 3014 quae
2904 2944 3110 3002 habes:
3137 2961 3246 3001 non
3273 2947 3421 3016 igna-

1841 3045 1974 3095 rus,
2015 3033 2214 3087 aedium
2246 3034 2690 3105 magnitudines,
2731 3049 2798 3091 eo
2827 3037 2978 3108 quod
3017 3053 3085 3094 ex
3128 3039 3420 3110 iniquitate

1841 3130 2176 3178 constructae
2219 3131 2442 3189 essent,
2478 3125 2886 3185 habitatoribus
2929 3144 3132 3187 vacuas
3161 3145 3317 3196 esse,
3363 3140 3420 3186 et

143 3199 350 3292 ληφθὲν
385 3219 458 3288 ('5)
489 3220 681 3288 ἄγονον
725 3218 986 3282 πολλάκις
1019 3219 1125 3271 τῶν
1161 3216 1387 3290 καρπῶν
1418 3214 1733 3287 ἀπεδείχθη.

1839 3213 2092 3286 iugerum
2157 3216 2573 3273 multitudinem
2639 3234 2708 3276 ex
2769 3221 2981 3292 rapinis
3045 3232 3416 3293 comparatam

141 3311 529 3386 Προλαμϐἀνει
587 3313 696 3384 γὰρ
747 3311 1008 3374 πολλάκις
1055 3310 1151 3380 τὴν
1213 3309 1512 3380 μέλλουσαν
1552 3307 1734 3379 κρίσιν

140 3388 176 3479 ἦ
204 3407 324 3460 θεία
366 3407 512 3477 δίκη,
545 3406 638 3460 καὶ
665 3405 765 3477 ήδη
799 3405 898 3468 τὰς
937 3403 1138 3466 ἀδίκως
1181 3400 1618 3474 περιωρισμένας
1654 3401 1735 3452 οἰ-

143 3501 272 3562 κίας
297 3499 376 3562 είς
404 3497 676 3568 ἄχρηστον
721 3495 1088 3566 περιίστησιν,
1124 3493 1234 3547 ἀπὸ
1271 3493 1367 3564 τῆς
1389 3491 1736 3564 πολυανθρώ-

147 3607 252 3644 που
301 3591 570 3661 οἰκήσεως
626 3587 722 3641 καὶ
751 3589 851 3658 τῆς
896 3586 1158 3657 λαμπρᾶς
1209 3583 1462 3655 εὐθηνίας
1494 3585 1736 3655 ἐρήμους

143 3683 256 3736 τῶν
278 3681 582 3752 οἰκητόρων
611 3678 861 3734 ποιοῦσα.
904 3678 964 3730 ’0
995 3677 1104 3750 γὰρ
1132 3675 1242 3730 τῶν
1271 3676 1566 3750 ἀλλοτρίων
1595 3675 1736 3748 ἐρῶν

146 3775 268 3845 μετ’
295 3773 358 3826 οὑ
394 3772 526 3826 πολὺ
584 3771 866 3842 θρηνήσει,
913 3769 1024 3823 τῶν
1061 3769 1210 3823 ἰδίων
1241 3768 1733 3840 ἀποστερούμενος.

143 3868 210 3920 Τί
245 3866 336 3919 τὸν
366 3861 646 3918 Ναυουθαὶ
700 3863 790 3916 τὸν
824 3861 1194 3934 Ἰεζραηλίτην
1243 3861 1595 3915 ἀπέκτεινεν·
1636 3861 1734 3932 οὔχ

140 3963 177 4033 ή
203 3959 300 4014 τοῦ
339 3956 543 4031 Ἀχαάίῖ
570 3956 646 4028 (4)
677 3954 944 4027 ἐπιθυμία
979 3953 1074 4008 τοῦ
1111 3953 1470 4025 ἀμπελῶνοςῖ

216 4141 274 4196 7.
303 4139 590 4212 Μνήσθητι
643 4141 745 4210 τῆς
777 4138 988 4212 ἡμέρας
1049 4135 1286 4206 ἐκείνης,
1315 4135 1374 4188 ἐν
1495 4135 1736 4188 Ἀποκα-

138 4231 436 4286 λύπτεται
465 4229 611 4300 ὀργὴ
634 4229 736 4284 ἀπ’
763 4227 1046 4296 οὐρανοῦ.
1079 4225 1363 4296 Μνήσθητι
1395 4225 1494 4294 τῆς
1523 4223 1734 4288 ἐνδόξου

141 4324 238 4378 τοῦ
293 4323 530 4394 Χριστοῦ
589 4321 914 4394 παρουσίας,
958 4321 1046 4372 ὅτε
1085 4318 1504 4390 ἀναστήσονται,
1547 4317 1597 4370 οἱ
1637 4315 1736 4387 μὲν

141 4419 214 4472 τά
264 4415 446 4485 ἀγαθά
499 4414 825 4487 πράξαντες,
869 4415 948 4476 εἰς
995 4411 1296 4465 ἀνάστασιν
1335 4406 1504 4478 ζωῆς,
1570 4409 1619 4460 οί
1675 4405 1735 4460 δέ

141 4509 214 4564 τά
268 4508 470 4578 φαῦλα,
503 4511 583 4572 είς
611 4507 910 4560 ἀνάστασιν
950 4503 1204 4576 κρίσεως.
1255 4503 1466 4555 Ἐκεῖνα
1498 4500 1734 4554 λυπείτω
1768 4539 1812 4596 D

143 4619 227 4664 σε,
296 4601 390 4654 καὶ
454 4600 528 4671 μὴ
563 4599 801 4652 λυπείτω
847 4614 906 4650 σε
961 4598 994 4668 ή
1036 4595 1132 4648 τοῦ
1197 4591 1331 4647 Θεοῦ
1363 4592 1570 4664 ἐντολή.
1601 4591 1730 4656 Πῶς

142 4711 203 4747 σε
261 4693 600 4763 δυσωπήσω;
639 4692 692 4744 τί
747 4688 1078 4759 φθέγξομαι;
1139 4685 1426 4748 Βασιλείας
1463 4685 1564 4737 οὐκ
1618 4685 1734 4736 ἐπι-

141 4787 359 4857 θυμεῖς,
397 4785 620 4854 γέενναν
663 4784 724 4836 οὐ
779 4782 951 4852 φο6ῇ’
1016 4778 1180 4832 πόθεν
1237 4778 1432 4850 εὑρεθῇ
1478 4777 1620 4840 ἴασις
1662 4778 1728 4846 τῇ

137 4881 289 4950 ψυχῇ
331 4894 458 4942 σου;
494 4879 556 4930 Εἰ
606 4877 714 4948 γὰρ
745 4875 816 4928 τὰ
849 4871 1054 4944 φρικτὰ
1091 4872 1152 4924 οὐ
1193 4873 1350 4942 φοδεῖ
1381 4870 1480 4940 (5),
1511 4869 1580 4923 τὰ
1605 4886 1730 4939 φαι-

136 4972 245 5044 δρά
291 4971 354 5024 οὐ
417 4969 809 5041 προτρέπεται,
861 4963 1035 5018 λιθίνη
1103 4963 1301 5034 καρδία
1343 4959 1725 5032 διαλεγόμεθα.

208 5131 255 5163 ’⁷
287 5128 448 5183 Rom.
491 5143 530 5192 ι,
565 5127 651 5182 18.
709 5126 774 5196 ,νδ
803 5123 964 5180 Joan.
995 5140 1050 5188 ν,
1089 5121 1182 5179 29.

214 5289 293 5358 (Ι)
327 5285 686 5354 Μαρτυρίας.
719 5282 980 5339 Codicum
1029 5281 1168 5334 alter
1216 5281 1516 5349 μάρτυρας,
1553 5275 1722 5345 falsos

138 5368 453 5498 “13.1131-
487 5423 864 5493 ἀδικηθέντα.
905 5423 1204 5479 Contextus
1235 5417 1326 5471 τὸν
1370 5419 1585 5489 νήπιον,
1641 5417 1728 5469 in-

163 5509 366 5553 autem.

137 5500 720 5638 [magnylepclnyOéu
768 5563 861 5638 Sic
895 5564 1161 5638 codicum
1203 5559 1364 5638 alter.
1397 5554 1540 5610 Editi
1571 5568 1726 5638 περι-

137 5626 362 5709 σλὴθὶν.
402 5626 570 5689 Paulo
603 5641 725 5709 post
753 5635 998 5709 ejusdem
1040 5629 1250 5709 codicis
1279 5642 1382 5709 cpe
1412 5626 1725 5709 emendavi-

137 5698 268 5764 mu's
301 5708 494 5761 vitium
527 5698 758 5770 vulgatae
784 5698 870 5762 εἰς
915 5701 1175 5774 χρηστόν..
1211 5698 1514 5774 Contextus
1561 5698 1724 5766 paulo

141 5787 272 5851 post
301 5768 726 5848 πεπορισμένας,
757 5768 1314 5841 ἱηῙαείἔοοηιραι-αιαε
1338 5768 1572 5840 ἄοικος..

420 5871 692 5932 ΡΑτιιοι..
727 5867 844 5931 Gn.
879 5865 1148 5930 XXXII.

1837 3321 1982 3376 sape
2015 3305 2367 3364 infecundam
2414 3308 2574 3364 ellici.
2622 3309 2930 3369 Antevertit
2979 3314 3124 3369 enim
3164 3329 3418 3385 sarpenn-

1837 3414 1990 3454 mero
2035 3398 2282 3454 futurum
2329 3401 2599 3470 judicium
2632 3403 2821 3459 divina
2859 3405 3028 3468 ultio,
3069 3420 3134 3460 ac
3161 3406 3416 3462 terminis

1836 3491 2060 3561 injustis
2090 3493 2542 3564 circumseriptas
2571 3495 2767 3552 domos
2793 3498 2927 3552 nulli
2951 3499 3063 3567 jam
3096 3506 3254 3570 aptas
3287 3504 3416 3554 usui

1835 3583 2126 3652 relinquit,
2161 3597 2228 3638 ex
2267 3599 2461 3654 magna
2503 3585 2786 3642 hominum
2818 3587 2981 3662 504
3018 3589 3322 3661 frequentia
3353 3606 3415 3645 at:

1837 3673 2125 3744 Splendido
2162 3683 2429 3746 apparatu
2464 3692 2670 3734 vacuas
2706 3679 3108 3756 habitatoribus
3138 3685 3412 3756 redigens.

1835 3765 1970 3820 Nam
1985 3767 2077 3836 qui
2097 3765 2274 3821 aliena
2291 3769 2462 3836 cupit,
2483 3785 2592 3824 non
2610 3755 2784 3826 multo
2799 3781 2923 3843 post
2939 3774 3163 3846 lugebit,
3179 3755 3416 3848 propriis

1837 3859 1955 3916 suis
1999 3859 2273 3930 privatus.
2306 3858 2384 3931 (8)
2425 3859 2567 3928 Quid
2602 3861 2814 3920 Naboth
2862 3863 3206 3922 Jezraelitam
3245 3871 3416 3926 inter-

1835 3951 2014 4006 emit?
2043 3950 2236 4008 Nonne
2275 3952 2547 4024 cupiditas
2575 3955 2800 4011 Achaab
2831 3957 3002 4012 vitem
3034 3957 3183 4016 illius
3213 3974 3418 4017 concu-

1836 4041 2103 4112 piscentis
2123 4042 2148 4096 ?

1907 4135 1958 4188 '7.
2001 4136 2079 4204 (9)
2116 4132 2430 4190 Recordare
2463 4135 2612 4192 illius
2642 4137 2770 4204 diei,
2805 4139 2862 4194 in
2892 4154 3002 4210 quo
3029 4139 3308 4196 Revclatur
3330 4145 3414 4197 ira

1835 4223 1900 4277 de
1927 4222 2055 4301 caelo
2081 4223 2162 4291 7';
2194 4223 2382 4278 veniat
2409 4224 2507 4280 tibi
2539 4226 2595 4280 in
2627 4235 2865 4284 mentem
2896 4229 3174 4301 gloriosus
3209 4234 3414 4289 adven-

1836 4323 1925 4370 tus
1963 4295 2214 4378 Ch'risti;
2249 4329 2374 4370 cum
2405 4317 2500 4386 qui
2551 4317 2695 4373 bona
2742 4295 2956 4392 egerint
2979 4362 2994 4388 ,
3036 4334 3326 4394 resurgent
3356 4325 3412 4380 in

1837 4408 2298 4462 resurrectionem
2349 4408 2508 4475 vitae;
2541 4413 2634 4481 qui
2680 4427 2810 4469 vero
2849 4416 3026 4482 mala,
3062 4416 3118 4471 in
3163 4432 3411 4473 resurre—

1838 4500 2078 4555 ctionem
2128 4500 2322 4571 judicii
2350 4502 2417 4557 ⁷⁸.
2469 4500 2598 4561 Haec
2647 4514 2703 4560 te
2735 4508 2964 4564 tristitia
2986 4509 3257 4577 alliciant,
3301 4526 3412 4566 non

1835 4593 2128 4647 molestum
2153 4593 2250 4648 tibi
2277 4595 2348 4649 sit
2377 4605 2711 4668 praeceptum
2742 4598 2858 4656 Dei.
2891 4600 3174 4667 Quomodo
3196 4603 3410 4658 [lectam

1835 4687 1928 4742 te?
1962 4686 2094 4758 quid
2123 4687 2344 4742 dicam?
2374 4686 2546 4760 Regni
2587 4705 2698 4746 non
2724 4694 2930 4749 teneris
2971 4691 3267 4758 desiderio,
3301 4711 3411 4750 non

1835 4781 1996 4836 times
2049 4780 2388 4848 gehennam,
2428 4781 2574 4837 unde
2625 4784 2836 4839 sanitas
2861 4786 3057 4842 anima:
3085 4795 3191 4842 tuae
3217 4788 3410 4842 conci-

1833 4866 2092 4922 liabitur?
2119 4866 2334 4924 Etenim
2387 4869 2432 4924 si
2464 4885 2574 4924 non
2606 4877 2812 4927 terrent
2856 4874 3128 4930 horrenda
3149 4917 3164 4940 ,
3199 4879 3244 4932 si
3287 4877 3409 4932 lteta

1831 4973 1897 5013 ac
1935 4959 2131 5013 hilaria
2168 4975 2278 5015 non
2311 4961 2693 5026 exstimulant,
2730 4963 3005 5035 lapideum
3044 4983 3142 5022 cor
3175 4969 3409 5040 alloqui-

1825 5344 1870 5401 Χ
1902 5275 1976 5400 (ἐ)
2016 5275 2254 5346 Ἀχαὰϐ.
2285 5275 2378 5334 Sic
2408 5281 3025 5337 contextusetcodicum
3053 5285 3212 5340 alter.
3237 5283 3402 5351 Editi,

1877 5365 1910 5400 α
1955 5365 2011 5401 μ.

1877 5365 2011 5401 ααμ.

2114 5417 2323 5496 φοϐεῖ.
2357 5417 2708 5496 S_i_c_uterg_t_ie
2742 5423 2933 5478 codex.
2977 5421 3120 5478 Editi
3149 5424 3210 5478 οὐ
3241 5425 3403 5496 φοϐῇ.

1920 5487 1975 5549 6)
2007 5488 2086 5542 Ex
2114 5487 2261 5544 hom.
2296 5489 2348 5542 in
2372 5489 2580 5549 divites.
2604 5487 2693 5547 57.

1925 5557 1977 5620 7)
2017 5557 2096 5613 Ex
2128 5567 2422 5615 comment.
2455 5560 2512 5614 in
2541 5559 2657 5616 Ῑεα.
2687 5561 2810 5620 486.

1925 5627 1978 5682 8i
2016 5627 2096 5698 Ex
2120 5630 2268 5684 hom.
2303 5629 2360 5683 in
2381 5628 2586 5698 divites,
2620 5632 2710 5688 57.

1905 5697 2172 5771 (9)1bid.,
2211 5697 2299 5753 δε.

3088 5858 3168 5918 38
