3840 6226
488 287 620 342 H95

1405 285 1858 344 APPENDIX.—
1898 284 2250 343 SYMEONIS
2289 286 2833 343 METAPHBASTA!

3628 286 3761 342 “96

486 417 627 455 mur.
659 399 733 471 (l)
768 399 943 456 Velim
975 408 1027 457 te
1063 399 1131 455 ab
1165 399 1450 471 injustltiae
1474 402 1733 472 operibus
1781 402 2063 472 paululum

2185 400 2511 474 Ἐϐουλόμην
2562 419 2621 456 σε
2678 402 2874 474 μικρὸν
2926 398 3267 455 ἀναπνεῦσαι
3311 399 3418 453 τῶν
3453 398 3636 473 ἔργων
3662 401 3754 468 τῆς

486 496 791 566 respirare,
842 511 876 551 ο
919 509 1119 559 avare,
1164 504 1220 550 et
1265 495 1694 567 cogitationibus
1741 496 1851 551 tuis
1892 496 2064 550 otium

485 584 649 645 dare,
683 593 863 639 tecum
900 593 958 640 ut
1002 594 1224 656 reputes
1278 586 1345 641 ad
1402 601 1563 656 quem
1609 586 1772 642 finem
1824 586 2066 642 studium

484 677 755 746 ejusmodi
786 693 971 732 rerum
998 678 1210 733 tendat.
1244 677 1426 735 Habes
1449 686 1530 733 tot
1554 679 1748 750 jugera
1774 687 1934 736 terra:
1953 694 2069 733 ara-

487 768 647 834 bilis,
682 770 908 825 totidem
943 776 1103 825 terra:
1149 770 1439 826 arboribus
1492 772 1721 825 consitze
1745 810 1759 833 ,
1815 778 2029 826 montes
2051 810 2065 833 ,

487 876 746 931 campos,
789 864 994 929 saltus,
1042 862 1272 925 ﬂuvios,
1309 872 1486 934 prata.
1540 863 1683 931 Quid
1732 864 1899 934 igitur
1946 869 2069 934 post

487 952 854 1010 haec?Nonne
883 965 994 1011 tres
1024 963 1185 1011 terra:
1219 957 1392 1011 cubiti
1425 965 1477 1012 te
1503 956 1865 1025 exspectant?
1889 970 2070 1009 nonne

487 1061 789 1115 paucorum
822 1048 1064 1116 lapidum
1100 1063 1241 1104 onus
1275 1049 1476 1102 misero
1501 1052 1716 1118 corpori
1749 1047 2071 1103 custodien-

485 1136 557 1191 do
586 1137 690 1191 erit
723 1138 896 1194 satis?
926 1139 1009 1194 Ob
1045 1154 1209 1209 quam
1242 1155 1356 1193 rem
1383 1140 1569 1209 inique
1609 1139 1763 1210 agis?
1793 1140 1922 1209 quid
1958 1154 2073 1192 ma-

486 1227 656 1284 nibus
696 1227 1101 1285 infructuosam
1133 1230 1476 1284 sterilitatem
1508 1239 1672 1300 atque
1710 1229 2073 1299 inexstingui-

480 1318 582 1373 ‘bili
628 1327 999 1391 perpetuoque
1054 1321 1167 1392 igni
1215 1322 1502 1377 materiam
1553 1323 1887 1377 coacervas?
1931 1322 2072 1375 Num

489 1400 708 1466 tandem
755 1412 1051 1481 resipisces
1084 1413 1153 1467 ab
1188 1413 1292 1467 hac
1336 1413 1641 1468 ebrietate?
1677 1428 1807 1466 num
1839 1413 2073 1483 recipies

486 1507 543 1554 te
574 1500 641 1555 ad
686 1502 957 1556 saniorem
1001 1503 1275 1557 mentem?
1307 1518 1438 1556 num
1465 1501 1534 1555 ad
1573 1510 1625 1557 te
1664 1502 1909 1557 redibis?
1941 1517 2072 1556 num

487 1590 692 1648 Christi
731 1591 1001 1664 judicium
1033 1594 1127 1647 tibi
1173 1609 1344 1663 pones
1373 1594 1444 1649 ob
1475 1594 1703 1649 oculos?
1732 1594 1906 1661 Quam
1939 1595 2075 1647 alla-

491 1694 649 1739 turus
676 1699 735 1740 es
772 1685 1216 1750 excusationem,
1256 1701 1381 1741 cum
1433 1686 1471 1741 ii
1513 1687 1606 1757 qui
1655 1686 1855 1756 injuria
1896 1686 2074 1742 allecti

2170 495 2406 561 ἀδικίας,
2431 490 2476 548 ὦ
2499 496 2816 559 πλεονέκτα,
2854 498 2948 547 καὶ
2982 493 3162 547 δοῦναι
3196 493 3389 564 σχολὴν
3417 495 3529 555 τοῖς
3562 491 3752 544 ἑαυτοῦ

2169 588 2475 658 λογισμοῖςδ
2502 587 2640 640 ὥστε
2695 586 3090 658 ἐνθυμηθῆναι,
3135 586 3272 657 πρὸς
3318 587 3466 638 ποῖον
3514 584 3750 655 πέραςὴ

2172 680 2376 752 σπουδὴ
2427 679 2536 734 τῶν
2579 679 2879 749 γινομένων
2929 678 3284 730 συντέτακται
3319 677 3417 744 ('5).
3452 675 3640 745 Ἔχεις
3659 675 3754 745 γῆς

2172 772 2445 842 ἀροσίμης
2484 771 2695 841 πλέθρα
2727 771 2859 823 τόσα
2884 770 2978 822 καὶ
3027 769 3179 832 τόσα,
3208 768 3312 838 γῆς
3343 768 3755 837 πεφυτευμένης

2171 863 2408 917 τοσαῦτα
2422 864 2605 936 ἕτερα,
2624 864 2746 935 ὅρη.
2772 862 2949 924 πεδία,
2968 862 3166 925 νάπας,
3193 863 3493 932 ποταμοὺς,
3517 860 3753 923 λιϐάδας.

2173 954 2238 1007 Τί
2262 952 2354 1009 οὖν
2385 955 2521 1026 μετὰ
2546 954 2748 1019 ταῦτα;
2779 956 2913 1025 Οὐχὶ
2944 958 3094 1027 τρεῖς
3130 972 3189 1007 σε
3222 956 3421 1025 πήχεις
3456 955 3755 1023 ἀναμένουο

2176 1062 2295 1110 σιν;
2327 1047 2447 1117 οὐχὶ
2485 1046 2648 1099 λίθων
2683 1046 2879 1114 ὀλίγων
2904 1045 3068 1116 βάρος
3091 1045 3315 1116 ἀρκέσει
3347 1046 3488 1118 πρὸς
3518 1045 3758 1117 φυλακὴν

2174 1141 2239 1209 τῇ
2275 1139 2523 1208 δυστήνῳ
2557 1139 2749 1209 σαρκί;
2794 1138 2965 1209 ’Υπὲρ
2992 1139 3136 1202 τίνος
3170 1139 3539 1207 παρανομεῖςς
3562 1138 3617 1190 τί
3644 1155 3760 1190 συν-

2175 1230 2328 1296 άγεις
2374 1230 2561 1300 χερσὶν
2600 1230 2899 1299 ἀκαρπίαν,
2946 1230 3039 1284 καὶ
3083 1230 3214 1301 ὓλην
3252 1229 3330 1301 τῷ
3358 1230 3566 1301 αἰωνίῳ
3596 1230 3758 1300 rupi;

2175 1322 2249 1374 Οὐ
2277 1321 2468 1389 νήψεις
2505 1322 2634 1375 ποτὲ
2662 1322 2771 1375 ἀπὸ
2799 1322 2899 1391 τῆς
2935 1322 3103 1393 μέθης
3135 1322 3337 1393 ταύτης
3363 1341 3378 1389 ;
3401 1323 3503 1393 οὐχ
3526 1323 3761 1390 ὑγιανείς

2174 1420 2300 1476 τοὺς
2330 1413 2658 1485 λογισμούς;
2693 1415 2791 1485 οὐχ
2825 1414 3016 1467 ἑαυτοῦ
3051 1416 3293 1488 γενήσῃ;
3328 1416 3391 1467 οὐ
3419 1416 3530 1485 πρὸ
3564 1415 3760 1485 ὀφθαλ-

2180 1505 2298 1576 μῶν
2323 1505 2467 1577 λήψῃ
2490 1506 2654 1559 τὸτοῦ
2681 1506 2919 1576 Χριστοῦ
2945 1506 3317 1578 δικαστήριον;
3333 1506 3401 1558 Τί
3423 1506 3758 1575 ἀπολογήσῃ,

2177 1600 2397 1653 ἐπειδάν
2460 1616 2520 1651 σε
2552 1599 2736 1670 κύκλῳ
2779 1601 3137 1672 περιστάντες
3162 1601 3214 1653 οἰ
3244 1599 3569 1669 ἠδικημένοι
3606 1618 3761 1652 κατα-

2179 1692 2345 1746 ϐοῶσί
2401 1710 2495 1746 σου
2543 1694 2636 1746 ἐπὶ
2680 1692 2775 1746 τοῦ
2833 1693 3044 1747 δικαίου
3108 1692 3339 1763 κριτοῦ;
3372 1693 3438 1745 Τί
3482 1696 3760 1765 ποιήσειςς

489 1777 712 1843 fuerint,
737 1778 850 1847 jam
884 1786 935 1832 tc
965 1778 1413 1839 circumstantes,
1445 1779 1741 1835 adversum
1786 1789 1838 1834 te
1866 1781 2070 1834 clama-

2185 1786 2367 1850 ποίους
2402 1788 2733 1859 συνηγόρους
2762 1785 3009 1858 μισθώσῃ
3032 1805 3045 1852 ;
3070 1759 3256 1849 ποίους
3285 1787 3576 1858 μάρτυρας
3605 1759 3765 1861 παραυ

488 1870 627 1925 bunt
654 1886 840 1926 coram
884 1886 1040 1940 aequo
1084 1870 1317 1939 judice?
1347 1871 1489 1938 Quid
1535 1888 1665 1942 ergo
1702 1872 1905 1927 facies?
1935 1889 2074 1943 quos

488 1962 767 2019 conduces
820 1962 1120 2032 patronos?
1149 1979 1290 2032 quos
1338 1970 1511 2019 testes
1558 1963 1769 2019 duces?
1800 1965 2076 2034 quomodo

488 2057 687 2111 illudes
712 2054 910 2126 judici,
936 2055 1031 2126 qui
1060 2056 1226 2111 nullis
1254 2056 1468 2111 artibus
1499 2056 1676 2126 decipi
1710 2055 2078 2126 potest?Nul-

487 2148 575 2203 lus
605 2146 678 2201 ibi
712 2148 868 2202 adest
908 2147 1112 2214 rhetor,
1144 2162 1253 2201 non
1280 2154 1406 2202 sunt
1436 2148 1603 2203 verba
1649 2148 1922 2212 suasoria,
1955 2164 2077 2218 quae

482 2241 658 2312 judici
682 2240 967 2295 veritatem
1012 2238 1272 2295 sutiurari
1324 2239 1537 2309 possint
1575 2257 1590 2295 :
1625 2254 1735 2294 non
1770 2249 2077 2310 sequuntur

487 2333 836 2397 adulatores,
891 2348 1002 2388 non
1052 2330 1329 2403 pecuniae,
1381 2347 1493 2387 non
1545 2332 1725 2388 fastus
1761 2333 2073 2405 dignitatis.

487 2426 750 2481 Desertus
803 2424 872 2480 ab
927 2425 1155 2486 amicis,
1210 2422 1514 2478 destitutus
1555 2423 1902 2489 fautoribus,
1956 2425 2077 2480 sine

485 2521 816 2592 patrocinio,
855 2519 994 2574 citra
1025 2518 1425 2582 defensionem,
1456 2519 1669 2588 pudore
1709 2518 1957 2574 suffusus
1984 2534 2073 2574 re-

486 2613 788 2685 linqueris.
834 2612 1045 2675 tristis,
1092 2619 1361 2675 maestus,
1407 2611 1727 2675 solitarius,
1773 2610 1974 2667 ﬁducia
2012 2626 2077 2666 ac

488 2706 740 2761 libertate
788 2703 1049 2775 loquendi
1096 2718 1318 2760 carens.
1374 2703 1716 2774 Quocunque
1749 2705 1893 2759 enim
1938 2719 2075 2759 con—

486 2806 668 2854 vertes
703 2797 895 2853 oculos
916 2837 932 2862 ,
960 2796 1109 2851 clara
1143 2803 1197 2849 et
1226 2803 1415 2866 aperta
1465 2796 1775 2867 conspicies
1806 2796 2076 2851 scelerum

488 2900 838 2965 argumenta;
858 2892 987 2948 hinc
1004 2891 1199 2963 pupilli
1226 2891 1522 2963 lacrymas,
1544 2890 1694 2946 illinc
1712 2890 1887 2946 viduae
1909 2890 2076 2961 gemi-

490 2995 629 3049 tum,
664 2983 885 3038 aliunde
914 2999 1122 3055 egenos
1154 2983 1252 3039 abs
1282 2990 1335 3037 te
1364 2986 1564 3053 pugnis
1595 2982 1847 3045 obtusos,
1882 2997 2075 3038 servos

2180 1881 2432 1950 στήσεις;
2475 1880 2593 1943 πῶς
2630 1881 2995 1951 παραπείσεις
3030 1881 3122 1934 τὸν
3153 1881 3599 1953 ἀπαραλόγιστον
3624 1884 3766 1936 δικα-

2181 1972 2354 2042 στήν;
2405 1973 2520 2025 Οὐκ
2559 1972 2638 2024 ένι
2676 1972 2859 2043 ῥήτωρ
2893 1973 3029 2035 ἐκεῖ,
3082 1974 3181 2026 οὐκ
3226 1973 3303 2026 ἔνι
3338 1972 3645 2044 πιθανότης
3671 1976 3765 2044 ρη-

2181 2062 2391 2132 μάτων,
2424 2062 2618 2132 κλέψαι
2652 2062 2928 2132 δυναμένη
2953 2063 3047 2115 τοῦ
3072 2063 3328 2117 δικαστοῦ
3350 2063 3449 2135 τὴν
3473 2064 3732 2136 ἀλήθειαν
3749 2082 3764 2096 ·

2177 2154 2277 2207 οὐκ
2311 2153 2696 2207 ἀκολουθοῦσιν
2725 2155 2775 2206 οἱ
2806 2153 3056 2216 κόλακες.
3093 2156 3155 2207 ού
3194 2153 3262 2206 τά
3308 2154 3600 2224 χρήματα,
3627 2155 3767 2224 οῦχό

2177 2244 2341 2312 ὄγκος
2395 2244 2492 2298 τοῦ
2534 2244 2863 2314 ἀξιώματος.
2900 2246 3146 2315 Ἐρημος
3189 2243 3378 2312 φίλων,
3407 2244 3623 2315 ἔρημος
3647 2244 3770 2314 βοη-

2178 2337 2308 2402 θῶν,
2337 2339 2764 2410 ἅσυνηγόρητος,
2796 2337 3199 2407 ἀναπολόγητος
3233 2337 3333 2407 (4),
3367 2337 3767 2408 κατῃσχυμμέ-

2177 2448 2266 2495 νος
2302 2431 2704 2502 ἀπολειφθήσῃ,
2760 2430 3106 2500 σκυθρωπὸς,
3136 2428 3407 2498 κατηφὴς,
3440 2428 3770 2500 μεμονωμέ-

2177 2542 2286 2587 νος,
2316 2523 2781 2596 ἀπαρρησίαστος.
2828 2525 3002 2578 Ὅπου
3048 2522 3157 2593 γάρ
3199 2520 3263 2575 ἂν
3297 2521 3651 2594 περιαγάγῃς
3682 2522 3770 2573 τὸν

2177 2616 2476 2687 ὀφθαλμὸν,
2511 2617 2762 2686 ἐναργεῖς
2793 2615 2912 2684 ὄψει
2938 2614 3044 2668 τῶν
3068 2614 3253 2668 κακῶν
3287 2613 3389 2675 τάς
3418 2614 3669 2675 εἰκόνας·
3688 2613 3772 2664 εν-

2178 2708 2269 2761 θεν
2308 2708 2401 2761 τοῦ
2440 2708 2678 2779 ὀρφανοῦ
2718 2708 2787 2761 τὰ
2828 2707 3061 2779 δάκρυα,
3099 2706 3308 2760 ἐκεῖθεν
3349 2706 3453 2776 τῆς
3482 2707 3661 2775 χήρας
3684 2704 3771 2757 τὸν

2179 2801 2505 2870 στεναγμὸν,
2554 2800 2818 2870 ἑτέρωθεν
2856 2801 2985 2863 τοὺς
3023 2798 3624 2861 κατακονδυλισθέντας
3669 2799 3770 2850 imi

2179 2890 2273 2944 σοῦ
2335 2891 2595 2961 πένητας,
2626 2891 2751 2954 τοὺς
2788 2889 3005 2951 οἰκέτας
3037 2888 3111 2957 (5)
3148 2888 3242 2951 οῦς
3277 2887 3620 2954 κατέξαινες,
3648 2888 3769 2949 τοὺς

2177 2982 2424 3050 γείτονας
2458 2980 2550 3044 οὓς
2580 2978 2947 3052 παρώργιζες.
2986 2980 3169 3033 Πάντα
3205 2996 3286 3032 σοι
3311 2980 3765 3049 ἐπαναστήσεται,

489 3092 629 3150 quos
660 3076 932 3141 cecidisti,
982 3077 1195 3132 vicinos
1239 3090 1380 3147 quos
1415 3074 1482 3129 ad
1509 3075 1850 3130 iracundiam
1875 3090 2070 3145 provo-

2185 3076 2274 3130 καὶ
2332 3075 2566 3147 πονηρὸς
2599 3074 2758 3146 χορὸς
2790 3074 2898 3126 τῶν
2952 3073 3137 3127 κακῶν
3180 3089 3275 3125 σου
3320 3072 3577 3144 πράξεων
3615 3089 3764 3143 περι-

489 3171 649 3226 casti.
692 3168 980 3240 lnsurgent
1027 3169 1318 3225 adversum
1364 3177 1417 3223 te
1463 3169 1650 3224 omnia
1693 3186 1706 3222 :
1751 3176 1804 3223 te
1853 3176 2074 3222 tuarum

491 3262 767 3317 actionum
814 3261 1080 3316 malarum
1117 3260 1321 3316 chorus
1355 3276 1556 3330 pravus
1590 3259 1838 3329 stipabit.
1875 3257 2075 3314 Nullus

488 3361 575 3408 est
626 3354 703 3408 ibi
758 3353 993 3423 negandi
1041 3353 1236 3417 locus,
1291 3354 1387 3409 sed
1439 3354 1731 3407 obturatur
1787 3367 1951 3407 omne
2014 3366 2079 3408 os

479 3445 802 3515 impudens.
855 3443 992 3499 Nam
1025 3446 1144 3516 ipsa
1180 3444 1553 3500 testimonium
1601 3444 1656 3499 in
1705 3459 2076 3515 unumquem-

489 3550 598 3607 que
638 3535 822 3591 ferunt
854 3551 1020 3605 opera
1043 3574 1058 3599 ,
1094 3551 1203 3589 non
1236 3534 1459 3606 quidem
1505 3550 1695 3590 vocem
1740 3535 2077 3601 emittentia,

491 3625 588 3681 sed
628 3625 756 3680 talia
800 3627 1120 3697 apparentia
1141 3667 1156 3694 ,
1188 3625 1374 3697 qualia
1405 3641 1434 3679 a
1465 3626 1625 3681 nobis
1660 3636 1881 3696 peracta
1921 3636 2072 3684 sunt.

475 3718 791 3791 .aniamus
842 3720 1006 3791 igitur
1061 3721 1189 3776 totis
1241 3720 1454 3775 viribus
1502 3721 1892 3792 gravissimum
1945 3737 2068 3775 ava-

490 3810 632 3866 ritiae
689 3809 881 3865 vitium
922 3828 934 3864 :
979 3809 1289 3880 fugiamus,
1329 3808 1592 3880 inquam,
1640 3817 1703 3864 ut
1756 3817 1811 3866 et
1865 3810 2072 3865 indicta

491 3899 651 3956 nobis
672 3902 936 3971 supplicia
959 3903 1212 3968 vitemus,
1231 3909 1287 3957 et
1311 3910 1644 3958 aeternorum
1665 3904 1931 3958 bonorum
1946 3918 2072 3972 par-

498 3990 685 4060 ticipes
714 3990 1034 4061 efﬁciamur,
1063 3994 1120 4047 in
1163 3993 1390 4049 Christo
1419 3990 1553 4049 Jesu
1592 3992 1822 4048 Domino
1853 4003 2068 4060 nostro,

498 4082 579 4137 cui
599 4082 791 4154 gloria,
822 4092 876 4139 et
896 4094 1166 4155 potestas,
1198 4100 1323 4140 cum
1344 4085 1617 4156 principio
1647 4095 1869 4142 carente
1889 4085 2072 4155 Patre,

499 4189 557 4228 ac
579 4174 933 4230 sanctissimo
955 4183 1008 4229 et
1027 4174 1344 4231 vivificante
1376 4173 1608 4246 Spiritu,
1642 4191 1814 4241 nunc,
1843 4184 1899 4231 et
1932 4191 2076 4232 sem-

483 4279 609 4331 .oer,
643 4271 698 4319 et
729 4266 787 4319 in
821 4264 1033 4321 infinita
1064 4267 1265 4321 saecula
1320 4267 1671 4322 saeculorum.
1728 4267 1928 4322 Amen.

934 4376 1093 4448 505
1133 4376 1234 4431 DE
1271 4376 1629 4434 PECCATO.

1083 4488 1318 4545 SERMO
1357 4489 1473 4546 VII.

566 4604 617 4659 1.
658 4601 735 4675 (3)
770 4601 1021 4675 Magnum
1050 4619 1115 4658 ac
1141 4604 1356 4658 varium
1385 4603 1587 4659 bellum
1620 4603 1803 4665 nobis.
1834 4601 2077 4658 dilectis-

498 4700 643 4764 simi,
682 4697 927 4768 quotidie
961 4697 1125 4752 infert
1158 4698 1336 4753 hostis
1361 4698 1639 4753 veritatis.
1673 4696 1841 4753 Infert
1868 4706 2073 4760 autem,

499 4793 578 4843 uti
612 4789 786 4855 scitis,
813 4789 943 4844 dum
972 4790 1301 4860 cupiditates
1332 4798 1552 4846 nostras
1576 4790 1760 4860 jacula
1783 4790 2075 4845 adversum

486 4896 598 4937 aios
630 4880 824 4945 efﬁcit,
857 4896 1182 4951 semperque
1207 4882 1353 4937 vires
1394 4897 1422 4935 a
1455 4881 1614 4937 nobis
1650 4881 1718 4935 ad
1746 4898 1845 4937 nos
1880 4882 2079 4937 laeden-

498 4974 598 5029 dos
623 4981 925 5028 mutuatur.
965 4971 1031 5026 Et
1068 4973 1527 5043 quemadmodum
1557 4973 1791 5043 improbi
1828 4973 2077 5027 homines

497 5081 563 5121 ac
605 5079 870 5136 rapaces,
917 5079 1151 5135 quorum
1202 5080 1367 5135 opera
1395 5080 1460 5120 ac
1494 5066 1834 5137 propositum
1881 5070 1966 5119 est
2010 5079 2079 5117 ex

498 5157 695 5214 alienis
729 5158 1021 5220 ditescere,
1054 5157 1150 5214 sed
1181 5158 1383 5228 quibus
1414 5172 1523 5211 non
1559 5159 1805 5228 suppetit
1831 5156 2077 5227 potentia

497 5259 555 5305 ut
600 5250 915 5307 violentiam
968 5259 1214 5322 apertam
1261 5259 1587 5315 exerceant,
1635 5250 1753 5306 vias
1815 5249 2081 5306 insidiose

568 5409 646 5477 (Ι)
680 5408 758 5463 Ex
785 5409 935 5465 hom.
968 5411 1022 5464 in
1056 5409 1265 5475 divites,
1291 5412 1380 5467 57.

568 5478 646 5547 (2)
687 5479 762 5533 Ex
803 5481 949 5535 hom.
1004 5497 1115 5546 χχι,
1165 5480 1317 5547 Quod
1370 5479 1653 5535 mundanis
1702 5477 2081 5534 adhwrendum

499 5562 601 5600 non
631 5549 721 5609 sit,
756 5550 879 5604 165,

571 5615 647 5687 (ὃ)
686 5620 1101 5694 ξυντέτακται.
1135 5621 1437 5694 contextus
1468 5622 1808 5691 συντέταται,
1828 5629 1892 5679 et
1917 5622 2082 5694 paulo

502 5696 649 5755 post,
682 5690 1041 5760 ἀναμένουσιν
1071 5694 1119 5747 ei
1149 5693 1361 5756 πάντες.

2180 3167 2507 3239 στοιχίσεταί
2572 3184 2652 3220 σε.
2712 3168 2826 3221 Οὐκ
2893 3167 3042 3219 ἐστιν
3102 3166 3331 3237 ἄρνησις
3396 3168 3516 3218 ἐκεῖ
3548 3205 3563 3226 ,
3634 3165 3763 3217 ἀλλὰ

2179 3259 2553 3331 ὲμφράσσεται
2599 3256 2673 3327 (6)
2710 3260 2817 3310 πᾶν
2858 3257 3035 3328 στόμα
3068 3257 3446 3326 ἀναίσχυντον.
3486 3257 3634 3308 Αύτά
3662 3256 3765 3325 γὰρ

2179 3355 2408 3408 ἑκάστου
2473 3354 2891 3423 καταμαρτυρεῖ
2942 3351 3013 3404 τὰ
3072 3350 3411 3423 πράγματα,
3465 3350 3530 3402 ού
3590 3350 3767 3419 φωνὴν

2181 3445 2427 3515 ἀφιέντα,
2456 3442 2592 3497 άλλά
2624 3442 2849 3497 τοιαῦτα
2873 3444 3176 3513 φαινόμενα
3204 3437 3293 3494 οἷα
3321 3442 3413 3508 ὑφ’
3447 3441 3606 3511 ημῶν
3642 3458 3768 3494 κατε

2182 3540 2528 3591 εσκεύασται.
2570 3536 2835 3606 Φύγωμεν
2884 3535 3175 3606 τοιγαροῦν
3209 3536 3269 3587 τὸ
3319 3537 3421 3606 τῆς
3460 3533 3767 3597 πλεονεξίας

2183 3629 2567 3701 χαλεπώτατον
2597 3628 2790 3691 πάθος,
2821 3629 2920 3698 ὅση
2956 3628 3187 3698 δύναμις
3208 3644 3222 3658 ο
3249 3627 3536 3699 φύγωμεν,
3569 3628 3654 3679 ἵνα
3684 3628 3771 3678 καὶ

2182 3722 2281 3792 τὴν
2314 3722 2709 3793 ἀπειλουμένην
2752 3722 2884 3791 ἡμῖν
2930 3720 3200 3792 τιμωρίαν
3229 3718 3516 3789 φύγωμεν,
3550 3719 3645 3771 καὶ
3670 3718 3770 3771 τῶν

2184 3814 2415 3866 αἰωνίων
2468 3812 2689 3880 ἀγαθῶν
2727 3812 3075 3882 ἐπιτύχωμεν
3121 3813 3180 3864 ὲν
3219 3810 3444 3881 Χριστῷ
3478 3810 3661 3881 Ἰησοῦ
3701 3810 3773 3878 τῷ

2178 3902 2369 3973 Κυρίῳ
2398 3902 2580 3973 ἡμῶν,
2607 3897 2651 3970 ᾧ
2673 3906 2705 3973 ἡ
2734 3902 2862 3967 δόξα
2878 3904 2973 3955 καὶ
2987 3902 3048 3955 τὸ
3076 3901 3297 3973 κράτος,
3325 3902 3426 3953 σὺν
3448 3901 3530 3971 τῷ
3556 3902 3775 3971 ἀνάρχῳ

2178 3994 2343 4047 αὐτοῦ
2400 3994 2597 4065 Ila-cpi,
2656 3994 2751 4048 καὶ⁵
2789 3994 2867 4064 τῷ
2899 3994 3151 4063 παναγίῳ
3197 3993 3294 4046 καὶ
3324 3993 3580 4063 ζωοποιῷ
3612 3994 3776 4045 Πνεῦ-

2183 4104 2331 4157 ματι,
2379 4086 2494 4151 νῦν,
2520 4088 2615 4140 καὶ
2648 4087 2754 4149 ἀεὶ,
2775 4088 2871 4139 καὶ
2896 4088 2975 4150 εἰς
3000 4088 3127 4149 τοὺς
3153 4084 3554 4157 ἀτελευτήτους
3579 4087 3776 4149 αἰῶνας

2179 4177 2288 4230 τῶν
2324 4177 2557 4230 αἰώνων.
2605 4177 2661 4228 Ἀ
2671 4178 2798 4247 μήν.

2681 4383 2857 4436 ΠΕΡΙ
2879 4381 3270 4435 ΑΜΑΡΠΑΣ.

2811 4495 3029 4549 ΛΟΓΟΣ
3074 4498 3146 4549 Ζ¹.

2257 4605 2307 4659 1.
2332 4606 2528 4669 Ῑῐολῦν,
2569 4608 2864 4677 ἀγαπητοὶ,
2888 4609 2984 4661 καὶ
3015 4609 3258 4662 ποικίλον
3281 4611 3366 4678 ἐφ’
3409 4612 3627 4682 ἡμέραν
3647 4614 3774 4682 ἡμῖν

2184 4701 2212 4752 ὁ
2240 4699 2337 4770 τῆς
2360 4698 2619 4768 ἀληθείας
2656 4699 2849 4771 ἐχθρὸς
2888 4701 3156 4771 προσάγει
3189 4702 3282 4754 τὸν
3311 4702 3568 4772 πόλεμον,
3602 4706 3776 4774 Προσ-

2188 4792 2308 4859 άγει
2329 4791 2407 4855 δὲ,
2442 4792 2517 4855 ὡς
2544 4793 2680 4853 ἴστε,
2711 4792 2808 4855 τὰς
2839 4793 3115 4864 ἡμετέρας
3141 4792 3439 4863 ἐπιθυμίας
3466 4795 3592 4848 καθ’
3619 4795 3777 4864 ἡμῶν

2189 4884 2318 4955 βέλη
2378 4884 2719 4955 ποιούμενος,
2776 4885 2870 4938 καὶ
2924 4889 3055 4957 παρ’
3088 4885 3245 4957 ἡμῶν
3298 4889 3377 4950 εἰς
3418 4889 3480 4941 τὸ
3518 4889 3778 4958 βλάπτειν

2188 4977 2335 5046 ἡμᾶς
2383 4975 2471 5028 ἀεὶ
2510 4976 2802 5046 λαμϐάνων
2829 4977 3001 5047 ἰσχύν.
3032 4980 3140 5031 Καὶ
3178 4979 3436 5051 καθάπερ
3461 4983 3510 5033 οἱ
3547 4982 3777 5052 πονηροὶ

2188 5068 2280 5121 καὶ
2314 5068 2687 5121 πλεονεκτικοὶ
2731 5068 2838 5122 τῶν
2873 5068 3200 5140 ἀνθρώπιον,
3235 5064 3316 5133 οἷς
3346 5070 3511 5141 ἔργον
3540 5073 3642 5143 μέν
3664 5075 3776 5125 ἐστι

2188 5159 2283 5213 καὶ
2313 5159 2631 5230 προαίρεσις
2663 5161 2728 5212 ἐκ
2771 5158 2881 5212 τῶν
2916 5158 3213 5229 ἀλλοτρίων
3249 5160 3528 5223 πλουτεῖν,
3549 5160 3777 5231 δύναμις

2187 5252 2244 5305 δὲ
2262 5253 2322 5305 οὺ
2356 5251 2614 5324 πάρεστιν
2645 5251 2786 5305 ὥστε
2814 5253 2951 5322 μετά
2976 5252 3288 5325 παρρησίας
3315 5251 3625 5323 βιάζεσθαι.
3658 5254 3778 5315 ταῖς

2261 5410 2335 5481 (4)
2387 5412 2887 5479 Ἀναπολόγητος.
2921 5410 3012 5466 Sic
3042 5410 3230 5468 Basilii
3279 5418 3597 5469 contextus.
3641 5412 3776 5466 Editi

2188 5480 2476 5552 habebant
2496 5481 2932 5552 ἀπαραλόγητος.

2260 5551 2337 5620 (5)
2383 5549 2528 5616 Τοὺς
2562 5549 2819 5617 οἰκέταςζ
2848 5551 2961 5606 Hoc
2996 5552 3237 5607 additum
3270 5568 3338 5608 ex
3365 5561 3653 5609 contextu.

2264 5620 2343 5689 (6)
2382 5620 2844 5690 Ἐμερράσσεται.
2899 5622 2989 5678 Sic
3036 5624 3223 5683 Basilii
3272 5634 3593 5681 contextus.
3643 5622 3777 5679 Editi

2190 5693 2367 5750 nostri
2404 5691 2691 5762 φράσεται.
