3840 6226
173 364 310 441 “97

1300 372 1533 430 SERMO
1575 374 1682 430 Vll.
1723 405 1794 415 —-
1833 375 1919 430 DE
1960 375 2294 435 PECCATO.

3292 395 3431 454 “98

164 478 305 543 ὁδοῖς
318 481 631 552 ὲᾳεορεύειν
656 481 912 536 εἰώθασι·
939 485 1034 539 καὶ
1064 502 1111 537 ει
1141 486 1290 540 ιοωσί
1317 506 1368 541 τι
1395 490 1593 562 χωρίον
1621 505 1724 560 περ

1852 504 2122 560 occupare
2172 497 2388 558 solent,
2439 502 2492 548 et
2547 497 2590 551 si
2640 497 2873 555 viderim
2914 515 3061 557 circa
3103 519 3196 559 eas
3245 522 3424 562 .ocum

165 573 358 637 αὑτὰς,
390 574 422 645 ἢ
465 573 702 645 φάραγξι
737 575 978 646 βαθείαις
1015 577 1329 651 διερρωγὸς,
1373 582 1406 653 ἢ
1439 581 1619 651 φυτῶν
1644 599 1745 633 πυ-

164 664 382 735 κνότητι
417 664 655 728 σύσκιον,
688 669 767 734 εἰς
800 668 957 721 τοῦτο
975 670 1385 743 καταδυόμενοι,
1425 674 1519 727 καὶ
1550 674 1648 745 τὴν
1679 676 1743 726 ὲκ

165 753 362 808 πολὲκοῦ
422 757 651 828 πρόοψιν
702 758 811 812 τῶν
859 760 1289 832 ὁδοιπορούντων
1323 765 1584 828 τοιούτοις
1613 765 1744 818 ὑπο-

164 852 487 923 τεμνόμενοι
529 857 1007 928 προκαλύμμασιν,
1047 860 1257 933 ἁθρόως
1282 863 1619 933 ἐπιπηδῶσιν
1646 865 1742 918 αύ-

163 946 301 1007 τοῖς,
366 945 508 999 ὥστε
568 948 643 1019 μὴ
686 949 978 1022 δυνηθῆναί
1022 969 1172 1017 τινας
1210 955 1336 1018 τοῦς
1370 956 1463 1009 τοῦ
1497 957 1739 1011 κινδύνου

158 1030 392 1102 βρόχους
441 1034 588 1099 ἰδεῖν,
637 1038 764 1109 πρὶν
796 1042 875 1103 εἰς
922 1042 1142 1106 τούτους
1192 1045 1481 1115 ἐμπεσεῖν·
1514 1046 1740 1111 οὕτωςὸ

159 1121 435 1195 δυσμενὴς
483 1126 688 1182 ἄνωθεν
733 1132 865 1200 ἡμῖν
911 1134 1006 1185 καὶ
1063 1133 1320 1206 πολέμιος
1347 1136 1610 1204 διάϐολος,
1639 1139 1739 1203 τὰς

156 1216 270 1269 τῶν
302 1221 581 1290 κοσμικῶν
596 1220 840 1292 τέρψεων
868 1223 1183 1296 ὑποτρέχων
1203 1228 1382 1293 σκιὰς,
1410 1229 1466 1283 αἳ
1491 1231 1618 1303 περὶ
1640 1232 1737 1303 τὴν

150 1308 277 1362 ὁδὸν
307 1309 400 1363 τοῦ
437 1311 551 1381 βίου
597 1312 874 1381 πεφύκασι
915 1315 1085 1371 δειναὶ
1136 1319 1342 1390 κρύψαι
1392 1321 1616 1394 λῃστὴν,
1644 1324 1738 1378 καὶ

155 1401 249 1454 τὸν
299 1403 714 1459 ἐπιϐουλεύοντα
773 1410 992 1479 ποιῆσαι
1034 1410 1236 1473 λαθεῖν,
1288 1413 1536 1466 ἐντεῦθεν
1566 1417 1736 1487 ἀπροο

152 1490 338 1556 όπτως
355 1492 452 1556 τὰς
472 1495 569 1565 τῆς
599 1496 873 1561 ἀπωλείας
895 1500 971 1568 (1)
990 1501 1309 1574 ὑποσπείρει
1333 1504 1565 1571 παγίδας
1579 1508 1730 1576 ἡμῖν.

224 1605 281 1659 2.
325 1606 463 1659 Ἀλλ’
503 1606 692 1681 ὥσπερ
732 1612 778 1663 οί
804 1611 911 1664 τῶν
939 1612 1142 1668 πόλεων
1191 1616 1465 1687 περίϐολοι
1490 1661 1506 1683 ,
1550 1619 1735 1692 κύκλῳ

151 1699 290 1751 πᾶσι
354 1700 765 1770 περικείμενοι,
830 1704 1093 1758 πάντοθεν
1150 1707 1251 1770 τὰς
1301 1708 1409 1761 τῶν
1462 1710 1734 1781 πολεμίων

152 1790 462 1861 προσϐολὰς
491 1793 845 1864 ἀπείργουσιν
870 1813 885 1828 ο
916 1796 1059 1852 οὕτω
1088 1800 1182 1853 καὶ
1212 1803 1241 1852 ὁ
1268 1802 1555 1870 φυλάσσων
1585 1807 1733 1876 ἡμᾶς

1846 584 2189 653 quempiam,
2228 593 2322 639 aut
2354 588 2585 645 vallibus
2617 590 2906 660 profundis
2934 606 3297 667 praeruptum,
3328 612 3425 655 aut

1846 674 2103 729 arborum
2145 677 2412 734 densitate
2452 681 2808 747 umbrosum,
2851 701 2918 741 eo
2953 688 3282 758 recipientes
3329 708 3422 758 se,

1844 772 1898 818 et
1926 766 2144 822 eminus
2195 771 2564 841 prospiciendi
2617 775 2917 834 viatoribus
2967 778 3281 839 facultatem
3334 785 3421 841 bis

1842 858 2203 925 pnecidentcs
2262 862 2683 933 integumentis.
2729 884 2794 923 ex
2840 870 3139 942 improviso
3190 876 3245 930 in
3297 876 3422 932 illos

1841 950 2118 1017 insiliunt,
2151 954 2225 1008 ita
2252 963 2308 1009 ut
2337 972 2500 1011 nemo
2522 961 2696 1028 possit
2727 963 2954 1034 periculi
2982 967 3208 1039 laqueos
3230 972 3419 1028 videre

1841 1050 2135 1114 antequam
2173 1045 2229 1100 in
2265 1064 2360 1105 eos
2410 1050 2616 1107 incidat
2658 1072 2672 1107 ε
2722 1056 2803 1111 sic
2846 1057 3097 1117 infensus
3146 1066 3306 1122 nobis
3349 1069 3419 1124 ab

1841 1135 1999 1190 initio
2028 1145 2081 1192 et
2110 1139 2462 1200 adversarius
2507 1146 2783 1215 diabolus,
2819 1153 3156 1225 voluptatum
3184 1162 3419 1217 munda-

1842 1242 2033 1281 narum
2067 1231 2290 1288 umbras
2320 1235 2567 1300 subiens,
2601 1255 2722 1310 quae
2746 1243 2892 1297 circa
2924 1245 3090 1317 hujus
3122 1250 3247 1305 vita;
3274 1251 3417 1307 viam

1840 1318 1907 1373 ad
1953 1322 2343 1380 occultandum
2394 1329 2704 1398 prmdonem
2753 1342 2807 1387 et
2829 1337 2898 1391 ad
2939 1338 3150 1398 dandas
3192 1343 3419 1400 insidia-

1837 1411 1945 1464 tori
1995 1411 2234 1470 latebras
2284 1417 2494 1475 idoneaa
2547 1437 2669 1478 esse
2696 1427 2905 1493 solent,
2956 1431 3086 1488 inde
3134 1434 3417 1506 inopinato

1836 1501 2095 1561 interitus
2134 1507 2362 1579 laqueos
2394 1514 2556 1570 nobis
2582 1518 2806 1588 subjicit

1885 1614 1960 1672 ’2.
1993 1620 2070 1692 (5)
2105 1621 2212 1679 Sed
2249 1631 2710 1696 quemadmodum
2747 1637 2964 1693 urbium
3010 1643 3154 1697 muri
3200 1645 3257 1700 in
3306 1647 3416 1702 cir-

1836 1712 1987 1765 cuitu
2046 1717 2194 1770 omni
2252 1732 2318 1772 ex
2376 1729 2527 1789 parte
2598 1726 2998 1798 circumducti,
3051 1738 3414 1811 undecunque

1836 1802 2078 1861 hostium
2123 1812 2368 1868 assultus
2417 1824 2604 1872 arcent
2641 1838 2653 1873 :
2685 1821 2767 1875 sic
2810 1831 2864 1877 et
2903 1830 3168 1885 custodiae
3209 1802 3413 1891 nostra;

146 1882 385 1950 ἄγγελος
405 1886 502 1937 καὶ
538 1887 871 1958 προτειχίζει
912 1890 977 1943 ὲκ
1004 1890 1112 1942 τῶν
1142 1867 1471 1965 ἔμπροσθεν,
1496 1898 1589 1951 καὶ
1606 1867 1725 1950 Idm-

2354 1867 2359 1868 ,
2641 1867 2652 1873 .
2685 1867 2766 1875 -.ν
2812 1867 2864 1877 --
2904 1867 3168 1885 suum...
3209 1867 3409 1891 "uana:

1836 1895 2059 1964 angelus
2094 1906 2146 1952 et
2175 1905 2465 1971 praemunit
2497 1921 2529 1960 a
2563 1907 2758 1975 fronte,
2788 1924 2841 1968 et
2878 1929 2910 1969 a
2953 1926 3105 1989 tergo
3146 1924 3409 1991 custodit,

151 1974 518 2043 σθοφυλακεῖ,
575 1978 668 2029 καὶ
727 1979 848 2033 οὐδὲ
914 1980 980 2033 τὰ
1044 1982 1384 2054 ἑκατέρωθεν
1446 1988 1732 2056 ἀφύλακτα

148 2067 506 2122 καταλείπει·
555 2069 669 2123 ἀλλ’
719 2072 807 2124 ἀεὶ
882 2073 1209 2145 παρεδρεύει
1261 2080 1374 2141 τοῖς
1434 2097 1730 2135 πεπιστευ-

147 2158 301 2211 κόσιν
333 2159 427 2212 ἐπὶ
470 2160 561 2213 τὸν
608 2162 834 2234 Κύριον,
876 2165 969 2218 ἐὰν
1008 2167 1082 2237 μή
1121 2184 1250 2221 ποτε
1279 2170 1440 2223 αὐτὸν
1479 2174 1640 2243 ἡμεῖς
1666 2176 1731 2228 ὲκ

143 2250 255 2303 τῶν
280 2251 534 2323 πονηρῶν
585 2252 761 2324 ἔργων
795 2255 870 2326 (2)
917 2258 1323 2332 ἁποδιὼξωμεν.
1372 2264 1461 2327 Ὠς
1497 2266 1608 2337 γάρ
1632 2266 1730 2331 τὰς

148 2342 412 2412 μελίσσας
474 2346 679 2410 καπνὸς
730 2348 1054 2417 φυγαδεύει,
1121 2353 1216 2406 καὶ
1256 2353 1356 2418 τὰς
1400 2358 1730 2430 περιστερὰς

143 2433 443 2489 ἀπελαύνει
489 2435 724 2491 δυσωδία
746 2451 762 2468 ⁶
807 2439 950 2493 οὕτω
985 2442 1078 2494 καὶ
1098 2442 1190 2496 τὸν
1219 2444 1435 2514 φύλακα
1460 2448 1558 2519 τῆς
1585 2448 1731 2521 ζωῆς

142 2525 307 2597 ἡμῶν
341 2526 573 2597 ἄγγελον
602 2531 634 2599 ἡ
666 2531 1007 2606 πολύδακρυς
1044 2538 1138 2590 καὶ
1163 2537 1407 2609 δυσώδης
1437 2542 1728 2614 ἀφίστησιν

141 2616 416 2689 ἁμαρτία.

214 2709 270 2761 5.
304 2708 485 2781 Εύχῆς
507 2712 605 2782 μὲν
627 2706 718 2766 οὖν
749 2712 919 2782 ἄξιον,
954 2717 1032 2789 μὴ
1066 2718 1448 2791 προσάψασθαι
1495 2724 1589 2778 τοῦ
1629 2743 1728 2779 κα-

140 2800 243 2852 κοῦ
270 2815 284 2828 ’
327 2799 579 2871 δεύτερος
621 2803 679 2856 δὲ
723 2804 910 2870 πλοῦς,
974 2808 1139 2873 εὐθὺς
1191 2812 1330 2882 μετὰ
1375 2813 1472 2888 τὴν
1531 2819 1725 2888 πεῖραν

140 2890 337 2963 ὥσπερ
368 2892 573 2946 ἱοδόλου
623 2894 840 2967 πληγὴν
884 2899 1242 2969 ἀποφεύγειν.
1281 2899 1414 2961 Οἶδα
1442 2907 1552 2977 γάρ
1572 2924 1726 2973 τινας

138 2985 202 3035 ἐν
233 2984 448 3055 νεότητι
472 2985 607 3056 πρὸς
652 2988 722 3042 τὰ
754 2990 855 3060 τῆς
884 2991 1086 3061 σαρκὸς
1118 2993 1265 3067 πάθη
1299 2996 1727 3070 κατολισθήσαν-

136 3091 261 3139 τας,
318 3076 412 3129 καὶ
461 3078 623 3148 μέχρι
682 3080 872 3145 πολιᾶς
930 3083 1104 3153 αὐτῆς
1162 3085 1250 3139 διὰ
1293 3086 1579 3159 συνήθειαν
1630 3089 1724 3144 τοῦ

137 3165 337 3231 κακοῦ,
382 3169 502 3232 ταῖς
553 3170 847 3242 ἁμαρτίαις
887 3176 1350 3247 παραμείναντας.

134 3259 190 3309 οί
230 3259 290 3311 ἐν
314 3256 578 3330 ’βορϐόρῳ
629 3260 1034 3328 κυλινδούμενοι
1073 3269 1245 3340 χοῖροι
1292 3269 1378 3322 ἀεὶ
1411 3272 1725 3342 προσπλάτ-

136 3366 326 3402 τουσιν
373 3351 585 3415 ἑαυτοῖς
625 3353 717 3408 τὸν
769 3356 961 3425 πηλὸν,
1013 3356 1185 3422 οὕτως
1236 3352 1382 3415 οὗτοι
1425 3361 1488 3414 τὸ
1531 3362 1597 3416 ἐκ
1624 3363 1725 3434 τῆς

136 3442 337 3513 ἡδονῆς
372 3438 557 3513 αἶσχος
606 3445 730 3502 καθ’
782 3448 1020 3522 ἑκάστην
1073 3452 1285 3523 ἡμέραν
1329 3456 1721 3526 προσαναμὰσ-

140 3551 349 3589 σονται.
412 3536 473 3588 Ἠ
524 3536 633 3608 γὰρ
689 3540 966 3611 ἁμαρτία,
1006 3542 1111 3606 ἕως
1151 3545 1249 3614 μὲν
1291 3544 1557 3612 ώδίνεται,
1610 3546 1722 3618 ἔχει

137 3627 265 3680 τινὰ
311 3628 607 3700 αἰσχύνηνο
634 3631 854 3686 ὲπειδὰν
895 3633 953 3686 δὲ
986 3634 1234 3707 τελεσθῇ,
1276 3636 1397 3690 τότε
1436 3639 1724 3708 ἀναισχυν-

135 3717 393 3789 τοτέρους
459 3722 602 3772 ποιεῖ
663 3722 788 3786 τοὺς
853 3724 1252 3796 ἐργαζομένους
1319 3727 1509 3799 αὑτήν.
1577 3728 1722 3791 Ἕως

142 3806 246 3877 μὲν
279 3802 372 3861 οὖν
409 3809 580 3880 μικρὰ
621 3812 1006 3884 ἁμαρτάνομεν
1052 3817 1144 3868 καὶ
1184 3816 1356 3885 ὀλίγα,
1408 3816 1596 3890 ὥσπερ
1652 3819 1721 3873 τὰ

138 3897 291 3966 φυτὰ
352 3899 455 3952 ὑπὸ
516 3902 748 3973 πραείας
787 3902 961 3976 αὔρας
1011 3907 1477 3980 περιδονούμενοι,
1536 3910 1719 3982 ἡρέμα

138 4006 261 4053 πως
311 3989 678 4061 σαλευόμεθα·
712 3995 931 4050 ἐπειδὰν
977 3996 1034 4049 δὲ
1086 3998 1255 4052 πλείω
1286 4000 1380 4053 καὶ
1419 4001 1643 4072 μείζονα

137 4080 209 4134 τὰ
263 4083 426 4146 κακὰ,
492 4084 633 4139 κατὰ
680 4086 779 4157 τὴν
818 4088 1108 4157 ἀναλογίαν
1153 4090 1252 4161 τῆς
1314 4091 1420 4145 τῶν
1465 4094 1717 4164 ἁμαρτη-

141 4172 334 4243 μάτων
388 4175 668 4247 αὐξήσεως
697 4179 792 4231 καὶ
828 4181 856 4233 ὁ
890 4179 1048 4244 σάλος
1082 4183 1448 4238 ἐπιτείνεσθαι
1484 4183 1713 4252 πέφυκε.

134 4264 254 4316 Καὶ
279 4265 328 4316 οί
363 4266 460 4335 μὲν
512 4268 606 4320 ἐπὶ
646 4268 806 4322 πλέον
846 4270 1159 4326 σαλεύονται
1183 4292 1195 4305 -
1229 4276 1277 4328 οἱ
1322 4275 1378 4329 δὲ
1422 4276 1582 4348 μέχρι
1621 4275 1714 4330 τοῦ

136 4357 234 4408 καὶ
281 4357 592 4428 αὑτόῤῥιζοι
650 4360 1053 4433 ἀνατραπέντες
1102 4367 1504 4439 καταϐληθῆναι
1529 4409 1543 4433 ,
1588 4369 1716 4422 ὅταν

135 4446 404 4510 λαίλαπος
447 4449 626 4519 πάσης
670 4448 971 4524 βιαιότερον
1013 4455 1079 4507 τὰ
1119 4457 1463 4527 πνευματικὰ
1491 4459 1590 4529 τῆς
1619 4476 1715 4511 πο-

135 4537 335 4607 νηρίας
379 4536 475 4601 τὰς
500 4541 661 4593 οἱονεὶ
695 4541 850 4610 ῥίζας
886 4544 984 4614 τῆς
1009 4544 1205 4616 ψυχῆς,
1240 4545 1327 4612 αἷς
1356 4551 1716 4623 ὲπεστήρικτο
1747 4555 1793 4610 D

132 4632 204 4699 τῇ
272 4629 454 4682 πίστει
501 4633 568 4701 τῇ
626 4633 764 4686 κατὰ
832 4634 985 4698 Θεὸν,
1032 4640 1337 4713 ἀπορρήξῃ.
1364 4641 1453 4713 Τῷ
1477 4645 1574 4714 μὲν
1607 4645 1714 4718 γὰρ

135 4720 413 4784 ἀκουσίως
439 4720 534 4773 τοῦ
549 4725 916 4795 προσήκοντος
946 4730 1247 4801 ἁμαρτόντι
1280 4732 1382 4787 κᾶν
1416 4735 1714 4807 συγγνώμη

132 4829 221 4899 τίς
250 4810 378 4875 ἴσως
423 4813 573 4884 παρὰ
619 4817 711 4868 τοῦ
750 4818 883 4871 Θεοῦ
916 4821 1124 4888 γένοιτο
1147 4839 1160 4851 ·
1192 4823 1272 4893 τῷ
1299 4824 1355 4878 δὲ
1406 4825 1717 4899 ἐξεπίτηδες

132 4880 206 4957 ἆ
250 4905 417 4976 χείρω
470 4880 816 4981 προελομένῳ
859 4880 1081 4984 οὐδεμία
1126 4880 1473 4988 παραίτησις,
1530 4880 1715 4992 τὸσμὶῖι

131 4996 258 5066 οὐχὶ
284 4996 665 5055 πολλαπλασίω
684 5002 780 5073 τὴν
797 5005 1014 5059 κόλασιν
1047 5008 1319 5080 ὑποσχεῖν.
1345 5012 1453 5064 Καὶ
1473 5012 1582 5085 γὰρ
1607 5013 1715 5068 τῶν

129 5085 607 5157 ἁμαρτανομένων
638 5092 703 5144 τὰ
733 5095 831 5163 μὲν
853 5097 1083 5151 ἀκούσιά
1107 5101 1242 5165 ἐστι,
1269 5101 1339 5153 τά
1363 5101 1419 5156 δὲ
1448 5103 1556 5156 ἀπὸ
1577 5104 1715 5173 γνώ-

134 5193 247 5247 μης
293 5180 535 5250 πονηρᾶς
591 5183 982 5255 ἁμαρτάνεται.
1021 5190 1229 5256 Ἀλλως
1262 5189 1354 5246 οὖν
1384 5193 1451 5248 τὰ
1481 5196 1714 5251 ἀκούσια

128 5269 393 5339 τυγχάνει
452 5275 802 5347 συγγνώμης,
865 5282 958 5335 καὶ
1010 5284 1184 5352 ἄλλως
1226 5286 1293 5340 τὰ
1336 5289 1401 5340 ὲκ
1434 5289 1714 5361 μοχθηρᾶς

207 5452 287 5520 (1)
326 5449 778 5536 Tagi-wish?
822 5461 912 5516 Sic
944 5462 1129 5536 Basilii
1157 5475 1467 5536 contextus,
1513 5473 1711 5530 melius

127 5536 299 5612 quam
325 5524 654 5612 editi'nostri
690 5530 790 5598 τῆς
819 5534 1109 5605 σωτηρίας.
1138 5536 1321 5594 Codex
1344 5524 1709 5612 Reg'iusii—lléé

125 5592 560 5664 τῆς,ςειμαρτίοις-

205 5660 284 5739 (ἢ)
311 5660 424 5717 "Ei
454 5661 571 5717 τῶν
622 5669 914 5738 πονηρῶν.
959 5672 1103 5730 Idem
1138 5678 1310 5737 codex
1349 5682 1434 5739 διὰ
1473 5684 1579 5741 τῶν
1613 5704 1708 5742 πο-

126 5745 403 5870 νηῗὲῖνὲι
428 5802 577 5859 hom.
603 5807 657 5861 in
685 5812 819 5879 psal,
857 5832 1050 5882 χχχιιι,
1088 5816 1211 5876 MS.

1830 1998 1935 2039 nec
1986 1988 2285 2059 quidquam
2354 1996 2614 2068 utrinque
2660 1988 3055 2062 incustoditum
3094 1988 3407 2084 relinquite

1831 2076 1926 2130 sed
1977 2093 2191 2151 semper
2234 2087 2495 2144 excubias
2541 2104 2741 2162 agens,
2786 2095 3015 2154 Domino
3061 2104 3409 2164 credentibus

1831 2170 2071 2235 assidet,
2114 2175 2221 2229 nisi
2275 2193 2378 2262 nos
2427 2180 2581 2236 illum
2640 2186 2903 2256 operibus
2962 2195 3148 2263 pravis
3213 2198 3406 2272 abiga-

1829 2275 1974 2317 mus.
2014 2262 2487 2330 Quemadmodum
2531 2275 2677 2330 enim
2726 2277 2912 2336 fumus
2961 2300 3094 2355 apes
3145 2262 3409 2361 fugatIet

1828 2351 1971 2408 fetor
1997 2357 2284 2416 columbas
2316 2366 2580 2433 expellit:
2622 2368 2705 2424 sic
2749 2351 3012 2444 angelum
3038 2380 3162 2436 vita:
3203 2351 3408 2441 nostrae

1827 2448 2113 2504 custodem
2141 2452 2494 2527 lacrymabile
2526 2475 2590 2516 ac
2619 2468 2938 2534 graveolens
2980 2484 3263 2533 peccatum
3284 2479 3405 2534 abi-

1826 2539 1923 2609 git.

1896 2737 1949 2792 '5.
1993 2739 2070 2810 (4)
2107 2739 2418 2813 Optandum
2444 2750 2613 2822 igitur
2648 2754 2848 2824 fuerit,
2880 2771 2939 2817 ut
2970 2779 3040 2820 ne
3069 2767 3403 2840 attingamus

1826 2831 2053 2885 malum.
2097 2835 2355 2893 Attamen
2400 2844 2644 2899 secunda
2683 2861 2935 2918 superest
2980 2831 3292 2929 navigatio,
3343 2873 3405 2919 ut

1826 2921 2011 2975 statim
2044 2934 2167 2994 post
2198 2930 2595 2998 experientiam
2626 2936 2760 2993 illud
2797 2947 3057 3014 tanquam
3096 2921 3287 3007 bestiae
3310 2968 3405 3009 ve-

1825 3021 2041 3070 nenata:
2084 3019 2301 3090 plagam
2347 3025 2707 3087 declinemus.
2756 3032 2894 3090 Novi
2929 3039 3073 3093 enim
3109 3045 3398 3112 quosdam,

1825 3104 1920 3173 qui
1957 3105 2014 3161 in
2055 3108 2343 3178 juventute
2371 3115 2441 3170 ad
2469 3123 2654 3176 carnis
2692 3124 2824 3179 vitia
2858 3126 3089 3200 delapsi,
3124 3104 3308 3206 usque
3333 3104 3403 3195 ad

1382 3181 1725 3289 "ﬂcnep‘r'dp
1751 3213 1794 3271 ο
1829 3196 2004 3266 ipsam
2040 3201 2297 3259 canitiem
2333 3207 2389 3262 in
2420 3225 2663 3279 peccatis
2692 3229 2916 3288 propter
2944 3181 3071 3280 mrali
3105 3181 3405 3289 consuetu-

1825 3288 2008 3344 dinem
2040 3307 2549 3362 perseveraverunt.
2580 3303 3050 3369 Quemadmodum
3071 3318 3219 3373 enim
3249 3338 3396 3388 sues.

1825 3381 1919 3451 qui
1956 3398 2079 3440 sese
2114 3387 2168 3440 in
2211 3402 2371 3443 emno
2405 3392 2722 3463 obvolvunt,
2754 3416 2972 3472 semper
3003 3410 3178 3479 magis
3206 3427 3271 3467 ac
3292 3429 3401 3469 ma-

1824 3470 1909 3541 gis
1936 3472 2055 3529 luto
2083 3488 2453 3549 asperguntur
2491 3503 2504 3537 :
2543 3485 2624 3541 sic
2653 3488 2688 3541 ii
2718 3470 2964 3559 quotidie
2988 3470 3164 3571 magis
3194 3517 3258 3558 ac
3283 3522 3400 3562 ma-

1824 3562 1908 3632 gis
1959 3566 2254 3637 voluptatis
2298 3570 2536 3631 dedecus
2585 3583 2919 3640 contrahunt
2976 3562 3398 3661 (5).'Peccatum

1822 3656 1990 3721 enim,
2023 3660 2266 3728 quandiu
2311 3667 2567 3733 parturit,
2601 3672 2863 3740 pudorem
2909 3656 3198 3748 quemdam
3243 3687 3402 3745 incu-

1823 3747 1887 3801 tit
1919 3766 1932 3801 :
1969 3749 2058 3803 ubi
2094 3758 2278 3806 autem
2308 3754 2613 3824 perfectum
2652 3772 2755 3828 est,
2801 3747 2937 3822 tum,
2966 3771 3400 3844 impudentiores

1821 3853 1917 3893 eos
1967 3838 2103 3894 facit
2147 3843 2242 3912 qui
2287 3848 2700 3906 commiserunt.
2725 3854 2806 3926 (6)
2839 3856 2976 3915 Dum
3023 3838 3188 3933 igitur
3231 3884 3399 3939 parva

1821 3947 2116 4002 peccamus
2145 3944 2200 3991 et
2237 3952 2444 4006 pauca,
2480 3942 2679 4001 leniter
2714 3950 3120 4018 quodammodo
3152 3966 3400 4021 commo-

1823 4041 2035 4091 vemur,
2069 4028 2218 4084 velut
2258 4031 2459 4099 plantae
2488 4051 2610 4105 quae
2654 4053 2685 4092 a
2728 4040 2838 4096 leni
2884 4060 3019 4101 aura
3068 4053 3392 4123 agitantur:

1821 4119 1914 4173 ubi
1948 4136 2079 4176 vero
2106 4123 2264 4192 plura
2288 4126 2608 4199 majoraque
2631 4131 2836 4190 fuerint
2860 4142 3000 4194 mala
3021 4186 3036 4209 ,
3062 4119 3163 4214 pro
3182 4150 3397 4209 ratione

1819 4211 2142 4269 incrementi
2208 4229 2559 4287 peccatorum
2631 4227 2797 4281 etiam
2861 4237 3157 4292 commotio
3209 4248 3395 4313 augeri

1819 4307 1975 4361 solet.
2026 4305 2093 4361 Et
2141 4309 2233 4362 alii
2269 4313 2489 4381 quidem
2535 4318 2766 4374 multum
2810 4338 3251 4401 commoventur;
3285 4305 3394 4393 valii

1817 4415 1948 4454 vero
1973 4417 2146 4471 usque
2173 4403 2331 4472 adeo,
2360 4415 2420 4461 ut
2441 4409 2603 4465 etiam
2636 4413 2901 4473 radicitus
2931 4425 3107 4479 eversi
3136 4427 3391 4499 dejician-

1818 4500 1926 4557 tur,
1963 4507 2087 4548 cum
2124 4497 2429 4566 spiritualia
2463 4505 2721 4573 nequitiae
2747 4510 2904 4577 quasi
2939 4514 3152 4572 radices
3177 4497 3392 4588 animae,

1818 4581 2019 4650 quibus
2053 4599 2149 4654 per
2178 4586 2336 4642 ﬁdem
2370 4589 2425 4643 in
2459 4589 2630 4646 Deum
2666 4596 2901 4653 subnixa
2935 4611 3074 4667 erat,
3101 4610 3250 4663 omni
3279 4581 3388 4667 tur;

1817 4673 1945 4727 hine
1978 4675 2274 4734 violentius
2326 4681 2667 4752 abruperint.
2715 4685 2819 4753 Qui
2869 4693 3016 4746 enim
3071 4696 3277 4757 invitus
3325 4706 3389 4759 at

1817 4765 1995 4822 oﬂieio
2043 4769 2318 4837 discedit,
2373 4772 2536 4846 506
2577 4777 2653 4849 (7)
2690 4778 2830 4836 forte
2887 4785 3102 4842 veniam
3154 4792 3387 4864 aliquam

1816 4857 2085 4914 obtinebit
2135 4877 2164 4915 a
2212 4861 2372 4919 Deo:
2413 4868 2507 4936 qui
2558 4884 2689 4924 vero
2733 4871 2898 4928 fuerit
2947 4882 3201 4938 consulto
3247 4857 3386 4941 male

1817 4950 2131 5020 amplexus,
2184 4954 2603 5024 implacabiliter
2651 4962 2919 5031 supplicia
2975 4967 3136 5041 longe
3183 4974 3385 5044 majora

1816 5042 2074 5112 perferet.
2109 5045 2187 5115 (8)
2226 5045 2455 5103 Peccata
2501 5050 2644 5105 enim
2685 5053 2790 5106 alia
2838 5065 2965 5110 sunt
2998 5042 3383 5121 involuntaria.

1814 5135 1922 5188 alia
1974 5150 2004 5189 a
2045 5152 2215 5205 pravo
2251 5140 2435 5195 animo
2472 5145 2746 5199 oriuntur.
2794 5145 2967 5204 Aliter
2999 5154 3187 5224 utique
3231 5157 3381 5212 datur

1813 5227 1972 5281 venia
2000 5229 2388 5287 involuntariis
2420 5253 2431 5287 :
2470 5235 2629 5289 aliter
2661 5252 2724 5290 ea
2756 5253 2877 5309 quae
2902 5255 2969 5295 ex
3000 5258 3166 5313 prava
3196 5249 3381 5303 volun-

1813 5324 1923 5374 tate
1969 5318 2138 5385 fiunt,
2176 5324 2633 5380 condemnantur.
2680 5326 2964 5400 Siquidem
3004 5351 3146 5393 unus
3190 5339 3379 5411 aliquis

1882 5476 1956 5548 (4)
1989 5477 2064 5531 Ex
2108 5478 2255 5535 liom.
2285 5482 2340 5535 in
2366 5483 2502 5548 psal.
2531 5500 2570 5548 I,
2600 5485 2690 5539 96.

1880 5551 1957 5621 (ξ)
1991 5549 2234 5621 pterque
2260 5551 2432 5606 codex
2466 5554 2670 5610 indicat
2695 5573 2861 5613 serm.
2888 5563 3056 5621 etliic.

1879 5619 1956 5691 (β)
1990 5619 2069 5691 Ex
2101 5620 2249 5677 hom.
2275 5622 2329 5675 in
2353 5623 2494 5691 paul.
2526 5641 2640 5691 LXI,
2674 5627 2793 5683 194.

1878 5690 1956 5777 (El
1989 5690 2066 5777 ἐκ
2095 5706 2260 5777 ξενίη·
2296 5690 2373 5775 Pe
2403 5694 2631 5777 “accdi:
2653 5698 2816 5777 έίῡνίε
2843 5710 2983 5777 99'."-
3024 5704 3147 5767 εει.

1879 5762 1954 5832 (8)
1994 5762 2073 5817 Ex
2104 5762 2252 5819 hom.
2294 5765 2349 5818 in
2376 5762 2603 5839 princip.
2639 5768 2797 5825 Prov.
2836 5762 2957 5829 ἰοί.
