3840 6226
416 331 552 388 1199

421 440 694 516 peccavit,
744 449 906 507 prave

421 512 739 606 parentibus
793 524 1017 595 injustis
1047 528 1371 592 procreatus
1414 514 1661 570 introivit
1697 513 1752 567 in
1802 512 2001 576 vitam,

420 602 475 679 et
487 626 631 679 inter
645 619 811 674 verba
830 615 1086 683 factaque
1103 611 1290 681 iniqua
1314 606 1558 663 nutritus
1573 603 1676 658 fuit
1693 623 1706 657 :
1728 602 1860 656 alter
1875 614 2005 655 vero

423 715 595 770 multa
644 710 855 765 habens
912 705 1136 760 virtutis
1189 701 1578 760 incitamenta,
1628 694 2005 749 educationem

426 801 917 863 honestissimam,
975 794 1407 850 admonitionem
1462 793 1783 858 parentum,
1839 782 2009 851 magi-

429 908 670 957 strorum
718 892 1099 962 disciplinam,
1135 884 1467 940 auditionem
1515 879 1845 934 diviniorum
1894 889 2011 929 ser-

431 1005 677 1053 manum,
710 986 1035 1054 castigatam
1066 978 1518 1044 moderatamque
1557 972 1795 1035 diaetam,
1817 976 1871 1024 et
1905 967 2011 1020 alia

429 1085 632 1158 quibus
679 1079 866 1135 anima
895 1074 963 1130 ad
1006 1073 1267 1127 virtutem
1318 1064 1662 1127 instituitur,
1706 1067 1896 1132 postea
1930 1066 2014 1111 ta-

431 1192 557 1233 men
582 1174 842 1243 delapsus
867 1176 950 1225 est
977 1175 1031 1222 et
1058 1167 1177 1235 ipse
1200 1164 1256 1217 in
1292 1161 1435 1215 idem
1471 1165 1752 1228 peccatum
1783 1171 1798 1219 ;
1832 1166 2014 1207 nonne

432 1282 562 1342 ergo
612 1241 737 1335 jure
770 1277 834 1316 ac
867 1258 1061 1314 merito
1112 1255 1204 1325 qui
1257 1248 1528 1321 ejusmodi
1575 1254 1695 1307 est,
1747 1241 2016 1311 supplicio

435 1335 675 1433 graviori
697 1351 989 1427 punietur?
1009 1348 1143 1402 Nam
1168 1346 1256 1399 ille
1276 1340 1498 1413 quidem
1523 1338 1594 1393 ob
1616 1336 1732 1391 sola
1767 1335 2016 1401 inspersa

437 1453 635 1508 animis
680 1446 889 1504 nostris
942 1439 1210 1498 salutaria
1246 1432 1493 1491 subsidia
1543 1426 1918 1486 accusabitur,
1958 1433 2021 1476 ut

436 1546 518 1601 cis
568 1557 680 1597 non
714 1537 883 1610 probe
921 1548 1100 1597 usus;
1143 1529 1237 1584 sed
1274 1526 1365 1579 hic
1399 1524 1646 1593 insuper,
1683 1525 1744 1573 ut
1773 1516 2023 1588 proditor

436 1636 617 1692 omnis
666 1632 771 1690 sibi
818 1624 1072 1684 concessi
1117 1616 1441 1690 adjumenti,
1472 1628 1537 1668 ac
1587 1609 1917 1681 negligentia
1966 1605 2021 1659 in

439 1741 664 1800 pravam
692 1724 856 1779 vitam
889 1720 1174 1787 abreptus.

512 1930 565 1984 4.
597 1927 674 1998 (ι)
703 1924 964 1991 Quaenam
996 1917 1162 1987 igitur
1187 1916 1413 1984 peccata
1437 1906 1655 1962 veniam
1683 1899 1823 1970 apud
1853 1898 2021 1951 Deum

442 1988 690 2080 obtinere
715 1988 971 2088 possunt,
1006 2018 1058 2065 et
1087 2008 1158 2063 ob
1187 2019 1309 2075 quas
1342 2010 1396 2055 et
1424 2001 1493 2053 ob
1525 1996 1707 2067 qualia
1737 1992 1933 2046 delicta
1969 1988 2027 2040 ﬁt

445 2116 571 2187 quis
601 2108 959 2167 contumaciae
1003 2100 1216 2173 judicio
1244 2093 1561 2151 obnoxius?
1590 2090 1775 2158 Neque
1806 2086 1861 2139 in
1892 2082 2029 2135 mul-

446 2206 681 2263 titudine
714 2214 891 2271 neque
923 2198 980 2250 in
1017 2189 1389 2264 magnitudine
1424 2191 1771 2256 peccatorum
1796 2218 1809 2240 ,
1844 2174 1939 2231 sed
1973 2174 2029 2225 in

450 2312 556 2352 una
580 2288 960 2348 tantummodo
982 2262 1365 2352 cujuscunque
1389 2273 1608 2329 tandem
1646 2265 1899 2339 praecepti
1924 2262 2033 2315 vio-

450 2386 683 2445 latione,
735 2385 1138 2434 contumacnam
1183 2370 1445 2423 adversus
1488 2362 1656 2417 Deum
1707 2358 1851 2412 clare
1884 2352 2032 2424 judi-

452 2480 605 2542 cari,
659 2479 1117 2535 communemque
1165 2460 1494 2517 sententiam
1545 2469 1574 2506 τι
1633 2450 1742 2506 Deo
1795 2447 1925 2502 ferri
1979 2444 2034 2497 in

452 2585 669 2627 omnem
697 2560 1124 2622 inobedientiam
1153 2553 1487 2610 invenimus,
1511 2545 1826 2614 Scripturas
1848 2551 2034 2596 sacras

454 2667 585 2721 dum
644 2660 965 2717 evolvimus.
1026 2650 1205 2718 Atque
1262 2646 1316 2698 in
1374 2640 1559 2694 Veteri
1622 2634 1838 2704 quidem
1918 2630 2037 2698 lego

458 2752 789 2812 horrendum
847 2748 999 2801 illum
1069 2741 1243 2810 ipsius
1305 2733 1484 2787 Achar
1540 2729 1745 2782 exitum
1794 2724 1876 2785 ⁷⁵,
1944 2725 2038 2773 aut

462 2849 584 2918 ejus
634 2843 726 2912 qui
780 2837 1017 2892 Sabbalo
1048 2832 1193 2899 ligna
1243 2825 1537 2892 collegerat
1571 2818 1652 2878 ⁸⁸,
1703 2814 2036 2868 historiam:

464 2950 699 3010 quorum
748 2937 942 2985 neuter
984 2935 1225 2991 unquam
1275 2913 1420 2970 aliud
1468 2913 1523 2965 in
1576 2909 1746 2962 Deum
1784 2918 2041 2974 ρθοοιιεεθ

463 3038 557 3084 aut
591 3027 646 3081 in
679 3022 975 3081 hominem,
1005 3017 1118 3069 sive
1151 3021 1407 3077 magnum
1452 3004 1567 3056 sive
1597 3010 1823 3068 parvum
1852 2993 2042 3061 depre-

463 3118 736 3176 henditur.
774 3110 881 3165 Sed
930 3108 1066 3161 alter
1124 3100 1344 3172 quidem
1376 3096 1447 3151 ob
1474 3094 1649 3148 solam
1699 3103 1762 3141 ac
1809 3086 2040 3154 primam

465 3211 736 3281 lignorum
782 3199 1163 3257 adiectionem
1209 3186 1556 3245 inevitabiles
1598 3194 1792 3252 poenas
1824 3177 1944 3235 luit,
1976 3188 2044 3227 ne
2072 3159 2113 3217 C

467 3266 802 3370 pmnitentize
843 3289 1064 3361 quidem
1117 3284 1342 3338 invento
1391 3278 1548 3338 loco,
1599 3266 2041 3342 quandoquidem

469 3358 563 3445 hei
621 3388 783 3457 jussu
836 3358 1129 3436 confestim
1183 3389 1213 3426 a
1263 3379 1463 3426 cuncto
1517 3366 1718 3436 populo
1772 3358 2045 3429 lapidibus

468 3446 738 3538 obruitur.
768 3476 921 3530 Alter
941 3484 1093 3532 vero,
1123 3465 1268 3537 quod
1294 3462 1471 3518 solum
1500 3456 1817 3514 sustulisset
1841 3446 2047 3518 aliquid

470 3592 534 3630 ex
575 3570 820 3633 donariis
850 3576 904 3622 et
941 3561 1284 3623 muneribus,
1320 3557 1498 3625 iisque
1527 3550 1771 3606 nondum
1805 3547 1859 3599 in
1888 3557 2049 3615 syna-

473 3677 666 3736 gogam
692 3656 1018 3728 exportatis,
1047 3650 1282 3706 necdum
1315 3646 1384 3700 ab
1421 3645 1493 3698 iis
1524 3640 1618 3710 qui
1653 3637 1719 3691 ad
1751 3636 1877 3689 talia
1912 3630 2050 3685 reci-

472 3722 672 3826 pienda
715 3722 1159 3804 destinabantur,
1206 3736 1534 3804 assumptis,
1564 3746 1672 3785 non
1705 3727 1807 3783 sibi
1856 3722 2048 3783 modo,

475 3815 573 3905 sed
604 3841 761 3899 uxori
800 3842 967 3894 etiam
999 3844 1054 3891 et
1077 3831 1268 3888 liberis
1293 3828 1445 3884 exitii
1473 3834 1637 3893 atque
1668 3815 1925 3891 perniciei
1956 3829 2052 3867 au-

475 3945 597 3994 ctor
623 3932 746 3992 fuit,
777 3937 1148 3999 praetereaque
1176 3928 1231 3977 et
1259 3918 1362 3989 ipsi
1397 3910 1755 3972 tabernaculo
1785 3920 1892 3960 una
1927 3917 2052 3957 cum

478 4029 596 4084 suis
640 3995 918 4080 omnibus.
964 4015 1197 4084 Jamque
1237 4010 1447 4082 peccati
1477 4006 1756 4061 vindicta.
1813 3997 1953 4068 ignis
1999 3995 2052 4047 in

477 4118 736 4180 modum,
784 4111 1047 4183 populum
1079 4119 1297 4161 omnem
1332 4098 1655 4170 papulatura
1683 4100 1831 4151 erat,
1868 4087 2054 4157 idque,

480 4228 606 4268 cum
648 4221 826 4276 neque
866 4215 981 4257 rem
1028 4201 1256 4254 nosset,
1301 4204 1478 4260 neque
1508 4185 1756 4257 peccanti
1799 4180 2056 4236 conscius

481 4312 648 4367 esset,
674 4298 783 4355 nisi
811 4293 998 4352 statim
1026 4290 1096 4343 ob
1127 4287 1371 4340 virorum
1409 4277 1821 4336 interfectorum
1847 4270 2057 4325 cladem

482 4393 754 4449 contritus
807 4385 1042 4459 populus
1092 4378 1323 4439 fuisset,
1378 4374 1516 4426 iram
1552 4368 1648 4423 Dei
1680 4367 1946 4426 sentiens,
1994 4374 2059 4415 ac

481 4485 647 4542 Jesus
696 4455 848 4536 Nave
882 4455 1053 4531 iﬁlius
1098 4473 1322 4542 pulvere
1351 4476 1685 4532 conspersus
1735 4455 2059 4529 procidisset

485 4592 594 4633 una
623 4590 747 4631 cum
772 4567 1102 4629 senioribus,
1136 4564 1324 4631 sicque
1356 4572 1486 4617 reus
1514 4570 1609 4623 per
1635 4559 1836 4608 sortem
1865 4549 2058 4617 depre-

482 4671 711 4728 hensus,
741 4680 835 4719 eas
854 4675 992 4730 quas
1012 4659 1124 4712 dixi
1160 4667 1352 4723 ρωηςιε
1375 4648 1641 4703 dedisset.
1661 4644 1737 4711 (2)
1760 4640 1901 4707 Quid
1929 4652 2057 4692 vero

487 4761 657 4819 Maria
681 4757 884 4828 Moysis
914 4749 1110 4808 soror?
1132 4747 1226 4802 Illa
1258 4758 1382 4799 cum
1417 4740 1597 4795 solum
1628 4732 1836 4804 aliquid
1867 4739 2054 4786 contra

486 4854 725 4924 Moysem
770 4840 1129 4916 improbando
1179 4837 1439 4896 dixisset,
1493 4831 1659 4899 idque
1709 4828 1885 4896 ipsum
1935 4837 2062 4877 vere

489 4915 749 5018 (ux'orem
780 4915 947 5000 enim,
978 4932 1176 5004 inquit,
1206 4927 1603 4995 Aﬂthiopissam
1634 4920 1737 4976 sibi
1765 4915 2059 4985 adjunxit),

492 5008 701 5095 tantam
732 5036 957 5101 experta
987 5034 1072 5082 est
1113 5023 1206 5079 Dei
1239 5016 1696 5088 indignationem.
1729 5018 1790 5064 ut
1834 5025 1903 5063 ne
1946 5008 2064 5076 ipso

494 5123 715 5199 quidem
730 5100 914 5190 bloyse
936 5121 1193 5186 precante
1221 5106 1429 5181 peccati
1452 5118 1613 5176 pinna
1630 5103 1735 5172 ipsi
1761 5100 2066 5155 remittere-

497 5187 584 5275 tur
598 5216 665 5271 ⁶¹.
682 5211 789 5271 Sed
806 5187 1041 5267 istorum
1058 5203 1189 5278 quid
1204 5198 1519 5257 meminisse
1537 5207 1761 5250 necesse
1778 5197 1886 5255 est,
1905 5187 2065 5258 507

1303 310 1659 369 APPENDK.
1693 341 1759 351 ——
1803 305 2149 363 SYllEON‘lS
2189 293 2731 359 METAPHRASTE

956 432 1027 487 ab
1084 427 1243 484 initio
1285 427 1587 488 educatus;
1635 424 1833 492 quippe
1880 430 1932 473 et
1970 435 2038 481 a.

2151 417 2474 490 ροαιρέσεως
2526 407 2932 479 κατακρίνεται.
2977 400 3036 451 '0
3074 397 3168 468 μὲν
3196 393 3303 464 γάρ
3332 406 3416 450 τις
3434 388 3685 458 ἥμαρτε,

3534 270 3686 326 1200

2105 478 2357 576 πονηρῶς
2396 502 2456 555 τὸ
2501 499 2561 564 ἐξ
2611 478 2785 569 ἀρχῆς
2838 487 3209 563 τεθραμμένος
3235 500 3248 512 ’
3296 480 3391 534 καὶ
3426 478 3534 547 γὰρ
3588 478 3690 527 καὶ

2106 570 2441 665 ὑπὸ-γονέων
2471 592 2669 646 ἀδίκων
2728 588 2807 649 είς
2849 583 2939 636 τὸν
2972 580 3084 650 βίον
3112 572 3392 646 παρήχθη,
3427 570 3524 623 καί
3558 584 3690 620 συν-

2107 657 2318 760 ετρὰξρη
2346 685 2439 739 καὶ
2481 683 2686 755 ῥήμασι
2708 677 2801 730 καὶ
2834 673 3067 745 πράξεσι
3098 664 3457 747 παρανόμοις,
3490 657 3690 719 ’Δλλος

2108 750 2368 835 aeneia
2397 750 2533 844 ἔχων
2560 750 2647 823 τὰ
2693 764 3112 839 προκαλούμενα
3148 757 3307 810 αὑτὸν
3344 756 3423 816 εἰς
3458 750 3687 824 ἀρετὴν,

2111 868 2419 940 ἀνατροφὴν
2479 861 2850 936 σεμνοτάτην,
2902 853 3216 921 νουθέτησιν
3260 846 3483 915 γονέων,
3540 840 3695 894 6:81-

2114 934 2428 1029 cxo'tlmvii’i)
2480 934 2792 1026 ἀκρίϐειαν,
2847 947 3109 1018 ἀκρόασιν
3159 941 3332 1009 λόγων
3377 934 3695 1003 θειοτέρως),

2112 1056 2321 1108 δίαιταν
2346 1027 2814 1115 κατεσταλμένην,
2846 1040 3017 1093 τᾶλλα
3047 1031 3127 1098 οἷς
3156 1030 3301 1103 ψυχὴ
3326 1027 3700 1094 παιδαγωγεῖ-

2112 1165 2203 1201 ται
2260 1143 2397 1215 πρὸς
2442 1141 2679 1212 ἀρετήν·
2734 1131 2852 1188 εἶτα
2919 1131 3013 1185 καὶ
3067 1127 3229 1189 αὐτὸς
3269 1127 3349 1186 είς
3388 1123 3489 1192 τὴν
3522 1117 3700 1186 αὐτὴν

2118 1208 2391 1309 ἁμαρτίαν
2431 1208 2725 1285 ὑπώλισθε.
2787 1225 2913 1288 Πῶς
2967 1218 3060 1275 οῦν
3104 1218 3224 1289 ουχὶ
3275 1212 3584 1286 βαρυτέρας
3616 1208 3701 1260 δι·

2117 1300 2288 1391 καίως
2319 1330 2347 1381 ὁ
2370 1323 2610 1385 τοιοῦτος
2640 1321 2737 1390 τῆς
2753 1314 3025 1387 τιμωρίας
3058 1309 3451 1378 ἀξιωθήσεται;
3502 1304 3560 1354 ὐ
3599 1300 3702 1369 μὲν

2118 1422 2227 1494 γὰρ
2261 1419 2353 1473 ἐπὶ
2371 1417 2560 1489 μόναις
2582 1415 2699 1475 ταῖς
2731 1405 3212 1478 κατεσπαρμέναις
3239 1401 3298 1451 ἐν
3314 1399 3431 1459 ταῖς
3464 1393 3704 1452 ἐννοίαις

2121 1476 2275 1582 quiin;
2307 1476 2592 1577 σωτηρίοις
2619 1501 2892 1572 ἀφορμαῖς
2919 1476 3334 1564 ἐγκληθήσεται,
3367 1487 3444 1549 ώς
3474 1484 3536 1537 οὐ
3563 1476 3707 1553 χρηο

2124 1574 2354 1672 σάμενος
2382 1574 2571 1660 αῦταῖς
2612 1592 2780 1661 ὑγιῶς
2804 1608 2817 1620 ·
2855 1590 2883 1642 ὁ
2909 1588 2966 1641 δὲ
2994 1586 3131 1658 πρὸς
3165 1581 3338 1650 τούτῳ
3362 1579 3463 1649 (ιι),
3495 1578 3596 1629 καὶ
3628 1574 3705 1635 ώς

2127 1689 2479 1766 προδεδωκὼς
2533 1688 2713 1740 πᾶσαν
2748 1682 2847 1753 τὴν
2895 1677 3185 1749 δεδομένην
3224 1670 3374 1741 αυτῷ
3408 1665 3707 1738 συνεργίαν

2049 1779 2098 1839 Β
2128 1758 2222 1839 καὶ
2248 1783 2313 1837 δι’
2340 1778 2668 1853 ἀπροσεξίαν
2693 1777 2771 1839 είς
2808 1768 2898 1825 τὸν
2929 1768 3164 1839 πονηρὸν
3191 1765 3305 1837 βίον
3344 1758 3706 1831 κατασυρεὶς.

2196 1897 2249 1951 4.
2276 1897 2413 1949 Ποῖα
2471 1887 2564 1946 οῦν
2610 1891 2717 1943 τῶν
2755 1883 3167 1959 ἁμαρτημάτων
3198 1877 3527 1949 συγγνώμην
3562 1873 3711 1944 ἔχειν

2127 1987 2349 2041 δύναται
2395 1982 2544 2054 παρὰ
2595 1980 2670 2051 τῷ
2690 1978 2847 2050 Θεῷ;
2881 1978 3023 2030 πόσα
3051 1975 3107 2027 δὲ
3142 1973 3236 2025 καὶ
3280 1970 3486 2041 πηλίκα
3526 1969 3713 2035 ἁμαρ-

2127 2080 2299 2148 τήσας
2323 2093 2425 2138 τις,
2464 2071 2763 2133 ὑπεύθυνος
2812 2068 3022 2139 γίνεται
3050 2064 3125 2135 τῷ
3161 2064 3390 2136 κρίματι
3421 2061 3521 2130 τῆς
3546 2061 3713 2111 ἀπει-

2131 2169 2313 2233 θείας;
2345 2165 2479 2219 Οῦτε
2507 2165 2563 2217 ὲν
2598 2163 2673 2234 τῷ
2707 2160 2900 2231 πλήθει
2926 2158 3035 2212 τῶν
3067 2152 3556 2228 ἁμαρτανομένων,
3590 2149 3715 2204 οὔτε

2132 2262 2190 2313 ὲν
2240 2257 2317 2328 τῷ
2368 2255 2586 2327 μεγέθει
2625 2252 2734 2307 τῶν
2785 2250 3218 2321 ἁμαρτημάτων,
3249 2248 3307 2298 ὲν
3353 2245 3491 2316 μόνῃ
3542 2243 3604 2295 δὲ
3647 2245 3717 2311 τῇ

2134 2351 2443 2424 παραϐάσει
2497 2345 2804 2402 οὑτινοσοῦν
2839 2342 3259 2415 προστάγματος
3307 2338 3497 2407 σαφῶς
3533 2336 3721 2407 κρίνο-

2139 2462 2237 2515 μεν
2272 2442 2347 2512 (5)
2393 2442 2489 2511 τὴν
2519 2440 2655 2510 πρὸς
2702 2436 2832 2490 Θεὸν
2866 2434 3165 2495 ἀπείθειαν,
3223 2431 3315 2485 καὶ
3352 2429 3531 2483 κοινὸν
3577 2430 3722 2481 κατὰ

2138 2537 2317 2606 πάσης
2350 2533 2632 2604 παρακοῆς
2663 2530 2758 2585 τοῦ
2790 2530 2925 2583 Θεοῦ
2951 2529 3011 2582 τὸ
3040 2530 3213 2598 κρῖμα
3241 2523 3595 2594 εὑρίσκομεν,
3622 2522 3723 2583 τὰς

2138 2629 2289 2691 θείας
2328 2625 2687 2687 ἀναλαϐόντες
2748 2621 2985 2694 Γραφάς.
3031 2621 3116 2671 Ἐν
3163 2618 3262 2689 μὲν
3307 2618 3373 2686 τῇ
3417 2615 3641 2684 Παλαιᾷ
3661 2612 3725 2664 τὸ

2140 2720 2368 2789 φοϐερὸν
2419 2720 2592 2770 έκεῖνο
2623 2713 2718 2767 τοῦ
2756 2714 2933 2782 Ἀχαρ
2972 2707 3431 2777 ἀναγινώσκοντες
3475 2704 3651 2767 τέλος,
3685 2703 3718 2769 ἦ

2138 2811 2237 2878 τὴν
2263 2807 2404 2860 κατὰ
2431 2807 2520 2859 τὸν
2541 2807 2599 2858 έν
2624 2803 2883 2873 Σαϐϐάτῳ
2906 2801 3038 2868 ξύλα
3066 2798 3398 2862 ἀναλέξαντα
3438 2794 3682 2864 ἱστορίαν
3705 2813 3720 2825 ·

2141 2896 2215 2951 ὧν
2244 2895 2503 2966 ἑκάτερος
2538 2894 2688 2947 οὐδὲν
2709 2892 2961 2945 οὐδέποτε
2985 2890 3113 2945 ἄλλο
3145 2890 3244 2942 οὐκ
3264 2891 3341 2951 εἰς
3375 2887 3508 2941 Θεὸν
3542 2889 3725 2957 ἡμαρ-

2141 2987 2341 3059 τηκὼς,
2376 2987 2476 3039 οὐκ
2505 2985 2789 3056 ἄνθρωπον
2821 2981 3197 3054 ἡδικηκὼς,οὐ
3234 2980 3396 3051 μέγα,
3430 2980 3494 3031 οὐ
3528 2978 3723 3048 μικρὸν

2145 3080 2301 3143 ὅλως,
2363 3078 2696 3149 εὑρίσκεται.
2754 3074 2895 3128 Ἀλλ’
2924 3076 2952 3127 ὁ
2982 3075 3078 3144 μὲν
3111 3060 3205 3125 ὲπῖ
3231 3074 3367 3144 μόνῃ
3402 3072 3500 3123 καὶ
3533 3070 3723 3140 πρώτη

2146 3171 2255 3223 τῶν
2294 3169 2462 3232 ξύλων
2515 3166 2744 3236 συλλογῇ
2794 3163 3166 3235 ἀπαραίτητον
3194 3161 3379 3213 δίδωσι
3404 3160 3506 3230 τὴν
3544 3160 3720 3227 δίκην.

2145 3262 2265 3316 οὐδὲ
2298 3260 2583 3331 μετανοίας
2610 3259 2773 3311 τόπον
2802 3255 2975 3327 εὑρών
2997 3271 3011 3285 ·
3039 3253 3423 3325 προστάγματι
3460 3251 3571 3321 γάρ
3588 3251 3722 3303 Θεοῖο

2146 3353 2297 3423 παρὰ
2339 3353 2536 3414 παντὸς
2571 3350 2666 3404 τοῦ
2700 3349 2831 3402 λαοῦ
2873 3348 3212 3420 παραχρῆμα
3244 3346 3617 3401 λιθοϐολεῖται.
3666 3346 3725 3395 Ὀ

2147 3445 2225 3508 δὲ,
2257 3445 2341 3497 ὅτι
2380 3444 2538 3514 μόνον
2566 3442 2812 3512 ὑφείλετο
2841 3459 2893 3494 τι
2924 3440 3032 3493 τῶν
3065 3439 3454 3511 ἀναθημάτων,
3489 3437 3640 3491 οὔπω
3670 3436 3727 3488 δὲ

2149 3536 2561 3607 εἰσενεχθέντων
2626 3537 2708 3597 είς
2760 3533 2859 3603 τὴν
2910 3530 3271 3601 συναγωγὴ-ιλ
3310 3529 3435 3583 οὐδὲ
3497 3528 3728 3600 προσδε-

2150 3628 2387 3699 χθέντων
2458 3627 2564 3679 ὑπὸ
2635 3625 2744 3678 τῶν
2800 3626 3244 3692 ἐπιτεταγμένων
3313 3622 3384 3675 τὰ
3453 3621 3677 3674 τοιαῦτα
3716 3662 3729 3677 .

2152 3717 2324 3779 αἴτιος
2350 3716 2645 3779 ἀπωλείας,
2690 3716 2786 3784 οὐχ
2811 3713 2986 3784 ἑαυτῷ
3023 3713 3188 3782 μόνῳ,
3224 3711 3364 3765 ἀλλὰ
3386 3712 3485 3764 καὶ
3513 3712 3729 3781 γαμετῇ

2153 3810 2247 3863 καὶ
2274 3810 2508 3871 τέκνοις,
2543 3808 2680 3878 πρὸς
2706 3806 2762 3859 δὲ
2805 3807 2899 3859 καὶ
2940 3807 3078 3877 αὐτῇ
3104 3806 3299 3875 σκηνῇ,
3330 3805 3428 3857 σὺν
3458 3806 3592 3857 πᾶσι
3618 3806 3734 3864 τοῖς

2158 3902 2308 3964 ίδίοις
2337 3900 2574 3969 ἐγένετο,
2608 3897 2839 3969 Ἔμελλε
2870 3897 2927 3950 δὲ
2977 3897 3075 3966 ἤδη
3121 3896 3313 3949 θᾶττον
3357 3897 3455 3948 καὶ
3486 3897 3578 3948 τὸν
3606 3895 3737 3947 λαὸν

2155 3991 2389 4055 ἅπαντα,
2412 3990 2585 4059 πυρὸς
2606 3989 2825 4058 τρόπον,
2854 3985 3208 4056 ἐπινέμεσθαι
3233 3985 3332 4054 τῆς
3363 3985 3642 4055 ἁμαρτίας
3680 3986 3743 4037 τὸ

2157 4084 2345 4145 κακὸν,
2372 4084 2466 4136 καὶ
2503 4080 2696 4146 ταῦτα,
2730 4079 2855 4134 οὔτε
2884 4078 3064 4131 είδότα
3084 4079 3145 4131 τὸ
3174 4078 3423 4146 γεγονὸς,
3453 4077 3580 4131 οὔτε
3614 4096 3745 4132 συν-

2158 4173 2437 4241 εγνωκότα
2484 4169 2564 4240 τῷ
2616 4170 3022 4239 ἁμαρτήσαντι,
3082 4169 3132 4219 εἰ
3181 4168 3255 4237 μὴ
3304 4167 3520 4235 ταχέως
3544 4169 3608 4220 ἐκ
3638 4169 3745 4237 τῆς

2160 4265 2419 4327 πτώσεως
2445 4261 2553 4315 τῶν
2585 4260 2980 4332 ἀναιρεθέντων
3024 4258 3231 4329 ἀνδρῶν
3266 4258 3562 4330 συνετρίϐη
3589 4260 3692 4329 μὲν
3718 4262 3745 4311 ὁ

2159 4358 2287 4420 λαὸς
2325 4354 2646 4426 αἰσθόμενος
2678 4354 2775 4423 τῆς
2807 4352 2979 4423 ὀργῆς
3010 4349 3102 4404 τοῦ
3136 4349 3293 4409 Θεοῦ,
3334 4348 3501 4402 ἔπεσε
3530 4350 3590 4402 δὲ
3624 4350 3747 4418 ἅμα

2161 4452 2273 4512 τοῖς
2307 4446 2700 4519 πρεσϐυτέροις
2723 4442 3180 4511 καταπασάμενος
3201 4439 3328 4510 χοῦν
3360 4439 3573 4510 Ἰησοῦς
3598 4440 3628 4490 δ
3647 4439 3743 4490 τοῦ

2163 4543 2319 4612 Ναυῆ
2339 4557 2352 4570 °
2380 4541 2472 4593 καὶ
2507 4537 2650 4591 οὕτω
2697 4536 2785 4589 διὰ
2831 4536 3031 4607 κλήρου
3059 4533 3334 4605 φιιιραθεὶς
3361 4536 3389 4586 ὁ
3423 4532 3609 4602 ἔνοχος
3644 4532 3746 4601 τὴν

2165 4636 2460 4706 είρημένην
2488 4632 2686 4685 δέδωκε
2704 4628 2959 4700 δίκην.Τί
2986 4628 3042 4680 δὲ
3070 4625 3256 4697 Μαρία
3283 4628 3314 4694 ἡ
3349 4625 3555 4696 ἀδελφὴ
3584 4626 3749 4677 Mur}

2168 4728 2344 4792 σέως;
2378 4724 2524 4794 Αὕτη
2549 4722 2690 4776 κατὰ
2737 4720 3014 4782 Μωῦσέως
3037 4719 3223 4790 ἐπειδὴ
3262 4715 3385 4771 εἶπέ
3416 4735 3471 4770 τι
3502 4718 3665 4788 μόνον
3690 4720 3749 4769 ἐν

2169 4816 2564 4886 καταγνώσεως
2595 4816 2771 4886 μέρει,
2799 4815 2890 4866 καὶ
2914 4811 3066 4866 τοῦτο
3100 4811 3298 4882 ἀληθὲς
3329 4814 3589 4879 (γυναῖκα
3609 4812 3747 4879 γὰρ,

2171 4913 2356 4981 φησὶν,
2415 4910 2769 4962 Αἱθιόπισσαν
2808 4906 3000 4959 ἐλαϐεν
3042 4902 3265 4972 ἑαυτῷ),
3297 4902 3571 4972 τοσαύτης
3596 4904 3752 4953 ἒπει-

2174 5003 2311 5075 ράθη
2360 5002 2458 5071 τῆς
2514 4999 2606 5053 τοῦ
2657 4998 2793 5052 Θεοῦ
2823 4998 3269 5067 ἀγανακτήσεως,
3300 4994 3378 5056 ὡς
3416 4993 3553 5063 μηδὲ
3579 4992 3749 5044 αὐτοῦ

2171 5094 2265 5148 τοῦ
2291 5091 2568 5152 Μωῦσέως
2614 5087 2949 5150 ἱκετεύοντος
2996 5084 3420 5156 συγχωρηθῆναι
3460 5083 3596 5151 αὐτῇ
3650 5083 3752 5150 τῆς

2175 5182 2447 5254 ἁμαρτίας
2484 5181 2544 5232 τὸ
2585 5177 2879 5248 ἐπιτίμιον.
2912 5174 3021 5229 Καὶ
3049 5176 3103 5226 τί
3135 5173 3218 5226 δεῖ
3248 5171 3378 5242 περὶ
3414 5170 3623 5222 τούτων
3660 5166 3751 5217 λέ-

566 5371 612 5404 "
640 5368 754 5425 los.
798 5381 897 5430 vn,
926 5361 1018 5417 25.
1094 5358 1139 5389 ⁸⁰
1181 5355 1342 5409 Num.
1376 5369 1464 5416 xv,
1499 5349 1589 5404 56.
1661 5347 1705 5378 “
1750 5343 1911 5398 Num.
1949 5357 2045 5403 xu,
2087 5338 2155 5393 17
2184 5352 2305 5407 sqq.

672 5518 1050 5649 ῗίἒάυῐοωωίο
1082 5514 1155 5568 De
1189 5510 1386 5580 judicio
1412 5506 1531 5569 Dei,
1585 5502 1709 5557 217.

737 5609 751 5646 ι
798 5634 812 5647 .
1406 5634 1425 5641 _

677 5593 1096 5735 lgigiquaaw,
1129 5666 1280 5707 nanc
1308 5634 1493 5705 vocém
1522 5640 1827 5698 addidimus
1851 5652 1915 5692 ex
1945 5650 2069 5691 con-

506 5724 659 5789 ιεὶιίι
682 5741 735 5788 et
760 5730 1013 5785 codicum
1045 5724 1234 5780 altero.

2248 5488 2320 5572 (4)
2351 5488 2507 5572 Πρὸς
2536 5488 2743 5567 τούτῳ.
2798 5485 2889 5541 Sic
2930 5486 3072 5541 idem
3130 5483 3299 5545 codex
3332 5489 3386 5536 et
3438 5487 3749 5535 contextus.

2172 5558 2312 5616 Editi
2345 5558 2481 5630 πρὸς
2510 5558 2687 5610 τοῦτο.

2247 5630 2324 5700 (5)
2358 5621 2668 5710 ιζρίνομεν.
2710 5625 3017 5695 Legendum
3062 5623 3277 5680 videtur
3306 5628 3365 5676 ut
3409 5621 3465 5675 in
3494 5624 3755 5675 contextu

2181 5715 2526 5771 κρινομενην.

3808 94 3818 387 l
