3840 6226
442 272 463 321 1
473 267 579 321 203

1379 270 1743 330 APPENDIX.
1766 306 1835 317 —
1875 276 2222 335 SYMEONIS
2260 281 2797 341 ΜΕΤΛΡΙΙΚΛΞΤΑΞ

3572 294 3704 348 ιλιι

510 381 565 434 5.
622 381 697 450 (ι)
758 379 889 450 Ejus
925 380 1146 451 quidem
1188 385 1404 455 generis
1440 388 1648 458 judicia
1684 392 1917 456 plurima
1962 395 2016 448 in

2194 400 2246 453 5.
2278 401 2512 454 Τοιαῦτα
2547 404 2645 471 μὲν
2677 397 2769 457 οῦν
2793 405 2875 456 ὅτι
2903 403 3129 459 πλεῖστα
3157 405 3296 459 κατὰ
3328 423 3428 475 την
3460 408 3702 462 μαλαιὲιν

445 470 625 526 Veteri
654 470 1007 528 Testamento
1037 474 1302 533 adversus
1329 493 1545 535 omnem
1586 482 2015 540 inobedientiam

440 563 784 633 reperimus;
822 579 922 620 nec
947 581 1079 622 vero
1109 566 1196 622 his
1226 571 1511 639 pauciora,
1546 572 1758 629 Novum
1786 577 2018 647 legendo

439 655 569 708 dum
634 656 917 727 pergimus
951 697 967 721 ,
1037 660 1132 715 sed
1197 670 1252 715 et
1325 664 1499 718 multo
1527 664 1616 720 hic
1687 670 2017 725 severiorem

439 745 903 815 deprehendimus
975 749 1172 819 judicii
1245 755 1644 821 acerbitatem,
1720 766 1781 812 ut
1850 760 2013 825 illud,

441 833 635 890 Servus
681 837 773 906 qui
819 841 1058 909 cognovit
1108 842 1429 897 voluntatem
1471 844 1636 917 508
1682 847 1881 902 domini
1935 851 2019 904 sui

440 941 489 983 et
528 948 634 985 non
671 932 795 1001 fecit
820 973 835 995 ,
879 934 1149 1003 vapulabit
1197 938 1422 1002 multis;
1462 942 1552 1010 qui
1576 951 1750 996 autem
1783 960 1885 997 non
1930 961 2017 996 co-

441 1022 657 1090 gnovit,
715 1033 766 1076 et
812 1023 936 1092 fecit
967 1026 1128 1094 digna
1175 1027 1383 1098 plagis,
1443 1030 1709 1098 vapulabit
1749 1034 2013 1100 paucis".

442 1111 695 1169 Christus
717 1115 965 1185 profecto
996 1134 1097 1172 nec
1127 1134 1254 1174 eum
1298 1122 1390 1190 qui
1433 1124 1678 1191 peccarit
1703 1124 2018 1194 imprudens

442 1219 472 1255 a
525 1205 704 1273 poenis
745 1205 977 1272 liberat,
1037 1216 1090 1261 et
1126 1210 1181 1264 in
1242 1225 1338 1265 eos
1372 1213 1464 1280 qui
1515 1214 1815 1282 prudentes
1845 1217 2019 1271 delin—

443 1305 651 1361 quunt,
698 1297 1132 1355 vehementiores
1166 1301 1343 1357 minas
1384 1304 1636 1361 intendit.
1674 1304 1735 1358 Et
1773 1323 2015 1373 rursum,

444 1385 644 1442 Caelum
668 1430 682 1452 ,
741 1390 920 1461 inquit
948 1431 964 1453 ,
1013 1403 1063 1446 et
1094 1405 1239 1447 terra
1280 1395 1582 1450 transibunt
1609 1439 1623 1462 ,
1655 1399 1807 1454 verba
1842 1411 2018 1455 autent

444 1495 560 1532 mea
606 1496 706 1532 non
738 1481 1082 1548 prwteribant
1112 1485 1177 1538 ⁸⁸.
1237 1485 1436 1541 Beatus
1469 1504 1689 1559 quoque
1738 1493 2019 1561 apostolus

447 1572 647 1629 Paulus
684 1576 798 1641 ait,
854 1575 1096 1633 Consilia
1148 1579 1473 1638 destruentes
1498 1624 1513 1648 ,
1551 1594 1600 1639 et
1636 1603 1841 1639 onmem
1888 1588 2017 1642 alli-

445 1663 678 1718 tudinem
739 1667 1073 1722 extollentem
1123 1686 1178 1723 se
1242 1670 1493 1726 adversus
1551 1675 1826 1729 scientiam
1881 1676 2015 1742 Dei,

2119 492 2397 565 Διαθήκην
2426 493 2752 565 εὑρίσκομεν
2786 494 2925 549 κατὰ
2957 497 3137 566 πάσης
3167 498 3452 568 παρακοῆς
3478 498 3554 551 τὰ
3587 502 3701 569 κρί-

2123 601 2268 654 ματα
2286 600 2299 613 ·
2340 584 2439 654 οὐχ
2468 580 2630 656 ἦττον
2666 585 2723 638 δὲ
2752 585 2958 638 τούτων
3000 589 3057 638 ἐν
3086 590 3151 657 τῇ
3183 589 3356 658 Καινῇ
3381 588 3700 659 ἐρχόμενος.

2118 675 2253 729 ἀλλὰ
2299 676 2393 730 καὶ
2440 676 2618 747 πολλῷ
2665 677 2835 731 πλείω
2862 677 3263 749 καταμανθάνω
3306 680 3402 732 τοῦ
3434 680 3703 750 κρίματος

2118 767 2216 837 τὴν
2248 768 2603 839 σφοδρότητα,
2636 763 2778 821 οἷον⁸
2815 771 2869 821 '0
2898 770 3119 836 δοῦλος
3147 774 3180 824 ό
3215 771 3397 839 γνοὺς
3427 770 3494 824 τὸ
3530 772 3702 838 θέλη-

2114 875 2201 927 μα
2224 858 2331 913 τοῦ
2356 861 2566 927 prlov
2602 859 2824 925 αὐτοῦ,
2861 860 2959 913 καὶ
2992 860 3079 929 μὴ
3115 861 3411 926 ποιήσας,
3445 860 3702 929 δαρήσε-

2121 965 2214 1000 ται
2267 947 2502 1014 πολλάς
2525 965 2539 980 '
2582 952 2615 1003 ὁ
2651 948 2721 1002 δὲ
2750 949 2837 1018 μὴ
2889 951 3072 1020 γνοὺς
3099 991 3113 1015 ,
3154 950 3417 1017 ποιήσας
3454 950 3527 1004 δὲ
3563 952 3703 1014 ᾶξια

2121 1033 2373 1104 πληγῶν
2394 1076 2408 1099 ,
2443 1035 2769 1103 δαρήσεται
2797 1040 3004 1107 ὀλίγας
3027 1058 3038 1069 ·
3076 1041 3170 1093 καὶ
3201 1041 3337 1103 ὅλως
3365 1042 3470 1095 οὐκ
3499 1041 3703 1095 ἀπολῦ-

2124 1142 2312 1188 σαντος
2345 1127 2442 1197 μὲν
2465 1126 2558 1179 τοῦ
2587 1128 2823 1200 Χριστοῦ
2848 1128 2973 1181 οὔτε
3002 1131 3093 1182 τὸν
3122 1131 3241 1183 κατ’
3266 1132 3494 1200 ἄγνοιαν
3524 1134 3703 1203 ἡμαρ-

2118 1216 2321 1286 τηκότα
2364 1218 2463 1287 τῆς
2495 1220 2767 1288 τιμωρίας
2789 1258 2805 1281 ,
2852 1220 3206 1292 σφοδρότερον
3233 1222 3289 1275 δὲ
3329 1222 3478 1275 κατὰ
3506 1224 3618 1275 τῶν
3649 1225 3704 1274 ἐν

2119 1309 2318 1375 γνώσει
2346 1310 2443 1380 τὴν
2476 1311 2705 1382 ἀπειλὴν
2735 1313 3121 1377 ἐπιτείναντος.
3146 1315 3253 1367 Καὶ
3291 1315 3480 1380 πάλιν,
3520 1318 3583 1369 Ὀ
3610 1319 3704 1370 οἰν-

2112 1399 2300 1466 ριινὸς
2332 1440 2347 1463 ,
2405 1403 2539 1471 φησί
2570 1444 2584 1465 ,
2642 1404 2741 1456 καί
2790 1404 2828 1469 ή
2884 1402 2959 1471 τῆ
3003 1405 3439 1471 παρελεύσεται
3463 1446 3479 1468 ,
3538 1409 3593 1459 οἱ
3638 1393 3714 1458 δὲ’

2118 1494 2284 1559 λόγοι
2307 1509 2426 1559 μου
2455 1495 2527 1544 σὺ
2565 1492 2650 1562 μὴ
2682 1492 3039 1562 παρέλθωσι.
3075 1494 3185 1547 Καὶ
3207 1494 3235 1544 ὁ
3264 1494 3538 1565 μακάριος
3567 1494 3703 1546 dats

2122 1585 2306 1647 στολος
2361 1583 2566 1646 Παῦλος
2622 1601 2753 1656 φησι
2780 1602 2792 1613 ·
2846 1584 3185 1654 Λογισμοὺς
3244 1586 3704 1653 καθαιροῦντες,

2126 1676 2221 1729 καὶ
2254 1675 2377 1729 πᾶν
2422 1676 2637 1743 ὕψωμα
2665 1676 3059 1744 ἐπαιρόμενον
3091 1678 3240 1730 κατὰ
3280 1676 3392 1745 τῆς
3424 1677 3704 1746 γνώσεως

443 1768 493 1810 et
543 1758 598 1810 in
646 1761 1005 1828 captivitatem
1059 1763 1348 1833 redigentes
1413 1781 1615 1820 onmem
1693 1769 2017 1823 intellectum

2123 1767 2224 1819 τοῦ
2275 1766 2422 1820 Θεοῦ
2446 1806 2460 1827 ,
2515 1768 2611 1820 καὶ
2650 1766 3182 1836 αἰχμαλωτίζοντες
3231 1767 3353 1822 πᾶν
3389 1771 3591 1838 νόημα
3616 1773 3703 1835 εἰς

444 1849 499 1900 in
544 1847 844 1918 obsequium
882 1849 1082 1906 Christi
1109 1853 1176 1908 ⁸³.
1229 1852 1307 1923 (2)
1358 1851 1587 1910 Omnem
1623 1856 1964 1911 altitudinem
2001 1897 2016 1921 ,

443 1953 773 2011 omnemque
826 1942 1187 2009 intellectum,
1242 1957 1349 1996 non
1385 1944 1554 2009 hunc,
1590 1946 1672 2001 vel
1726 1946 1902 2001 illum.
1949 1946 2018 1999 Et

442 2031 498 2083 in
549 2041 792 2100 promptu
848 2032 1093 2086 habentes
1160 2034 1346 2087 ulcisci
1436 2050 1640 2089 onmem
1717 2035 2021 2090 inobedien-

445 2122 576 2175 tiam
602 2123 668 2176 π.
707 2121 774 2176 Et
809 2123 935 2178 alibi
992 2140 1214 2178 rursum
1249 2144 1262 2179 :
1320 2124 1426 2191 Qui
1452 2126 1588 2180 talia
1624 2136 1786 2196 agunt
1823 2166 1838 2189 ,
1874 2128 2021 2198 digni

443 2223 566 2265 sunt
619 2223 791 2269 morte
810 2214 855 2246 ⁹¹
890 2232 906 2281 ;
938 2223 993 2270 et
1029 2230 1251 2271 rursum
1297 2234 1310 2269 :
1364 2216 1469 2283 Qui
1497 2219 1552 2271 in
1598 2218 1703 2288 lege
1746 2219 2019 2288 gloriaris,

441 2319 534 2372 per
555 2307 1045 2373 praevaricationem
1075 2307 1201 2379 legis
1231 2308 1395 2363 Deum
1428 2310 1713 2365 inhortatos
1734 2313 1800 2364 ".
1834 2311 2022 2382 Itaque

444 2397 742 2468 nihilapud
769 2399 939 2456 Deum
968 2401 1299 2471 impunitum
1330 2402 1683 2472 relinquitur.
1711 2402 1816 2458 Sed
1836 2405 1880 2459 si
1906 2405 2021 2459 haec

443 2488 606 2544 verba
641 2499 770 2545 sunt
812 2492 988 2547 solum
1016 2495 1136 2548 sine
1179 2510 1268 2560 re;
1322 2510 1451 2550 ecce
1476 2494 1571 2566 qui
1610 2494 1857 2550 Corinthi
1889 2513 2023 2550 uxo-

443 2592 557 2632 rem
588 2581 756 2648 patris
776 2580 1026 2646 habebat,
1046 2583 1141 2653 qui
1177 2599 1301 2638 cum
1337 2584 1440 2638 hoc
1475 2599 1585 2639 uno
1616 2592 1866 2654 excepto.
1895 2587 2022 2639 nul-

445 2670 550 2723 lius
576 2671 803 2727 alterius
825 2672 1013 2745 ﬂagitii
1036 2674 1467 2741 insimularetur,
1494 2684 1674 2731 tamen
1708 2692 1814 2731 non
1845 2678 2022 2732 solum

442 2760 559 2829 ipse
580 2762 812 2816 traditur
833 2761 1046 2818 Satanae
1057 2764 1124 2818 ad
1145 2765 1641 2836 carnisﬁinteritum,
1657 2764 1830 2821 donec
1846 2766 2024 2837 dignis

446 2853 775 2920 pmnitentize
795 2852 1060 2910 fructibus
1081 2855 1423 2911 emendasset
1445 2864 1751 2927 peccatum,
1775 2858 1870 2913 sed
1905 2858 2025 2912 uni-

446 2958 655 2998 versam
672 2945 1315 3017 simulEcclesiam,quod
1332 2947 1384 3001 id
1399 2949 1579 3003 scelus
1597 2949 1709 3003 ulta
1731 2965 1837 3002 non
1858 2956 2022 3014 esset,

446 3034 501 3087 in
513 3034 628 3090 haec
641 3037 864 3106 conjicit
883 3036 1396 3109 vituperia.(3)Quid
1410 3053 1535 3093 vero
1546 3039 1786 3094 Ananias
1804 3039 1911 3105 ille,
1927 3056 2024 3093 cu-

2120 1859 2233 1925 τὴν
2266 1858 2541 1925 ὑπακοὴν
2584 1859 2689 1912 τοῦ
2742 1858 3022 1926 Χριστοῦ.
3060 1860 3173 1912 Πᾶν
3217 1859 3419 1931 ὕψωμα
3456 1862 3555 1915 καὶ
3595 1863 3703 1916 πᾶν

2120 1950 2323 2020 νόημα,
2363 1950 2484 2019 οὐχ).
2512 1948 2669 2002 τοῦτο
2688 1990 2703 2014 ,
2735 1949 2767 2020 ἢ
2818 1952 3011 2002 ἐκεῖνο.
3050 1951 3156 2004 Καὶ
3185 1951 3254 2003 ἐν
3280 1952 3499 2019 ἑτοίμῳ
3530 1951 3702 2021 ἕχον-

2120 2057 2219 2107 τες
2242 2038 2557 2107 ἐκδικῆσαι
2583 2037 2791 2093 πᾶσαν
2818 2040 3149 2107 παρακοήν.
3186 2041 3295 2094 Καὶ
3327 2041 3566 2112 ἀλλαχοῦ
3606 2042 3703 2094 πά-

2120 2132 2235 2186 λινο
2273 2134 2337 2185 Oi
2387 2132 2459 2185 τὰ
2502 2130 2741 2185 τοιαῦτα
2791 2131 3202 2200 πράσσοντες,
3237 2132 3390 2197 ἄξιοι
3437 2132 3701 2187 θανάτου

2120 2218 2281 2272 εἰσίν
2299 2235 2312 2249 ο
2348 2219 2441 2272 καὶ
2469 2219 2628 2273 πάλιν
2646 2236 2660 2249 ο
2699 2222 2795 2285 Ὃς
2824 2222 2892 2272 ἐν
2918 2221 3079 2289 νόμῳ
3110 2220 3436 2290 καυχᾶσαι,
3465 2222 3567 2275 διὰ
3593 2221 3704 2290 τῆς

2122 2306 2513 2376 παραϐάσεως
2545 2309 2648 2363 τοῦ
2674 2312 2860 2378 νόμου
2885 2310 2994 2363 τὸν
3020 2311 3166 2364 Θεὸν
3195 2311 3512 2381 ἀτιμάζεις.
3539 2314 3703 2366 Ὥστε

2122 2403 2273 2456 οὐδὲν
2329 2403 2676 2474 ἀνεκδίκητον
2725 2405 2941 2473 ἀφίεται
2999 2406 3149 2476 παρὰ
3194 2405 3272 2475 τῷ
3324 2407 3466 2478 Θεῷ.
3527 2408 3593 2460 El
3647 2407 3705 2460 δὲ

2122 2493 2295 2546 ταῦτα
2334 2492 2483 2560 λόγοι
2534 2494 2694 2564 μότον
2721 2535 2736 2557 ,
2770 2493 2862 2547 καὶ
2899 2495 2960 2547 οὐ
3003 2497 3301 2567 πράγματα
3323 2513 3336 2525 ’
3381 2497 3493 2549 ἰδοῦ
3527 2499 3557 2548 ὁ
3606 2495 3705 2565 τὴν

2123 2588 2355 2654 γυναῖκα
2397 2583 2491 2637 τοῦ
2527 2585 2734 2655 πατρὸς
2760 2585 2815 2637 ὲν
2849 2585 3098 2656 Κορίνθῳ
3126 2585 3263 2655 ἔχων
3283 2625 3298 2649 ,
3331 2585 3487 2638 οὐδὲν
3516 2586 3702 2656 ἕτερον

2125 2675 2446 2747 ἐγκληθεὶς,
2500 2676 2593 2728 ἐπὶ
2646 2676 2821 2747 τούτῳ
2871 2679 3017 2748 μόνῳ
3052 2678 3113 2730 οῦ
3172 2677 3331 2747 μόνον
3382 2678 3551 2742 αὐτὸς
3600 2696 3703 2731 πα-

2129 2768 2396 2841 ραδίδοται
2431 2768 2508 2838 τῷ
2549 2770 2761 2840 Σατανᾷ
2790 2770 2869 2832 εἰς
2894 2769 3113 2841 ὀλεθρον
3149 2770 3249 2839 τῆς
3282 2770 3486 2841 σαρκὸς
3507 2811 3523 2833 ,
3546 2771 3704 2841 ἄχρις

2126 2858 2192 2913 ἂν
2235 2860 2347 2921 τοῖς
2375 2859 2543 2924 ἀξίοις
2593 2862 2827 2930 καρποῖς
2870 2859 2970 2929 τῆς
3008 2859 3292 2929 μετανοίας
3338 2859 3701 2933 διορθὼσηται

2124 2947 2185 3000 τὸ
2215 2947 2623 3018 πλημμέλημα,
2674 2947 2806 3000 ἀλλὰ
2847 2949 2940 3001 καὶ
2972 2950 3118 3002 πᾶσα
3145 2948 3278 3019 ὁμοῦ
3314 2950 3348 3019 ἡ
3379 2949 3698 3019 Ἐκκλησία,

2127 3040 2246 3092 ἐπεὶ
2278 3039 2351 3112 μὴ
2391 3039 2652 3110 ἐπεξῆλθε
2698 3039 2778 3110 τῷ
2817 3041 3216 3111 ἁμαρτήματι,
3270 3042 3498 3106 ἐκείνοις
3545 3061 3699 3115 περι-

440 3129 533 3195 jus
555 3099 852 3184 mentioest
876 3130 930 3183 in
961 3099 1109 3184 Actis
1133 3131 1156 3183 ?
1180 3099 1463 3196 Quodnam
1491 3130 1637 3184 aliud
1664 3130 1864 3183 malum
1893 3146 2017 3199 per-

2123 3099 2879 3200 6άλλε1ταιθεοῖς-ἐγκλήμασι
2921 3099 3127 3201 ἀμ’-Τί
3170 3099 3228 3183 δὲ
3282 3099 3535 3197 Ἀνανίας
3572 3099 3699 3186 sla»

448 3227 689 3286 petrasse
720 3221 1015 3284 invenitur,
1050 3229 1246 3291 praeter
1279 3222 1413 3276 illud
1454 3223 1631 3291 ipsum
1658 3221 1681 3275 ?
1727 3220 1829 3276 Ubi
1858 3223 2022 3293 igitur

446 3317 671 3379 apparet
704 3350 719 3372 ,
761 3311 939 3381 ipsum
976 3313 1056 3366 ira
1091 3322 1241 3367 tanta
1264 3312 1487 3385 dignum
1523 3314 1741 3371 fuisse?
1773 3316 2023 3372 Divendi-

446 3405 517 3457 tis
572 3403 688 3458 suis
752 3403 1126 3469 facultatibus,
1168 3408 1429 3477 pecunias
1488 3410 1683 3465 detulit
1735 3410 1802 3464 ad
1857 3411 2021 3480 pedes

446 3498 822 3566 apostolorum
868 3518 881 3552 :
920 3497 1015 3551 sed
1064 3505 1285 3562 tamen,
1353 3497 1498 3568 quod
1563 3499 1800 3571 aliquam
1861 3500 2021 3572 pretii

446 3597 655 3657 partem
713 3582 1089 3660 seposuisset,
1140 3596 1447 3660 proptergq
1484 3590 1673 3645 eadem
1739 3590 1873 3645 hora
1911 3606 2021 3644 una

445 3694 569 3733 cum
619 3695 791 3733 uxore
845 3690 1016 3735 morte
1050 3668 1343 3751 plectilur
1386 3668 1565 3755 neque
1605 3682 1657 3736 id
1689 3690 2020 3738 consecutus

446 3778 505 3823 ut
552 3769 620 3825 de
667 3771 873 3841 agenda
907 3773 978 3827 ob
1016 3773 1315 3830 admissum
1370 3762 1665 3845 peccatum
1697 3774 2019 3843 poenitentia

443 3860 739 3932 quidquam
786 3863 1038 3927 audiret,
1080 3880 1181 3920 nec
1226 3867 1419 3922 saltem
1478 3854 1700 3925 invento
1752 3876 2015 3935 tempore.

442 3970 553 4025 quo
591 3957 662 4010 ob
695 3957 877 4011 scelus
911 3960 1204 4028 compungi
1239 3969 1460 4029 posset,
1514 3977 1617 4016 nec
1673 3944 1901 4034 acceth
1952 3957 2019 4010 ad

444 4047 709 4118 agendam
744 4047 1118 4116 paenitentiam
1154 4050 1421 4120 praalinito
1450 4055 1647 4122 spatio.
1688 4032 2020 4153 Porro‘talis

442 4154 507 4192 ac
550 4139 689 4192 tanti
731 4139 924 4208 judicii
963 4149 1185 4195 exactor
1215 4182 1230 4207 ,
1265 4150 1536 4215 tantaeque
1564 4143 1658 4200 Dei
1689 4146 1741 4199 in
1778 4137 2017 4217 peccanl‘

443 4239 551 4286 tem
600 4232 697 4286 ira:
752 4232 1002 4290 minister
1031 4276 1046 4299 ,
1103 4235 1295 4291 beatus
1354 4237 1445 4293 ille
1490 4236 1728 4303 Petrus,
1759 4241 2014 4296 omnibus

2123 4137 2439 4208 τηλικούτου
2502 4139 2766 4210 κρίματος
2802 4142 3077 4215 ὑπηρέτης
3105 4184 3120 4204 ,

2123 4226 2281 4311 ἔρος.
2320 4234 2348 4285 ὁ
2377 4231 2592 4285 πάντων
2641 4233 2738 4302 μὲν
2768 4234 2875 4287 τῶν
2908 4234 3120 4306 μαθητᾷ

2116 4258 2146 4292 τ

443 4239 551 4286 tem
600 4232 697 4286 ira:
752 4232 1002 4290 minister
1031 4276 1046 4299 ,
1103 4235 1295 4291 beatus
1354 4237 1445 4293 ille
1490 4236 1728 4303 Petrus,
1759 4241 2014 4296 omnibus

440 4323 725 4397 discipulis
754 4325 1031 4393 praelatus,
1059 4326 1147 4379 cui
1178 4327 1279 4381 soli
1305 4327 1513 4396 majora
1540 4328 1665 4384 data
1697 4346 1859 4400 quam
1889 4332 2013 4389 aliis

2120 3223 2239 3284 ταῖς
2278 3221 2550 3293 “pigeat;
2602 3223 2653 3273 τί
2692 3221 2820 3274 ἄλλο
2865 3223 3035 3276 κακδν
3082 3224 3401 3295 πεποιηκὼς
3447 3226 3694 3297 εῦρίσκε·

2119 3329 2242 3376 ται,
2276 3313 2308 3383 ἢ
2358 3316 2533 3366 ἐκεῖνο
2564 3315 2731 3380 αὑτό;
2765 3314 2873 3367 Ποῦ
2916 3315 3013 3369 νῦν
3044 3315 3310 3387 τοσαύτης
3352 3317 3524 3389 ὀργῆς
3556 3319 3699 3383 ἄξιον

2123 3401 2403 3473 φαίνεται;
2438 3403 2594 3456 Ἰδιον
2631 3405 2817 3475 κτῆμα
2866 3407 3155 3477 πωλήσας,
3206 3407 3407 3476 ἤνεγκε
3452 3410 3520 3462 τὶ
3574 3423 3702 3482 χρῇ-

2124 3510 2269 3563 ματα
2330 3493 2501 3547 θεῖναι
2561 3496 2713 3567 παρὰ
2773 3499 2899 3560 τοὺς
2958 3497 3119 3560 7:661;
3173 3498 3283 3550 τῶν
3346 3500 3699 3561 ἀποστόλων,

2121 3587 2515 3656 νοσφισάμενος
2550 3588 2656 3639 ἀπὸ
2705 3589 2802 3658 τῆς
2839 3590 3002 3660 τιμῆς
3026 3630 3040 3652 ,
3081 3591 3174 3643 καὶ
3225 3592 3317 3644 ἐπὶ
3362 3591 3542 3662 τοῦτῳ
3574 3595 3701 3664 παρ’

2120 3677 2287 3748 αὐτὴν
2317 3677 2413 3748 τὴν
2461 3678 2609 3750 ὤραν
2642 3679 2756 3749 ἅμα
2790 3683 2855 3751 τῇ
2898 3684 3118 3748 γυναικὶ
3160 3682 3376 3754 θανάτῳ
3408 3685 3703 3738 καταδικα-

2123 3766 2273 3831 ζεται
2303 3811 2319 3834 ,
2364 3769 2481 3822 οὐδὲ
2534 3773 2659 3834 τοὺς
2715 3773 2843 3842 περὶ
2904 3774 3188 3842 μετανοίας
3238 3774 3431 3843 λόγους
3487 3778 3582 3829 ἐπὶ
3630 3776 3703 3846 τξι

2122 3861 2480 3932 ἁμαρτήματι
2533 3863 2721 3930 μαθεῖν
2768 3866 3159 3933 καταξιωθεὶς,
3209 3867 3269 3919 οῦ
3326 3867 3420 3920 τοῦ
3470 3886 3706 3921 κατανυ-

2122 3953 2281 4023 γῆναι
2326 3953 2457 4021 γοῦν
2506 3956 2598 4007 ἐπὶ
2629 3956 2801 4027 τούτῳ
2840 3958 3030 4029 καιρὸν
3068 3957 3278 4029 εὑρὼν,
3308 3959 3371 4011 οῦ
3406 3959 3499 4011 τοῦ
3538 3978 3706 4031 μεταο

2121 4045 2311 4114 νοῆσαι
2345 4044 2679 4117 προθεσμίαν
2711 4047 2909 4103 λαϐὼν.
2956 4050 3012 4103 Ὀ
3059 4049 3116 4102 δὲ
3154 4048 3248 4102 τοῦ
3302 4050 3552 4103 τοιοῦτον
3610 4053 3707 4105 καὶ

3172 4144 3200 4195 ὁ
3256 4144 3528 4214 μακάριος
3586 4147 3708 4199 Πέ-

2188 4248 2281 4305 ρς.
2320 4234 2348 4285 ὁ
2377 4231 2592 4285 πάντων
2641 4233 2738 4302 μὲν
2768 4234 2875 4287 τῶν
2908 4234 3163 4306 μαθητῶν
3203 4235 3563 4307 προκριθεὶς,
3613 4240 3708 4309 μό-

2116 4318 2315 4405 νοςχκδρ
2366 4325 2533 4378 πλείω
2572 4326 2680 4378 τῶν
2720 4326 2895 4380 ἄλλων
2929 4328 3298 4401 μαρτυρηθεὶς
3331 4329 3706 4402 καὶ¹μακαριο

442 4423 572 4469 sunt
609 4417 919 4471 testimonia
953 4456 971 4481 ,
1011 4418 1104 4491 qui
1144 4420 1471 4488 przedicatus
1520 4431 1605 4479 est
1652 4424 1843 4480 beatus
1875 4465 1890 4488 ,
1924 4427 2012 4480 cui

2123 4424 2265 4488 σοεὶς
2287 4412 2385 4505 ,Καὶ
2405 4417 2504 4481 τὰς
2531 4417 2678 4481 κλεῖς
2705 4419 2804 4489 τῆς
2851 4419 3125 4489 βασιλείας
3155 4419 3262 4471 τῶν
3310 4420 3562 4492 οὐρανῶν
3620 4441 3707 4476 πια

441 4509 624 4563 claves
654 4508 805 4578 regni
837 4509 1101 4564 caelorum
1132 4513 1465 4569 concredin
1502 4522 1652 4577 sunt,
1692 4531 1816 4569 cum
1863 4518 2014 4572 audit

440 4616 470 4651 a
532 4599 782 4665 Domino,
837 4598 896 4654 Si
935 4618 1038 4655 non
1073 4602 1245 4657 lavero
1292 4614 1340 4659 te
1366 4645 1381 4669 ,
1429 4622 1533 4661 non
1563 4606 1773 4662 habebis
1811 4620 2014 4673 partem

438 4706 643 4746 mecum
674 4693 740 4758 ⁸³,
782 4694 941 4762 quale
969 4709 1086 4757 cor,
1116 4711 1303 4765 quasso
1330 4737 1344 4761 ,
1380 4704 1435 4751 et
1471 4699 1825 4768 quantumvis
1874 4701 2013 4769 lapi-

438 4785 597 4838 deum
658 4784 725 4837 ad
790 4796 995 4839 metum
1049 4786 1386 4854 judiciorum
1446 4787 1541 4844 Dei
1603 4805 1712 4843 non
1780 4790 2025 4845 incitet?

440 4874 740 4942 praesertim
797 4889 923 4928 cum
978 4875 1183 4932 nullius
1237 4876 1496 4946 peccati,
1552 4877 1823 4932 nulliusve
1880 4893 2013 4932 con-

438 4977 678 5038 temptus
737 4967 1190 5037 significationem
1249 4970 1414 5023 ullam
1448 4969 1690 5025 dedisset
1719 5010 1734 5033 ,
1767 4971 1877 5024 imo
1916 4987 2011 5040 po-

438 5062 545 5115 tius
589 5059 809 5130 egregio
864 5059 1072 5115 honore
1132 5059 1420 5115 Dominum
1491 5060 1762 5117 allecissct
1814 5077 2007 5127 suum;

505 5218 548 5248 ⁸⁷
568 5216 696 5270 huc.
724 5231 820 5279 xu,
850 5216 938 5269 47.

436 5287 478 5318 ’³
503 5285 658 5340 Joan.
698 5303 816 5344 xm.
866 5286 919 5339 8.

1042 5217 1089 5247 ⁸⁸
1120 5216 1303 5271 Matth.
1337 5230 1484 5279 κεν,
1517 5218 1605 5271 55.

507 5436 581 5501 (Ι)
610 5435 685 5489 Ex
717 5435 991 5490 Prommio
1018 5435 1091 5490 De
1111 5438 1315 5505 judicio
1352 5437 1463 5497 Dei,
1493 5437 1595 5491 219

501 5506 581 5579 ίὲ)
614 5506 746 5579 uid.
774 5506 903 5579 ιιι.

506 5574 583 5634 (5)
617 5576 753 5629 Ibid.
789 5576 915 5631 22L

508 5646 583 5715 (4)
630 5644 756 5711 Τοῖς
783 5645 1136 5715 ἐγκλήμασι.
1170 5645 1504 5703 Rcferuntur
1532 5647 1585 5701 in
1614 5654 1866 5703 contextu
1902 5646 2005 5701 illa:

1706 5218 1751 5248 ”
1783 5216 1821 5270 Η
1852 5216 1978 5279 Cor,
2015 5233 2068 5277 ι,

2116 4487 2401 4580 στευθεὶςῖ
2426 4508 2574 4583 κᾷταν
2604 4508 2776 4580 ἀκούῃ
2825 4510 2975 4579 παρὰ
3018 4509 3111 4562 τοῦ
3161 4510 3366 4581 Κυρίου
3391 4552 3405 4575 ,
3448 4512 3591 4565 Ἐὰν
3618 4516 3703 4583 μὴ

2112 4607 2269 4673 νίψω
2307 4622 2381 4659 σε
2405 4647 2419 4669 ’
2455 4574 2569 4677 2,3");
2598 4598 2756 4668 ἔχεις
2782 4599 2964 4670 μέρος
2986 4602 3113 4669 μετ’
3153 4600 3298 4669 ἐμοῦ
3323 4642 3337 4665 ,
3396 4603 3557 4656 ποίαν
3598 4606 3705 4677 ἄρα

2112 4698 2207 4751 καὶ
2235 4698 2333 4769 τὴν
2366 4690 2617 4751 ὁπως-οὖν
2638 4692 2842 4763 λιθίνην
2874 4693 3100 4763 καρδίαν
3132 4694 3190 4745 οὐ
3217 4693 3535 4764 δυσωπήσει
3568 4697 3705 4767 πρὸς

2114 4787 2277 4857 φόϐον
2314 4788 2421 4840 τῶν
2468 4788 2564 4841 τοῦ
2612 4782 2745 4841 Θεοῦ
2804 4784 3122 4854 κριμάτωνς
3180 4785 3274 4838 καὶ
3311 4785 3487 4839 ταῦτα
3514 4827 3529 4849 ,
3581 4787 3701 4839 οῦδὲ

2121 4879 2248 4948 μιᾶς
2288 4878 2385 4948 μὲν
2411 4879 2720 4949 ἁμαρτίας.
2757 4873 2879 4926 οὐδὲ
2929 4874 3055 4943 μιᾶς
3091 4877 3553 4945 καταφρονήσεως
3609 4876 3705 4945 ,ξμ-

2118 4987 2279 5038 φασιν
2317 4969 2442 5031 δοὺς
2466 5009 2480 5026 ,
2522 4971 2655 5037 τιμῇ
2697 4968 2756 5020 δέ,
2789 4963 2987 5033 μᾶλλον
3010 4965 3073 5032 τῇ
3119 4965 3245 5034 περὶ
3292 4965 3383 5016 τὸν
3419 4967 3703 5034 Δεσπότην

2118 5059 2533 5131 ὑπερϐαλλούσῃ
2560 5058 2634 5125 (5)
2672 5055 3011 5131 χρητάμενος
3030 5095 3043 5115 ,
3073 5056 3165 5107 καὶ
3187 5054 3285 5124 τὴν
3304 5057 3704 5127 ⁸προσήκουσαν

2114 5216 2166 5269 5.
2278 5217 2324 5247 ’°
2355 5217 2485 5270 ibid.
2524 5215 2575 5267 6.

2687 5214 2731 5245 st
2759 5213 2905 5264 ιιοῃ,
2950 5225 2987 5271 ι,
3031 5208 3119 5261 59...
3232 5210 3278 5242 ⁹²
3320 5209 3482 5265 lion].
3522 5216 3697 5276 ",25.

2116 5436 2550 5497 criminationes,
2585 5448 2803 5499 nempe,
2850 5422 2976 5495 Qtid
3014 5428 3195 5490 vultis,
3223 5430 3277 5481 in
3306 5430 3456 5500 virga
3494 5435 3699 5487 veniam

2116 5506 2185 5558 ad
2218 5522 2306 5557 vos
2325 5508 2349 5559 ?
2372 5514 2477 5558 etc.
2908 5518 2915 5525 '

2187 5575 2262 5644 (5)
2306 5570 2825 5643 ’Υπερβαλιούσῃ
2880 5567 3016 5622 Hinc
3072 5583 3262 5625 vocem
3310 5586 3381 5625 ex
3430 5582 3696 5629 contextu

2111 5644 2540 5714 desumpsiutus.
