3840 6226
138 300 283 355 12θὸ

1269 301 1500 359 SERMO
1533 303 1644 358 VII.
1689 336 1759 348 —
1800 304 1887 359 DE
1930 303 2267 368 PECCATO.

3262 312 3408 369 1206'

130 419 310 490 δούλῳ
348 421 440 472 καὶ
482 419 691 491 μαθητῇ
745 419 1030 472 εὐλάϐειαν
1082 420 1503 494 ἐπιδειξάμενος.
1572 422 1706 476 Ἰδὼν

1821 440 1885 480 ac
1936 428 2348 483 convenientem
2403 442 2564 483 servo
2615 436 2670 484 et
2710 427 2983 499 discipulo
3032 432 3397 486 reverentiam

129 526 172 578 γ
219 527 250 580 ρ
283 510 370 562 τὸν
400 511 592 563 ἑαυτοῦ
627 512 720 564 καὶ
750 510 965 564 πάντων
989 510 1191 581 Κύριον
1216 551 1231 574 ,
1274 513 1366 565 καὶ
1412 512 1543 565 Θεὸν
1572 554 1582 570 .
1622 515 1715 566 καὶ

132 600 365 669 βασιλέα
387 642 401 664 ,
442 601 536 654 καὶ
568 601 828 672 Σωτῆρα,
876 604 968 655 καὶ
994 600 1129 672 ὁμοῦ
1166 602 1236 655 τὰ
1285 603 1483 665 πάντα,
1523 606 1580 655 ἐν
1613 606 1715 656 ὑπ-

127 692 334 762 ηρέτου
366 694 601 763 σχήματι
633 692 1035 763 διαζωσάμενον
1060 693 1120 745 τὸ
1133 692 1357 757 λέντιον,
1378 696 1470 747 καὶ
1504 695 1713 747 νίπτειν

127 785 260 847 τοὺς
290 785 453 847 πόδας
481 785 646 838 αὑτοῦ
683 785 1021 854 βουλόμενον,
1061 784 1221 847 εὐθὺς
1250 784 1437 855 ὥσπερ
1475 788 1553 847 εἰς
1584 803 1709 839 συν-

126 874 395 945 αἱσθησιν
440 875 610 929 ἐλθὼν
657 879 758 946 τῆς
809 876 1012 938 οἰκείας
1066 874 1444 947 ἁναξιότητος,
1503 878 1597 929 καὶ
1649 877 1709 929 τὸ

125 966 353 1035 ἀξίωμα
378 967 471 1019 τοῦ
507 968 940 1037 προσερχομένου
973 966 1339 1035 καταπλαγεὶς
1361 1008 1375 1029 ,
1418 967 1670 1038 ὲξεὸόησε
1694 987 1707 1000 ο

126 1062 348 1128 Κύριε,
387 1061 468 1114 σύ
507 1079 627 1130 μου
668 1063 896 1126 νίπτεις
928 1062 1067 1128 τοὺς
1115 1062 1341 1127 πι’δας;
1384 1064 1477 1115 καὶ
1512 1063 1704 1117 πάλιν·

130 1153 222 1204 Οὐ
242 1149 328 1218 μή
348 1169 466 1219 μου
492 1153 678 1219 νίψῃς
708 1151 848 1217 τοὺς
878 1153 1066 1219 πόδας
1095 1156 1180 1219 είς
1212 1154 1317 1206 τὸν
1341 1154 1542 1209 αἰῶνα.
1588 1156 1709 1208 Ἐπὶ

125 1240 310 1311 τούτῳ
341 1242 438 1313 τὴν
494 1242 759 1310 τοσαύτην
805 1243 1080 1314 ἐκδέχεται
1114 1245 1343 1317 ἀπειλὴν
1367 1287 1381 1309 ,
1423 1247 1497 1311 ὡς
1534 1249 1581 1299 εί
1633 1249 1706 1317 μὴ

125 1332 335 1400 ἔφθασε
391 1335 455 1403 τῇ
509 1333 768 1404 ταχύτητι
817 1335 909 1387 καὶ
952 1336 1270 1407 σφοδρότητι
1328 1338 1421 1407 τῆς
1463 1339 1709 1409 ὑπακοῆς

124 1423 565 1494 διορθωσάμενος
608 1425 704 1496 τὴν
739 1427 1046 1495 ἀντιλογίαν
1073 1470 1086 1492 ,
1137 1429 1287 1481 οὐδὲν
1328 1431 1391 1482 ἂν
1422 1430 1568 1500 αὐτῷ
1601 1431 1708 1483 τῶν

126 1516 287 1587 παρά
328 1515 422 1568 τοῦ
476 1517 678 1587 Κυρίου
735 1520 1095 1590 μακαρισμῶν
1138 1539 1196 1573 τε
1236 1523 1327 1575 καὶ
1359 1522 1573 1592 δωρεῶν
1614 1525 1708 1577 καὶ

124 1609 510 1676 ἐπαγγελιῶν,
546 1610 664 1663 οὐδὲ
698 1612 834 1683 αύτὴ
872 1615 904 1683 ἡ
945 1612 1037 1688 τοῦ
1074 1613 1149 1685 (1)
1180 1614 1312 1667 Θεοῦ
1358 1616 1451 1667 καὶ
1497 1616 1706 1685 Πατρός

122 1703 231 1771 τῆς
268 1702 522 1774 τοιαύτης
566 1705 658 1756 καὶ
709 1705 979 1777 τοσαύτης
1018 1709 1097 1770 είς
1130 1708 1218 1760 τὸν
1276 1710 1535 1781 μονογενῆ
1579 1711 1704 1763 Υἰδν

124 1794 382 1858 εὐδοκίας
427 1796 763 1867 ἀποκάλυψις
800 1800 1001 1871 ἤρκεσε
1053 1801 1554 1872 παραμυθήσασθαι
1607 1803 1704 1875 τὴν

124 1903 203 1936 πα
215 1885 414 1955 ροῦσαν
450 1888 750 1942 ἀπείθειαν.

199 1977 253 2029 6.
305 1978 464 2031 Ἀλλά
490 1980 660 2034 ταῦτα
699 1981 796 2051 μὲν
820 1983 911 2035 ἐὰν
938 1983 1074 2036 θέλω
1101 1984 1421 2052 καταλέγειν
1443 2028 1456 2050 ,
1488 1986 1586 2039 ὅσα
1618 1988 1709 2039 εὖ·-

129 2068 307 2139 ρίσκω
337 2069 400 2123 ἐκ
428 2088 485 2124 τε
514 2071 614 2141 τῆς
645 2074 883 2137 Παλαιᾶς
914 2076 1006 2129 καὶ
1038 2078 1243 2146 Καινῆς
1269 2079 1562 2150 Διαθὴκης,
1586 2083 1705 2134 ἐπι-

125 2158 305 2228 λείψει
344 2178 411 2230 με
462 2161 602 2232 τάχα
634 2163 988 2234 διηγούμενον
1022 2166 1049 2217 ό
1078 2166 1288 2236 χρόνος.
1350 2168 1493 2239 Πλὴν
1533 2172 1708 2224 ἐκεῖνο

130 2249 298 2319 μόνον
326 2250 461 2321 πρὸς
492 2252 553 2305 τὸ
586 2254 757 2324 παρὸν
795 2256 1161 2326 μνημονεῦσαι
1202 2259 1496 2325 ἀναγκαῖον
1520 2300 1533 2323 ,
1568 2262 1626 2314 τὸ
1648 2264 1706 2314 ἐν

125 2342 197 2410 τῇ
260 2341 468 2413 μεγάλῃ
519 2345 611 2396 καὶ
649 2344 853 2416 φοϐερᾷ
904 2349 1003 2416 τῆς
1059 2348 1290 2417 κρίσεως
1334 2349 1519 2420 ἡμέρᾳ
1570 2351 1706 2423 πρὸς

126 2432 259 2494 τοὺς
288 2432 346 2496 ἐξ
374 2434 673 2504 ἀριστερῶν
705 2436 797 2489 τοῦ
827 2438 1032 2509 Κυρίου
1065 2439 1222 2508 ἡμῶν
1263 2439 1437 2509 Ἰησοῦ
1470 2442 1704 2513 Χριστοῦ

132 2522 460 2589 ἱσταμένους
513 2525 700 2594 λεχθὲν
760 2529 891 2597 παρ’
948 2528 1110 2581 αὑτοῦ
1155 2546 1169 2559 ο
1210 2532 1542 2598 Πορεύεσθε
1605 2534 1705 2586 ἀπ’

124 2609 300 2679 ἐμοῦ,
335 2616 388 2665 οἱ
422 2616 841 2684 κατηραμένοι,
871 2620 957 2683 εις
990 2619 1056 2670 τὸ
1084 2619 1203 2687 πῦρ
1233 2620 1297 2673 τὸ
1329 2619 1567 2677 αἰώνιον
1592 2665 1606 2689 ,
1640 2624 1705 2676 τὸ

126 2704 580 2774 ἡτοιμασμένον
609 2706 688 2772 τῷ
712 2707 996 2776 διαϐόλῳ,
1026 2711 1119 2763 καὶ
1151 2711 1273 2776 τοῖς
1302 2712 1579 2783 ἀγγέλοις
1601 2718 1706 2769 αὺ-

126 2795 238 2849 τοῦ
261 2814 273 2827 ’
303 2798 400 2867 οὐχ
443 2799 524 2851 ὅτι
567 2799 893 2866 ἐφονεύσατε
916 2843 930 2865 ,
962 2802 993 2873 ἢ
1029 2804 1391 2874 ὲπορνεύσατε
1416 2845 1432 2870 ,
1477 2806 1509 2874 ἢ
1542 2805 1705 2875 ἐψεύ-

128 2889 300 2941 σασθε
321 2928 334 2952 ,
371 2891 403 2961 ἡ
428 2908 550 2944 τινα
576 2892 868 2963 ἠδικήσατε
890 2935 903 2958 ,
935 2894 968 2966 ἢ
1014 2895 1140 2950 ἄλλο
1178 2914 1231 2949 τι
1268 2898 1377 2950 τῶν
1402 2899 1705 2971 ἀπηγορευ-

129 2982 350 3050 μένων,
401 2982 500 3037 κᾶν
548 2986 607 3038 τὺ
662 2985 995 3058 βραχύτατον
1031 2988 1192 3055 γοῦν,
1240 2988 1512 3061 ἐπράξατε
1539 3032 1553 3056 ,
1588 2991 1702 3043 ἀλλ’

1817 516 2172 573 declarasset.
2228 518 2363 574 Cum
2405 523 2552 577 enim
2603 518 2832 576 vidisset
2871 537 3031 577 suum
3080 532 3133 577 et
3180 523 3399 579 univer—

1818 622 2003 662 sorum
2067 609 2357 665 Dominum
2395 626 2458 666 ac
2487 610 2656 665 Deum
2698 651 2713 675 ,
2779 619 2833 667 et
2867 627 3049 680 regem
3076 654 3089 677 ,
3124 620 3177 667 et
3209 629 3398 668 serva-

1815 707 1989 754 torem
2055 702 2328 774 simulque
2373 703 2556 757 omnia
2590 744 2604 768 ,
2638 703 2693 757 in
2730 704 2970 759 ministri
3006 705 3196 759 habitu
3226 705 3395 759 lintco

1814 790 2056 843 cinctum
2088 831 2103 856 ,
2152 800 2206 846 et
2261 792 2428 863 pedes
2491 793 2666 863 ipsius
2721 794 2908 848 lavare
2946 794 3239 860 volentem,
3268 810 3392 848 mox

1814 889 1871 934 ut
1912 882 2171 937 conscius
2222 883 2566 953 indignitatis
2618 899 2732 938 sua
2762 925 2777 949 ,
2836 892 2890 938 et
2940 882 3010 937 ob
3080 882 3392 938 accedentis

1813 973 2135 1045 dignitatem
2174 974 2463 1038 attonitus,
2499 973 2822 1027 exclamavit
2847 988 2860 1023 :
2883 970 3126 1035 Domine,
3159 979 3213 1023 tu
3266 971 3393 1023 mihi

1812 1069 1958 1121 lavas
1999 1066 2151 1136 pedes
2173 1067 2265 1119 "1'
2310 1074 2366 1121 et
2407 1066 2604 1121 iterum
2654 1082 2667 1117 :
2724 1063 2848 1119 Non
2889 1064 3089 1119 lavabis
3121 1064 3249 1117 mihi
3300 1080 3390 1134 pe-

1814 1162 1904 1215 des
1943 1162 1998 1214 in
2036 1169 2289 1214 wternum
2312 1159 2382 1211 ".
2446 1156 2560 1212 Hac
2595 1158 2663 1213 de
2707 1172 2875 1212 causa
2930 1165 3097 1211 tantae
3128 1157 3176 1210 ei
3210 1156 3391 1210 inten-

1811 1253 2017 1307 duntur
2073 1251 2270 1315 mina,
2323 1259 2382 1305 ut
2466 1251 2571 1305 nisi
2624 1250 2786 1305 celeri
2846 1263 2911 1302 ac
2976 1248 3186 1303 fervida
3259 1247 3389 1301 obe-

1811 1344 2014 1399 dientia
2098 1343 2447 1399 emendasset
2504 1341 3043 1403 contradictionem,
3098 1354 3208 1393 non
3276 1337 3388 1392 Do-

1812 1437 1945 1491 mini
2007 1435 2322 1491 testimonia
2359 1435 2578 1489 beatum
2634 1448 2756 1488 eum
2816 1431 3216 1503 praedicantia,
3276 1441 3387 1484 non

1810 1530 1953 1584 dona
1985 1571 1999 1595 ,
2052 1545 2160 1585 non
2193 1528 2464 1598 promissa
2492 1566 2507 1590 ,
2548 1541 2724 1597 neque
2756 1528 2919 1579 etiam
2950 1531 3174 1593 accepta
3205 1538 3235 1576 a
3276 1521 3387 1577 Deo

1807 1630 1862 1677 et
1908 1620 2070 1675 Patre
2114 1620 2237 1675 talis
2267 1634 2330 1674 ac
2382 1628 2544 1672 tanta:
2578 1620 2631 1671 in
2675 1616 2873 1671 Filium
2926 1615 3258 1685 unigenitum
3292 1615 3388 1670 be-

1809 1711 2133 1767 nevolentiae
2163 1708 2446 1774 revelatio,
2483 1707 2645 1778 509
2682 1708 2824 1762 hanc
2852 1705 3275 1761 inobedientiam
3299 1719 3387 1760 sa-

1812 1818 1943 1859 nare
1961 1802 2253 1873 potuisset.

1873 1979 1926 2034 6.
1967 1977 2071 2033 Sed
2100 1977 2147 2032 si
2192 1975 2375 2031 omnia
2406 1988 2698 2030 recensere
2727 1973 2888 2028 velim
2911 2013 2926 2038 ,
2960 1987 3082 2043 quae
3108 1973 3163 2026 in
3202 1971 3383 2028 Veteri

1806 2086 1869 2125 ac
1898 2069 2051 2125 Novo
2083 2070 2435 2124 Testamento
2467 2064 2763 2120 nanciscor
2783 2103 2798 2126 ,
2853 2061 3093 2119 fortasse
3147 2078 3382 2119 narran-

1805 2172 1913 2218 tem
1977 2177 2063 2217 me
2108 2171 2323 2229 tempus
2382 2156 2616 2213 deﬁciet.
2682 2156 2758 2227 (5)
2795 2153 2952 2210 Nunc
2992 2156 3125 2211 illud
3172 2141 3381 2211 tantum

1806 2250 2347 2311 commemorandum
2380 2256 2499 2314 est,
2530 2249 2677 2319 quod
2709 2249 2764 2303 in
2818 2262 3013 2319 magna
3044 2263 3108 2302 ac
3152 2248 3383 2304 horrea-

1806 2348 1874 2402 da
1917 2346 2112 2416 judicii
2152 2344 2240 2399 die
2270 2342 2535 2396 Dominus
2570 2351 2758 2396 noster
2791 2340 2951 2396 Jesus
2980 2339 3233 2396 Christus
3270 2342 3380 2407 his,

1807 2443 1900 2510 qui
1929 2439 1995 2493 ad
2027 2440 2215 2492 laevam
2262 2436 2436 2505 ipsius
2485 2434 2710 2487 stabunt
2742 2434 2992 2489 dicturus
3035 2442 3120 2489 est
3152 2453 3166 2489 :
3202 2434 3384 2489 Disce-

1807 2532 1915 2585 dite
1945 2548 1975 2583 (ι
2008 2546 2107 2592 me,
2166 2526 2437 2581 maledicti
2468 2568 2481 2592 ,
2514 2527 2570 2579 in
2613 2528 2785 2595 ignem
2822 2533 3076 2579 wternum
3101 2568 3116 2592 ,
3148 2528 3238 2597 qui
3288 2542 3387 2595 pa-

1808 2633 1956 2676 ratus
1983 2631 2059 2675 est
2089 2619 2322 2683 diabolo,
2373 2629 2424 2672 et
2472 2616 2669 2687 angelis
2706 2615 2821 2683 eius
2856 2618 2941 2670 "z
2974 2632 3081 2670 non
3116 2618 3245 2687 quia
3291 2634 3386 2673 oc-

1808 2715 2039 2777 cidistis,
2077 2721 2170 2767 aut
2212 2711 2459 2767 fornicati
2486 2712 2658 2775 estis,
2713 2717 2806 2763 aut
2857 2711 3205 2765 mendacium
3238 2711 3383 2766 dixi-

1807 2807 1950 2869 stis,
2010 2811 2103 2857 aut
2156 2803 2390 2872 cuipiam
2446 2802 2713 2857 intulistis
2764 2800 3063 2870 injuriam,
3112 2809 3204 2855 aut
3235 2801 3384 2856 aliud

1804 2899 2102 2970 quidquam
2156 2896 2350 2951 saltem
2401 2895 2830 2948 minutissimum
2871 2910 2937 2949 ex
2985 2894 3055 2949 iis
3085 2910 3206 2964 quae
3255 2909 3403 2964 ιιι-θα,

1805 2992 1976 3046 hibita
2019 2997 2183 3053 sunt,
2239 2988 2447 3043 fecistis
2491 3007 2503 3041 :
2562 2989 2655 3042 sed
2689 2988 2821 3057 quia
2882 2988 3025 3042 bona
3076 3002 3243 3057 opera
3286 3002 3388 3042 ne-

124 3075 213 3125 δτι
246 3074 357 3127 τῶν
384 3075 600 3143 ἀγαθῶν
629 3076 803 3147 ἔργων
836 3078 1164 3149 ἠμελήσατε.
1213 3082 1533 3136 Ἐπείνασα
1568 3082 1699 3152 γὰρ,

1811 3084 2072 3157 glexistis.
2106 3081 2318 3137 Esurivi
2350 3083 2507 3148 enim,
2545 3081 2742 3151 inquit,
2779 3090 2827 3135 et
2851 3097 2955 3134 non
2979 3080 3202 3136 dedistis
3256 3081 3387 3135 mihi

126 3167 296 3236 φησι,
327 3168 419 3221 καὶ
454 3171 564 3221 οὐκ
586 3168 843 3222 ἐδώκατέ
864 3187 964 3239 μοι
990 3171 1203 3240 φαγεῖν
1225 3190 1238 3203 ο
1268 3172 1535 3242 ἐδίψησα
1554 3214 1568 3238 ,
1607 3174 1706 3228 καὶ

124 3260 242 3310 οὐκ
283 3260 601 3313 ἐποτίσατέ
627 3278 705 3328 με
729 3280 740 3291 ·
773 3262 1038 3329 ἀσθενὴς
1067 3263 1163 3317 καὶ
1193 3265 1263 3317 ἐν
1292 3264 1571 3335 φυλακῇ,
1607 3267 1705 3321 καὶ

125 3352 243 3403 οὐκ
282 3350 703 3420 ἐπεσκέψασθέ
726 3370 821 3423 με.
861 3355 916 3407 Ὀ
940 3354 1116 3407 τοίνυν
1154 3356 1226 3426 μὴ
1259 3356 1702 3429 ἐκθηλυνόμενος,

130 3439 268 3511 μηδὲ
309 3445 833 3515 κατακαμπτόμενος
863 3446 966 3498 ύπὸ
1013 3446 1109 3517 τῆς
1141 3449 1491 3519 ἐγκρατείας,
1528 3452 1706 3504 πᾶσαν

128 3533 310 3605 φυγὴν
349 3533 425 3604 (‘2)
476 3536 887 3606 ἁμαρτημάτων
921 3538 1308 3609 κατώρθωσεν·
1351 3541 1398 3591 εἰ
1426 3539 1481 3591 δὲ
1509 3540 1579 3593 τὰ
1608 3540 1705 3610 μὲν

126 3628 357 3680 πλεῖστα
381 3628 578 3697 ἔφυγεν
604 3668 618 3692 ,
672 3631 759 3697 ὑφ’
793 3631 911 3694 ἑνὸς
943 3631 998 3683 δὲ
1028 3634 1341 3702 κρατεῖται,
1371 3634 1469 3684 οὐκ
1502 3634 1706 3703 ἐγκρα-

124 3725 228 3792 τὴς
282 3725 311 3776 6
362 3721 638 3786 τοιοῦτος,
696 3724 769 3786 ὠς
829 3723 952 3776 οῦτε
1007 3725 1165 3793 ὑγιὴς
1210 3727 1239 3777 6
1287 3725 1364 3778 ἐνὶ
1413 3724 1709 3796 σωματικῷ

128 3814 296 3867 πάθει
336 3815 834 3886 παρενοχλούμενος
857 3833 869 3844 ·
899 3815 1021 3869 οῦτε
1070 3815 1353 3887 ἐλεύθερος
1390 3818 1418 3868 6
1471 3816 1560 3885 ὑφ’
1591 3817 1708 3881 ἐνὸς

129 3907 225 3960 καὶ
248 3906 345 3959 τοῦ
374 3907 628 3977 τυχόντος
657 3908 1065 3978 κυριευόμενος.
1099 3907 1226 3969 Τοῖς
1259 3906 1359 3976 μὲν
1383 3903 1474 3960 οὖν
1515 3908 1707 3977 ίάσιμα

126 4000 534 4070 ἁμαρτάνουσιν
579 4000 793 4052 ἀπειλεί
845 4001 873 4052 6
925 3999 1119 4067 λόγος,
1176 3999 1599 4052 ἐπισκέπτεσθαι
1650 4002 1708 4052 ἐν

128 4091 315 4162 ῥάϐδῳ
344 4091 443 4154 τας
474 4091 701 4161 ἀνομίας
736 4089 915 4143 αὐτῶν
940 4130 953 4154 ,
1009 4090 1101 4142 καὶ
1133 4090 1190 4142 ἐν
1224 4090 1440 4159 μάστιξι
1466 4090 1564 4150 τὰς
1595 4091 1708 4143 ἀδι-

128 4181 254 4241 κίας
282 4178 495 4232 αὐτῶν⁸
530 4183 641 4242 τοῖς
682 4180 738 4232 δὲ
778 4180 1010 4242 ἀνιάτως
1063 4178 1245 4250 ἔχουσι
1296 4179 1476 4248 λέγει’
1528 4182 1588 4235 Τί
1620 4181 1708 4234 ἑτι

125 4270 424 4341 πληγῆτε,
455 4272 631 4334 πάσας
656 4270 1085 4341 διεξεληλυθότες
1108 4271 1207 4335 τὰς
1241 4270 1482 4341 πληγάς;
1515 4272 1708 4327 Πασῶν

128 4365 572 4435 κατεφρονήσατε
607 4364 714 4416 τῶν
755 4363 1190 4434 ἐπιστρεπτικῶν
1230 4366 1507 4435 μαστίγων
1533 4406 1547 4430 ,
1580 4383 1705 4419 συν-

1807 3174 2131 3229 manducare
2172 3190 2189 3227 :
2239 3174 2382 3228 sitivi
2408 3213 2422 3237 ,
2471 3182 2521 3226 et
2578 3190 2682 3226 non
2725 3171 2946 3227 dedistis
2993 3172 3120 3226 mihi
3151 3182 3332 3242 potum
3367 3190 3384 3227 :

1806 3269 2051 3337 inﬁrmus
2101 3278 2151 3321 et
2183 3268 2235 3320 in
2290 3283 2517 3329 carcere,
2559 3275 2607 3320 et
2642 3283 2743 3320 non
2784 3267 3041 3321 visitastis
3082 3284 3163 3321 me
3186 3268 3253 3321 ⁸⁷.
3283 3266 3387 3331 Qui

1807 3360 1973 3431 igitur
2026 3358 2252 3413 mollitie
2300 3374 2407 3412 non
2463 3356 2658 3411 difﬂuit
2688 3398 2701 3422 ,
2765 3367 2820 3412 et
2870 3373 2900 3411 a
2949 3358 3288 3412 continentia
3324 3373 3388 3411 ac

1809 3450 2166 3520 temperantia
2194 3450 2415 3503 minime
2447 3447 2706 3513 deﬂectit,
2762 3448 2808 3501 is
2850 3463 2958 3501 non
2991 3463 3207 3501 omnem
3262 3462 3386 3516 pec-

1808 3541 1915 3596 cati
1965 3541 2147 3611 fugam
2202 3548 2531 3595 consecutus
2565 3548 2647 3593 est
2696 3553 2709 3588 :
2772 3539 2865 3593 sed
2902 3540 2946 3592 si
2982 3539 3215 3607 plurima
3266 3538 3389 3606 qui-

1807 3634 1928 3689 dem
1979 3632 2196 3703 el'l‘ugit,
2264 3632 2334 3687 ab
2387 3646 2497 3686 uno
2555 3645 2687 3686 vero
2740 3639 3032 3699 superatus
3082 3635 3166 3683 est
3202 3671 3215 3694 ,
3276 3643 3388 3681 non

1809 3732 2118 3791 temperans
2187 3721 2277 3776 ille
2313 3730 2399 3775 est
2423 3760 2439 3785 ,
2472 3728 2532 3775 ut
2562 3735 2741 3791 neque
2778 3734 2947 3775 sanus
2982 3719 3075 3789 qui
3107 3719 3192 3772 vel
3222 3718 3388 3773 unico

1808 3816 2055 3887 corporis
2112 3815 2305 3870 morbo
2354 3813 2628 3884 agitatur:
2668 3827 2845 3883 neque
2912 3812 3090 3874 liber,
3150 3811 3242 3880 qui
3291 3810 3389 3865 uni

1808 3909 2123 3978 quicunque
2167 3907 2257 3961 ille
2314 3907 2386 3960 sit
2437 3905 2659 3960 domino
2702 3914 2875 3976 paret.
2923 3904 2998 3975 (4)
3034 3902 3131 3958 His
3166 3903 3386 3974 quidem

1809 4016 2044 4070 quorum
2121 3998 2393 4053 sanabilia
2478 4006 2607 4052 sunt
2688 4003 2951 4067 peccata,
3005 3997 3390 4050 interminatur

1811 4094 2097 4163 Scriptura
2151 4090 2266 4147 fore
2294 4131 2307 4155 ,
2345 4099 2405 4144 ut
2450 4089 2630 4145 visitet
2675 4088 2940 4143 Dominus
2962 4102 3153 4143 eorum
3186 4087 3389 4157 iniqui-

1811 4194 1949 4241 tates
1998 4186 2050 4238 in
2106 4185 2301 4254 virga,
2359 4190 2412 4237 et
2446 4197 2635 4237 eorum
2696 4181 2997 4250 injustitias
3036 4181 3089 4233 in
3145 4180 3384 4234 verberi-

1810 4275 1913 4329 bus
1938 4275 2036 4339 ⁹⁷⁶;
2087 4274 2181 4327 sed
2242 4273 2327 4327 his
2360 4273 2452 4342 qui
2489 4270 2866 4326 insatiabiliter
2913 4278 3277 4340 peccaverunt
3307 4270 3393 4324 dl-

1812 4369 1885 4423 cit
1935 4383 1947 4418 :
2002 4366 2141 4432 Quid
2194 4366 2366 4419 adhuc
2415 4365 2786 4436 percutiamini
2812 4363 2860 4395 ⁸⁸
2897 4403 2912 4427 ,
2958 4365 3147 4434 plagas
3198 4378 3389 4418 omnes

125 4456 370 4528 τριμμὸς
424 4456 565 4525 ὑμᾶς
622 4455 794 4525 μένει.
849 4456 965 4509 Τῶν
1014 4457 1070 4510 δέ
1124 4458 1523 4529 περιστατικῶς
1574 4475 1706 4528 συμ-

1813 4455 2081 4526 experti?
2142 4453 2338 4510 Omnia
2396 4454 2809 4525 contempsistis
2856 4453 3059 4508 inﬂicta
3105 4454 3171 4508 ad
3204 4468 3391 4508 emen«

126 4548 426 4602 ϐαινὸντων
476 4548 597 4600 τινὰ
653 4548 750 4616 μὲν
788 4549 1198 4620 ἁμαρτημάτων
1243 4550 1403 4603 ἕνεκα
1454 4550 1701 4618 γίνεται’

124 4641 251 4694 τινὰ
285 4640 341 4693 δὲ
369 4641 448 4703 εἰς
472 4639 754 4710 διόρθωσιν
782 4639 876 4694 τοῦ
920 4640 1085 4711 ἤθους
1114 4640 1222 4694 τῶν
1254 4640 1664 4713 πειραζομένων
1689 4658 1703 4672 ο

125 4733 263 4789 ἄλλα
311 4732 367 4784 δὲ
403 4732 542 4803 ὑπὲρ
574 4730 667 4784 τοῦ
715 4731 1028 4801 ἐκτριὸῆναι
1058 4732 1182 4794 τοὺς
1230 4733 1705 4803 ἀπεγνωσμένους,

125 4827 203 4889 ὡς
257 4825 351 4877 ἐπὶ
396 4823 489 4877 τοῦ
538 4823 754 4896 Φαραώ.
817 4825 1036 4887 Τούτοις
1084 4825 1194 4895 γὰρ
1243 4824 1426 4878 οὐκέτι
1480 4825 1703 4894 πληγαὶ,

124 4915 248 4968 οὐδὲ
291 4916 587 4984 μάστιγες,
640 4914 751 4968 ἀλλ’
778 4916 1081 4984 ἀφανισμός
1135 4914 1458 4971 ἀπειλεῖται.
1520 4919 1582 4971 Τί
1622 4916 1708 4970 ἔτι

125 5002 434 5073 πληγῆτε,
467 4998 541 5057 ὧν
594 5006 687 5057 καὶ
724 5005 793 5057 τά
832 5004 1056 5076 σώματα
1107 5007 1200 5057 καὶ
1233 5008 1284 5058 αἱ
1324 5006 1492 5076 ψυχαὶ
1531 5024 1708 5076 μεμα-

127 5094 454 5162 στίγωνται,
488 5097 583 5148 καὶ
622 5095 858 5165 οὐδαμοῦ
900 5098 932 5166 ή
965 5094 1285 5166 διόρθωσις;
1340 5095 1453 5148 ἔστι
1485 5097 1541 5149 δὲ
1575 5096 1704 5149 πολ-

123 5188 284 5250 λάκις
317 5187 411 5239 καί
432 5188 465 5256 ἡ
492 5186 646 5251 νόσος
677 5188 950 5258 ὠφέλιμος
974 5228 989 5252 ,
1026 5188 1153 5240 ὅταν
1185 5189 1552 5256 παιδαγωγεῖν
1585 5187 1707 5259 μέλ-

203 5343 249 5375 “
283 5341 441 5398 Joan.
484 5342 678 5412 xm,6.
753 5344 800 5375 ⁸⁵
847 5343 978 5398 ibid.
1011 5342 1063 5397 8.
1140 5344 1186 5376 “
1217 5342 1407 5398 Matth.
1442 5360 1571 5405 xxv,
1603 5344 1692 5406 tl,

203 5500 280 5571 (Ι)
305 5499 466 5571 Αὐτὴ
494 5502 532 5568 ὴ
556 5501 682 5555 τοῦ.
728 5500 820 5556 Sic
846 5502 1022 5555 nostri
1062 5501 1281 5557 codices
1309 5508 1363 5557 et
1392 5507 1713 5554 contextus.

127 5569 276 5627 E-iiti
307 5569 444 5640 αὐτὴ
473 5572 657 5624 αὐτοῦ.

200 5641 281 5709 (2)
312 5638 530 5713 Πᾶσαν
559 5641 780 5710 φυγήν.
820 5640 1126 5711 Legendum
1184 5642 1256 5713 μὴ
1290 5644 1478 5713 ,πᾶσαν
1511 5640 1707 5709 φυγθίγ),

131 5710 183 5768 si
213 5712 538 5767 sententiam
565 5713 787 5767 sibinon
812 5710 1200 5779 repugnantem
1215 5710 1415 5768 habere
1432 5713 1699 5766 volumus.

1768 5343 1813 5375 ⁹⁷
1844 5343 1975 5397 ibid.
2009 5340 2098 5395 6'2.

1813 4548 2051 4604 dandum
2082 4546 2288 4616 ﬂagella
2314 4587 2330 4612 ,
2381 4545 2644 4600 contritio
2694 4560 2790 4598 vos
2824 4552 3025 4598 manet.
3074 4543 3152 4598 Ex
3198 4544 3264 4598 iis
3292 4558 3392 4597 au-

1814 4647 1921 4694 tem
1958 4636 2365 4692 calamitatibus
2393 4650 2514 4707 quas
2540 4635 2819 4699 eveniunt,
2853 4633 2972 4687 aliae
3001 4633 3219 4704 quidem
3244 4633 3392 4687 acci~

1814 4731 1951 4784 dunt
1982 4729 2046 4782 ad
2088 4726 2364 4798 punienda
2419 4734 2642 4797 peccata
2670 4766 2686 4791 ,
2724 4727 2843 4780 aliae
2888 4724 2956 4779 ad
2990 4739 3172 4779 mores
3197 4739 3388 4779 eorum

1816 4821 1909 4889 qui
1944 4826 2225 4874 tentantur
2253 4816 2648 4880 emendandos,
2684 4817 2806 4871 aliae
2849 4816 2916 4870 ad
2949 4829 3045 4870 eos
3074 4818 3167 4885 qui
3197 4815 3393 4886 despe-

1814 4920 2009 4967 rantur
2047 4910 2382 4974 atterendos,
2429 4916 2489 4963 ut
2540 4907 2594 4962 in
2628 4907 2937 4962 Pharaone.
2964 4906 3061 4963 His
3100 4907 3244 4962 enim
3278 4922 3389 4961 non

1808 5005 1922 5074 jam
1961 5004 2146 5074 plagas
2198 5010 2291 5056 aut
2333 5000 2541 5072 ﬂagella
2569 5041 2584 5065 ,
2645 5000 2740 5054 sed
2787 5000 3068 5054 interitum
3126 5000 3386 5053 minatur.

1815 5095 1955 5162 Quid
1987 5094 2155 5149 adhuc
2182 5093 2551 5163 percutiamini
2600 5109 2688 5145 vos
2716 5131 2731 5156 ,
2775 5106 3009 5161 quorum
3050 5104 3286 5161 corpora
3337 5098 3391 5144 et

1814 5188 2007 5241 animae
2055 5184 2242 5257 ﬂagris
2289 5185 2511 5239 concisa
2558 5190 2726 5246 sunt,
2765 5199 2867 5238 nec
2927 5196 3158 5251 usquam
3194 5196 3391 5249 emen-

2189 5342 2257 5372 ⁸⁷⁸
2301 5339 2449 5395 Psal.
2495 5353 2760 5403 nxxxvm,
2805 5337 2893 5391 53.
2971 5337 3019 5368 ’⁸
3054 5337 3156 5392 Isa.
3191 5350 3228 5402 l,
3263 5336 3314 5391 5.

1808 5499 2015 5554 Ibidem
2042 5499 2090 5553 le
2130 5499 2330 5553 endum
2358 5498 2466 5551 ἀπὸ
2494 5497 2593 5567 τῆς
2632 5499 2734 5565 ὲγκ
2774 5494 2977 5558 ατείας.

1882 5571 1955 5621 (3)
1987 5569 2065 5621 Ex
2094 5514 2362 5621 grammio
2392 5567 2466 5621 De
2500 5566 2693 5621 iudicio
2725 5513 2845 5621 Sci.
2877 5565 2977 5619 22?

1882 5571 1955 5642 (ὅ)
1987 5569 2065 5642 1:3}
2094 5565 2362 5625 Prcmmio
2392 5567 2466 5642 De
2488 5565 2698 5642 judicio
2718 5565 2845 5642 _1_)ei,
2877 5565 3004 5621 222.

1884 5637 1961 5712 (4)
1998 5639 2074 5694 Ex
2106 5648 2397 5697 comment.
2431 5639 2483 5692 in
2520 5637 2635 5693 15a.
2670 5639 2794 5693 589.
