3840 6226
411 261 545 317 12οἸ

1301 267 1663 324 APPENDIX.
1706 301 1774 312 -ο
1815 271 2162 328 δγιιεοχιδ
2199 271 2734 330 ΜΕΤΑΡΗΒΛΒΤᾸΞ

3525 278 3666 336 ίεῦὃ

407 377 593 432 datio!
645 375 722 448 (l)
757 375 869 431 Erit
916 379 1062 434 enim
1100 380 1249 436 utilis
1289 398 1669 453 saepenumero
1725 389 1810 442 vel
1837 403 1972 442 tuor-

2087 388 2154 461 λῃ
2200 389 2290 442 τὸν
2325 390 2711 461 ἁμαρτάνοντα
2737 408 2750 420 ο
2800 392 2893 444 καὶ
2945 393 2978 462 ἡ
3019 392 3178 460 ὑγεία
3215 391 3484 464 βλαϐερὰ,
3536 396 3664 448 ὅταν

407 469 532 546 bus,
552 484 677 523 cum
707 468 958 526 videlicet
990 482 1308 541 pescantem
1347 475 1668 533 refreuahit.
1709 479 1774 534 Et
1805 497 1984 536 nocua

404 571 489 616 est
545 562 757 618 sanitas
817 577 940 616 cun
1025 567 1236 634 peacati
1299 568 1730 627 instrumentum
1778 574 1837 628 iit
1896 590 1983 628 re-

403 659 492 708 cte
543 653 766 708 valenti.
827 651 921 709 Sic
973 663 1029 710 et
1095 659 1344 728 pecunia:
1414 663 1696 719 nonnullis
1747 665 1860 735 jam
1917 667 1982 722 ad

402 743 685 800 libidinem
759 747 1178 815 inseri-ierunt;
1243 763 1542 823 paupertas
1612 771 1744 812 vero
1811 759 1983 828 pluri-

402 851 522 893 mos
563 837 632 892 ad
695 838 838 893 vitia.
880 856 1210 913 magnopere
1251 847 1657 918 propendentcs
1696 855 1981 921 repressit.

399 925 594 999 Neque
619 931 789 1001 igitur
828 930 1008 1002 fugias
1035 949 1155 1004 quae
1192 951 1304 992 non
1342 951 1556 1010 Oportet
1589 959 1604 1006 ;
1657 959 1759 998 nec
1792 945 1986 1000 confu-

399 1021 519 1088 gias
575 1021 643 1076 ad
677 1037 840 1094 quem
875 1040 985 1079 non
1021 1035 1236 1096 oportet
1272 1045 1286 1080 :
1325 1031 1420 1086 sed
1453 1049 1622 1088 unum
1651 1036 1746 1091 libi
1781 1035 1987 1106 fugien-

400 1111 529 1164 dum
567 1112 639 1166 sit
689 1123 1010 1182 peccatum,
1047 1129 1100 1173 et
1149 1137 1318 1175 unum
1385 1139 1452 1178 ex
1488 1125 1649 1181 malis
1713 1127 1982 1198 refugium

401 1201 562 1258 Deus.

467 1295 520 1346 7.
572 1295 650 1365 (2)
687 1295 837 1350 Multi
868 1299 1088 1368 quidem
1121 1303 1364 1371 priorum
1399 1317 1747 1374 peccatorum
1790 1311 1984 1365 obliviu

400 1391 633 1440 scuntur
663 1426 677 1450 ,
740 1387 944 1440 nullam
997 1404 1187 1443 eorum
1233 1391 1498 1446 habentes
1545 1395 1861 1458 rationem,
1917 1412 1980 1450 ac

401 1490 466 1528 ea
523 1484 986 1542 contemnentes,
1049 1482 1209 1550 quasi
1263 1483 1414 1536 nulla
1461 1485 1645 1540 l'utura
1694 1487 1766 1541 sit
1825 1487 1978 1542 ultio.

400 1567 507 1631 Qui
565 1583 696 1624 vero
733 1568 1007 1638 judicium
1066 1570 1161 1626 Dei
1207 1572 1416 1644 jugiter
1449 1573 1613 1630 habet
1642 1577 1713 1630 ob
1743 1579 1935 1631 oculos
1965 1616 1980 1640 ,

399 1659 686 1730 ereditque
720 1669 876 1716 certo
909 1662 1024 1717 fore
1051 1703 1064 1728 ,
1099 1671 1158 1717 ut
1190 1680 1380 1720 omnes
1421 1681 1608 1720 coram
1643 1668 1849 1724 Christi
1881 1670 1978 1724 tri-

2086 480 2296 548 ἐψόδιον
2330 481 2545 552 γίνηται
2581 482 2717 553 πρὸς
2747 483 3020 553 ἁμαρτίαν
3053 482 3129 554 τῷ
3162 483 3356 555 ἔχοντι.
3386 485 3542 539 Οὖτω
3571 491 3664 540 καὶ

2084 572 2152 624 τὰ
2175 573 2430 642 χρήματα
2477 572 2576 644 ἤδη
2645 573 2786 626 τισὶν
2839 575 3114 644 ὑπηρεσία
3172 575 3306 646 πρὸς
3372 575 3665 634 ἀκολασίαν

2085 663 2300 730 ἐγένετο
2319 703 2332 728 ,
2362 665 2456 716 καὶ
2483 665 2644 717 πενία
2688 664 2918 730 πολλοὺς
2963 667 3297 737 ἐσωφρόνισε
3323 667 3434 720 τῶν
3473 667 3665 740 ὡρμη-

2089 755 2263 824 μένων
2303 757 2506 820 κακῶς.
2567 759 2717 828 Μήτε
2766 753 2858 811 οὖν
2909 757 3087 831 φύγῃς
3135 759 3171 813 ἃ
3225 760 3299 831 μὴ
3349 760 3471 825 δεῖ,
3527 765 3666 832 μήτε

2087 846 2406 918 προσφύγῃς
2464 842 2508 917 ᾧ
2569 849 2642 920 μὴ
2695 849 2777 902 δεῖ
2830 849 2948 920 (8)·
3021 851 3132 904 ἀλλ’
3187 853 3244 904 ἓν
3296 870 3377 905 σοι
3432 853 3690 922 φευκτὺν”

2086 938 2232 1007 ἤτω,
2277 941 2310 1010 ἡ
2346 939 2590 1012 ἁμαρτία
2649 940 2742 993 καὶ
2773 941 2869 1010 μία
2911 944 3198 1013 καταφυγὴ
3231 946 3296 996 ἐκ
3319 945 3427 997 τῶν
3452 945 3666 1011 κακῶν,

2084 1031 2112 1082 ὁ
2159 1029 2310 1094 Θεὸς.

2159 1293 2208 1344 7.
2257 1293 2318 1344 Οἱ
2371 1292 2554 1362 μέντοι
2607 1292 2788 1346 πολλοὶ
2831 1293 2940 1346 τῶν
2991 1295 3290 1366 ἀνθρώπων
3350 1300 3445 1351 καὶ
3489 1299 3667 1369 λήϐην

2087 1381 2364 1435 ποιοῦνται
2415 1383 2524 1435 τῶν
2588 1385 2867 1455 προτέρων
2923 1387 3335 1458 ἁμαρτημάτων
3365 1429 3379 1448 .
3442 1389 3668 1459 ἀδιαφο-

2089 1473 2304 1546 ροῦντες
2335 1475 2420 1527 ἐπ’
2449 1475 2634 1538 αὐτοῖς
2680 1475 2772 1528 καὶ
2822 1478 3326 1548 καταφρονοῦντες,
3370 1479 3446 1542 ὡς
3502 1481 3669 1552 μηδε-

2087 1565 2216 1633 μιᾶς
2248 1563 2580 1635 ἐκδικήσεως
2613 1566 3004 1636 γενησομένης.
3047 1568 3102 1620 Ὁ
3130 1567 3187 1620 δὲ
3215 1569 3275 1622 τὸ
3310 1569 3666 1642 δικαστήριον

2084 1655 2176 1709 τοῦ
2223 1656 2358 1710 Θεοῦ
2394 1656 2500 1727 πρὸ
2549 1657 2842 1728 ὀφθαλμῶν
2872 1658 2960 1712 διὰ
2991 1660 3190 1723 παντὸς
3222 1661 3390 1732 ἔχων,
3442 1665 3537 1716 καὶ
3567 1681 3667 1716 πε-

397 1748 586 1802 bunali
626 1751 912 1816 sistamur,
951 1761 1010 1807 ut
1049 1762 1294 1824 reportet
1329 1758 1714 1828 unusquisque
1742 1775 1806 1814 ea
1853 1777 1972 1831 qua:

2080 1749 2400 1819 πεισμένος,
2455 1751 2536 1802 ὅτι
2581 1749 2782 1813 πάντες
2827 1753 3288 1823 παραστησόμεθα
3452 1754 3666 1824 βήματι

397 1843 534 1894 iiunt
569 1856 664 1912 per
693 1858 898 1914 corpus
920 1885 934 1909 ,
973 1845 1131 1915 juxta
1165 1845 1218 1903 id
1247 1847 1392 1917 quod
1423 1849 1572 1914 fecit,
1598 1851 1715 1905 sive
1745 1851 1972 1917 bonum,

396 1936 512 1990 sive
549 1936 754 1990 malum
774 1937 851 2000 '9,
885 1937 933 1991 is
964 1937 1018 1990 in
1053 1939 1330 1995 anxietate
1364 1956 1582 2011 semper
1615 1953 1888 2007 versatur,
1921 1953 1975 1999 et

394 2025 543 2085 hunc
609 2028 805 2082 animae
841 2045 955 2084 suae
1005 2029 1248 2086 dolorem
1296 2048 1494 2088 sanare
1542 2035 1773 2091 studens
1808 2075 1823 2100 ,
1879 2053 1974 2106 per

395 2131 526 2172 suas
565 2117 632 2172 ad
687 2117 856 2174 Deum
920 2121 1301 2179 confessiones
1335 2141 1394 2178 se
1443 2127 1558 2194 ipse
1595 2137 1844 2192 accusat,
1879 2145 1975 2184 ex-

392 2208 572 2278 emplo
621 2208 771 2266 illius
834 2212 925 2280 qui
980 2213 1057 2266 ait
1115 2233 1127 2267 :
1181 2214 1351 2268 Dolor
1407 2235 1551 2274 meus
1596 2220 1649 2273 in
1693 2233 1973 2291 conspectu

392 2315 507 2358 meo
535 2317 737 2371 semper
763 2304 801 2356 ¹.
837 2304 913 2374 (5)
945 2304 1095 2360 Multi
1125 2323 1252 2362 vero
1273 2310 1375 2365 etsi
1419 2326 1448 2364 a
1505 2313 1691 2382 pravis
1713 2315 1972 2384 operibus

391 2405 777 2464 recesserunt,
827 2398 955 2453 dum
995 2397 1158 2472 510
1187 2404 1368 2472 priora
1411 2405 1552 2461 facta
1595 2407 1973 2464 recordatione

389 2497 767 2554 percurrunt,
831 2505 928 2558 per
971 2505 1091 2544 eam
1149 2509 1293 2562 saepe
1350 2497 1641 2566 quiescens
1707 2509 1973 2554 renovant

391 2589 696 2647 peccatum.
730 2581 805 2652 (4)
832 2581 1064 2637 Silentio
1095 2587 1242 2640 enim
1275 2589 1454 2657 sopita
1497 2590 1840 2661 improbitas,
1891 2593 1970 2645 la-

391 2680 514 2728 tens
556 2679 641 2727 est
672 2675 897 2730 morbus
925 2675 980 2729 in
1018 2677 1222 2731 anima.
1263 2681 1617 2750 (5)Cteterum
1651 2700 1841 2739 eorum
1874 2688 1969 2758 qui

389 2775 620 2832 peccant
671 2765 925 2822 dimissio
972 2768 1030 2823 ﬁt
1073 2786 1169 2838 per
1223 2773 1664 2830 derelictionem.
1723 2777 1968 2844 Quorum

389 2862 571 2911 autem
625 2872 814 2914 curam
841 2863 1029 2929 gerit,
1067 2863 1135 2918 de
1177 2864 1245 2920 iis
1275 2864 1352 2918 ait
1376 2865 1662 2936 Scriptura
1707 2886 1720 2921 :
1762 2869 1884 2926 Non
1925 2884 1971 2927 te

389 2944 668 3011 deseram,
719 2965 881 3018 neque
919 2960 968 3005 te
1016 2952 1320 3024 derelinquo
1370 2959 1388 2986 ²
1433 2973 1445 3008 :
1495 2973 1526 3011 e
1577 2961 1862 3014 contrario
1902 2963 1971 3018 de

387 3036 590 3105 quibus
641 3055 869 3109 prorsus
907 3043 1162 3114 desperat
1189 3086 1203 3111 ,
1236 3047 1336 3102 hos
1367 3048 1432 3103 ad
1467 3053 1651 3106 carnis
1682 3061 1734 3108 et
1765 3054 1970 3124 cogita-

389 3127 600 3184 tionum
633 3145 856 3187 suarum
887 3133 1158 3192 desideria
1191 3139 1460 3207 explenda
1489 3142 1689 3200 liberos
1721 3143 1967 3210 dimittit,

387 3221 532 3290 quod
563 3223 644 3278 eis
677 3227 966 3296 profutura
997 3244 1106 3283 non
1142 3235 1212 3284 sit
1240 3231 1666 3290 animadversio.
1727 3236 1800 3306 (6)
1824 3239 1971 3306 Quo-

389 3317 534 3370 niam
618 3321 763 3374 enim
824 3322 930 3375 hnc
987 3332 1278 3393 peccatum
1344 3329 1605 3392 vulnere,
1659 3332 1832 3387 livore
1905 3351 1969 3390 ac

388 3410 547 3482 plaga
587 3421 828 3467 tumente
856 3416 1012 3484 pejus
1058 3427 1179 3483 est;
1214 3433 1325 3474 non
1354 3430 1440 3477 est
1474 3423 1746 3494 malagma
1792 3426 1969 3497 impo-

386 3519 518 3560 nere
577 3512 836 3575 tanquam
902 3508 968 3562 ad
1019 3510 1232 3580 plagam
1265 3553 1279 3578 ,
1332 3528 1508 3584 neque
1549 3516 1755 3579 oleum,
1809 3528 1868 3571 ut
1901 3519 1968 3573 ad

385 3598 612 3655 vulnera
648 3617 660 3651 :
697 3616 798 3654 nec
837 3601 949 3670 jam
981 3617 1120 3674 Opus
1148 3613 1231 3660 est
1261 3607 1413 3662 hisce
1445 3610 1700 3664 remediis
1727 3625 1738 3660 :
1771 3615 1970 3682 quippe

384 3691 596 3762 majora
645 3700 774 3749 sunt
804 3735 818 3758 ,
879 3695 1089 3762 inquit,
1138 3708 1503 3768 symptomata
1532 3717 1695 3772 quam
1727 3710 1786 3756 ut
1821 3703 1969 3759 hisce

386 3785 803 3842 medicamentis
830 3789 1048 3844 cedant.
1106 3789 1171 3842 Et
1207 3792 1336 3861 quia
1371 3800 1483 3846 tota
1527 3809 1661 3863 gens
1691 3797 1968 3864 peccatrix

387 3883 470 3928 cst
495 3915 509 3939 ,
575 3879 918 3950 populusque
977 3883 1160 3938 onmis
1191 3886 1430 3952 peccatis
1463 3887 1680 3955 plenus,
1713 3889 1784 3942 ob
1815 3888 1868 3942 id
1898 3889 1968 3943 ad

385 3983 578 4024 omnes
615 3985 994 4040 saepenumero
1018 3976 1265 4044 pervenit
1290 3978 1644 4048 supplicium.
1691 3979 1759 4033 Et
1818 3999 1969 4036 omne

389 4081 480 4116 car
504 4073 683 4118 maeret
706 4066 749 4128 ³,
787 4065 915 4120 dum
952 4069 1008 4124 in
1043 4070 1414 4140 captivitatem
1469 4073 1764 4128 abducitur
1794 4090 1968 4146 popu-

387 4157 474 4210 lus
529 4157 601 4212 ob
633 4167 878 4228 peccata.
916 4159 1392 4228 Quemadmodum
1445 4165 1614 4233 igitur
1657 4169 1923 4223 sectionis
1948 4209 1963 4231 ,

387 4255 482 4302 aut
530 4252 768 4306 cauterii
807 4267 1034 4309 causam
1082 4272 1191 4310 non
1249 4259 1485 4314 sustinet
1540 4261 1822 4325 medicus,
1869 4261 1966 4318 sed

387 4342 610 4398 morbus
655 4364 667 4396 :
730 4345 810 4398 sic
869 4353 924 4400 et
971 4347 1250 4403 civitatum
1318 4353 1632 4408 eversiones
1685 4355 1754 4408 ab
1803 4355 1966 4408 innu-

2075 1839 2168 1893 τοῦ
2198 1839 2470 1908 Χριστοῦ,
2530 1841 2618 1894 ἵνα
2672 1841 2967 1911 κομίσηται
3020 1841 3249 1906 ἕκαστος
3306 1844 3374 1898 τὰ
3429 1845 3521 1899 διὰ
3566 1847 3663 1899 τοῦ

2077 1933 2328 2003 σώματος
2361 1931 2497 2002 πρὸς
2527 1931 2562 1986 ἃ
2593 1933 2846 2003 ἔπραξεν,
2878 1934 2987 1988 εἴτε
3019 1934 3220 2002 ἀγαθὸν
3239 1978 3256 2001 ,
3290 1935 3400 1990 εἴτε
3432 1937 3661 2006 φαῦλον,

2076 2025 2133 2076 ὲν
2182 2023 2389 2094 ἀγωνία
2441 2023 2746 2095 καθέστηκε
2799 2025 3061 2086 πάντοτε,
3115 2028 3210 2080 καὶ
3252 2028 3354 2098 τὴν
3386 2029 3666 2101 ἀλγηδόνα

2075 2119 2140 2186 τῇ
2172 2115 2365 2168 ἑαυτοῦ
2396 2115 2538 2185 ψυχῇ
2572 2119 2774 2187 ταύτην
2805 2118 3052 2170 ἵστασθαι
3086 2119 3160 2188 (9)
3195 2121 3498 2191 φροντίζων
3519 2162 3534 2185 ,
3566 2125 3663 2176 αὐ-

2073 2209 2165 2271 τὸς
2218 2209 2412 2260 ἑαυτοῦ
2461 2212 2754 2280 κατηγορεῖ
2805 2210 2891 2262 διὰ
2936 2210 3043 2262 τῶν
3091 2211 3224 2283 πρὸς
3270 2211 3362 2264 τὸν
3411 2214 3546 2266 Θεὸν
3577 2215 3666 2278 ἐξ-

2074 2299 2448 2371 ομολογήσεων
2471 2341 2484 2361 ,
2521 2300 2660 2353 κατὰ
2705 2301 2792 2353 τὸν
2841 2300 3096 2369 λέγοντα·
3141 2303 3202 2356 Ἠ
3229 2301 3511 2370 ἀλγηδών
3541 2322 3664 2372 μου

2072 2391 2328 2444 ἐνώπιόν
2356 2411 2475 2460 μου
2521 2394 2647 2444 ἐστὶ
2683 2392 2778 2446 διὰ
2808 2394 3051 2457 παντός.
3089 2392 3279 2446 Πολλοὶ
3317 2393 3372 2447 δὲ
3408 2395 3502 2446 καὶ
3541 2396 3664 2447 ἑπι-

2079 2483 2403 2554 στρέψαντες
2442 2485 2550 2538 ἀπὸ
2598 2485 2846 2554 πονηρῶν
2907 2485 3116 2556 ἔργων,
3151 2487 3313 2539 οίονεὶ
3365 2487 3466 2550 τὰς
3527 2487 3662 2556 μνή-

2082 2591 2188 2644 μας
2237 2573 2345 2626 τῶν
2387 2573 2630 2628 παλαιῶν
2685 2575 2860 2644 ἔργων
2906 2577 3380 2648 παρακατέχοντες
3404 2619 3419 2640 ,
3455 2578 3522 2631 δι’
3561 2579 3663 2631 αὺ-

2077 2665 2184 2718 τῶν
2239 2666 2496 2729 πολλάκις
2537 2666 2883 2720 ἀνανεοῦνται
2917 2668 3014 2738 τὴν
3049 2670 3433 2740 ἡσυχάζουσαν
3483 2673 3663 2741 ἀμαρ-

2073 2760 2213 2812 τίαν.
2252 2761 2438 2813 Κακία
2486 2761 2596 2830 γὰρ
2651 2760 3022 2828 σιωπηθεῖσα,
3066 2763 3218 2827 νόσος
3249 2762 3481 2826 emam;
3511 2765 3661 2816 ἐστιν

2071 2853 2129 2905 ὲν
2178 2854 2244 2923 τῇ
2293 2851 2460 2924 ψυχῇ.
2509 2853 2573 2904 Ἠ
2623 2853 2678 2905 δὲ
2733 2855 2916 2917 ἄνεσις
2969 2855 3077 2908 τῶν
3127 2856 3477 2926 ἁμαρτωλῶν
3516 2857 3662 2910 κατά

2071 2942 2453 3013 ἐγκατάλειψιν
2509 2943 2736 3012 γίνεται.
2797 2940 2895 2996 Ὧν
2963 2947 3062 3016 μὲν
3112 2945 3223 3018 γὰρ
3280 2951 3591 3019 προνοεῖται
3630 2951 3662 3002 ὁ

2071 3035 2228 3105 λόγος
2247 3077 2260 3100 ,
2290 3053 2483 3108 φησιν·
2517 3040 2598 3090 Οὐ
2617 3038 2700 3106 μή
2738 3055 2810 3092 σε
2836 3037 2991 3104 ἀνῶ,
3023 3040 3150 3093 οὐδ’
3171 3041 3242 3093 οὐ
3265 3041 3352 3108 μή
3387 3056 3462 3093 σε
3486 3041 3659 3109 ἐγκα-

2073 3129 2367 3181 ταλείπων
2402 3122 2476 3180 ὧν
2519 3128 2564 3180 δ’
2597 3127 2661 3182 ἂν
2703 3129 2982 3193 παντελῶς
3021 3129 3277 3200 ἀπογνῷ,
3312 3131 3534 3194 τούτους
3565 3133 3657 3184 ἀν-

2073 3217 2225 3279 έτους
2263 3216 2455 3288 ἀφίησι
2491 3221 2662 3270 ποιεῖν
2719 3218 2784 3270 τὰ
2817 3219 3100 3289 Οελήματα
3148 3221 3245 3291 τῆς
3284 3221 3491 3291 σαρκὸς
3514 3261 3529 3284 ,
3563 3223 3651 3272 καὶ

2071 3309 2177 3361 τῶν
2199 3308 2446 3362 διανοιῶν
2475 3310 2652 3362 αὐτῶν
2673 3351 2686 3372 ,
2717 3310 2792 3372 ὡς
2820 3311 2920 3379 τῆς
2960 3311 3313 3382 παιδευτικῆς
3344 3312 3648 3380 ἀνωφελοῦς

2071 3403 2254 3464 αὐτοῖς
2311 3403 2594 3471 ἐσομένης.
2648 3403 2756 3456 Καὶ
2801 3405 2908 3473 γὰρ
2963 3405 3084 3457 ἐπεὶ
3122 3405 3261 3475 ὑπὲρ
3299 3405 3523 3476 τραῦμα
3559 3406 3650 3458 καλ

2073 3493 2316 3561 μώλωπα
2380 3495 2473 3547 καὶ
2535 3495 2748 3565 πληγὴν
2808 3495 3246 3566 φλεγμαίνουσαν
3304 3501 3338 3568 ἡ
3409 3499 3648 3569 ἁμαρτία

2070 3589 2255 3648 ἐστὶν,
2301 3589 2401 3639 οὐκ
2451 3587 2565 3638 ἔστι
2619 3589 2885 3657 μάλαγμα
2933 3587 3202 3641 ἐπιθεῖναι
3253 3589 3328 3652 ὡς
3370 3591 3506 3660 πρὸς
3554 3591 3648 3661 τὴν

2069 3678 2318 3749 πληγὴν,
2354 3678 2474 3731 οὐδὲ
2513 3678 2690 3732 ἔλαιον
2739 3679 2816 3743 ὼς
2868 3680 3004 3750 πρὸς
3053 3679 3122 3732 τὰ
3169 3680 3495 3751 τραύματα·
3533 3682 3650 3734 οἰδέ

2068 3771 2225 3842 χρεία
2256 3771 2354 3840 τῆς
2384 3771 2491 3824 ἀπὸ
2523 3770 2726 3824 τούτων
2749 3770 3032 3840 βοηθείας·
3075 3770 3296 3839 μείζονα
3321 3777 3461 3844 γαρ,
3495 3775 3651 3843 φησὶ,

2067 3863 2135 3914 τὰ
2160 3862 2600 3933 συμπτώματαῆ
2631 3862 2769 3916 ὥστε
2807 3863 3014 3926 τούτοις
3055 3863 3316 3917 ἐνδοῦναι.
3352 3865 3464 3918 Καὶ
3499 3867 3651 3919 ξεῖ-,ει-

2067 3954 2129 4024 δὴ
2162 3954 2274 4024 (10)
2301 3955 2419 4007 ὅλον
2446 3955 2507 4007 τὸ
2560 3955 2709 4018 ἔθνος
2761 3955 3084 4027 ἁμαρτωλὸν
3107 3995 3121 4019 ,
3159 3956 3254 4008 καὶ
3305 3959 3416 4020 πᾶς
3447 3959 3476 4010 ὁ
3522 3957 3651 4020 λαδς

2067 4043 2281 4114 πλήρης
2308 4043 2546 4114 ἀνομιῶν
2570 4087 2582 4104 ,
2613 4044 2699 4098 διὰ
2727 4045 2884 4098 τοῦτο
2919 4046 3074 4115 καὶ⁹ή
3114 4045 3334 4107 κόλασις
3375 4047 3468 4100 ἐπὶ
3513 4047 3643 4100 πάν-

2067 4153 2164 4199 τας
2219 4136 2474 4200 πολλάκις
2527 4136 2750 4204 ἔφθασε.
2814 4139 2924 4190 Kal.
2977 4138 3129 4190 πᾶσα
3181 4138 3379 4208 καρδία
3429 4139 3651 4213 λυπηρά

2067 4228 2288 4297 γέγονεν
2309 4273 2321 4293 ,
2352 4230 2432 4292 είς
2465 4229 2840 4299 αἰχμαλωσίαν
2874 4230 3140 4300 ἀγομένου
3170 4229 3264 4283 τοῦ
3295 4230 3428 4284 λαοῦ
3462 4231 3552 4284 διὰ
3581 4232 3645 4284 τὸ

2068 4322 2456 4392 ἁμαρτήματα.
2496 4322 2704 4394 ’Ὠσπερ
2747 4319 2837 4375 οὖν
2892 4323 2994 4392 τῆς
3036 4322 3242 4392 τομῆς,
3295 4322 3328 4392 ἢ
3375 4321 3472 4375 τοῦ
3518 4341 3640 4376 καυ-

384 4448 536 4488 mera
575 4445 925 4504 peccatorum
949 4441 1300 4498 multitudine
1334 4451 1558 4507 exortae,
1589 4461 1807 4499 omnem
1832 4462 1965 4516 que-

2080 4413 2232 4483 ιῆρος
2251 4453 2265 4476 ,
2307 4413 2404 4482 οὐχ
2448 4414 2476 4464 ὁ
2515 4413 2696 4481 ἰατρὸς
2718 4413 2887 4476 αἴτιος
2912 4453 2925 4475 ,
2956 4413 3069 4465 ἀλλ’
3097 4415 3128 4482 ἡ
3163 4413 3316 4476 νόσος
3343 4431 3351 4442 ·
3381 4413 3526 4466 οὕτω
3556 4415 3640 4468 καί

385 4526 554 4580 relatu
580 4544 612 4580 a
643 4527 752 4582 Deo
775 4533 1121 4599 pronulsam.

453 4773 508 4828 8.
542 4776 620 4840 (7)
656 4775 926 4829 Invadunt
954 4776 1099 4829 enim
1137 4785 1360 4848 propter
1393 4793 1598 4842 paucos
1646 4779 1698 4832 in
1742 4793 1960 4834 omnem

384 4865 643 4934 populum
699 4869 840 4920 mala
871 4908 884 4927 .
922 4882 987 4921 ac
1025 4868 1286 4938 ﬂagitium
1329 4869 1489 4923 unius
1542 4870 1685 4940 plebi
1722 4870 1819 4925 toti
1863 4886 1961 4924 no-

387 4965 492 5012 cet.
538 4959 719 5013 Achar
747 4961 1097 5030 sacrilegium
1135 4961 1410 5026 commisit
1433 4961 1485 5027 ⁵,
1531 4973 1583 5018 et
1615 4971 1761 5017 totus
1791 4967 1960 5017 casti-

453 5140 497 5169 ε⁴⁴δ
533 5139 570 5190 ll
598 5144 723 5194 (Ior.
753 5158 802 5203 ν,
844 5142 922 5194 l0.
1003 5143 1016 5170 ¹
1060 5141 1200 5194 Psal.
1241 5157 1453 5204 xxxvii,
1487 5145 1568 5198 lS.

459 5317 538 5376 (Ι)
578 5315 651 5368 Ex
679 5316 826 5368 Imm.
862 5318 914 5368 in
945 5333 1022 5381 pa.
1050 5333 1172 5380 ην,
1213 5319 1334 5372 171.

461 5387 536 5450 ('2)
574 5386 650 5438 Ex
695 5387 840 5441 hom.
879 5389 932 5438 in
963 5389 1100 5451 psal.
1135 5405 1340 5450 xxxvii,
1371 5389 1492 5442 5'70.

462 5457 536 5525 ('5)
571 5455 724 5525 lituis
760 5457 928 5512 codex
971 5459 1172 5511 indicat
1226 5469 1517 5514 comment.
1563 5463 1612 5514 in
1646 5461 1751 5517 Ιδιι.

461 5524 536 5588 (ί)
569 5524 806 5596 Uterque
834 5533 1004 5581 codex
1038 5529 1241 5583 indicat
1266 5545 1428 5584 serui.
1464 5534 1626 5585 cthic.

459 5595 534 5661 (τί)
571 5595 645 5648 Ex
673 5595 966 5651 cdmmcnl.
1005 5601 1057 5650 in
1089 5597 1203 5652 lsa.
1233 5600 1355 5652 482.

463 5668 534 5726 ιω
573 5665 643 5718 Ex
682 5674 972 5724 comment.
1005 5671 1055 5722 in
1087 5669 1199 5723 lsa.
1233 5669 1357 5725 390.

1648 5148 1666 5174 '
1704 5143 1818 5198 Jos.
1857 5161 1894 5207 ι,

2064 4504 2115 4556 οί
2164 4502 2271 4554 τῶν
2320 4503 2526 4554 πόλεων
2582 4502 2918 4572 ἀφανισμοὶ,
2959 4505 3022 4555 ὲκ
3072 4503 3169 4572 τῆς
3225 4503 3497 4572 ἀμετρίας
3541 4503 3642 4556 τῶν

2068 4596 2532 4665 ἁμαρτανομένων
2563 4595 2658 4664 τὴν
2690 4595 2864 4665 ἀρχὴν
2913 4594 3160 4664 ἔχοντες,
3195 4592 3283 4645 τὸν
3326 4594 3460 4646 Θεὶν
3511 4595 3626 4647 ἀπα

2069 4706 2167 4758 σης
2196 4687 2454 4757 μέμνξεως
2484 4687 2830 4740 ἀπολύουσιν.

2135 4781 2186 4833 8.
2227 4783 2483 4853 Ἔρχεται
2513 4783 2619 4851 γὰρ
2652 4787 2746 4834 καὶ
2780 4782 2846 4834 δι’
2880 4781 3091 4848 ὀλίγους
3119 4779 3283 4844 κακὰ,
3318 4781 3412 4832 καὶ
3449 4778 3640 4850 μοχθη-

2071 4871 2189 4942 ρίας
2237 4871 2378 4925 τινος
2418 4872 2816 4940 παραπήλαυσε
2865 4871 3055 4940 δῆμος.
3096 4871 3272 4937 ’Ἀχαρ
3306 4869 3641 4939 ίεροσύλησε,

2068 4965 2157 5016 καὶ
2183 4964 2276 5034 ὅλη
2319 4963 2680 5033 ἡπαράταξις
2718 4963 3059 5032 ὲμαστίζετο.
3117 4963 3173 5013 ὐ
3217 4963 3435 5034 Ζαμερὶ
3491 4963 3641 5016 πάλιν

2063 5143 2083 5174 ³
2121 5141 2222 5198 lsa.
2261 5159 2297 5205 ι,
2475 5139 2640 5196 ⁸105.
2685 5157 2780 5206 vn,
2823 5141 2872 5194 ί.

2139 5318 2214 5386 (7)
2246 5317 2319 5386 [2x
2357 5318 2503 5370 hom.
2541 5317 2593 5369 in
2621 5317 2814 5384 famem
2843 5327 2890 5370 et
2914 5321 3086 5374 siccit.
3122 5319 3208 5386 66.

2137 5383 2215 5460 (8t
2353 5386 2440 5455 μὴ
2468 5386 2573 5439 δεῖ.
2611 5383 3066 5460 (ἐοιῑίιηιιηγαιιρν,
3097 5385 3179 5454 οἷς
3219 5389 3296 5460 μὴ
3331 5389 3432 5444 δεῖ.

2136 5458 2214 5524 (9)
2255 5459 2592 5512 Ἵστασθαι.
2651 5457 2843 5512 Melius
2892 5459 2948 5513 in
3009 5457 3306 5525 contextu,
3360 5458 3639 5512 ἰάσασθαι.

2064 5529 2268 5581 Ibidem
2297 5529 2359 5578 ἐκ
2391 5526 2680 5609 τῇῂἐςιυξρῧ
2705 5527 2893 5609 ψυχῇα,
3257 5596 3298 5609 ,,
3378 5599 3410 5609 ,.
3521 5597 3555 5609 ..
3595 5597 3610 5608 .

2135 5598 2287 5670 (10)-
2308 5595 2552 5670 Eat-2(6)}.
2577 5595 2669 5650 Sic
2703 5595 3110 5655 etti'cndavimus
3140 5613 3239 5668 ope
3257 5596 3413 5670 Regii
3438 5597 3644 5655 codicis

2065 5667 2222 5722 1992.
2250 5667 2410 5734 Editi,
2441 5667 2560 5718 ἐπεὶ
2593 5670 2686 5738 μή.

2439 5798 2466 5812 ν
