3840 6226
147 267 288 324 1209

1280 272 1514 330 SERMO
1555 273 1666 329 νη.
1709 305 1776 316 —
1818 273 1905 329 DE
1945 273 2280 332 PECCATO.

3271 273 3410 330 1210

145 387 228 448 εἰς
273 385 375 448 τὰς
420 385 804 449 Μαδιανίτιδας
856 387 1175 460 ὲξεπόρνευε
1203 432 1218 454 ,
1273 393 1368 446 καὶ
1417 395 1445 446 ὁ
1502 365 1723 466 ἒΙσραὴλ

1834 402 1983 464 gatus
2019 401 2100 448 est
2143 391 2438 448 exercitus.
2468 389 2689 446 Zambri
2722 388 3108 446 Madianitidas
3133 401 3409 447 scortatus

145 475 377 528 ἔπιπτεν
423 479 502 538 είς
539 477 714 548 diripi.
755 479 863 533 Καὶ
893 480 1143 555 καθάπερ
1182 485 1210 536 ὁ
1244 483 1458 552 λοιμὸς,
1506 485 1728 539 ἐπειδὰν

147 567 267 630 ἐνὸς
318 567 606 639 ἀνθρώπου
654 569 686 640 ἢ
739 573 968 641 κτήνους
1013 571 1248 643 ἅψηται,
1307 577 1447 628 κατὰ
1493 576 1727 630 διάδοσιν

147 659 242 710 ἐπὶ
277 659 484 722 πάντας
515 661 643 724 τοὺς
693 663 1010 730 ὲγγίξοντας
1048 665 1396 737 διανέμεσθαι
1442 668 1683 737 πέφυκεν
1711 685 1724 699 ο

145 749 289 803 οὕτω
333 753 430 804 καὶ
476 754 523 805 oi
558 754 786 824 ἐργάται
832 755 930 826 τῆς
986 757 1250 828 ἀνομίας,
1281 759 1341 810 τὸ
1381 759 1510 811 ἴδιον
1559 759 1728 814 κακὸν

146 843 241 895 ἐπὶ
282 843 491 907 πάντας
525 846 676 914 ἄγειν
707 847 1068 911 φιλονεικοῦσι
1094 889 1108 911 ,
1138 849 1364 914 πολλοὺς
1385 853 1596 916 ἑαυτοῖς
1626 867 1730 904 πα-

148 933 487 1005 ραπλησίους
541 936 791 1005 γενέσθαι
843 937 1332 1010 φιλοτιμούμενοι,
1391 941 1476 994 ἵνα
1537 944 1595 995 ἐν
1659 945 1724 1013 τῇ

147 1027 408 1098 κοινωνίᾳ
445 1027 554 1082 τῶν
613 1029 798 1083 κακῶν
848 1031 1180 1099 διαφεύγωσι
1233 1033 1302 1086 τά
1350 1033 1523 1106 ὀνείδη
1556 1051 1570 1065 ·
1634 1035 1728 1087 καὶ

149 1119 310 1184 ἄλλος
342 1119 484 1190 ἄλλῳ
510 1121 801 1192 τῆςενόσου
830 1123 1229 1193 μεταδιδόντες,
1265 1124 1610 1179 συννοσοῦσιν
1645 1125 1728 1179 ἀλ·

148 1211 336 1283 λήλοις
376 1215 470 1267 καὶ
514 1213 957 1269 συναπόλλυνται.
991 1215 1129 1269 Οὔτε
1163 1216 1270 1289 γὰρ
1303 1217 1446 1288 πῦρ,
1500 1219 1728 1271 εὐκατα-

149 1307 398 1376 πρήστου
426 1305 557 1376 ὕλης
585 1305 860 1376 ἁψάμενον
877 1349 890 1372 ,
917 1307 1140 1362 δυνατὸν
1173 1308 1247 1380 μὴ
1276 1310 1395 1379 οὐχὶ
1423 1310 1516 1362 ἐπὶ
1547 1311 1728 1362 πᾶσαν

146 1394 319 1467 αὑτὴν
347 1395 626 1466 διαϐῆναι,
661 1396 834 1460 ἄλλως
869 1415 929 1450 τε
982 1397 1083 1450 κᾶν
1137 1398 1366 1471 ἐπιτύχῃ
1421 1399 1726 1470 πνεύματος

147 1487 414 1558 ὲπιφόρου
442 1486 542 1558 τὴν
577 1487 750 1556 φλόγα
779 1487 1214 1558 διακομίζοντος·
1251 1489 1372 1543 οὔτε
1413 1492 1510 1560 τὴν
1555 1491 1730 1563 ἁμαρ-

146 1577 270 1630 τίαν
289 1616 306 1640 ,
344 1577 462 1640 ἐνὸς
489 1577 776 1648 ἁψαμένην
797 1618 810 1640 ,
846 1578 919 1649 μὴ
951 1579 1070 1647 οὐκὶ
1097 1578 1306 1642 πάντας
1329 1581 1452 1644 τοὺς
1487 1569 1729 1648 ἐγγίζον-

145 1688 246 1734 τας
273 1670 532 1737 διελθεῖν,
564 1671 906 1739 ὲξαπτόντων
931 1672 1098 1743 αὐτὴν
1132 1671 1240 1724 τῶν
1278 1673 1600 1743 πνευμάτων
1629 1675 1727 1746 τῆς

148 1761 435 1832 πονηρίας.

216 1850 272 1904 9.
304 1853 371 1903 Ai
399 1852 496 1921 μὲν
521 1851 630 1923 γὰρ
659 1851 746 1905 διὰ
769 1851 862 1905 τοῦ
889 1849 1136 1924 σώματος
1163 1851 1389 1924 πράξεις
1418 1853 1510 1906 καὶ
1533 1854 1726 1924 χρόνου

146 1942 398 2006 δέονται,
429 1944 523 1998 καὶ
563 1945 883 2016 εὐκαιρίας,
923 1947 1018 1998 καὶ
1061 1947 1358 2017 καμάτων,
1407 1947 1500 2000 καὶ
1541 1965 1728 2018 συνερι-

151 2037 263 2104 γῶν
287 2079 302 2101 ,
351 2038 444 2090 καὶ
495 2037 598 2106 τῆς
629 2037 823 2108 λοιπῆς
855 2037 1138 2108 χορηγίας.
1170 2039 1236 2090 ΛΞ
1279 2038 1335 2091 δὲ
1366 2038 1466 2108 τῆς
1492 2039 1728 2104 διανοίας

149 2129 395 2200 κινήσεις
427 2129 672 2200 ἁχρόνως
722 2128 1108 2200 ὲνεργοῦνται,
1167 2129 1386 2192 ἀκόπως
1423 2129 1730 2182 ἐπιτελοῦν-

147 2237 274 2286 ται,
328 2221 806 2292 ἀπραγματεύτως
859 2221 1250 2284 συνίστανται,
1303 2222 1484 2275 πάντα
1540 2223 1729 2292 καιρὸν

148 2312 454 2383 ἐπιτήδειον
489 2312 690 2382 ἔχουσι.
734 2311 842 2371 Καί
891 2311 996 2364 πού
1053 2329 1136 2376 τις
1177 2311 1286 2366 τῶν
1338 2313 1582 2378 σοϐαρῶν
1638 2315 1730 2368 καὶ

149 2405 625 2476 κατοφρυωμὲνων
671 2407 762 2458 ἐπὶ
801 2405 1124 2478 σεμνότητι,
1181 2405 1407 2476 πλάσμα
1446 2407 1728 2478 σωφροσύ-

148 2516 245 2570 νης
295 2498 494 2565 ἔξωθεν
555 2497 968 2568 περικείμενος,
1025 2499 1082 2550 ὲν
1135 2498 1320 2568 μέσοις
1370 2498 1730 2571 καθεζόμενος

149 2591 408 2653 πολλάκις
441 2593 552 2654 tot;
602 2590 688 2644 ἐπ’
721 2589 890 2660 ἁρετῇ
939 2589 1101 2642 αὐτὸν
1137 2590 1572 2661 μακαρίζουσιν,
1627 2593 1732 2644 ἁπ-

147 2681 354 2754 ἐδραμε
401 2684 469 2752 τῇ
503 2681 710 2752 διανοίᾳ
739 2680 874 2750 πρὸς
899 2679 990 2734 τὸν
1024 2681 1122 2751 τῆς
1156 2682 1429 2752 ἁμαρτίας
1455 2681 1614 2735 τόπον
1654 2683 1728 2750 (1)

148 2780 204 2829 ἐν
239 2775 318 2844 τῷ
348 2776 546 2842 ἁφανεί
596 2773 694 2842 τῆς
732 2769 958 2841 καρδίας
1002 2771 1282 2842 κινήματι.
1339 2766 1460 2823 Εἷδε
1490 2774 1560 2842 ,τῇ
1601 2789 1734 2841 φαν-

145 2870 311 2940 τασίᾳ
339 2867 406 2921 τὰ
442 2865 885 2935 σπουδαζόμενα,
922 2861 1309 2916 ἀνετυπὼσατό
1353 2879 1476 2916 τινα
1517 2863 1731 2934 ὁμιλίαν

147 2966 248 3018 οὐκ
283 2961 532 3034 εὖπρεπῆ
554 3000 568 3023 ,
599 2961 694 3012 καὶ
725 2959 862 3020 ὅλως
895 2958 954 3010 ὲν
995 2956 1071 3028 τῷ
1110 2956 1326 3027 κρυφίῳ
1377 2957 1476 3026 τῆς
1509 2957 1734 3028 καρδίας

1827 495 1913 542 est
1941 487 1962 518 ⁸
1990 528 2005 550 ,
2063 495 2118 541 et
2179 485 2347 540 Israel
2405 499 2595 554 punias
2643 483 2814 539 dedit.
2855 481 2932 554 (2)
2965 483 3042 537 Ac
3083 491 3141 536 ut
3194 484 3364 553 pestis
3393 525 3410 550 ,

1829 579 1920 633 tibi
1953 595 2116 632 unum
2151 577 2459 642 hominem,
2495 585 2588 628 aut
2622 574 2938 644 jumentum
2977 575 3176 644 attigit.
3217 581 3408 628 conta-

1827 671 1916 738 gio
1975 669 2029 722 in
2079 668 2357 738 proximos
2411 680 2662 736 quosque
2730 680 2952 734 serpere
3009 664 3202 718 solet:
3249 666 3329 719 sic
3357 673 3410 718 et

1831 761 2136 828 iniquitatis
2188 758 2424 829 operarii
2503 756 2785 827 pmprium
2833 755 3034 808 malum
3106 755 3159 808 in
3217 771 3410 810 oumrs

1827 850 2214 906 transfundere
2273 858 2582 913 conantur,
2657 848 2972 916 multosque
3031 846 3137 902 sibi
3199 848 3410 903 similes

1830 941 1945 995 ficri
2005 957 2336 1010 magnopere
2387 939 2654 1010 cupiunt,
2705 947 2764 993 ut
2818 939 2870 992 in
2909 937 3162 992 vitiorum
3228 939 3409 994 socie-

1829 1041 1941 1088 tate
1973 1033 2255 1088 infamiam
2311 1033 2523 1097 vitent;
2582 1043 2747 1102 atque
2804 1033 2942 1084 alter
2971 1029 3128 1083 alteri
3160 1029 3410 1083 morbum

1828 1125 2224 1197 impertientes,
2268 1133 2538 1195 aegrotant
2585 1123 2798 1186 simul,
2830 1121 3107 1190 simulque.
3159 1127 3408 1189 pereunt.

1828 1216 1962 1270 Nam
1997 1232 2176 1287 neque
2235 1217 2376 1286 ignis
2404 1259 2419 1283 ,
2455 1217 2742 1271 materiam
2775 1211 3139 1282 suscipienda:
3181 1209 3411 1264 ﬂammat

1828 1311 2078 1364 idoneam
2131 1317 2328 1364 nactus
2353 1350 2366 1373 ,
2425 1307 2668 1362 cohiberi
2699 1314 2908 1376 potest,
2956 1303 3252 1374 quominus
3285 1301 3411 1359 uni-

1827 1417 2042 1457 versam
2083 1400 2388 1470 pcrvadat,
2443 1400 2719 1461 maxime.
2769 1399 2815 1454 si
2871 1399 3164 1453 vehemens
3213 1404 3414 1451 ventus

1827 1494 2100 1548 ﬂammam
2153 1494 2413 1564 pervellat
2457 1511 2471 1546 :
2535 1506 2713 1560 neque
2763 1491 2878 1544 lieti
2939 1497 3156 1560 potest,
3187 1495 3246 1541 ιιι
3283 1503 3412 1558 pec-

1827 1596 2010 1640 catum
2045 1627 2060 1650 ,
2111 1586 2259 1656 quod
2319 1601 2489 1639 unum
2547 1586 2785 1654 aliquem
2843 1583 3124 1653 attigerit,
3175 1581 3242 1636 ad
3295 1597 3413 1636 om-

1831 1695 1928 1734 nes
1961 1679 2170 1734 vicinos
2207 1693 2316 1732 non
2348 1685 2634 1744 transeat,
2691 1677 2737 1732 si
2769 1676 3028 1747 nequitiae
3069 1675 3298 1744 spiritus
3345 1673 3415 1727 ilo

1830 1771 1923 1826 lud
1947 1771 2274 1826 accendant.

1901 1861 1954 1915 9.
2003 1862 2081 1932 (3)
2121 1860 2334 1915 Etenim
2395 1873 2674 1933 corporea;
2739 1857 2990 1914 actiones
3043 1865 3100 1912 et
3167 1863 3412 1926 tempore

1829 1950 2075 2019 indigent
2106 1991 2121 2014 ,
2160 1959 2214 2004 et
2241 1953 2684 2020 Opportunitate,
2713 1961 2767 2003 et
2800 1950 2987 2004 labore
3007 1989 3020 2011 ,
3053 1958 3107 2004 et
3145 1948 3414 2017 adiutori-

1828 2040 1954 2103 bus,
1991 2040 2226 2110 denique
2277 2041 2492 2112 reliquo
2531 2049 2862 2096 commeatu.
2917 2041 2960 2095 Ε
3017 2043 3262 2105 diverso,
3317 2056 3413 2097 co-

1830 2135 2110 2204 gitationis
2182 2140 2366 2188 motus
2427 2133 2566 2186 citra
2625 2133 2891 2202 temporis
2961 2145 3171 2186 moram
3231 2132 3411 2197 fiunt,

1829 2226 2191 2294 perficiuntur
2253 2225 2392 2278 citra
2451 2223 2872 2287 lassitudinem,
2936 2224 3075 2276 citra
3131 2224 3410 2292 negotium

1831 2316 2000 2369 ullum
2033 2315 2364 2379 consistunt,
2411 2315 2665 2370 idoneum
2697 2315 2831 2384 ipsis
2864 2323 2948 2368 est
2986 2321 3205 2386 tempus
3230 2329 3410 2372 omne.

1831 2401 1897 2454 Et
1975 2417 2108 2456 sane
2176 2417 2572 2472 nonnunquam
2653 2405 2934 2458 invenitur
3003 2407 3093 2473 qui
3149 2419 3414 2476 arrogans

1831 2495 1926 2558 sit,
1961 2495 2352 2563 superbiatque
2386 2494 2454 2549 de
2482 2495 2752 2564 gravitate
2781 2506 2836 2549 et
2879 2496 3137 2550 castitate
3163 2535 3180 2559 ,
3207 2498 3416 2566 quique

1830 2587 2177 2643 extrinsecus
2231 2603 2344 2657 prae
2399 2603 2458 2642 se
2505 2587 2688 2642 ferens
2744 2589 3119 2657 temperantia:
3161 2588 3412 2654 larvam,

1832 2693 1896 2732 ac
1950 2679 2270 2748 plerumque
2335 2679 2478 2732 inter
2509 2694 2636 2741 eos,
2677 2679 2771 2748 qui
2834 2681 3016 2750 ipsum
3055 2681 3126 2734 ob
3154 2681 3412 2735 virtutem

1832 2771 2050 2824 beatum
2104 2771 2404 2840 praadicant
2439 2811 2454 2834 ,
2487 2771 2747 2826 desidens
2780 2773 3018 2836 medius,
3064 2789 3187 2828 mox
3230 2781 3414 2828 tamen

1833 2861 2166 2930 cogitatione
2214 2877 2310 2930 per
2363 2862 2644 2915 occultum
2703 2864 2887 2917 cordis
2927 2872 3135 2917 motum
3181 2863 3250 2917 ad
3291 2878 3418 2933 pec-

1833 2956 1939 3006 cati
1971 2954 2148 3007 locum
2179 2963 2454 3008 accurrat.
2491 2951 2648 3009 Videt
2679 2957 2862 3009 animo
2893 2956 3188 3026 concupita
3215 2997 3233 3022 ,
3273 2971 3419 3010 com-

147 3053 496 3140 ἐργαστηρίῳ
553 3051 758 3123 ἐναργῆ
827 3051 924 3122 τὴν
983 3050 1176 3120 ἡδονὴν
1217 3049 1394 3120 ἑαυτῷ
1433 3048 1730 3122 ζωγραφή-

1835 3045 2146 3100 miniscitur
2219 3061 2575 3116 congressum
2662 3049 2973 3118 quempiam
3059 3049 3415 3114 indecorum,

147 3165 284 3212 σας,
321 3146 634 3216 ἀμάρτυρον
669 3141 776 3195 ἔσω
828 3142 928 3212 τὴν
976 3141 1250 3213 ἁμαρτίαν
1292 3143 1604 3212 εἰργάσατο.
1659 3140 1732 3194 Τὸ

146 3241 260 3311 γὰρ
312 3238 561 3292 πλεῖστον
607 3236 707 3305 τῆς
749 3233 1020 3306 ἁμαρτίας
1075 3235 1132 3286 ὲν
1159 3235 1224 3303 τῇ
1255 3233 1400 3303 ὁρμῇ
1433 3232 1732 3305 πληροῦται

144 3333 214 3400 τῇ
267 3327 411 3382 κατὰ
441 3327 700 3399 πρόθεσιν
723 3343 737 3356 ο
773 3326 904 3379 διότι
937 3327 993 3378 αἱ
1043 3325 1141 3396 μὲν
1171 3325 1264 3378 τοῦ
1299 3325 1548 3395 σώματος
1591 3327 1732 3396 πρά-

147 3423 262 3486 ξεις
284 3421 392 3473 ὑπὸ
428 3420 638 3472 πολλῶν
673 3419 1086 3482 διακόπτονται,
1136 3421 1164 3472 ὁ
1201 3419 1258 3472 δὲ
1299 3417 1442 3473 κατὰ
1475 3418 1732 3490 πρόθεσιν

148 3515 484 3586 ἁμαρτάνων
527 3512 606 3582 τῷ
654 3511 812 3580 τάχει
854 3509 963 3563 τῶν
1008 3511 1294 3581 νοημάτων
1343 3512 1734 3584 συναπαρτιζο-

150 3609 324 3679 μὲνην
357 3605 471 3676 ἔχει
504 3605 602 3674 τὴν
642 3604 938 3674 ἁμαρτίαν.
989 3603 1077 3666 Ὠς
1130 3603 1300 3674 γὰρὴ
1338 3604 1464 3657 σκιὰ
1505 3603 1582 3674 τῷ
1627 3602 1731 3656 σώ-

150 3717 324 3772 ματι,
360 3699 505 3751 οὕτω
551 3700 671 3759 ταῖς
717 3696 918 3765 ψυχαῖς
953 3696 1010 3746 αἱ
1062 3695 1327 3767 ἁμαρτίαι
1375 3696 1730 3767 παρέπονται,

146 3794 405 3862 ἐναργεῖς
433 3793 532 3852 τας
561 3787 785 3860 πράξεις
814 3786 1258 3851 ἐξεικονίζουσαι.
1289 3787 1481 3840 Τελεία
1512 3788 1609 3858 μὲν
1641 3785 1734 3842 οὖν

147 3885 356 3949 κακία,
400 3883 461 3936 τὸ
506 3883 601 3935 καὶ
655 3879 850 3952 γνώμῃ
901 3879 996 3932 καὶ
1050 3877 1312 3950 πράξεσιν
1361 3879 1730 3953 ἁμαρτάνεινο

144 3981 322 4048 ἥμισυ
350 3977 407 4029 δὲ
448 3973 542 4028 τοῦ
589 3973 793 4036 κακοῦ,
835 3972 929 4024 ἐπὶ
977 3973 1077 4042 τῆς
1127 3972 1304 4042 ὁρμῆς
1329 3973 1427 4042 τῆς
1457 3972 1599 4026 κατὰ
1623 3973 1734 4026 διά-

145 4087 302 4124 νοιαν
353 4068 543 4136 στῆναι
577 4065 674 4134 τὴν
705 4063 1001 4135 ἁμαρτίαν.
1055 4063 1127 4115 Οὐ
1176 4063 1349 4134 πάντη
1383 4061 1474 4115 οὖν
1527 4063 1734 4135 ἀτιμὼ-

147 4179 316 4234 ρητος
347 4162 376 4213 ὁ
426 4159 562 4210 κατὰ
607 4156 848 4210 διάνοιαν
903 4155 1230 4225 ἁμαρτάνων
1256 4172 1269 4184 ·
1324 4155 1438 4208 ἀλλ’
1483 4157 1604 4210 ὅσον
1647 4157 1734 4210 ὲλ-

146 4254 326 4308 λείπει
364 4250 458 4305 τοῦ
494 4249 664 4303 κακοῦ
687 4290 703 4312 ,
731 4247 984 4302 τοσοῦτον
1016 4246 1164 4317 αύτῷ
1196 4247 1304 4300 τῶν
1359 4248 1534 4302 πόνων
1575 4250 1736 4318 ὑφαι-

153 4345 466 4418 ρεθήσεται.
499 4342 601 4394 Τὸν
637 4341 821 4412 μέντοι
851 4338 1262 4410 παραδεχθέντα
1299 4341 1379 4402 είς
1428 4340 1527 4410 τὴν
1577 4341 1732 4394 ἁδελ-

1834 3152 1898 3190 ac
1945 3137 2181 3206 denique
2237 3139 2293 3192 in
2351 3139 2537 3193 abdita
2589 3141 2776 3194 cordis
2825 3139 3073 3205 otlicina,
3112 3142 3317 3196 claram
3361 3143 3417 3196 in

1835 3230 2018 3299 διείρεο
2061 3232 2354 3300 voluptatis
2405 3232 2642 3300 speciem
2695 3233 2997 3303 depingens
3025 3276 3040 3300 ,
3110 3235 3258 3290 intus
3289 3247 3418 3302 pec-

1834 3333 2014 3375 catum
2065 3322 2187 3376 sine
2241 3323 2475 3377 testibus
2525 3333 2820 3392 perpetrat.
2871 3324 3092 3381 Peccati
3120 3329 3268 3381 enim
3300 3339 3418 3378 ma-

1834 3413 1979 3464 xima
2037 3428 2167 3482 pars
2207 3413 2264 3466 in
2319 3415 2618 3469 voluntatis
2669 3417 3006 3485 appetitione
3061 3419 3414 3484 absolvitur;

1837 3515 2120 3574 propterea
2169 3507 2315 3576 quod
2366 3509 2618 3578 corporis
2677 3511 2926 3566 actiones
2957 3510 3169 3581 a511
3228 3511 3417 3566 multis

1834 3598 2293 3668 interpellantur:
2327 3601 2420 3669 qui
2483 3617 2610 3654 vero
2639 3611 2832 3671 peccat
2888 3603 3194 3671 voluntate,
3230 3603 3417 3658 statim

1835 3690 2001 3744 celeri
2087 3692 2481 3760 cogitationum
2567 3703 2722 3746 motu
2799 3705 3084 3763 peccatum
3159 3693 3417 3764 explevit.

1836 3783 1911 3854 (4)
1961 3781 2026 3836 Ut
2083 3785 2228 3837 enim
2292 3785 2488 3838 umbra
2529 3801 2769 3855 corpus,
2827 3787 2908 3842 sic
2949 3793 3174 3856 peccata
3207 3784 3418 3840 animas

1835 3875 2171 3928 comitantur
2194 3917 2207 3941 ,
2235 3885 2514 3947 gestorum
2553 3877 2844 3947 imaginem
2873 3878 3076 3932 claram
3107 3877 3418 3946 exprimen-

1836 3966 1930 4019 tia.
1987 3967 2061 4034 (5)
2111 3967 2206 4020 Est
2238 3969 2382 4022 enim
2437 3970 2680 4038 perfecta
2713 3970 2954 4035 malitia,
3017 3984 3142 4024 cum
3198 3969 3324 4039 quis
3361 3977 3418 4025 et

1835 4059 2120 4114 voluntate
2145 4069 2337 4129 peccat
2381 4075 2435 4116 et
2467 4063 2626 4115 factis
2664 4077 2678 4113 :
2721 4061 2949 4116 dimidia
2983 4077 3112 4116 vero
3139 4063 3262 4116 mali
3291 4077 3417 4132 pars

1835 4159 1953 4214 est,
2001 4167 2126 4204 cum
2189 4162 2470 4221 peccatum
2531 4156 2586 4208 in
2651 4153 2822 4208 animi
2886 4155 3168 4223 proposito
3214 4162 3416 4208 manet.

1836 4240 2023 4312 Itaque
2055 4246 2148 4314 qui
2197 4247 2527 4315 cegitatione
2551 4253 2758 4315 peccat,
2804 4261 2910 4300 non
2941 4247 3166 4300 omnino
3201 4260 3419 4300 reman-

1837 4349 2002 4388 surus
2055 4343 2140 4390 est
2194 4335 2450 4390 inultus:
2485 4337 2580 4392 sed
2625 4345 2892 4406 quantum
2938 4335 3121 4390 deficit
3169 4350 3201 4390 a
3251 4337 3416 4400 malo,

153 4437 397 4506 φότητα,
429 4429 548 4486 εἶτα
575 4431 672 4502 τὴν
702 4429 990 4500 ὁμολογίαν
1036 4427 1381 4496 ἁθετήσαντα
1407 4427 1594 4506 ,οὕτω
1625 4429 1730 4500 χρὴ

1837 4434 2050 4480 tantum
2101 4428 2150 4481 ei
2178 4443 2462 4497 pmnarum
2501 4431 2834 4485 remittetur.
2875 4429 2954 4501 (6)
2992 4429 3194 4499 Utique
3221 4429 3418 4483 horum

150 4504 421 4599 ὁρᾶσθαι,
449 4523 522 4587 ὡς
551 4525 631 4586 είς
663 4521 796 4574 Θεὸν
826 4519 1201 4590 ἐξαμαρτόντα
1225 4559 1238 4580 ,
1268 4519 1352 4586 ἐφ’
1397 4504 1458 4572 οὗ
1483 4563 1496 4582 ,
1528 4521 1621 4573 καὶ
1655 4523 1732 4585 είς

151 4621 211 4674 ὃν
240 4619 339 4690 τὴν
377 4615 667 4688 ὁμολογίαν
711 4613 822 4667 τῶν
871 4611 1152 4681 συνθηκῶν
1183 4610 1456 4666 κατέθετο.
1501 4612 1635 4666 Ἐὰν
1666 4612 1736 4665 δὲ

151 4715 240 4778 είς
274 4709 424 4764 Θεὸν
455 4705 772 4777 ἁμαρτήσῃ
800 4722 888 4770 τις
910 4743 924 4766 ,
957 4703 1119 4774 φησὶ,
1151 4701 1249 4754 καὶ
1286 4702 1378 4767 τίς
1409 4702 1735 4770 προσεύξε-

152 4820 246 4856 ται
281 4800 414 4869 περὶ
449 4797 678 4860 amor};
733 4797 791 4849 Ὀ
834 4796 942 4866 γὰρ
990 4795 1208 4858 ἀναθεὶς
1255 4795 1442 4848 ἑαυτὸν
1475 4796 1554 4866 τῷ
1593 4795 1732 4866 Θεῷ,

152 4893 274 4950 εἶτα
313 4895 448 4966 πρὸς
496 4895 653 4948 ἄλλον
696 4891 809 4962 βίον
845 4889 1237 4960 ἀποπηδήσας,
1275 4889 1550 4960 ἱερόσυλος
1577 4889 1735 4958 γέγο-

151 5003 285 5047 νεν,
341 4982 503 5045 αὐτὸς
565 4981 756 5034 ἑαυτὸν
800 4979 1127 5048 διακλέψας,
1177 4977 1274 5030 καὶ
1315 4977 1646 5048 ἀφελόμενος
1677 4979 1737 5032 τὸ

152 5077 249 5130 τοῦ
289 5076 425 5129 Θεοῦ
451 5075 729 5144 ἀνάθημα.
765 5067 860 5136 Οἷς
889 5071 1111 5138 εὔλογόν
1151 5072 1300 5130 ἐστι,
1339 5070 1536 5141 μηκέτι
1566 5070 1736 5142 θύραν

152 5170 262 5223 τῶν
295 5166 539 5236 ἀδελφῶν
584 5165 918 5233 ἀνοίγεσθαι,
957 5163 1092 5233 μηδὲ
1137 5164 1184 5214 εἰ
1235 5161 1375 5215 κατὰ
1407 5161 1567 5233 ψιλὴν
1601 5163 1738 5234 πάρ-

281 5322 443 5376 Num.
478 5337 603 5383 xxv,
637 5322 689 5374 6.
769 5319 828 5370 ‘l
864 5317 993 5388 lieg.
1028 5334 1088 5381 ιι,
1117 5318 1206 5371 ‘25.

234 5478 308 5547 tl)
343 5477 550 5533 Τόπον.
575 5475 666 5529 δίο
695 5484 980 5529 contextus
1005 5478 1056 5525 et
1088 5478 1313 5541 uterque
1343 5471 1536 5526 codex.
1565 5469 1729 5541 Editi,

157 5566 346 5610 :e-mv.

232 5619 309 5685 (ἓν.)
339 5618 412 5671 Et
445 5617 590 5672 hom.
625 5617 679 5668 in
711 5614 848 5682 psal.
887 5611 1037 5685 t,96.

237 5681 314 5760 (5)
341 5688 420 5744 Ex
450 5689 602 5744 hom.
630 5689 683 5740 in
713 5681 867 5749 illud,
903 5681 1125 5736 Attende
1148 5681 1242 5736 tibi
1283 5683 1400 5750 ipsi,
1432 5683 1516 5739 l7.

1842 4524 2254 4592 unusquisque,
2319 4522 2413 4592 qui
2449 4523 2592 4577 inter
2639 4521 2841 4576 fratres
2897 4521 3176 4582 admissus
3204 4520 3373 4576 fuerit
3400 4560 3416 4584 ,

1841 4624 2140 4684 posteaque
2189 4615 2582 4684 professionem
2641 4630 2794 4670 suam
2831 4615 3157 4677 resciderit,
3193 4612 3419 4684 perinde

1841 4708 2014 4776 aspici
2078 4709 2240 4763 debet
2263 4749 2276 4773 ,
2311 4719 2368 4762 ut
2405 4709 2500 4778 qui
2553 4710 2608 4764 in
2642 4708 2812 4764 Deum
2851 4709 3200 4778 peccaverit,
3232 4721 3422 4762 coram

1841 4813 1994 4866 quo,
2058 4807 2112 4852 ct
2169 4801 2222 4852 in
2290 4814 2402 4869 quo
2483 4807 2768 4870 pactorum
2851 4799 3253 4854 confessionem
3323 4798 3420 4855 de-

1844 4891 2044 4958 posuit.
2112 4891 2172 4944 Si
2219 4907 2376 4954 vero,
2434 4891 2651 4960 inquit,
2705 4892 2760 4944 in
2807 4888 2972 4943 Deum
3027 4893 3142 4960 quis
3179 4905 3420 4959 peccave-

1843 4981 1948 5044 rit,
2005 4990 2055 5034 et
2117 4983 2235 5051 quis
2299 4982 2476 5036 orabit
2516 4999 2612 5051 pro
2654 4982 2804 5036 eo“?
2847 4981 2951 5048 Qui
2983 4982 3126 5038 enim
3177 4982 3419 5052 seipsum

1843 5071 2047 5126 dicavit
2095 5072 2206 5127 Deo
2227 5115 2240 5136 ,
2278 5083 2331 5128 et
2361 5074 2557 5130 deinde
2603 5077 2669 5128 ad
2699 5075 2847 5129 aliud
2879 5075 3003 5130 vius
3035 5089 3208 5146 genus
3239 5083 3420 5132 trans-

1843 5165 1954 5230 iit,
2007 5165 2184 5221 factus
2231 5175 2318 5222 est
2367 5169 2666 5238 sacrilegus
2695 5207 2708 5230 ,
2757 5183 2881 5221 cum
2937 5170 3051 5238 ipse
3110 5169 3194 5223 sui
3247 5169 3422 5240 ipsius

2139 5479 2285 5535 hom.
2317 5482 2368 5534 in
2398 5481 2603 5544 divites,
2638 5482 2705 5535 53

1914 5549 1990 5616 (ΐὶ)
2028 5549 2099 5602 κ’(
2137 5563 2428 5606 comment.
2461 5553 2514 5604 in
2550 5551 2658 5605 Isa.
2697 5553 2820 5606 439.

1913 5621 1990 5690 (θ)
2025 5618 2100 5674 Ex
2141 5621 2346 5680 licattlis
2387 5623 2553 5677 "naias
2591 5626 2851 5690 tractatis,
2889 5621 3006 5678 Z35.
