3840 6226
425 257 559 314 12οἹ

1314 264 1678 352 ΑΡΡΕΝΙᾘΧ.
1720 299 1788 310 --
1829 270 2176 326 SYMEONIS
2213 271 2749 330 METAPHRASTE

3540 279 3678 336 θεοῦ

421 375 607 430 datio!
659 373 736 446 (l)
771 373 884 428 Erit
929 376 1076 431 enim
1115 378 1263 434 utilis
1303 396 1683 452 saepenumero
1739 387 1824 442 vel
1851 403 1983 440 mor.

2101 387 2168 461 λῃ
2214 388 2304 442 τὸν
2340 390 2724 461 ἁμαρτάνοντα
2751 408 2764 421 ’
2815 392 2907 446 καὶ
2960 393 2992 462 ἡ
3033 393 3192 460 ὑγεία
3229 391 3496 464 βλαϐερὰ,
3551 397 3676 450 ὅταν

421 465 545 532 bus,
565 481 691 520 cum
721 465 972 523 videlicet
1004 480 1322 538 pascentem
1360 473 1682 532 refrenahit.
1723 477 1788 533 Et
1819 496 1998 535 nocua

417 568 502 614 est
558 559 770 616 sanitas
831 574 955 614 cun
1039 565 1250 632 pec.-ati
1313 567 1744 625 instrumentum
1792 573 1851 626 lit
1909 589 1996 628 re-

416 657 505 705 cte
556 651 780 706 valenti.
841 647 935 707 Sic
986 661 1043 708 et
1109 657 1357 726 pecunia:
1428 662 1709 718 nonnullis
1761 663 1874 734 jam
1930 665 1996 720 ad

415 741 699 797 libidinem
773 744 1191 814 inservierunt;
1256 761 1556 821 paupertas
1625 770 1758 811 vero
1825 757 1996 827 pluri-

415 849 536 890 mos
577 835 645 889 ad
708 836 852 892 vitia.
893 854 1224 910 magnOpere
1264 846 1671 916 propendentes
1709 854 1994 919 repressit.

413 923 608 996 Neque
633 928 802 998 igitur
841 928 1022 1001 fugias
1048 947 1169 1002 quae
1206 949 1318 990 non
1356 950 1568 1008 oportet
1603 957 1617 1004 ;
1671 958 1772 997 nec
1805 945 1999 999 conlu-

412 1018 532 1084 gias
589 1018 656 1073 ad
690 1035 853 1092 quem
888 1037 999 1076 non
1034 1033 1249 1094 oportet
1285 1043 1299 1079 :
1337 1029 1433 1084 sed
1467 1047 1635 1086 unum
1664 1035 1760 1090 tibi
1795 1034 2000 1106 fugien-

413 1109 542 1161 dutn
581 1109 652 1163 sit
702 1121 1024 1181 peccatum,
1061 1127 1114 1171 et
1162 1135 1331 1174 unutn
1398 1137 1465 1176 ex
1502 1124 1662 1179 malis
1726 1127 1995 1198 refugium

413 1198 576 1256 Deus.

480 1291 533 1344 7.
585 1292 663 1363 (2)
700 1292 850 1348 Multi
882 1297 1101 1366 quidem
1134 1302 1377 1369 priorum
1410 1316 1760 1372 peccatorum
1803 1309 1997 1364 oblivia

412 1388 690 1448 scuntur,
753 1385 957 1438 nullam
1011 1402 1200 1441 eorum
1245 1389 1510 1444 habentes
1558 1394 1874 1457 rationem,
1930 1411 1993 1449 ac

414 1487 479 1526 ea
535 1481 998 1540 contemnentes,
1061 1480 1222 1548 quasi
1276 1481 1426 1534 nulla
1473 1483 1658 1538 futura
1707 1485 1780 1540 sit
1837 1485 1991 1540 ultio.

413 1563 519 1628 Qui
578 1580 709 1620 vero
745 1565 1019 1634 judicium
1079 1567 1173 1624 Dei
1220 1571 1428 1640 jugiter
1461 1572 1626 1628 habet
1654 1575 1725 1628 ob
1755 1577 1948 1630 oculos
1977 1615 1992 1639 ,

411 1655 699 1726 creditque
733 1667 889 1714 certo
921 1659 1036 1715 fore
1063 1701 1077 1725 ,
1111 1669 1171 1715 ut
1202 1678 1392 1718 omnes
1433 1680 1620 1719 coram
1655 1667 1861 1723 Christi
1893 1669 1991 1722 tri-

2100 480 2310 547 ἐερόδιον
2344 481 2559 552 γίνηται
2594 483 2731 553 πρὸς
2762 484 3035 553 ἁμαρτίαν
3067 483 3143 554 τῷ
3176 484 3371 556 ἔχοντι.
3400 485 3557 540 Οὕτω
3586 492 3677 542 καὶ

2099 571 2166 624 τὰ
2189 572 2443 642 χρήματα
2491 572 2590 644 ἤδη
2659 573 2801 626 τισὶν
2853 575 3128 644 ὑπηρεσία
3186 575 3321 647 πρὸς
3385 577 3678 634 ἀκολασίαν

2099 661 2313 730 ἐγένετο
2333 703 2346 727 ,
2376 665 2470 716 καὶ
2497 665 2657 717 πενία
2702 664 2932 731 πολλοὺς
2976 667 3310 738 ἐσωφρόνισε
3337 668 3448 722 τῶν
3487 669 3678 741 ὡρμης

2102 755 2277 823 μένων
2317 756 2520 820 κακῶς.
2581 759 2731 828 Μήτε
2779 754 2872 811 οὖν
2923 757 3102 832 φύγῃς
3149 759 3185 813 ἃ
3239 761 3313 832 μὴ
3363 761 3484 826 δεῖ,
3541 766 3678 833 μήτε

2099 845 2420 918 προσφύγῃς
2477 841 2522 916 ᾧ
2582 849 2655 920 μὴ
2709 849 2790 902 δεῖ
2844 849 2962 921 (8)·
3034 852 3148 904 ἀλλ’
3201 853 3258 905 ἓν
3309 871 3390 906 σοι
3445 855 3702 923 φευκτὸν¹

2099 937 2246 1006 ἤτω,
2291 941 2323 1009 ἡ
2359 939 2603 1011 ἁμαρτία
2662 940 2755 993 καὶ
2787 941 2882 1010 μία
2924 945 3211 1014 καταφυγὴ
3245 947 3308 998 ἐκ
3333 946 3442 998 τῶν
3466 947 3680 1012 κακῶν,

2097 1031 2126 1080 ὁ
2173 1029 2322 1092 Θεός.

2172 1292 2222 1344 7.
2269 1293 2332 1344 Οἱ
2384 1292 2567 1362 μέντοι
2620 1291 2801 1346 πολλοὶ
2843 1293 2952 1347 τῶν
3003 1295 3303 1366 ἀνθρώπων
3363 1301 3460 1352 καὶ
3503 1300 3682 1370 λήθην

2100 1381 2377 1434 ποιοῦνται
2428 1383 2536 1436 τῶν
2600 1385 2880 1455 προτέρων
2935 1387 3349 1459 ἁμαρτημάτων
3379 1431 3393 1450 ,
3455 1391 3681 1461 ἀδιαφο-

2102 1473 2317 1544 ροῦντες
2347 1475 2432 1527 ἐπ’
2462 1475 2646 1538 αὐτοῖς
2691 1476 2784 1528 καὶ
2835 1479 3340 1549 καταφρονοῦντες,
3383 1481 3461 1543 ὡς
3516 1483 3681 1552 μηδε-

2100 1565 2229 1632 μιᾶς
2260 1563 2592 1635 ἐκδικήσεως
2625 1567 3016 1636 γενησομένης.
3059 1568 3114 1621 ’0
3142 1568 3198 1621 δὲ
3227 1569 3287 1622 τὸ
3323 1570 3678 1644 δικαστήριον

2097 1655 2188 1708 τοῦ
2236 1656 2370 1710 Θεοῦ
2407 1655 2513 1727 πρὸ
2561 1657 2854 1728 ὀφθαλμῶν
2885 1658 2971 1712 διὰ
3002 1661 3202 1723 παντὸς
3234 1661 3404 1732 ἔχων,
3455 1666 3551 1716 καὶ
3580 1682 3678 1718 πε-

409 1745 598 1799 bunali
639 1749 925 1814 sistamur,
964 1759 1024 1804 ut
1061 1760 1306 1822 reportet
1341 1757 1726 1826 unusquisque
1755 1775 1818 1813 ea
1865 1776 1983 1830 quae

2091 1749 2413 1826 πεισμὲνος,
2467 1750 2548 1802 ὅτι
2594 1750 2794 1813 πάντες
2839 1753 3300 1823 παραστησόμεθα
3345 1753 3424 1824 τῷ
3464 1755 3677 1826 βήματι

409 1840 547 1892 liunt
580 1853 676 1910 per
705 1856 911 1912 corpus
933 1883 946 1908 ,
986 1843 1143 1913 juxta
1177 1844 1230 1901 id
1259 1846 1404 1915 quod
1435 1847 1585 1913 fecit,
1610 1849 1728 1904 sive
1757 1850 1984 1916 bonum,

408 1933 524 1987 sive
562 1933 766 1986 malum
785 1935 864 1998 ’9,
897 1935 945 1989 is
977 1935 1030 1989 in
1065 1937 1341 1993 anxietate
1376 1955 1594 2009 semper
1627 1952 1900 2006 versatur,
1933 1951 1987 1998 et

405 2023 556 2081 hunc
622 2025 817 2080 anima:
853 2043 967 2082 sua:
1017 2027 1259 2084 dolorem
1308 2046 1506 2087 sanare
1555 2034 1784 2089 studens
1819 2074 1835 2098 ,
1891 2052 1986 2106 per

406 2128 538 2170 suas
576 2114 644 2170 ad
700 2114 868 2171 Deum
932 2119 1313 2177 confessiones
1347 2139 1404 2177 se
1455 2125 1569 2193 ipse
1606 2136 1856 2192 accusat,
1890 2144 1986 2184 ex-

404 2205 584 2275 emplo
633 2205 782 2264 illius
846 2209 937 2278 qui
992 2211 1068 2264 ait
1127 2231 1138 2264 :
1191 2212 1362 2266 Dolor
1418 2233 1563 2272 meus
1607 2219 1660 2272 iu
1704 2232 1985 2290 conspectu

404 2313 518 2354 meo
547 2315 749 2368 semper
774 2301 812 2354 ¹.
849 2301 924 2371 (5)
957 2302 1106 2358 Multi
1136 2321 1263 2360 vero
1285 2308 1386 2364 etsi
1430 2325 1459 2362 a
1517 2312 1702 2380 pravis
1725 2315 1984 2382 operibus

403 2402 788 2461 recesserunt,
838 2395 967 2450 dum
1006 2396 1169 2469 510
1198 2402 1379 2470 priora
1421 2403 1563 2460 facta
1606 2406 1985 2463 recordatione

399 2493 778 2551 percurrunt,
843 2502 939 2556 per
982 2504 1102 2542 eam
1160 2507 1304 2560 saepe
1361 2496 1652 2564 quiescens
1718 2508 1984 2553 renovant

403 2586 708 2644 peccatum.
741 2580 816 2648 (4)
843 2579 1074 2635 Silentio
1106 2585 1252 2638 enim
1286 2588 1466 2656 sopita
1508 2589 1850 2660 improbitas,
1902 2592 1981 2644 la-

401 2677 524 2725 tens
567 2676 652 2724 est
683 2672 908 2728 morbus
935 2673 991 2726 in
1029 2675 1233 2729 anitna.
1274 2679 1628 2748 (5)0a3tcrnm
1661 2698 1852 2738 eorum
1885 2687 1980 2756 qui

401 2772 631 2830 peccant
682 2762 936 2820 dimissio
983 2766 1040 2820 ﬁt
1084 2783 1180 2836 per
1234 2771 1675 2829 derelictionem.
1733 2775 1979 2842 Quorum

399 2860 582 2908 autetn
636 2869 825 2910 curam
852 2860 993 2926 gerit
1025 2900 1040 2924 ,
1078 2861 1145 2916 de
1187 2863 1256 2918 iis
1285 2863 1362 2916 ait
1387 2863 1672 2934 Scriptura
1718 2884 1730 2920 :
1773 2869 1895 2925 Non
1935 2883 1982 2926 te

399 2942 679 3008 deseram,
730 2963 892 3016 neque
929 2958 978 3002 te
1026 2950 1330 3021 deretiuquo
1380 2957 1399 2985 ²
1443 2972 1454 3005 :
1506 2972 1536 3009 e
1587 2960 1872 3014 contrario
1912 2961 1982 3018 de

397 3033 601 3102 quibus
651 3053 880 3106 prorsus
917 3040 1213 3111 desperat,
1247 3045 1347 3100 hos
1377 3047 1442 3101 ad
1477 3052 1662 3105 carnis
1692 3061 1744 3107 et
1775 3053 1980 3123 COgita-

399 3125 610 3182 tionum
643 3143 866 3184 suarum
899 3131 1168 3189 desideria
1201 3138 1470 3205 explenda
1499 3140 1700 3198 liberos
1731 3143 1976 3209 dimittit,

397 3219 542 3287 quod
574 3220 655 3276 eis
687 3224 976 3292 profutura
1007 3242 1116 3281 non
1152 3232 1222 3282 sit
1250 3230 1676 3288 animadversio.
1738 3235 1810 3305 (6)
1834 3238 1981 3304 Quo-

398 3315 543 3369 niam
628 3319 773 3372 enim
833 3320 939 3373 hnc
997 3330 1288 3391 peccatum
1354 3327 1615 3391 vulnere,
1669 3331 1843 3386 livore
1915 3350 1978 3389 ac

398 3408 556 3479 plaga
597 3419 838 3466 tumente
866 3413 1022 3482 pejus
1069 3425 1189 3481 est;
1225 3431 1335 3472 non
1364 3429 1450 3476 est
1484 3422 1756 3492 malagma
1802 3425 1978 3496 impo-

395 3516 527 3557 nere
586 3509 846 3573 tanquam
912 3507 978 3560 ad
1029 3508 1241 3578 plagam
1274 3551 1288 3576 ,
1341 3527 1518 3582 neque
1559 3515 1764 3578 oleum,
1819 3527 1878 3570 ut
1910 3519 1977 3572 ad

394 3595 622 3652 vulnera
658 3615 670 3648 :
706 3613 807 3652 nec
847 3598 958 3668 jam
991 3615 1130 3672 Opus
1158 3611 1240 3658 est
1270 3605 1422 3660 hisce
1455 3609 1748 3663 remediis;
1780 3613 1980 3682 quippe

393 3689 605 3759 majora
654 3698 783 3746 sunt
813 3732 827 3755 ,
888 3693 1098 3761 inquit,
1147 3706 1512 3766 symptomata
1541 3716 1704 3770 quam
1737 3708 1795 3755 ut
1830 3702 1978 3758 hisce

395 3783 812 3840 medicamentis
839 3787 1058 3842 cedant.
1115 3787 1180 3840 Et
1217 3790 1346 3859 quia
1380 3798 1492 3844 tota
1535 3808 1670 3862 gens
1700 3796 1977 3863 peccatrix

395 3881 479 3926 est
503 3912 518 3936 ,
585 3877 928 3948 populusque
987 3881 1168 3936 omnis
1200 3884 1439 3951 peccatis
1471 3885 1690 3953 plenus,
1723 3887 1794 3941 ob
1825 3887 1878 3941 id
1907 3889 1977 3942 ad

395 3980 587 4022 omnes
625 3983 1002 4038 smpenumero
1027 3974 1274 4042 pervenit
1299 3977 1652 4046 supplicium.
1699 3978 1768 4032 Ει
1828 3998 1978 4035 omne

397 4077 488 4113 cor
513 4071 691 4116 mearet
715 4063 758 4126 ³,
795 4063 924 4118 dum
960 4067 1017 4122 in
1053 4068 1424 4138 captivitatem
1479 4071 1773 4126 abducitur
1804 4089 1977 4145 popu-

395 4154 482 4208 lus
538 4155 610 4210 ob
642 4165 887 4225 peccata.
925 4157 1400 4226 Quemadmodum
1454 4164 1623 4232 igitur
1666 4168 1932 4222 sectionis
1957 4208 1972 4231 ,

395 4253 490 4299 aut
539 4250 776 4304 cauterii
815 4265 1042 4307 causam
1090 4270 1200 4308 non
1258 4257 1494 4312 sustinet
1549 4259 1832 4324 medicus,
1879 4261 1975 4316 sed

395 4339 620 4395 morbus
664 4361 676 4394 :
739 4343 818 4396 sic
878 4353 932 4398 et
979 4345 1258 4401 civitatum
1327 4351 1642 4407 eversiones
1694 4354 1763 4406 ab
1812 4355 1976 4406 innu-

2088 1838 2181 1892 τοῦ
2210 1839 2483 1908 Χριστοῦ,
2542 1841 2630 1894 ἵνα
2685 1841 2978 1911 κομίσηται
3031 1842 3261 1908 ἕκαστος
3319 1845 3387 1899 τὰ
3441 1847 3533 1900 διὰ.
3578 1848 3674 1900 τοῦ

2089 1933 2341 2002 σώματος
2373 1932 2508 2002 πρὸς
2539 1931 2574 1986 ἃ
2605 1933 2858 2002 ἔπραξεν,
2889 1935 2998 1988 εἴτε
3031 1935 3232 2003 ἀγαθὸν
3252 1979 3268 2002 ,
3301 1936 3413 1990 εἴτε
3445 1939 3671 2008 φαῦλον,

2088 2024 2145 2076 ὲν
2193 2023 2401 2094 ἀγωνία
2453 2023 2757 2095 καθέστηκε
2811 2026 3072 2086 πάντοτε,
3126 2029 3220 2080 καὶ
3264 2030 3366 2100 τὴν
3399 2031 3676 2102 ἀλγηδόνα

2087 2118 2152 2186 τῇ
2183 2114 2377 2168 ἑαυτοῦ
2408 2115 2550 2185 ψυχῇ
2584 2119 2786 2186 ταύτην
2816 2118 3063 2171 ἵστασθαι
3097 2120 3172 2188 (9)
3207 2123 3510 2192 φροντίζων
3530 2163 3546 2186 ,
3577 2127 3672 2178 αῦ-

2085 2208 2176 2270 τὸς
2230 2209 2424 2260 ἑαυτοῦ
2473 2212 2764 2280 κατηγορεί
2817 2210 2902 2263 διὰ
2947 2211 3054 2263 τῶν
3103 2213 3235 2284 πρὸς
3282 2212 3374 2266 τὸν
3423 2215 3558 2268 Θεὸν
3588 2215 3675 2280 ἐξ·

2085 2299 2495 2370 ομολογήσεων,
2533 2300 2672 2353 κατὰ
2716 2301 2804 2353 τὸν
2853 2300 3108 2369 λέγονται
3153 2304 3213 2357 Ἠ
3241 2303 3522 2371 ἀλγηδών
3552 2323 3674 2374 μου

2083 2390 2339 2443 ἐνώπιόν
2368 2410 2486 2459 μου
2532 2393 2658 2446 ἐστὶ
2695 2391 2788 2446 διὰ
2819 2395 3062 2458 παντός.
3100 2393 3290 2446 Πολλοὶ
3329 2394 3383 2448 δὲ
3418 2396 3513 2448 καὶ
3551 2397 3674 2448 ἐπι-

2091 2483 2414 2553 στρέψαντες
2453 2485 2561 2537 ἀπὸ
2609 2485 2857 2554 πονηρῶν
2919 2486 3128 2556 ἔργων,
3163 2487 3325 2540 οἱονεὶ
3377 2488 3476 2550 τὰς
3537 2489 3671 2558 μνή-

2093 2590 2199 2642 μας
2247 2572 2356 2626 τῶν
2399 2573 2641 2626 παλαιῶν
2696 2574 2871 2644 ἔργων
2919 2578 3391 2649 παρακατέχοντες
3415 2621 3430 2641 ,
3465 2579 3533 2632 δι’
3571 2582 3672 2632 αὖ·

2088 2664 2196 2717 τῶν
2250 2665 2506 2728 πολλάκις
2548 2666 2894 2720 ἀνανεοῦνται
2929 2669 3026 2739 τὴν
3061 2671 3444 2740 ἡσυχάζουσαν
3494 2674 3672 2742 ἁμαρ-

2084 2759 2224 2812 τίαν.
2263 2759 2448 2813 Κακία
2497 2760 2607 2830 γὰρ
2662 2760 3033 2828 σιωπηθεῖσα,
3077 2764 3230 2827 νόσος
3261 2764 3491 2828 ὑποῦλός
3522 2767 3670 2816 ἐστιν

2082 2852 2139 2904 ἐν
2189 2854 2254 2922 τῇ
2304 2851 2470 2922 ἐἶλυκῆι
2519 2853 2583 2904 Ἡ
2634 2853 2690 2905 δὲ
2743 2854 2927 2917 ἄἰέσις
2980 2854 3088 2908 τῶν
3140 2857 3488 2928 ἁμαρτωλῶν
3527 2858 3670 2911 κατὰ

2082 2941 2463 3012 ὲγκατὰλειψίν
2519 2943 2746 3011 γίνεται.
2809 2940 2906 2997 Ὧν
2973 2947 3073 3017 μὲν
3124 2946 3235 3018 γὰρ
3291 2952 3602 3020 προνοεῖται
3638 2951 3669 3002 ὁ

2082 3035 2239 3104 λόγος
2257 3076 2271 3099 ,
2301 3053 2464 3108 φησιν
2483 3055 2494 3066 ο
2527 3040 2609 3090 Οὐ
2627 3038 2710 3106 μή
2747 3055 2821 3092 σε
2847 3037 3002 3104 ἀνῶ,
3034 3041 3160 3093 οὐδ’
3181 3043 3254 3094 οὐ
3277 3041 3364 3110 μή
3399 3057 3474 3094 σε
3498 3042 3666 3110 ἐγκα-

2083 3128 2376 3180 ταλείπω·
2413 3121 2486 3180 ὧν
2529 3128 2574 3180 δ’
2608 3128 2671 3183 ἃν
2714 3130 2992 3194 παντελῶς
3031 3130 3254 3201 ἁπογνῷ
3275 3173 3289 3194 ,
3324 3132 3545 3196 τούτους
3575 3133 3664 3185 ἁν-

2083 3215 2234 3279 έτους
2273 3216 2464 3287 ἀφίησι
2501 3221 2672 3269 ποιεῖν
2728 3218 2794 3270 τὰ
2828 3219 3111 3290 θελήματα
3159 3221 3257 3292 τῆς
3297 3222 3541 3292 σερκδῖτ
3573 3223 3659 3274 καῖ

2081 3309 2186 3360 τῶν
2209 3308 2456 3360 διανοιῶν
2485 3309 2662 3361 αὐτῶν
2683 3351 2696 3372 ,
2726 3310 2802 3372 ὡς
2831 3311 2931 3380 τῆς
2971 3311 3325 3382 παιδευτικῆς
3355 3313 3656 3382 ἀνωφελοῦς

2081 3401 2264 3464 αὐτοῖς
2321 3403 2604 3471 ἐσομένης.
2659 3404 2765 3455 Καὶ
2810 3405 2919 3473 γὰρ
2972 3405 3095 3458 ἐπεὶ
3133 3405 3272 3476 ὑπὲρ
3310 3407 3536 3476 τραῦμα
3570 3407 3658 3460 tu"

2082 3491 2325 3560 μώλωπα
2389 3495 2483 3546 καὶ
2544 3494 2756 3565 πληγὴν
2818 3495 3256 3566 φλεγμαίνουσαν
3315 3502 3348 3568 ἡ
3421 3501 3656 3570 ἁμαρτία

2079 3588 2264 3648 ἐστὶν,
2311 3588 2410 3638 οὐκ
2460 3586 2575 3638 ἔστι
2629 3588 2895 3657 μάλαγμα
2942 3588 3213 3642 ἐπιθεῖναι
3263 3591 3340 3654 ὡς
3380 3593 3519 3662 πρὸς
3566 3593 3658 3662 τὴκ

2079 3677 2327 3748 πληγὴν,
2363 3677 2484 3730 οὐδὲ
2523 3678 2699 3732 ἔλαιον
2747 3680 2825 3743 ὡς
2878 3681 3014 3752 πρὸς
3063 3681 3132 3732 τὰ
3179 3681 3508 3752 τραύματα·
3545 3683 3659 3735 οὑδὲ

2078 3771 2234 3841 χρεία
2265 3770 2364 3840 τῆς
2393 3771 2500 3824 ἀπὸ
2532 3771 2734 3824 τούτων
2758 3771 3041 3841 βοηθείας·
3084 3771 3306 3840 μείζονα
3333 3778 3472 3845 γὰρ,
3507 3776 3660 3845 (paci,

2077 3863 2144 3914 τὰ
2169 3862 2608 3933 συμπτώματαῆ
2640 3863 2778 3916 ὥστε
2816 3863 3024 3927 τούτοις
3066 3863 3326 3918 ἐνδοῦναί.
3362 3867 3475 3918 Καὶ
3510 3869 3661 3920 ἐπει-

2075 3953 2138 4024 δὴ
2171 3954 2283 4024 (10)
2311 3955 2428 4006 ὅλον
2455 3955 2516 4007 τὸ
2569 3955 2718 4018 ἔθνος
2769 3955 3094 4027 ἁμαρτωλὸν
3117 3996 3132 4020 ,
3170 3957 3264 4009 καὶ
3315 3960 3426 4021 πᾶς
3458 3961 3488 4011 δ
3533 3958 3660 4020 λαὸς

2077 4043 2289 4114 πλήρης
2317 4044 2554 4114 ἀνομιῶν
2579 4087 2592 4104 ,
2621 4044 2708 4098 διὰ
2735 4045 2894 4098 τοῦτο
2928 4046 3084 4116 καί’ή
3124 4045 3346 4109 κόλασις
3386 4049 3478 4101 ἐπὶ
3524 4049 3654 4101 πὰν-

2075 4153 2172 4198 τας
2227 4135 2482 4199 πολλάκις
2536 4136 2758 4205 ἔφθασε.
2825 4139 2933 4190 Καὶ
2986 4139 3139 4191 πᾶσα
3191 4139 3390 4209 καρδία
3440 4141 3660 4214 λυπηρὰ

2076 4227 2329 4296 γέγονεν,
2361 4230 2439 4292 είς
2473 4229 2848 4299 αἰχμαλωσίαν
2882 4231 3151 4300 ἀγομένου
3181 4230 3274 4284 τοῦ
3305 4231 3437 4284 λαοῦ
3471 4232 3563 4286 διὰ
3593 4233 3655 4286 τὲ

2077 4321 2464 4392 ἁμαρτήματα.
2504 4321 2712 4394 Ὥσπερ
2754 4319 2845 4374 οὖν
2901 4323 3003 4392 τῆς
3045 4323 3252 4393 τομῆς,
3305 4322 3338 4394 ἢ
3384 4323 3482 4376 τοῦ
3528 4342 3648 4377 καυ-

393 4445 544 4486 mera
584 4442 933 4502 peccatorum
957 4439 1308 4496 multitudine
1342 4450 1566 4506 exorta,
1598 4460 1816 4498 omnem
1841 4461 1974 4516 que-

2090 4413 2241 4482 εῆρος
2260 4453 2273 4475 ,
2315 4413 2412 4480 οὐχ
2456 4413 2484 4464 ό
2522 4413 2704 4481 ἰατρὸς
2726 4413 2896 4476 αἴτιος
2921 4453 2934 4476 ,
2966 4413 3078 4465 ἀλλ’
3106 4416 3138 4483 ἡ
3173 4413 3326 4477 νόσος
3352 4431 3360 4442 ·
3391 4414 3536 4467 οὕτω
3565 4416 3650 4468 καί

392 4523 562 4577 relam
589 4541 619 4578 a
652 4525 761 4580 Deo
785 4531 1129 4596 pronulsant.

461 4771 516 4826 8.
550 4774 628 4838 (7)
665 4772 934 4826 Invadunt
962 4774 1108 4827 enim
1146 4784 1368 4846 propter
1401 4791 1606 4841 paucos
1654 4777 1706 4830 iu
1750 4792 1968 4834 omnem

391 4862 651 4931 populum
708 4866 848 4917 tnala
879 4906 892 4925 ,
930 4879 995 4918 ac
1033 4866 1293 4936 ﬂagitium
1337 4868 1496 4922 unius
1550 4869 1693 4940 plebi
1729 4869 1828 4923 toti
1871 4885 1970 4923 no-

394 4961 500 5008 cet.
546 4955 726 5010 Achar
755 4959 1105 5027 sacrilegium
1143 4960 1492 5026 commisit",
1538 4971 1590 5017 et
1622 4970 1769 5016 totus
1800 4966 1967 5016 casti-

461 5137 504 5166 “
541 5135 579 5187 11
606 5141 732 5190 (lor.
761 5155 810 5200 v,
853 5140 929 5191 10.
1011 5141 1024 5168 ¹
1068 5138 1208 5192 Psal.
1248 5155 1461 5203 xxxv”,
1494 5143 1576 5196 IS.

467 5313 546 5374 (1)
586 5312 834 5366 Ε;‹1ιοηι.
870 5316 922 5366 in
952 5331 1030 5379 ps.
1057 5331 1180 5376 XLV,
1222 5317 1341 5370 171.

469 5384 544 5448 (:2)
581 5383 657 5436 Ex
703 5384 848 5438 hom.
886 5386 939 5436 in
970 5387 1108 5448 psal.
1143 5403 1347 5448 xxxvii,
1378 5387 1499 5440 370.

469 5453 543 5520 (3)
579 5453 731 5508 Unus
767 5455 936 5510 codex
978 5457 1180 5510 indicat
1233 5467 1524 5513 comment.
1569 5461 1618 5512 in
1654 5460 1758 5514 lsa.

468 5522 543 5593 (ί)
575 5521 813 5593 Uterque
841 5531 1011 5579 codex
1046 5527 1248 5581 indicat
1273 5543 1435 5582 serm.
1471 5532 1632 5584 cthic.

467 5591 542 5657 (ἴί)
578 5593 652 5644 Ex
681 5591 974 5648 comment.
1013 5599 1064 5648 in
1098 5595 1210 5649 Isa.
1240 5598 1362 5650 482.

470 5665 541 5723 (ω
580 5661 650 5715 Ex
689 5671 979 5721 comment.
1013 5668 1064 5720 in
1095 5666 1206 5721 Isa.
1241 5667 1364 5722 390.

1655 5146 1674 5173 ¹
1711 5141 1826 5196 Jos.
1865 5160 1902 5205 ι,
1941 5142 1990 5195 3.

2073 4503 2124 4555 οί
2173 4501 2279 4554 τῶν
2328 4502 2534 4553 πόλεων
2591 4503 2886 4572 ἀφανισμοὶ
2914 4543 2927 4563 ,
2968 4505 3030 4556 ὲκ
3082 4505 3177 4573 τῆς
3234 4503 3506 4573 ἀμετρίας
3550 4503 3650 4556 τῶν

2076 4595 2541 4665 ἁμαρτανομένων
2572 4595 2667 4665 τὴν
2699 4594 2872 4664 ἀρχὴν
2921 4594 3168 4664 ἔχοντες,
3204 4593 3293 4646 τὸν
3335 4595 3468 4647 Θεὸν
3519 4595 3635 4648 ἁπὰ

2077 4705 2176 4758 σης
2204 4687 2462 4756 μέμψεως
2492 4687 2838 4740 ἀπολύουσιν.

2145 4781 2194 4832 8.
2235 4783 2490 4852 Ἔρχεται
2519 4783 2628 4852 γὰρ
2661 4787 2754 4833 καὶ
2787 4782 2854 4833 δι’
2888 4781 3099 4848 ὀλίγους
3127 4780 3294 4844 κακὰ,
3327 4782 3421 4833 καὶ
3458 4779 3648 4851 μοχθηο

2079 4870 2196 4941 piat;
2245 4870 2386 4924 τινος
2425 4871 2822 4941 παραπήλαυσε
2873 4871 3063 4939 δῆμος.
3104 4871 3282 4937 Ἂχαρ
3315 4870 3648 4939 ίεροσύλησε,

2076 4965 2166 5014 καὶ
2191 4964 2284 5033 ὅλη
2326 4962 2688 5032 ήπαρὰταξις
2725 4963 3067 5031 ἐμαστίζετο.
3126 4963 3182 5014 ’0
3226 4963 3443 5034 Ζαμερὶ
3497 4963 3647 5016 πάλιν

2071 5143 2090 5173 ³
2129 5141 2230 5196 lsa.
2268 5158 2304 5204 ι,
2353 5142 2404 5196 ὅ.
2481 5143 2501 5170 ⁸
2533 5139 2648 5196 Jos.
2692 5155 2787 5204 vn,
2831 5141 2880 5194 l.

2147 5317 2221 5385 (7)
2253 5317 2326 5385 [lx
2365 5317 2510 5370 hom.
2549 5317 2602 5369 in
2629 5317 2820 5384 famem
2849 5327 2897 5370 et
2921 5319 3094 5373 siccit.
3129 5320 3217 5376 66.

2145 5382 2222 5460 ('8)
2360 5385 2446 5454 μὴ
2475 5385 2582 5438 δεῖ.
2619 5382 3073 5460 Cpilii'umalter.
3105 5386 3188 5454 οἷς
3228 5391 3304 5460 μὴ
3338 5389 3439 5442 δεῖ.

2143 5457 2222 5525 (9)
2262 5458 2602 5510 Ἴστασθαι.
2659 5457 2850 5512 Melius
2899 5458 2954 5512 in
3015 5457 3314 5525 contextu,
3369 5458 3646 5514 ἰάσασθαι.

2071 5521 2366 5610 ιιιῖιιςηιεκ
2398 5526 2899 5610 τῇρςιυξρΰψυχῇο,
2979 5603 2992 5610 _
3264 5596 3306 5610 ..
3385 5599 3418 5610 ..

2142 5599 2162 5670 (_
2171 5597 2294 5670 10)-
2315 5595 2560 5670 ξαείδή.
2586 5596 2677 5650 Sic
2709 5595 3118 5656 emendavitnus
3147 5613 3248 5670 0pc
3264 5596 3420 5670 Regii
3444 5597 3652 5656 codicis

2072 5666 2228 5721 i992.
2256 5665 2416 5733 Editi,
2448 5666 2568 5718 ἐπεὶ
2601 5669 2693 5738 μή.

2446 5797 2472 5812 υ
