  <div class='ocr_page' id='page_1' title='image "/cluster/home/n/w/nwhite01/storage/ocr_20150623/32/nnc1.0046978879/694.png"; bbox 0 0 3840 6226; ppageno 0'>
   <div class='ocr_carea' id='block_1_1' title="bbox 139 255 290 312">
    <p class='ocr_par' dir='ltr' id='par_1_1' title="bbox 139 255 290 312">
     <span class='ocr_line' id='line_1_1' title="bbox 139 255 290 312; baseline 0 0"><span class='ocrx_word' id='word_1_1' title='bbox 139 255 168 312; x_wconf 81' lang='lat' dir='ltr'><strong>‘l</strong></span> <span class='ocrx_word' id='word_1_2' title='bbox 189 256 290 312; x_wconf 60' lang='grc' dir='ltr'><strong>τοο</strong></span> 
     </span>
    </p>
   </div>
   <div class='ocr_carea' id='block_1_2' title="bbox 1281 261 2282 322">
    <p class='ocr_par' dir='ltr' id='par_1_2' title="bbox 1281 261 2282 322">
     <span class='ocr_line' id='line_1_2' title="bbox 1281 261 2282 322; baseline 0 -4"><span class='ocrx_word' id='word_1_3' title='bbox 1281 261 1516 320; x_wconf 78' lang='lat' dir='ltr'><strong>SEBMO</strong></span> <span class='ocrx_word' id='word_1_4' title='bbox 1556 262 1668 318; x_wconf 85' lang='lat' dir='ltr'><strong>VH.</strong></span> <span class='ocrx_word' id='word_1_5' title='bbox 1710 295 1776 305; x_wconf 86' lang='lat'><strong>—-</strong></span> <span class='ocrx_word' id='word_1_6' title='bbox 1819 263 1906 318; x_wconf 84' lang='lat' dir='ltr'><strong>DE</strong></span> <span class='ocrx_word' id='word_1_7' title='bbox 1947 263 2282 322; x_wconf 81' lang='lat' dir='ltr'><strong>PECCATO.</strong></span> 
     </span>
    </p>
   </div>
   <div class='ocr_carea' id='block_1_3' title="bbox 3273 265 3412 320">
    <p class='ocr_par' dir='ltr' id='par_1_3' title="bbox 3273 265 3412 320">
     <span class='ocr_line' id='line_1_3' title="bbox 3273 265 3412 320; baseline 0.007 -1"><span class='ocrx_word' id='word_1_8' title='bbox 3273 265 3412 320; x_wconf 75' lang='lat' dir='ltr'><strong>mo</strong></span> 
     </span>
    </p>
   </div>
   <div class='ocr_carea' id='block_1_4' title="bbox 138 354 1728 455">
    <p class='ocr_par' dir='ltr' id='par_1_4' title="bbox 138 354 1724 455">
     <span class='ocr_line' id='line_1_4' title="bbox 138 354 1724 455; baseline 0.008 -31"><span class='ocrx_word' id='word_1_9' title='bbox 138 374 230 436; x_wconf 83' lang='grc' dir='ltr'><strong>είς</strong></span> <span class='ocrx_word' id='word_1_10' title='bbox 275 373 376 436; x_wconf 84' lang='grc' dir='ltr'>τὰς</span> <span class='ocrx_word' id='word_1_11' title='bbox 421 373 805 438; x_wconf 85' lang='grc' dir='ltr'>Μαδιανίτιδας</span> <span class='ocrx_word' id='word_1_12' title='bbox 857 377 1176 450; x_wconf 80' lang='grc' dir='ltr'>ὲξεπόρνευε</span> <span class='ocrx_word' id='word_1_13' title='bbox 1203 420 1218 444; x_wconf 89' lang='grc'><strong>,</strong></span> <span class='ocrx_word' id='word_1_14' title='bbox 1274 382 1368 436; x_wconf 78' lang='grc' dir='ltr'><strong>καὶ</strong></span> <span class='ocrx_word' id='word_1_15' title='bbox 1417 384 1446 436; x_wconf 86' lang='grc' dir='ltr'><strong>ὁ</strong></span> <span class='ocrx_word' id='word_1_16' title='bbox 1503 354 1724 455; x_wconf 41' lang='grc' dir='ltr'>’Ἰσραὴλ</span> 
     </span>
    </p>
   </div>
   <div class='ocr_carea' id='block_1_5' title="bbox 1832 354 3410 455">
    <p class='ocr_par' dir='ltr' id='par_1_5' title="bbox 1832 379 3410 454">
     <span class='ocr_line' id='line_1_5' title="bbox 1832 379 3410 454; baseline 0.001 -17"><span class='ocrx_word' id='word_1_17' title='bbox 1832 393 1984 454; x_wconf 78' lang='lat' dir='ltr'><strong>gatus</strong></span> <span class='ocrx_word' id='word_1_18' title='bbox 2020 392 2101 438; x_wconf 88' lang='lat' dir='ltr'><strong>est</strong></span> <span class='ocrx_word' id='word_1_19' title='bbox 2143 382 2440 439; x_wconf 82' lang='lat' dir='ltr'><strong>exercitus.</strong></span> <span class='ocrx_word' id='word_1_20' title='bbox 2469 381 2690 437; x_wconf 86' lang='lat' dir='ltr'><strong>Zambri</strong></span> <span class='ocrx_word' id='word_1_21' title='bbox 2723 379 3108 436; x_wconf 80' lang='lat' dir='ltr'><strong>Madianitidas</strong></span> <span class='ocrx_word' id='word_1_22' title='bbox 3135 391 3410 438; x_wconf 89' lang='lat' dir='ltr'><strong>scortatus</strong></span> 
     </span>
    </p>
   </div>
   <div class='ocr_carea' id='block_1_6' title="bbox 139 463 1728 544">
    <p class='ocr_par' dir='ltr' id='par_1_6' title="bbox 139 463 1728 544">
     <span class='ocr_line' id='line_1_6' title="bbox 139 463 1728 544; baseline 0.009 -29"><span class='ocrx_word' id='word_1_23' title='bbox 139 463 378 517; x_wconf 71' lang='grc' dir='ltr'>ἔπιπτεν</span> <span class='ocrx_word' id='word_1_24' title='bbox 425 468 504 527; x_wconf 84' lang='grc' dir='ltr'>εἰς</span> <span class='ocrx_word' id='word_1_25' title='bbox 541 465 715 537; x_wconf 85' lang='grc' dir='ltr'>δίκην.</span> <span class='ocrx_word' id='word_1_26' title='bbox 755 469 864 521; x_wconf 82' lang='grc' dir='ltr'>Καὶ</span> <span class='ocrx_word' id='word_1_27' title='bbox 893 469 1144 544; x_wconf 85' lang='grc' dir='ltr'>καθάπερ</span> <span class='ocrx_word' id='word_1_28' title='bbox 1183 474 1211 524; x_wconf 88' lang='grc' dir='ltr'><strong>ὁ</strong></span> <span class='ocrx_word' id='word_1_29' title='bbox 1245 471 1460 542; x_wconf 83' lang='grc' dir='ltr'>λοιμὸς,</span> <span class='ocrx_word' id='word_1_30' title='bbox 1508 475 1728 529; x_wconf 74' lang='grc' dir='ltr'>ἐπειδὰν</span> 
     </span>
    </p>
   </div>
   <div class='ocr_carea' id='block_1_7' title="bbox 142 555 1728 632">
    <p class='ocr_par' dir='ltr' id='par_1_7' title="bbox 142 555 1728 632">
     <span class='ocr_line' id='line_1_7' title="bbox 142 555 1728 632; baseline 0.008 -27"><span class='ocrx_word' id='word_1_31' title='bbox 142 555 270 618; x_wconf 78' lang='grc' dir='ltr'>ἑνὸς</span> <span class='ocrx_word' id='word_1_32' title='bbox 321 555 608 627; x_wconf 83' lang='grc' dir='ltr'>ἀνθρώπου</span> <span class='ocrx_word' id='word_1_33' title='bbox 655 558 686 628; x_wconf 83' lang='grc' dir='ltr'>ἢ</span> <span class='ocrx_word' id='word_1_34' title='bbox 740 561 970 630; x_wconf 83' lang='grc' dir='ltr'><strong>κτήνους</strong></span> <span class='ocrx_word' id='word_1_35' title='bbox 1014 559 1249 632; x_wconf 64' lang='grc' dir='ltr'>ἅψηται,</span> <span class='ocrx_word' id='word_1_36' title='bbox 1309 566 1448 618; x_wconf 79' lang='grc' dir='ltr'>κατὰ</span> <span class='ocrx_word' id='word_1_37' title='bbox 1494 565 1728 620; x_wconf 79' lang='grc' dir='ltr'><strong>διάδοσιν</strong></span> 
     </span>
    </p>
   </div>
   <div class='ocr_carea' id='block_1_8' title="bbox 143 647 1725 726">
    <p class='ocr_par' dir='ltr' id='par_1_8' title="bbox 143 647 1725 726">
     <span class='ocr_line' id='line_1_8' title="bbox 143 647 1725 726; baseline 0.008 -28"><span class='ocrx_word' id='word_1_38' title='bbox 143 647 244 698; x_wconf 77' lang='grc' dir='ltr'>ἐπὶ</span> <span class='ocrx_word' id='word_1_39' title='bbox 279 647 486 711; x_wconf 66' lang='grc' dir='ltr'>πάντας</span> <span class='ocrx_word' id='word_1_40' title='bbox 517 650 644 712; x_wconf 77' lang='grc' dir='ltr'>τοὺς</span> <span class='ocrx_word' id='word_1_41' title='bbox 694 651 1010 719; x_wconf 76' lang='grc' dir='ltr'>ἐγγίζοντας</span> <span class='ocrx_word' id='word_1_42' title='bbox 1049 653 1397 726; x_wconf 73' lang='grc' dir='ltr'><strong>διανέμεσθαι</strong></span> <span class='ocrx_word' id='word_1_43' title='bbox 1443 658 1684 726; x_wconf 70' lang='grc' dir='ltr'>πέφυκεν</span> <span class='ocrx_word' id='word_1_44' title='bbox 1711 676 1725 689; x_wconf 77' lang='grc'><em>’</em></span> 
     </span>
    </p>
   </div>
   <div class='ocr_carea' id='block_1_9' title="bbox 141 737 1728 817">
    <p class='ocr_par' dir='ltr' id='par_1_9' title="bbox 141 737 1728 817">
     <span class='ocr_line' id='line_1_9' title="bbox 141 737 1728 817; baseline 0.007 -27"><span class='ocrx_word' id='word_1_45' title='bbox 141 737 292 792; x_wconf 71' lang='grc' dir='ltr'>οὕτω</span> <span class='ocrx_word' id='word_1_46' title='bbox 335 740 430 792; x_wconf 77' lang='grc' dir='ltr'><strong>καὶ</strong></span> <span class='ocrx_word' id='word_1_47' title='bbox 476 743 524 793; x_wconf 73' lang='lat' dir='ltr'><strong>oi</strong></span> <span class='ocrx_word' id='word_1_48' title='bbox 559 743 788 812; x_wconf 78' lang='grc' dir='ltr'>ἐργάται</span> <span class='ocrx_word' id='word_1_49' title='bbox 833 745 932 814; x_wconf 75' lang='grc' dir='ltr'>τῆς</span> <span class='ocrx_word' id='word_1_50' title='bbox 986 745 1251 817; x_wconf 80' lang='grc' dir='ltr'><strong>ἀνομίας,</strong></span> <span class='ocrx_word' id='word_1_51' title='bbox 1281 747 1342 800; x_wconf 84' lang='grc' dir='ltr'><strong>τὸ</strong></span> <span class='ocrx_word' id='word_1_52' title='bbox 1383 748 1511 800; x_wconf 75' lang='grc' dir='ltr'>ἴδιον</span> <span class='ocrx_word' id='word_1_53' title='bbox 1559 749 1728 803; x_wconf 78' lang='grc' dir='ltr'>κακὸν</span> 
     </span>
    </p>
   </div>
   <div class='ocr_carea' id='block_1_10' title="bbox 143 831 1730 904">
    <p class='ocr_par' dir='ltr' id='par_1_10' title="bbox 143 831 1730 904">
     <span class='ocr_line' id='line_1_10' title="bbox 143 831 1730 904; baseline 0.008 -23"><span class='ocrx_word' id='word_1_54' title='bbox 143 831 244 882; x_wconf 72' lang='grc' dir='ltr'>ἐπὶ</span> <span class='ocrx_word' id='word_1_55' title='bbox 285 831 491 895; x_wconf 80' lang='grc' dir='ltr'><strong>πάντας</strong></span> <span class='ocrx_word' id='word_1_56' title='bbox 526 834 676 902; x_wconf 68' lang='grc' dir='ltr'>ἄγειν</span> <span class='ocrx_word' id='word_1_57' title='bbox 707 835 1069 899; x_wconf 75' lang='grc' dir='ltr'>φιλονεικοῦσι</span> <span class='ocrx_word' id='word_1_58' title='bbox 1095 879 1109 901; x_wconf 91' lang='grc'><strong>,</strong></span> <span class='ocrx_word' id='word_1_59' title='bbox 1139 839 1364 903; x_wconf 78' lang='grc' dir='ltr'>πολλοὺς</span> <span class='ocrx_word' id='word_1_60' title='bbox 1386 843 1596 904; x_wconf 74' lang='grc' dir='ltr'>ἑαυτοῖς</span> <span class='ocrx_word' id='word_1_61' title='bbox 1627 857 1730 894; x_wconf 84' lang='grc' dir='ltr'>πα-</span> 
     </span>
    </p>
   </div>
   <div class='ocr_carea' id='block_1_11' title="bbox 145 921 1724 1002">
    <p class='ocr_par' dir='ltr' id='par_1_11' title="bbox 145 921 1724 1002">
     <span class='ocr_line' id='line_1_11' title="bbox 145 921 1724 1002; baseline 0.008 -29"><span class='ocrx_word' id='word_1_62' title='bbox 145 921 486 992; x_wconf 82' lang='grc' dir='ltr'>ραπλησίους</span> <span class='ocrx_word' id='word_1_63' title='bbox 541 925 792 993; x_wconf 78' lang='grc' dir='ltr'>γενέσθαι</span> <span class='ocrx_word' id='word_1_64' title='bbox 843 927 1332 999; x_wconf 77' lang='grc' dir='ltr'>φιλοτιμούμενοι,</span> <span class='ocrx_word' id='word_1_65' title='bbox 1392 931 1477 984; x_wconf 77' lang='grc' dir='ltr'><strong>ἵνα</strong></span> <span class='ocrx_word' id='word_1_66' title='bbox 1538 933 1596 984; x_wconf 79' lang='grc' dir='ltr'>ἐν</span> <span class='ocrx_word' id='word_1_67' title='bbox 1659 935 1724 1002; x_wconf 83' lang='grc' dir='ltr'>τῇ</span> 
     </span>
    </p>
   </div>
   <div class='ocr_carea' id='block_1_12' title="bbox 145 1014 1728 1094">
    <p class='ocr_par' dir='ltr' id='par_1_12' title="bbox 145 1014 1728 1094">
     <span class='ocr_line' id='line_1_12' title="bbox 145 1014 1728 1094; baseline 0.007 -28"><span class='ocrx_word' id='word_1_68' title='bbox 145 1015 408 1086; x_wconf 80' lang='grc' dir='ltr'>κοινωνίᾳ</span> <span class='ocrx_word' id='word_1_69' title='bbox 445 1014 554 1070; x_wconf 77' lang='grc' dir='ltr'><strong>τῶν</strong></span> <span class='ocrx_word' id='word_1_70' title='bbox 613 1018 798 1070; x_wconf 84' lang='grc' dir='ltr'>κακῶν</span> <span class='ocrx_word' id='word_1_71' title='bbox 848 1019 1180 1088; x_wconf 75' lang='grc' dir='ltr'>διαφεύγωσι</span> <span class='ocrx_word' id='word_1_72' title='bbox 1233 1021 1302 1075; x_wconf 75' lang='grc' dir='ltr'><strong>τὰ</strong></span> <span class='ocrx_word' id='word_1_73' title='bbox 1351 1023 1523 1094; x_wconf 78' lang='grc' dir='ltr'>ὀνείδη</span> <span class='ocrx_word' id='word_1_74' title='bbox 1557 1041 1570 1054; x_wconf 90' lang='grc'><strong>·</strong></span> <span class='ocrx_word' id='word_1_75' title='bbox 1634 1025 1728 1076; x_wconf 74' lang='grc' dir='ltr'><strong>καὶ</strong></span> 
     </span>
    </p>
   </div>
   <div class='ocr_carea' id='block_1_13' title="bbox 145 1106 1729 1182">
    <p class='ocr_par' dir='ltr' id='par_1_13' title="bbox 145 1106 1729 1182">
     <span class='ocr_line' id='line_1_13' title="bbox 145 1106 1729 1182; baseline 0.006 -22"><span class='ocrx_word' id='word_1_76' title='bbox 145 1106 312 1171; x_wconf 78' lang='grc' dir='ltr'>ἄλλος</span> <span class='ocrx_word' id='word_1_77' title='bbox 343 1107 484 1178; x_wconf 81' lang='grc' dir='ltr'>ἄλλῳ</span> <span class='ocrx_word' id='word_1_78' title='bbox 511 1109 802 1180; x_wconf 62' lang='grc' dir='ltr'>τῆςενόσου</span> <span class='ocrx_word' id='word_1_79' title='bbox 829 1111 1229 1182; x_wconf 79' lang='grc' dir='ltr'><strong>μεταδιδόντες,</strong></span> <span class='ocrx_word' id='word_1_80' title='bbox 1265 1113 1610 1168; x_wconf 78' lang='grc' dir='ltr'>συννοσοῦσιν</span> <span class='ocrx_word' id='word_1_81' title='bbox 1645 1115 1729 1169; x_wconf 84' lang='grc' dir='ltr'><strong>ἀλ·</strong></span> 
     </span>
    </p>
   </div>
   <div class='ocr_carea' id='block_1_14' title="bbox 144 1199 1728 1278">
    <p class='ocr_par' dir='ltr' id='par_1_14' title="bbox 144 1199 1728 1278">
     <span class='ocr_line' id='line_1_14' title="bbox 144 1199 1728 1278; baseline 0.006 -27"><span class='ocrx_word' id='word_1_82' title='bbox 144 1199 338 1271; x_wconf 75' lang='grc' dir='ltr'>λήλοις</span> <span class='ocrx_word' id='word_1_83' title='bbox 379 1203 470 1254; x_wconf 85' lang='grc' dir='ltr'><strong>καὶ</strong></span> <span class='ocrx_word' id='word_1_84' title='bbox 514 1201 957 1258; x_wconf 86' lang='grc' dir='ltr'>συναπόλλυνται.</span> <span class='ocrx_word' id='word_1_85' title='bbox 992 1203 1129 1258; x_wconf 76' lang='grc' dir='ltr'>Οὔτε</span> <span class='ocrx_word' id='word_1_86' title='bbox 1163 1205 1271 1278; x_wconf 81' lang='grc' dir='ltr'>γὰρ</span> <span class='ocrx_word' id='word_1_87' title='bbox 1305 1206 1446 1277; x_wconf 83' lang='grc' dir='ltr'>πῦρ,</span> <span class='ocrx_word' id='word_1_88' title='bbox 1500 1209 1728 1261; x_wconf 79' lang='grc' dir='ltr'>εὐκατα-</span> 
     </span>
    </p>
   </div>
   <div class='ocr_carea' id='block_1_15' title="bbox 145 1293 1728 1368">
    <p class='ocr_par' dir='ltr' id='par_1_15' title="bbox 145 1293 1728 1368">
     <span class='ocr_line' id='line_1_15' title="bbox 145 1293 1728 1368; baseline 0.004 -24"><span class='ocrx_word' id='word_1_89' title='bbox 145 1295 399 1364; x_wconf 81' lang='grc' dir='ltr'>πρήστου</span> <span class='ocrx_word' id='word_1_90' title='bbox 426 1293 556 1364; x_wconf 72' lang='grc' dir='ltr'>ὕλης</span> <span class='ocrx_word' id='word_1_91' title='bbox 585 1293 890 1364; x_wconf 60' lang='grc' dir='ltr'>ἁψάμενον,</span> <span class='ocrx_word' id='word_1_92' title='bbox 917 1295 1140 1350; x_wconf 86' lang='grc' dir='ltr'>δυνατὸν</span> <span class='ocrx_word' id='word_1_93' title='bbox 1173 1297 1248 1368; x_wconf 85' lang='grc' dir='ltr'>μὴ</span> <span class='ocrx_word' id='word_1_94' title='bbox 1275 1299 1396 1368; x_wconf 70' lang='grc' dir='ltr'>οὐχὶ</span> <span class='ocrx_word' id='word_1_95' title='bbox 1424 1299 1516 1351; x_wconf 76' lang='grc' dir='ltr'><strong>ἐπὶ</strong></span> <span class='ocrx_word' id='word_1_96' title='bbox 1548 1300 1728 1352; x_wconf 83' lang='grc' dir='ltr'>πᾶσαν</span> 
     </span>
    </p>
   </div>
   <div class='ocr_carea' id='block_1_16' title="bbox 142 1383 1728 1460">
    <p class='ocr_par' dir='ltr' id='par_1_16' title="bbox 142 1383 1728 1460">
     <span class='ocr_line' id='line_1_16' title="bbox 142 1383 1728 1460; baseline 0.003 -24"><span class='ocrx_word' id='word_1_97' title='bbox 142 1383 320 1455; x_wconf 78' lang='grc' dir='ltr'>αὐτὴν</span> <span class='ocrx_word' id='word_1_98' title='bbox 347 1383 625 1454; x_wconf 74' lang='grc' dir='ltr'>διαϐῆναι,</span> <span class='ocrx_word' id='word_1_99' title='bbox 661 1385 834 1448; x_wconf 84' lang='grc' dir='ltr'>ἄλλως</span> <span class='ocrx_word' id='word_1_100' title='bbox 869 1403 930 1438; x_wconf 87' lang='grc' dir='ltr'><strong>τε</strong></span> <span class='ocrx_word' id='word_1_101' title='bbox 981 1386 1084 1440; x_wconf 75' lang='grc' dir='ltr'>κᾶν</span> <span class='ocrx_word' id='word_1_102' title='bbox 1137 1387 1366 1460; x_wconf 76' lang='grc' dir='ltr'>ἐπιτύχῃ</span> <span class='ocrx_word' id='word_1_103' title='bbox 1422 1389 1728 1460; x_wconf 77' lang='grc' dir='ltr'>πνεύματος</span> 
     </span>
    </p>
   </div>
   <div class='ocr_carea' id='block_1_17' title="bbox 142 1474 1730 1552">
    <p class='ocr_par' dir='ltr' id='par_1_17' title="bbox 142 1474 1730 1552">
     <span class='ocr_line' id='line_1_17' title="bbox 142 1474 1730 1552; baseline 0.004 -26"><span class='ocrx_word' id='word_1_104' title='bbox 142 1474 413 1546; x_wconf 77' lang='grc' dir='ltr'>ἑπιφόρου</span> <span class='ocrx_word' id='word_1_105' title='bbox 443 1475 542 1546; x_wconf 83' lang='grc' dir='ltr'>τὴν</span> <span class='ocrx_word' id='word_1_106' title='bbox 577 1475 750 1545; x_wconf 81' lang='grc' dir='ltr'>φλόγα</span> <span class='ocrx_word' id='word_1_107' title='bbox 779 1476 1214 1547; x_wconf 78' lang='grc' dir='ltr'>διακομίζοντος·</span> <span class='ocrx_word' id='word_1_108' title='bbox 1251 1477 1372 1532; x_wconf 69' lang='grc' dir='ltr'>οὔτε</span> <span class='ocrx_word' id='word_1_109' title='bbox 1413 1480 1509 1550; x_wconf 69' lang='grc' dir='ltr'>τὴν</span> <span class='ocrx_word' id='word_1_110' title='bbox 1555 1481 1730 1552; x_wconf 84' lang='grc' dir='ltr'>ἁμαρ-</span> 
     </span>
    </p>
   </div>
   <div class='ocr_carea' id='block_1_18' title="bbox 140 1559 1728 1638">
    <p class='ocr_par' dir='ltr' id='par_1_18' title="bbox 140 1559 1728 1638">
     <span class='ocr_line' id='line_1_18' title="bbox 140 1559 1728 1638; baseline 0.005 -23"><span class='ocrx_word' id='word_1_111' title='bbox 140 1565 272 1618; x_wconf 87' lang='grc' dir='ltr'>τίαν</span> <span class='ocrx_word' id='word_1_112' title='bbox 292 1604 307 1627; x_wconf 94' lang='grc'><strong>,</strong></span> <span class='ocrx_word' id='word_1_113' title='bbox 344 1565 462 1629; x_wconf 82' lang='grc' dir='ltr'>ἐνὸς</span> <span class='ocrx_word' id='word_1_114' title='bbox 489 1565 776 1636; x_wconf 57' lang='grc' dir='ltr'>ἀφειμένην</span> <span class='ocrx_word' id='word_1_115' title='bbox 796 1606 810 1630; x_wconf 96' lang='grc'><strong>,</strong></span> <span class='ocrx_word' id='word_1_116' title='bbox 845 1566 920 1638; x_wconf 82' lang='grc' dir='ltr'>μὴ</span> <span class='ocrx_word' id='word_1_117' title='bbox 951 1567 1069 1636; x_wconf 73' lang='grc' dir='ltr'>οὐχὶ</span> <span class='ocrx_word' id='word_1_118' title='bbox 1097 1567 1306 1630; x_wconf 81' lang='grc' dir='ltr'>πάντας</span> <span class='ocrx_word' id='word_1_119' title='bbox 1329 1570 1452 1632; x_wconf 75' lang='grc' dir='ltr'>τοὺς</span> <span class='ocrx_word' id='word_1_120' title='bbox 1485 1559 1728 1638; x_wconf 77' lang='grc' dir='ltr'>ἐγγίζον-</span> 
     </span>
    </p>
   </div>
   <div class='ocr_carea' id='block_1_19' title="bbox 139 1658 1726 1734">
    <p class='ocr_par' dir='ltr' id='par_1_19' title="bbox 139 1658 1726 1734">
     <span class='ocr_line' id='line_1_19' title="bbox 139 1658 1726 1734; baseline 0.003 -22"><span class='ocrx_word' id='word_1_121' title='bbox 139 1676 248 1722; x_wconf 77' lang='grc' dir='ltr'><strong>τας</strong></span> <span class='ocrx_word' id='word_1_122' title='bbox 275 1658 531 1726; x_wconf 80' lang='grc' dir='ltr'>διελθεῖν,</span> <span class='ocrx_word' id='word_1_123' title='bbox 563 1660 905 1728; x_wconf 81' lang='grc' dir='ltr'>ὲξαπτόντων</span> <span class='ocrx_word' id='word_1_124' title='bbox 931 1661 1098 1732; x_wconf 75' lang='grc' dir='ltr'>αὐτὴν</span> <span class='ocrx_word' id='word_1_125' title='bbox 1131 1661 1239 1713; x_wconf 80' lang='grc' dir='ltr'>τῶν</span> <span class='ocrx_word' id='word_1_126' title='bbox 1278 1661 1600 1732; x_wconf 78' lang='grc' dir='ltr'>πνευμάτων</span> <span class='ocrx_word' id='word_1_127' title='bbox 1629 1663 1726 1734; x_wconf 80' lang='grc' dir='ltr'><strong>τῆς</strong></span> 
     </span>
    </p>
   </div>
   <div class='ocr_carea' id='block_1_20' title="bbox 141 1749 434 1820">
    <p class='ocr_par' dir='ltr' id='par_1_20' title="bbox 141 1749 434 1820">
     <span class='ocr_line' id='line_1_20' title="bbox 141 1749 434 1820; baseline 0.014 -20"><span class='ocrx_word' id='word_1_128' title='bbox 141 1749 434 1820; x_wconf 83' lang='grc' dir='ltr'>πονηρίας.</span> 
     </span>
    </p>
   </div>
   <div class='ocr_carea' id='block_1_21' title="bbox 216 1838 1726 1913">
    <p class='ocr_par' dir='ltr' id='par_1_21' title="bbox 216 1838 1726 1913">
     <span class='ocr_line' id='line_1_21' title="bbox 216 1838 1726 1913; baseline 0.003 -21"><span class='ocrx_word' id='word_1_129' title='bbox 216 1839 272 1892; x_wconf 80' lang='lat'><strong>9.</strong></span> <span class='ocrx_word' id='word_1_130' title='bbox 305 1840 370 1891; x_wconf 82' lang='grc' dir='ltr'>Αί</span> <span class='ocrx_word' id='word_1_131' title='bbox 399 1840 496 1909; x_wconf 82' lang='grc' dir='ltr'><strong>μὲν</strong></span> <span class='ocrx_word' id='word_1_132' title='bbox 521 1839 629 1912; x_wconf 85' lang='grc' dir='ltr'><strong>γὰρ</strong></span> <span class='ocrx_word' id='word_1_133' title='bbox 657 1839 746 1893; x_wconf 72' lang='grc' dir='ltr'>διὰ</span> <span class='ocrx_word' id='word_1_134' title='bbox 767 1839 860 1893; x_wconf 76' lang='grc' dir='ltr'>τοῦ</span> <span class='ocrx_word' id='word_1_135' title='bbox 887 1838 1136 1912; x_wconf 86' lang='grc' dir='ltr'>σώματος</span> <span class='ocrx_word' id='word_1_136' title='bbox 1163 1841 1388 1912; x_wconf 75' lang='grc' dir='ltr'>πράξεις</span> <span class='ocrx_word' id='word_1_137' title='bbox 1417 1843 1509 1896; x_wconf 78' lang='grc' dir='ltr'>καὶ</span> <span class='ocrx_word' id='word_1_138' title='bbox 1533 1843 1726 1913; x_wconf 89' lang='grc' dir='ltr'>χρόνου</span> 
     </span>
    </p>
   </div>
   <div class='ocr_carea' id='block_1_22' title="bbox 137 1930 1728 2008">
    <p class='ocr_par' dir='ltr' id='par_1_22' title="bbox 137 1930 1728 2008">
     <span class='ocr_line' id='line_1_22' title="bbox 137 1930 1728 2008; baseline 0.003 -24"><span class='ocrx_word' id='word_1_139' title='bbox 137 1930 398 1994; x_wconf 76' lang='grc' dir='ltr'>δέονται,</span> <span class='ocrx_word' id='word_1_140' title='bbox 429 1931 522 1986; x_wconf 74' lang='grc' dir='ltr'><strong>καὶ</strong></span> <span class='ocrx_word' id='word_1_141' title='bbox 562 1933 882 2004; x_wconf 75' lang='grc' dir='ltr'>εὐκαιρίας,</span> <span class='ocrx_word' id='word_1_142' title='bbox 923 1936 1018 1988; x_wconf 76' lang='grc' dir='ltr'>καὶ</span> <span class='ocrx_word' id='word_1_143' title='bbox 1061 1937 1356 2006; x_wconf 63' lang='grc' dir='ltr'>καμάτων,</span> <span class='ocrx_word' id='word_1_144' title='bbox 1407 1936 1499 1989; x_wconf 76' lang='grc' dir='ltr'><strong>καὶ</strong></span> <span class='ocrx_word' id='word_1_145' title='bbox 1540 1953 1728 2008; x_wconf 86' lang='grc' dir='ltr'>συνερ-</span> 
     </span>
    </p>
   </div>
   <div class='ocr_carea' id='block_1_23' title="bbox 141 2025 1727 2098">
    <p class='ocr_par' dir='ltr' id='par_1_23' title="bbox 141 2025 1727 2098">
     <span class='ocr_line' id='line_1_23' title="bbox 141 2025 1727 2098; baseline 0.003 -23"><span class='ocrx_word' id='word_1_146' title='bbox 141 2025 263 2093; x_wconf 78' lang='grc' dir='ltr'><strong>γῶν</strong></span> <span class='ocrx_word' id='word_1_147' title='bbox 287 2067 302 2089; x_wconf 93' lang='grc'><strong>,</strong></span> <span class='ocrx_word' id='word_1_148' title='bbox 351 2026 443 2078; x_wconf 76' lang='grc' dir='ltr'><strong>καὶ</strong></span> <span class='ocrx_word' id='word_1_149' title='bbox 495 2025 596 2094; x_wconf 80' lang='grc' dir='ltr'><strong>τῆς</strong></span> <span class='ocrx_word' id='word_1_150' title='bbox 628 2026 822 2096; x_wconf 83' lang='grc' dir='ltr'>λοιπῆς</span> <span class='ocrx_word' id='word_1_151' title='bbox 855 2025 1136 2098; x_wconf 83' lang='grc' dir='ltr'>χορηγίας.</span> <span class='ocrx_word' id='word_1_152' title='bbox 1169 2029 1236 2079; x_wconf 85' lang='grc' dir='ltr'><strong>Αἱ</strong></span> <span class='ocrx_word' id='word_1_153' title='bbox 1278 2027 1334 2080; x_wconf 86' lang='grc' dir='ltr'>δὲ</span> <span class='ocrx_word' id='word_1_154' title='bbox 1365 2027 1465 2098; x_wconf 73' lang='grc' dir='ltr'><strong>τῆς</strong></span> <span class='ocrx_word' id='word_1_155' title='bbox 1491 2028 1727 2094; x_wconf 75' lang='grc' dir='ltr'>διανοίας</span> 
     </span>
    </p>
   </div>
   <div class='ocr_carea' id='block_1_24' title="bbox 140 2117 1730 2190">
    <p class='ocr_par' dir='ltr' id='par_1_24' title="bbox 140 2117 1730 2190">
     <span class='ocr_line' id='line_1_24' title="bbox 140 2117 1730 2190; baseline 0.003 -22"><span class='ocrx_word' id='word_1_156' title='bbox 140 2117 394 2187; x_wconf 79' lang='grc' dir='ltr'>κινήσεις</span> <span class='ocrx_word' id='word_1_157' title='bbox 427 2117 672 2189; x_wconf 82' lang='grc' dir='ltr'>ἀχρὸνως</span> <span class='ocrx_word' id='word_1_158' title='bbox 721 2117 1106 2190; x_wconf 80' lang='grc' dir='ltr'>ἐνεργοῦνται,</span> <span class='ocrx_word' id='word_1_159' title='bbox 1166 2119 1384 2182; x_wconf 87' lang='grc' dir='ltr'>ἀκόπως</span> <span class='ocrx_word' id='word_1_160' title='bbox 1422 2119 1730 2172; x_wconf 76' lang='grc' dir='ltr'>ἐπιτελοῦν-</span> 
     </span>
    </p>
   </div>
   <div class='ocr_carea' id='block_1_25' title="bbox 139 2209 1728 2282">
    <p class='ocr_par' dir='ltr' id='par_1_25' title="bbox 139 2209 1728 2282">
     <span class='ocr_line' id='line_1_25' title="bbox 139 2209 1728 2282; baseline 0.002 -21"><span class='ocrx_word' id='word_1_161' title='bbox 139 2225 274 2274; x_wconf 85' lang='grc' dir='ltr'>ται,</span> <span class='ocrx_word' id='word_1_162' title='bbox 327 2209 806 2281; x_wconf 78' lang='grc' dir='ltr'>ἀπραγματεύτως</span> <span class='ocrx_word' id='word_1_163' title='bbox 858 2210 1250 2274; x_wconf 89' lang='grc' dir='ltr'>συνίστανται,</span> <span class='ocrx_word' id='word_1_164' title='bbox 1303 2211 1484 2264; x_wconf 85' lang='grc' dir='ltr'>πάντα.</span> <span class='ocrx_word' id='word_1_165' title='bbox 1540 2212 1728 2282; x_wconf 82' lang='grc' dir='ltr'>καιρὸν</span> 
     </span>
    </p>
   </div>
   <div class='ocr_carea' id='block_1_26' title="bbox 138 2300 1729 2371">
    <p class='ocr_par' dir='ltr' id='par_1_26' title="bbox 138 2300 1729 2371">
     <span class='ocr_line' id='line_1_26' title="bbox 138 2300 1729 2371; baseline 0.003 -19"><span class='ocrx_word' id='word_1_166' title='bbox 138 2300 452 2371; x_wconf 74' lang='grc' dir='ltr'>ἐπιτήδειον</span> <span class='ocrx_word' id='word_1_167' title='bbox 487 2300 688 2370; x_wconf 81' lang='grc' dir='ltr'>ἔχουσι.</span> <span class='ocrx_word' id='word_1_168' title='bbox 733 2301 842 2360; x_wconf 79' lang='grc' dir='ltr'>Καί</span> <span class='ocrx_word' id='word_1_169' title='bbox 889 2301 994 2354; x_wconf 81' lang='grc' dir='ltr'><strong>πού</strong></span> <span class='ocrx_word' id='word_1_170' title='bbox 1052 2319 1135 2365; x_wconf 83' lang='grc' dir='ltr'><strong>τις</strong></span> <span class='ocrx_word' id='word_1_171' title='bbox 1176 2301 1286 2356; x_wconf 81' lang='grc' dir='ltr'><strong>τῶν</strong></span> <span class='ocrx_word' id='word_1_172' title='bbox 1336 2303 1582 2368; x_wconf 79' lang='grc' dir='ltr'>σοϐαρῶν</span> <span class='ocrx_word' id='word_1_173' title='bbox 1637 2305 1729 2358; x_wconf 71' lang='grc' dir='ltr'>καὶ</span> 
     </span>
    </p>
   </div>
   <div class='ocr_carea' id='block_1_27' title="bbox 140 2395 1726 2469">
    <p class='ocr_par' dir='ltr' id='par_1_27' title="bbox 140 2395 1726 2469">
     <span class='ocr_line' id='line_1_27' title="bbox 140 2395 1726 2469; baseline 0.001 -20"><span class='ocrx_word' id='word_1_174' title='bbox 140 2395 624 2465; x_wconf 61' lang='grc' dir='ltr'>κατοφρυωμένων</span> <span class='ocrx_word' id='word_1_175' title='bbox 669 2396 762 2448; x_wconf 73' lang='grc' dir='ltr'>ἐπὶ</span> <span class='ocrx_word' id='word_1_176' title='bbox 800 2395 1122 2467; x_wconf 81' lang='grc' dir='ltr'>σεμνότητι,</span> <span class='ocrx_word' id='word_1_177' title='bbox 1179 2395 1406 2466; x_wconf 80' lang='grc' dir='ltr'>πλάσμα</span> <span class='ocrx_word' id='word_1_178' title='bbox 1445 2397 1726 2469; x_wconf 69' lang='grc' dir='ltr'>σωφροσύ-</span> 
     </span>
    </p>
   </div>
   <div class='ocr_carea' id='block_1_28' title="bbox 141 2487 1728 2560">
    <p class='ocr_par' dir='ltr' id='par_1_28' title="bbox 141 2487 1728 2560">
     <span class='ocr_line' id='line_1_28' title="bbox 141 2487 1728 2560; baseline 0.001 -19"><span class='ocrx_word' id='word_1_179' title='bbox 141 2504 245 2558; x_wconf 76' lang='grc' dir='ltr'>νης</span> <span class='ocrx_word' id='word_1_180' title='bbox 296 2487 492 2554; x_wconf 75' lang='grc' dir='ltr'>ἔξωθεν</span> <span class='ocrx_word' id='word_1_181' title='bbox 554 2487 966 2557; x_wconf 84' lang='grc' dir='ltr'>περικείμενος,</span> <span class='ocrx_word' id='word_1_182' title='bbox 1023 2489 1082 2541; x_wconf 78' lang='grc' dir='ltr'><strong>ἐν</strong></span> <span class='ocrx_word' id='word_1_183' title='bbox 1133 2487 1318 2558; x_wconf 80' lang='grc' dir='ltr'>μέσοις</span> <span class='ocrx_word' id='word_1_184' title='bbox 1369 2488 1728 2560; x_wconf 75' lang='grc' dir='ltr'>καθεζόμενος</span> 
     </span>
    </p>
   </div>
   <div class='ocr_carea' id='block_1_29' title="bbox 143 2579 1730 2651">
    <p class='ocr_par' dir='ltr' id='par_1_29' title="bbox 143 2579 1730 2651">
     <span class='ocr_line' id='line_1_29' title="bbox 143 2579 1730 2651; baseline 0.002 -20"><span class='ocrx_word' id='word_1_185' title='bbox 143 2579 408 2642; x_wconf 77' lang='grc' dir='ltr'>πολλάκις</span> <span class='ocrx_word' id='word_1_186' title='bbox 439 2581 551 2642; x_wconf 85' lang='grc' dir='ltr'>τοῖς</span> <span class='ocrx_word' id='word_1_187' title='bbox 601 2579 687 2634; x_wconf 77' lang='grc' dir='ltr'><strong>ἐπ’</strong></span> <span class='ocrx_word' id='word_1_188' title='bbox 721 2579 888 2649; x_wconf 83' lang='grc' dir='ltr'>ἀρετῇ</span> <span class='ocrx_word' id='word_1_189' title='bbox 938 2579 1099 2632; x_wconf 78' lang='grc' dir='ltr'>αὐτὸν</span> <span class='ocrx_word' id='word_1_190' title='bbox 1137 2581 1531 2651; x_wconf 75' lang='grc' dir='ltr'>μακαρίζουσιν</span> <span class='ocrx_word' id='word_1_191' title='bbox 1555 2619 1570 2644; x_wconf 96' lang='grc'><strong>,</strong></span> <span class='ocrx_word' id='word_1_192' title='bbox 1625 2582 1730 2634; x_wconf 87' lang='grc' dir='ltr'><strong>ἁπ-</strong></span> 
     </span>
    </p>
   </div>
   <div class='ocr_carea' id='block_1_30' title="bbox 141 2669 1727 2742">
    <p class='ocr_par' dir='ltr' id='par_1_30' title="bbox 141 2669 1727 2742">
     <span class='ocr_line' id='line_1_30' title="bbox 141 2669 1727 2742; baseline -0.002 -14"><span class='ocrx_word' id='word_1_193' title='bbox 141 2669 353 2742; x_wconf 72' lang='grc' dir='ltr'>έδραμε</span> <span class='ocrx_word' id='word_1_194' title='bbox 400 2673 468 2742; x_wconf 81' lang='grc' dir='ltr'>τῇ</span> <span class='ocrx_word' id='word_1_195' title='bbox 501 2671 708 2742; x_wconf 67' lang='grc' dir='ltr'>διανοίᾳ.</span> <span class='ocrx_word' id='word_1_196' title='bbox 739 2671 873 2740; x_wconf 77' lang='grc' dir='ltr'>πρὸς</span> <span class='ocrx_word' id='word_1_197' title='bbox 897 2669 988 2724; x_wconf 81' lang='grc' dir='ltr'><strong>τὸν</strong></span> <span class='ocrx_word' id='word_1_198' title='bbox 1023 2671 1120 2742; x_wconf 79' lang='grc' dir='ltr'><strong>τῆς</strong></span> <span class='ocrx_word' id='word_1_199' title='bbox 1155 2671 1427 2742; x_wconf 86' lang='grc' dir='ltr'>ἁμαρτίας</span> <span class='ocrx_word' id='word_1_200' title='bbox 1453 2673 1612 2725; x_wconf 82' lang='grc' dir='ltr'>τόπον</span> <span class='ocrx_word' id='word_1_201' title='bbox 1652 2673 1727 2740; x_wconf 84' lang='grc'><strong>(1)</strong></span> 
     </span>
    </p>
   </div>
   <div class='ocr_carea' id='block_1_31' title="bbox 141 2757 1732 2834">
    <p class='ocr_par' dir='ltr' id='par_1_31' title="bbox 141 2757 1732 2834">
     <span class='ocr_line' id='line_1_31' title="bbox 141 2757 1732 2834; baseline -0.001 -17"><span class='ocrx_word' id='word_1_202' title='bbox 141 2769 204 2818; x_wconf 83' lang='grc' dir='ltr'><strong>ἐν</strong></span> <span class='ocrx_word' id='word_1_203' title='bbox 239 2763 318 2834; x_wconf 82' lang='grc' dir='ltr'>τῷ</span> <span class='ocrx_word' id='word_1_204' title='bbox 348 2765 545 2832; x_wconf 67' lang='grc' dir='ltr'><strong>ἁφανεί</strong></span> <span class='ocrx_word' id='word_1_205' title='bbox 595 2763 692 2832; x_wconf 80' lang='grc' dir='ltr'>τῆς</span> <span class='ocrx_word' id='word_1_206' title='bbox 731 2759 956 2831; x_wconf 88' lang='grc' dir='ltr'>καρδίας</span> <span class='ocrx_word' id='word_1_207' title='bbox 1001 2761 1282 2832; x_wconf 76' lang='grc' dir='ltr'>κινήματι.</span> <span class='ocrx_word' id='word_1_208' title='bbox 1337 2757 1458 2814; x_wconf 79' lang='grc' dir='ltr'>Εἷδε</span> <span class='ocrx_word' id='word_1_209' title='bbox 1488 2765 1559 2832; x_wconf 60' lang='grc' dir='ltr'>,τῇ</span> <span class='ocrx_word' id='word_1_210' title='bbox 1599 2779 1732 2832; x_wconf 78' lang='grc' dir='ltr'>φαν-</span> 
     </span>
    </p>
   </div>
   <div class='ocr_carea' id='block_1_32' title="bbox 140 2852 1730 2929">
    <p class='ocr_par' dir='ltr' id='par_1_32' title="bbox 140 2852 1730 2929">
     <span class='ocr_line' id='line_1_32' title="bbox 140 2852 1730 2929; baseline -0.004 -16"><span class='ocrx_word' id='word_1_211' title='bbox 140 2859 311 2929; x_wconf 79' lang='grc' dir='ltr'>τασίᾳ</span> <span class='ocrx_word' id='word_1_212' title='bbox 338 2857 405 2910; x_wconf 73' lang='grc' dir='ltr'>τὰ</span> <span class='ocrx_word' id='word_1_213' title='bbox 440 2855 848 2924; x_wconf 77' lang='grc' dir='ltr'>σπουδαζόμενα</span> <span class='ocrx_word' id='word_1_214' title='bbox 869 2893 883 2916; x_wconf 97' lang='grc'><strong>,</strong></span> <span class='ocrx_word' id='word_1_215' title='bbox 919 2852 1306 2908; x_wconf 79' lang='grc' dir='ltr'>ἀνετυπώσατό</span> <span class='ocrx_word' id='word_1_216' title='bbox 1351 2869 1474 2906; x_wconf 86' lang='grc' dir='ltr'>τινα</span> <span class='ocrx_word' id='word_1_217' title='bbox 1515 2855 1730 2924; x_wconf 73' lang='grc' dir='ltr'>ὁμιλίαν</span> 
     </span>
    </p>
   </div>
   <div class='ocr_carea' id='block_1_33' title="bbox 142 2947 1732 3023">
    <p class='ocr_par' dir='ltr' id='par_1_33' title="bbox 142 2947 1732 3023">
     <span class='ocr_line' id='line_1_33' title="bbox 142 2947 1732 3023; baseline -0.004 -16"><span class='ocrx_word' id='word_1_218' title='bbox 142 2955 248 3008; x_wconf 72' lang='grc' dir='ltr'><strong>οὐκ</strong></span> <span class='ocrx_word' id='word_1_219' title='bbox 283 2951 531 3023; x_wconf 68' lang='grc' dir='ltr'>εὐπρεπῆ</span> <span class='ocrx_word' id='word_1_220' title='bbox 553 2990 567 3012; x_wconf 94' lang='grc'><strong>,</strong></span> <span class='ocrx_word' id='word_1_221' title='bbox 598 2950 692 3001; x_wconf 73' lang='grc' dir='ltr'><strong>καὶ</strong></span> <span class='ocrx_word' id='word_1_222' title='bbox 724 2948 860 3010; x_wconf 80' lang='grc' dir='ltr'>ὅλως</span> <span class='ocrx_word' id='word_1_223' title='bbox 893 2949 951 3000; x_wconf 80' lang='grc' dir='ltr'><strong>ἐν</strong></span> <span class='ocrx_word' id='word_1_224' title='bbox 993 2947 1069 3018; x_wconf 81' lang='grc' dir='ltr'>τῷ</span> <span class='ocrx_word' id='word_1_225' title='bbox 1108 2947 1325 3018; x_wconf 78' lang='grc' dir='ltr'>κρυιρίῳ</span> <span class='ocrx_word' id='word_1_226' title='bbox 1375 2948 1474 3017; x_wconf 75' lang='grc' dir='ltr'><strong>τῆς</strong></span> <span class='ocrx_word' id='word_1_227' title='bbox 1509 2948 1732 3018; x_wconf 81' lang='grc' dir='ltr'>καρδίας</span> 
     </span>
    </p>
   </div>
   <div class='ocr_carea' id='block_1_34' title="bbox 143 3039 1799 3130">
    <p class='ocr_par' dir='ltr' id='par_1_34' title="bbox 143 3039 1799 3130">
     <span class='ocr_line' id='line_1_34' title="bbox 143 3039 1799 3130; baseline -0.004 -30"><span class='ocrx_word' id='word_1_228' title='bbox 143 3043 494 3130; x_wconf 50' lang='grc' dir='ltr'>ἐργαστηρίῳ</span> <span class='ocrx_word' id='word_1_229' title='bbox 551 3041 758 3112; x_wconf 74' lang='grc' dir='ltr'>ἐναργῆ</span> <span class='ocrx_word' id='word_1_230' title='bbox 825 3041 924 3110; x_wconf 77' lang='grc' dir='ltr'><strong>τὴν</strong></span> <span class='ocrx_word' id='word_1_231' title='bbox 982 3040 1174 3110; x_wconf 80' lang='grc' dir='ltr'>ἡδονὴν</span> <span class='ocrx_word' id='word_1_232' title='bbox 1215 3039 1392 3110; x_wconf 81' lang='grc' dir='ltr'>ἑαυτῷ</span> <span class='ocrx_word' id='word_1_233' title='bbox 1431 3039 1728 3112; x_wconf 69' lang='grc' dir='ltr'>ξωγραφή-</span> <span class='ocrx_word' id='word_1_234' title='bbox 1759 3071 1799 3129; x_wconf 72' lang='lat' dir='ltr'><strong><em>C</em></strong></span> 
     </span>
    </p>
   </div>
   <div class='ocr_carea' id='block_1_35' title="bbox 144 3131 1730 3205">
    <p class='ocr_par' dir='ltr' id='par_1_35' title="bbox 144 3131 1730 3205">
     <span class='ocr_line' id='line_1_35' title="bbox 144 3131 1730 3205; baseline -0.004 -14"><span class='ocrx_word' id='word_1_235' title='bbox 144 3155 282 3201; x_wconf 87' lang='grc' dir='ltr'>σας,</span> <span class='ocrx_word' id='word_1_236' title='bbox 319 3135 633 3205; x_wconf 78' lang='grc' dir='ltr'>ἀμάρτυρον</span> <span class='ocrx_word' id='word_1_237' title='bbox 668 3131 774 3184; x_wconf 72' lang='grc' dir='ltr'><strong>ἔσω</strong></span> <span class='ocrx_word' id='word_1_238' title='bbox 827 3132 926 3202; x_wconf 76' lang='grc' dir='ltr'><strong>τὴν</strong></span> <span class='ocrx_word' id='word_1_239' title='bbox 975 3131 1247 3202; x_wconf 82' lang='grc' dir='ltr'>ἁμαρτίαν</span> <span class='ocrx_word' id='word_1_240' title='bbox 1291 3133 1602 3202; x_wconf 77' lang='grc' dir='ltr'>εἰργάσατο.</span> <span class='ocrx_word' id='word_1_241' title='bbox 1657 3131 1730 3184; x_wconf 85' lang='grc' dir='ltr'><strong>Τὸ</strong></span> 
     </span>
    </p>
   </div>
   <div class='ocr_carea' id='block_1_36' title="bbox 142 3222 1729 3300">
    <p class='ocr_par' dir='ltr' id='par_1_36' title="bbox 142 3222 1729 3300">
     <span class='ocr_line' id='line_1_36' title="bbox 142 3222 1729 3300; baseline -0.011 -18"><span class='ocrx_word' id='word_1_242' title='bbox 142 3229 258 3300; x_wconf 71' lang='grc' dir='ltr'><strong>γὰρ</strong></span> <span class='ocrx_word' id='word_1_243' title='bbox 311 3227 559 3280; x_wconf 85' lang='grc' dir='ltr'>πλεῖστον</span> <span class='ocrx_word' id='word_1_244' title='bbox 605 3225 706 3294; x_wconf 68' lang='grc' dir='ltr'>τῆς</span> <span class='ocrx_word' id='word_1_245' title='bbox 747 3223 1018 3295; x_wconf 87' lang='grc' dir='ltr'>ἁμαρτίας</span> <span class='ocrx_word' id='word_1_246' title='bbox 1073 3225 1129 3276; x_wconf 83' lang='grc' dir='ltr'><strong>ὲν</strong></span> <span class='ocrx_word' id='word_1_247' title='bbox 1157 3225 1222 3294; x_wconf 82' lang='grc' dir='ltr'>τῇ</span> <span class='ocrx_word' id='word_1_248' title='bbox 1252 3223 1398 3294; x_wconf 82' lang='grc' dir='ltr'>ὁρμῇ</span> <span class='ocrx_word' id='word_1_249' title='bbox 1431 3222 1729 3295; x_wconf 70' lang='grc' dir='ltr'>πληροῦται</span> 
     </span>
    </p>
   </div>
   <div class='ocr_carea' id='block_1_37' title="bbox 141 3315 1730 3389">
    <p class='ocr_par' dir='ltr' id='par_1_37' title="bbox 141 3315 1730 3389">
     <span class='ocr_line' id='line_1_37' title="bbox 141 3315 1730 3389; baseline -0.001 -18"><span class='ocrx_word' id='word_1_250' title='bbox 141 3321 213 3389; x_wconf 67' lang='grc' dir='ltr'>τῇ</span> <span class='ocrx_word' id='word_1_251' title='bbox 265 3317 408 3370; x_wconf 78' lang='grc' dir='ltr'>κατὰ</span> <span class='ocrx_word' id='word_1_252' title='bbox 439 3316 699 3388; x_wconf 73' lang='grc' dir='ltr'>πρόθεσιν</span> <span class='ocrx_word' id='word_1_253' title='bbox 721 3333 735 3346; x_wconf 90' lang='grc'><strong>·</strong></span> <span class='ocrx_word' id='word_1_254' title='bbox 771 3315 902 3368; x_wconf 84' lang='grc' dir='ltr'>διότι</span> <span class='ocrx_word' id='word_1_255' title='bbox 935 3317 992 3368; x_wconf 84' lang='grc' dir='ltr'>αἱ</span> <span class='ocrx_word' id='word_1_256' title='bbox 1041 3315 1138 3386; x_wconf 80' lang='grc' dir='ltr'><strong>μὲν</strong></span> <span class='ocrx_word' id='word_1_257' title='bbox 1169 3315 1262 3368; x_wconf 79' lang='grc' dir='ltr'>τοῦ</span> <span class='ocrx_word' id='word_1_258' title='bbox 1297 3315 1546 3386; x_wconf 81' lang='grc' dir='ltr'>σώματος</span> <span class='ocrx_word' id='word_1_259' title='bbox 1589 3317 1730 3386; x_wconf 84' lang='grc' dir='ltr'>πρά-</span> 
     </span>
    </p>
   </div>
   <div class='ocr_carea' id='block_1_38' title="bbox 146 3407 1730 3481">
    <p class='ocr_par' dir='ltr' id='par_1_38' title="bbox 146 3407 1730 3481">
     <span class='ocr_line' id='line_1_38' title="bbox 146 3407 1730 3481; baseline 0 -19"><span class='ocrx_word' id='word_1_260' title='bbox 146 3411 260 3474; x_wconf 83' lang='grc' dir='ltr'>ξεις</span> <span class='ocrx_word' id='word_1_261' title='bbox 283 3409 388 3462; x_wconf 82' lang='grc' dir='ltr'>ὑπὸ</span> <span class='ocrx_word' id='word_1_262' title='bbox 426 3408 636 3462; x_wconf 80' lang='grc' dir='ltr'>πολλῶν</span> <span class='ocrx_word' id='word_1_263' title='bbox 670 3407 1083 3472; x_wconf 83' lang='grc' dir='ltr'>διακόπτονται,</span> <span class='ocrx_word' id='word_1_264' title='bbox 1134 3411 1162 3461; x_wconf 87' lang='grc' dir='ltr'><strong>ὁ</strong></span> <span class='ocrx_word' id='word_1_265' title='bbox 1197 3409 1255 3462; x_wconf 82' lang='grc' dir='ltr'>δὲ</span> <span class='ocrx_word' id='word_1_266' title='bbox 1297 3408 1440 3464; x_wconf 76' lang='grc' dir='ltr'>κατὰ</span> <span class='ocrx_word' id='word_1_267' title='bbox 1472 3409 1730 3481; x_wconf 80' lang='grc' dir='ltr'>πρόθεσιν</span> 
     </span>
    </p>
   </div>
   <div class='ocr_carea' id='block_1_39' title="bbox 147 3499 1731 3575">
    <p class='ocr_par' dir='ltr' id='par_1_39' title="bbox 147 3499 1731 3575">
     <span class='ocr_line' id='line_1_39' title="bbox 147 3499 1731 3575; baseline -0.002 -18"><span class='ocrx_word' id='word_1_268' title='bbox 147 3503 482 3575; x_wconf 83' lang='grc' dir='ltr'>ἁμαρτάνων</span> <span class='ocrx_word' id='word_1_269' title='bbox 525 3501 604 3570; x_wconf 84' lang='grc' dir='ltr'>τῷ</span> <span class='ocrx_word' id='word_1_270' title='bbox 653 3501 810 3570; x_wconf 83' lang='grc' dir='ltr'>τάχει</span> <span class='ocrx_word' id='word_1_271' title='bbox 853 3499 961 3552; x_wconf 84' lang='grc' dir='ltr'>τῶν</span> <span class='ocrx_word' id='word_1_272' title='bbox 1005 3500 1292 3570; x_wconf 76' lang='grc' dir='ltr'>νοημάτων</span> <span class='ocrx_word' id='word_1_273' title='bbox 1341 3503 1731 3574; x_wconf 74' lang='grc' dir='ltr'>συναπαρτιζο-</span> 
     </span>
    </p>
   </div>
   <div class='ocr_carea' id='block_1_40' title="bbox 148 3593 1729 3667">
    <p class='ocr_par' dir='ltr' id='par_1_40' title="bbox 148 3593 1729 3667">
     <span class='ocr_line' id='line_1_40' title="bbox 148 3593 1729 3667; baseline -0.011 -17"><span class='ocrx_word' id='word_1_274' title='bbox 148 3596 323 3667; x_wconf 81' lang='grc' dir='ltr'>μὲνην</span> <span class='ocrx_word' id='word_1_275' title='bbox 355 3595 468 3664; x_wconf 78' lang='grc' dir='ltr'>ἔχει</span> <span class='ocrx_word' id='word_1_276' title='bbox 501 3594 600 3663; x_wconf 72' lang='grc' dir='ltr'>τὴν</span> <span class='ocrx_word' id='word_1_277' title='bbox 640 3593 936 3662; x_wconf 72' lang='grc' dir='ltr'>ἁμαρτίαν.</span> <span class='ocrx_word' id='word_1_278' title='bbox 987 3593 1074 3656; x_wconf 81' lang='grc' dir='ltr'>Ὠς</span> <span class='ocrx_word' id='word_1_279' title='bbox 1127 3593 1297 3664; x_wconf 80' lang='grc' dir='ltr'>γὰρὴ</span> <span class='ocrx_word' id='word_1_280' title='bbox 1335 3593 1461 3646; x_wconf 80' lang='grc' dir='ltr'>σκιὰ</span> <span class='ocrx_word' id='word_1_281' title='bbox 1503 3593 1580 3664; x_wconf 83' lang='grc' dir='ltr'>τῷ</span> <span class='ocrx_word' id='word_1_282' title='bbox 1624 3593 1729 3646; x_wconf 82' lang='grc' dir='ltr'><strong>σώ-</strong></span> 
     </span>
    </p>
   </div>
   <div class='ocr_carea' id='block_1_41' title="bbox 148 3685 1728 3760">
    <p class='ocr_par' dir='ltr' id='par_1_41' title="bbox 148 3685 1728 3760">
     <span class='ocr_line' id='line_1_41' title="bbox 148 3685 1728 3760; baseline -0.001 -20"><span class='ocrx_word' id='word_1_283' title='bbox 148 3705 323 3760; x_wconf 77' lang='grc' dir='ltr'>ματι,</span> <span class='ocrx_word' id='word_1_284' title='bbox 358 3685 502 3739; x_wconf 72' lang='grc' dir='ltr'>οὕτω</span> <span class='ocrx_word' id='word_1_285' title='bbox 549 3689 670 3748; x_wconf 85' lang='grc' dir='ltr'>ταῖς</span> <span class='ocrx_word' id='word_1_286' title='bbox 715 3685 916 3754; x_wconf 73' lang='grc' dir='ltr'>ψυχαῖς</span> <span class='ocrx_word' id='word_1_287' title='bbox 951 3685 1007 3736; x_wconf 83' lang='grc' dir='ltr'><strong>αί</strong></span> <span class='ocrx_word' id='word_1_288' title='bbox 1059 3685 1324 3756; x_wconf 87' lang='grc' dir='ltr'>ἁμαρτίαι</span> <span class='ocrx_word' id='word_1_289' title='bbox 1373 3686 1728 3757; x_wconf 79' lang='grc' dir='ltr'>παρέπονται,</span> 
     </span>
    </p>
   </div>
   <div class='ocr_carea' id='block_1_42' title="bbox 145 3775 1731 3852">
    <p class='ocr_par' dir='ltr' id='par_1_42' title="bbox 145 3775 1731 3852">
     <span class='ocr_line' id='line_1_42' title="bbox 145 3775 1731 3852; baseline -0.002 -18"><span class='ocrx_word' id='word_1_290' title='bbox 145 3783 402 3852; x_wconf 76' lang='grc' dir='ltr'>ἐναργεῖς</span> <span class='ocrx_word' id='word_1_291' title='bbox 430 3781 530 3841; x_wconf 67' lang='grc' dir='ltr'><strong>τὰς</strong></span> <span class='ocrx_word' id='word_1_292' title='bbox 559 3777 784 3848; x_wconf 81' lang='grc' dir='ltr'>πράξεις</span> <span class='ocrx_word' id='word_1_293' title='bbox 811 3775 1254 3841; x_wconf 76' lang='grc' dir='ltr'>ὲξεικονίζουσαι.</span> <span class='ocrx_word' id='word_1_294' title='bbox 1285 3777 1478 3830; x_wconf 86' lang='grc' dir='ltr'>Τελεία</span> <span class='ocrx_word' id='word_1_295' title='bbox 1509 3777 1606 3848; x_wconf 86' lang='grc' dir='ltr'>μὲν</span> <span class='ocrx_word' id='word_1_296' title='bbox 1637 3775 1731 3832; x_wconf 78' lang='grc' dir='ltr'><strong>οὖν</strong></span> 
     </span>
    </p>
   </div>
   <div class='ocr_carea' id='block_1_43' title="bbox 146 3865 1727 3942">
    <p class='ocr_par' dir='ltr' id='par_1_43' title="bbox 146 3865 1727 3942">
     <span class='ocr_line' id='line_1_43' title="bbox 146 3865 1727 3942; baseline -0.003 -15"><span class='ocrx_word' id='word_1_297' title='bbox 146 3873 354 3938; x_wconf 82' lang='grc' dir='ltr'>κακία,</span> <span class='ocrx_word' id='word_1_298' title='bbox 397 3871 458 3924; x_wconf 82' lang='grc' dir='ltr'>τὸ</span> <span class='ocrx_word' id='word_1_299' title='bbox 504 3871 599 3924; x_wconf 59' lang='grc' dir='ltr'><strong>καὶ⁸</strong></span> <span class='ocrx_word' id='word_1_300' title='bbox 653 3867 848 3941; x_wconf 81' lang='grc' dir='ltr'>γνώμῃ</span> <span class='ocrx_word' id='word_1_301' title='bbox 899 3868 992 3921; x_wconf 76' lang='grc' dir='ltr'><strong>καὶ</strong></span> <span class='ocrx_word' id='word_1_302' title='bbox 1047 3865 1308 3938; x_wconf 81' lang='grc' dir='ltr'>πράξεσιν</span> <span class='ocrx_word' id='word_1_303' title='bbox 1357 3869 1727 3942; x_wconf 77' lang='grc' dir='ltr'>ἁμαρτάνεινο</span> 
     </span>
    </p>
   </div>
   <div class='ocr_carea' id='block_1_44' title="bbox 143 3961 1732 4036">
    <p class='ocr_par' dir='ltr' id='par_1_44' title="bbox 143 3961 1732 4036">
     <span class='ocr_line' id='line_1_44' title="bbox 143 3961 1732 4036; baseline -0.003 -16"><span class='ocrx_word' id='word_1_304' title='bbox 143 3969 321 4036; x_wconf 69' lang='grc' dir='ltr'>ἥμισυ</span> <span class='ocrx_word' id='word_1_305' title='bbox 348 3965 404 4018; x_wconf 74' lang='grc' dir='ltr'>δὲ</span> <span class='ocrx_word' id='word_1_306' title='bbox 445 3961 540 4016; x_wconf 70' lang='grc' dir='ltr'>τοῦ</span> <span class='ocrx_word' id='word_1_307' title='bbox 585 3963 791 4024; x_wconf 75' lang='grc' dir='ltr'>κακοῦ,</span> <span class='ocrx_word' id='word_1_308' title='bbox 833 3961 926 4012; x_wconf 71' lang='grc' dir='ltr'><strong>ἐπὶ</strong></span> <span class='ocrx_word' id='word_1_309' title='bbox 975 3961 1074 4031; x_wconf 76' lang='grc' dir='ltr'><strong>τῆς</strong></span> <span class='ocrx_word' id='word_1_310' title='bbox 1125 3962 1301 4031; x_wconf 75' lang='grc' dir='ltr'>ὁρμῆς</span> <span class='ocrx_word' id='word_1_311' title='bbox 1326 3961 1424 4030; x_wconf 68' lang='grc' dir='ltr'>τῆς</span> <span class='ocrx_word' id='word_1_312' title='bbox 1454 3961 1596 4015; x_wconf 73' lang='grc' dir='ltr'>κατὰ</span> <span class='ocrx_word' id='word_1_313' title='bbox 1619 3964 1732 4016; x_wconf 84' lang='grc' dir='ltr'>διά-</span> 
     </span>
    </p>
   </div>
   <div class='ocr_carea' id='block_1_45' title="bbox 145 4049 1730 4126">
    <p class='ocr_par' dir='ltr' id='par_1_45' title="bbox 145 4049 1730 4126">
     <span class='ocr_line' id='line_1_45' title="bbox 145 4049 1730 4126; baseline -0.003 -16"><span class='ocrx_word' id='word_1_314' title='bbox 145 4076 300 4112; x_wconf 75' lang='grc' dir='ltr'>νοιαν</span> <span class='ocrx_word' id='word_1_315' title='bbox 351 4057 540 4126; x_wconf 72' lang='grc' dir='ltr'>στῆναι</span> <span class='ocrx_word' id='word_1_316' title='bbox 575 4053 672 4124; x_wconf 78' lang='grc' dir='ltr'><strong>τὴν</strong></span> <span class='ocrx_word' id='word_1_317' title='bbox 701 4052 998 4123; x_wconf 82' lang='grc' dir='ltr'>ἁμαρτίαν.</span> <span class='ocrx_word' id='word_1_318' title='bbox 1051 4052 1124 4104; x_wconf 81' lang='grc' dir='ltr'><strong>Οὐ</strong></span> <span class='ocrx_word' id='word_1_319' title='bbox 1173 4052 1346 4123; x_wconf 79' lang='grc' dir='ltr'>πάντη</span> <span class='ocrx_word' id='word_1_320' title='bbox 1379 4049 1471 4105; x_wconf 76' lang='grc' dir='ltr'>οὖν</span> <span class='ocrx_word' id='word_1_321' title='bbox 1523 4053 1730 4124; x_wconf 79' lang='grc' dir='ltr'>ἀτιμώ-</span> 
     </span>
    </p>
   </div>
   <div class='ocr_carea' id='block_1_46' title="bbox 147 4143 1730 4222">
    <p class='ocr_par' dir='ltr' id='par_1_46' title="bbox 147 4143 1730 4222">
     <span class='ocr_line' id='line_1_46' title="bbox 147 4143 1730 4222; baseline -0.003 -19"><span class='ocrx_word' id='word_1_322' title='bbox 147 4167 314 4222; x_wconf 80' lang='grc' dir='ltr'>ρητος</span> <span class='ocrx_word' id='word_1_323' title='bbox 345 4151 374 4202; x_wconf 86' lang='grc' dir='ltr'><strong>ὁ</strong></span> <span class='ocrx_word' id='word_1_324' title='bbox 424 4147 560 4200; x_wconf 73' lang='grc' dir='ltr'>κατὰ</span> <span class='ocrx_word' id='word_1_325' title='bbox 604 4145 845 4199; x_wconf 83' lang='grc' dir='ltr'>διάνοιαν</span> <span class='ocrx_word' id='word_1_326' title='bbox 900 4143 1226 4214; x_wconf 81' lang='grc' dir='ltr'>ἁμαρτάνων</span> <span class='ocrx_word' id='word_1_327' title='bbox 1253 4161 1266 4173; x_wconf 76' lang='grc' dir='ltr'><strong>ο</strong></span> <span class='ocrx_word' id='word_1_328' title='bbox 1321 4145 1434 4198; x_wconf 87' lang='grc' dir='ltr'>ἀλλ’</span> <span class='ocrx_word' id='word_1_329' title='bbox 1479 4147 1600 4199; x_wconf 83' lang='grc' dir='ltr'>ὅσον</span> <span class='ocrx_word' id='word_1_330' title='bbox 1643 4146 1730 4199; x_wconf 84' lang='grc' dir='ltr'>ἐλ-</span> 
     </span>
    </p>
   </div>
   <div class='ocr_carea' id='block_1_47' title="bbox 145 4234 1733 4308">
    <p class='ocr_par' dir='ltr' id='par_1_47' title="bbox 145 4234 1733 4308">
     <span class='ocr_line' id='line_1_47' title="bbox 145 4234 1733 4308; baseline -0.002 -12"><span class='ocrx_word' id='word_1_331' title='bbox 145 4243 326 4296; x_wconf 77' lang='grc' dir='ltr'>λείπει</span> <span class='ocrx_word' id='word_1_332' title='bbox 362 4240 456 4294; x_wconf 78' lang='grc' dir='ltr'>τοῦ</span> <span class='ocrx_word' id='word_1_333' title='bbox 491 4239 661 4292; x_wconf 75' lang='grc' dir='ltr'>κακοῦ</span> <span class='ocrx_word' id='word_1_334' title='bbox 684 4279 700 4302; x_wconf 90' lang='grc'><strong>,</strong></span> <span class='ocrx_word' id='word_1_335' title='bbox 728 4235 980 4291; x_wconf 80' lang='grc' dir='ltr'>τοσοῦτον</span> <span class='ocrx_word' id='word_1_336' title='bbox 1013 4234 1160 4306; x_wconf 80' lang='grc' dir='ltr'>αὑτῷ</span> <span class='ocrx_word' id='word_1_337' title='bbox 1193 4235 1300 4289; x_wconf 78' lang='grc' dir='ltr'>τῶν</span> <span class='ocrx_word' id='word_1_338' title='bbox 1355 4237 1530 4291; x_wconf 85' lang='grc' dir='ltr'>πόνων</span> <span class='ocrx_word' id='word_1_339' title='bbox 1572 4239 1733 4308; x_wconf 61' lang='grc' dir='ltr'>ὑφαι-</span> 
     </span>
    </p>
   </div>
   <div class='ocr_carea' id='block_1_48' title="bbox 148 4327 1728 4407">
    <p class='ocr_par' dir='ltr' id='par_1_48' title="bbox 148 4327 1728 4407">
     <span class='ocr_line' id='line_1_48' title="bbox 148 4327 1728 4407; baseline -0.003 -20"><span class='ocrx_word' id='word_1_340' title='bbox 148 4334 462 4407; x_wconf 77' lang='grc' dir='ltr'>ρεθήσεται.</span> <span class='ocrx_word' id='word_1_341' title='bbox 495 4332 598 4384; x_wconf 87' lang='grc' dir='ltr'>Τὸν</span> <span class='ocrx_word' id='word_1_342' title='bbox 634 4330 818 4401; x_wconf 79' lang='grc' dir='ltr'>μέντοι</span> <span class='ocrx_word' id='word_1_343' title='bbox 849 4327 1258 4399; x_wconf 79' lang='grc' dir='ltr'>παραδεχθέντα</span> <span class='ocrx_word' id='word_1_344' title='bbox 1296 4329 1376 4392; x_wconf 87' lang='grc' dir='ltr'><strong>είς</strong></span> <span class='ocrx_word' id='word_1_345' title='bbox 1425 4329 1524 4400; x_wconf 77' lang='grc' dir='ltr'><strong>τὴν</strong></span> <span class='ocrx_word' id='word_1_346' title='bbox 1575 4330 1728 4383; x_wconf 84' lang='grc' dir='ltr'>ἀδελ-</span> 
     </span>
    </p>
   </div>
   <div class='ocr_carea' id='block_1_49' title="bbox 1828 472 3410 546">
    <p class='ocr_par' dir='ltr' id='par_1_49' title="bbox 1828 472 3410 546">
     <span class='ocr_line' id='line_1_49' title="bbox 1828 472 3410 546; baseline -0.002 -14"><span class='ocrx_word' id='word_1_347' title='bbox 1828 486 1913 532; x_wconf 89' lang='lat' dir='ltr'><strong>est</strong></span> <span class='ocrx_word' id='word_1_348' title='bbox 1941 477 1963 508; x_wconf 83' lang='lat'><strong>&#39;</strong></span> <span class='ocrx_word' id='word_1_349' title='bbox 1991 517 2005 539; x_wconf 89' lang='lat'><strong>,</strong></span> <span class='ocrx_word' id='word_1_350' title='bbox 2065 485 2119 532; x_wconf 91' lang='lat' dir='ltr'><strong>et</strong></span> <span class='ocrx_word' id='word_1_351' title='bbox 2181 475 2348 530; x_wconf 84' lang='lat' dir='ltr'><strong>Israel</strong></span> <span class='ocrx_word' id='word_1_352' title='bbox 2404 489 2596 546; x_wconf 75' lang='lat' dir='ltr'><strong>punias</strong></span> <span class='ocrx_word' id='word_1_353' title='bbox 2645 473 2815 530; x_wconf 94' lang='lat' dir='ltr'><strong>dedit.</strong></span> <span class='ocrx_word' id='word_1_354' title='bbox 2857 472 2933 546; x_wconf 67' lang='lat' dir='ltr'><strong>t2)</strong></span> <span class='ocrx_word' id='word_1_355' title='bbox 2967 473 3043 528; x_wconf 88' lang='lat' dir='ltr'><strong>Ac</strong></span> <span class='ocrx_word' id='word_1_356' title='bbox 3085 483 3142 527; x_wconf 90' lang='lat' dir='ltr'><strong>ut</strong></span> <span class='ocrx_word' id='word_1_357' title='bbox 3195 475 3364 544; x_wconf 86' lang='lat' dir='ltr'><strong>pestis</strong></span> <span class='ocrx_word' id='word_1_358' title='bbox 3394 517 3410 542; x_wconf 92' lang='lat'><strong>,</strong></span> 
     </span>
    </p>
   </div>
   <div class='ocr_carea' id='block_1_50' title="bbox 1829 565 3410 635">
    <p class='ocr_par' dir='ltr' id='par_1_50' title="bbox 1829 565 3410 635">
     <span class='ocr_line' id='line_1_50' title="bbox 1829 565 3410 635; baseline -0.004 -13"><span class='ocrx_word' id='word_1_359' title='bbox 1829 568 1920 622; x_wconf 84' lang='lat' dir='ltr'><strong>tibi</strong></span> <span class='ocrx_word' id='word_1_360' title='bbox 1953 585 2118 622; x_wconf 87' lang='lat' dir='ltr'><strong>unum</strong></span> <span class='ocrx_word' id='word_1_361' title='bbox 2151 568 2460 632; x_wconf 86' lang='lat' dir='ltr'><strong>hominem,</strong></span> <span class='ocrx_word' id='word_1_362' title='bbox 2496 576 2589 620; x_wconf 82' lang='lat' dir='ltr'><strong>aut</strong></span> <span class='ocrx_word' id='word_1_363' title='bbox 2623 565 2939 634; x_wconf 89' lang='lat' dir='ltr'><strong>jumentum</strong></span> <span class='ocrx_word' id='word_1_364' title='bbox 2977 566 3176 635; x_wconf 74' lang='lat' dir='ltr'><strong>attigit.</strong></span> <span class='ocrx_word' id='word_1_365' title='bbox 3218 573 3410 618; x_wconf 62' lang='lat' dir='ltr'><strong>conta.</strong></span> 
     </span>
    </p>
   </div>
   <div class='ocr_carea' id='block_1_51' title="bbox 1828 655 3410 728">
    <p class='ocr_par' dir='ltr' id='par_1_51' title="bbox 1828 655 3410 728">
     <span class='ocr_line' id='line_1_51' title="bbox 1828 655 3410 728; baseline -0.003 -16"><span class='ocrx_word' id='word_1_366' title='bbox 1828 660 1917 728; x_wconf 78' lang='lat' dir='ltr'><strong>gio</strong></span> <span class='ocrx_word' id='word_1_367' title='bbox 1975 659 2030 712; x_wconf 91' lang='lat' dir='ltr'><strong>in</strong></span> <span class='ocrx_word' id='word_1_368' title='bbox 2080 657 2358 727; x_wconf 82' lang='lat' dir='ltr'><strong>proximos</strong></span> <span class='ocrx_word' id='word_1_369' title='bbox 2412 671 2662 726; x_wconf 82' lang='lat' dir='ltr'><strong>quosque</strong></span> <span class='ocrx_word' id='word_1_370' title='bbox 2730 671 2953 725; x_wconf 84' lang='lat' dir='ltr'><strong>serpere</strong></span> <span class='ocrx_word' id='word_1_371' title='bbox 3010 655 3202 711; x_wconf 88' lang='lat' dir='ltr'><strong>solet:</strong></span> <span class='ocrx_word' id='word_1_372' title='bbox 3249 657 3330 710; x_wconf 90' lang='lat' dir='ltr'><strong>sic</strong></span> <span class='ocrx_word' id='word_1_373' title='bbox 3357 663 3410 709; x_wconf 88' lang='lat' dir='ltr'><strong>et</strong></span> 
     </span>
    </p>
   </div>
   <div class='ocr_carea' id='block_1_52' title="bbox 1831 745 3410 819">
    <p class='ocr_par' dir='ltr' id='par_1_52' title="bbox 1831 745 3410 819">
     <span class='ocr_line' id='line_1_52' title="bbox 1831 745 3410 819; baseline -0.001 -16"><span class='ocrx_word' id='word_1_374' title='bbox 1831 750 2137 819; x_wconf 83' lang='lat' dir='ltr'><strong>iniquitatis</strong></span> <span class='ocrx_word' id='word_1_375' title='bbox 2189 748 2424 819; x_wconf 83' lang='lat' dir='ltr'><strong>operarii</strong></span> <span class='ocrx_word' id='word_1_376' title='bbox 2504 747 2786 818; x_wconf 85' lang='lat' dir='ltr'><strong>proprium</strong></span> <span class='ocrx_word' id='word_1_377' title='bbox 2833 746 3034 800; x_wconf 89' lang='lat' dir='ltr'><strong>malum</strong></span> <span class='ocrx_word' id='word_1_378' title='bbox 3107 745 3160 799; x_wconf 92' lang='lat' dir='ltr'><strong>in</strong></span> <span class='ocrx_word' id='word_1_379' title='bbox 3217 761 3410 801; x_wconf 73' lang='lat' dir='ltr'><strong>oinnrs</strong></span> 
     </span>
    </p>
   </div>
   <div class='ocr_carea' id='block_1_53' title="bbox 1829 837 3410 908">
    <p class='ocr_par' dir='ltr' id='par_1_53' title="bbox 1829 837 3410 908">
     <span class='ocr_line' id='line_1_53' title="bbox 1829 837 3410 908; baseline 0.001 -14"><span class='ocrx_word' id='word_1_380' title='bbox 1829 841 2216 896; x_wconf 74' lang='lat' dir='ltr'><strong>transfundere</strong></span> <span class='ocrx_word' id='word_1_381' title='bbox 2274 848 2581 904; x_wconf 74' lang='lat' dir='ltr'><strong>conantur,</strong></span> <span class='ocrx_word' id='word_1_382' title='bbox 2657 839 2972 908; x_wconf 89' lang='lat' dir='ltr'><strong>multosque</strong></span> <span class='ocrx_word' id='word_1_383' title='bbox 3031 837 3137 892; x_wconf 84' lang='lat' dir='ltr'><strong>sibi</strong></span> <span class='ocrx_word' id='word_1_384' title='bbox 3199 839 3410 895; x_wconf 86' lang='lat' dir='ltr'><strong>similes</strong></span> 
     </span>
    </p>
   </div>
   <div class='ocr_carea' id='block_1_54' title="bbox 1830 929 3408 1002">
    <p class='ocr_par' dir='ltr' id='par_1_54' title="bbox 1830 929 3408 1002">
     <span class='ocr_line' id='line_1_54' title="bbox 1830 929 3408 1002; baseline 0 -17"><span class='ocrx_word' id='word_1_385' title='bbox 1830 931 1946 985; x_wconf 81' lang='lat' dir='ltr'><strong>ﬁeri</strong></span> <span class='ocrx_word' id='word_1_386' title='bbox 2005 947 2336 1002; x_wconf 75' lang='lat' dir='ltr'><strong>magnopere</strong></span> <span class='ocrx_word' id='word_1_387' title='bbox 2387 930 2654 1001; x_wconf 88' lang='lat' dir='ltr'><strong>cupiunt,</strong></span> <span class='ocrx_word' id='word_1_388' title='bbox 2705 937 2764 984; x_wconf 92' lang='lat' dir='ltr'><strong>ut</strong></span> <span class='ocrx_word' id='word_1_389' title='bbox 2819 930 2870 983; x_wconf 91' lang='lat' dir='ltr'><strong>in</strong></span> <span class='ocrx_word' id='word_1_390' title='bbox 2910 929 3162 982; x_wconf 83' lang='lat' dir='ltr'><strong>vitiorum</strong></span> <span class='ocrx_word' id='word_1_391' title='bbox 3228 930 3408 985; x_wconf 90' lang='lat' dir='ltr'><strong>socie-</strong></span> 
     </span>
    </p>
   </div>
   <div class='ocr_carea' id='block_1_55' title="bbox 1830 1019 3410 1093">
    <p class='ocr_par' dir='ltr' id='par_1_55' title="bbox 1830 1019 3410 1093">
     <span class='ocr_line' id='line_1_55' title="bbox 1830 1019 3410 1093; baseline -0.003 -16"><span class='ocrx_word' id='word_1_392' title='bbox 1830 1031 1941 1079; x_wconf 87' lang='lat' dir='ltr'><strong>tate</strong></span> <span class='ocrx_word' id='word_1_393' title='bbox 1973 1023 2254 1078; x_wconf 62' lang='lat' dir='ltr'><strong>infamiam</strong></span> <span class='ocrx_word' id='word_1_394' title='bbox 2312 1024 2523 1087; x_wconf 86' lang='lat' dir='ltr'><strong>vitent;</strong></span> <span class='ocrx_word' id='word_1_395' title='bbox 2581 1034 2747 1093; x_wconf 89' lang='lat' dir='ltr'><strong>atque</strong></span> <span class='ocrx_word' id='word_1_396' title='bbox 2804 1023 2942 1074; x_wconf 81' lang='lat' dir='ltr'><strong>alter</strong></span> <span class='ocrx_word' id='word_1_397' title='bbox 2972 1021 3128 1074; x_wconf 78' lang='lat' dir='ltr'><strong>alteri</strong></span> <span class='ocrx_word' id='word_1_398' title='bbox 3160 1019 3410 1075; x_wconf 87' lang='lat' dir='ltr'><strong>morbum</strong></span> 
     </span>
    </p>
   </div>
   <div class='ocr_carea' id='block_1_56' title="bbox 1827 1113 3407 1187">
    <p class='ocr_par' dir='ltr' id='par_1_56' title="bbox 1827 1113 3407 1187">
     <span class='ocr_line' id='line_1_56' title="bbox 1827 1113 3407 1187; baseline -0.006 -16"><span class='ocrx_word' id='word_1_399' title='bbox 1827 1116 2223 1187; x_wconf 84' lang='lat' dir='ltr'><strong>impertientes,</strong></span> <span class='ocrx_word' id='word_1_400' title='bbox 2269 1123 2538 1186; x_wconf 65' lang='lat' dir='ltr'><strong>aegrotant</strong></span> <span class='ocrx_word' id='word_1_401' title='bbox 2585 1115 2798 1178; x_wconf 89' lang='lat' dir='ltr'><strong>simul,</strong></span> <span class='ocrx_word' id='word_1_402' title='bbox 2830 1113 3106 1182; x_wconf 78' lang='lat' dir='ltr'><strong>simulque</strong></span> <span class='ocrx_word' id='word_1_403' title='bbox 3160 1118 3407 1180; x_wconf 90' lang='lat' dir='ltr'><strong>pereunt.</strong></span> 
     </span>
    </p>
   </div>
   <div class='ocr_carea' id='block_1_57' title="bbox 1829 1201 3410 1278">
    <p class='ocr_par' dir='ltr' id='par_1_57' title="bbox 1829 1201 3410 1278">
     <span class='ocr_line' id='line_1_57' title="bbox 1829 1201 3410 1278; baseline -0.003 -18"><span class='ocrx_word' id='word_1_404' title='bbox 1829 1206 1963 1260; x_wconf 82' lang='lat' dir='ltr'><strong>Nam</strong></span> <span class='ocrx_word' id='word_1_405' title='bbox 1998 1223 2176 1278; x_wconf 89' lang='lat' dir='ltr'><strong>neque</strong></span> <span class='ocrx_word' id='word_1_406' title='bbox 2235 1208 2377 1277; x_wconf 81' lang='lat' dir='ltr'><strong>ignis</strong></span> <span class='ocrx_word' id='word_1_407' title='bbox 2403 1249 2419 1274; x_wconf 91' lang='lat'><strong>,</strong></span> <span class='ocrx_word' id='word_1_408' title='bbox 2455 1207 2742 1262; x_wconf 88' lang='lat' dir='ltr'><strong>materiam</strong></span> <span class='ocrx_word' id='word_1_409' title='bbox 2774 1203 3139 1273; x_wconf 64' lang='lat' dir='ltr'><strong>suscipienda:</strong></span> <span class='ocrx_word' id='word_1_410' title='bbox 3181 1201 3410 1255; x_wconf 63' lang='lat' dir='ltr'><strong>ﬂammae</strong></span> 
     </span>
    </p>
   </div>
   <div class='ocr_carea' id='block_1_58' title="bbox 1828 1293 3410 1367">
    <p class='ocr_par' dir='ltr' id='par_1_58' title="bbox 1828 1293 3410 1367">
     <span class='ocr_line' id='line_1_58' title="bbox 1828 1293 3410 1367; baseline -0.006 -13"><span class='ocrx_word' id='word_1_411' title='bbox 1828 1301 2078 1354; x_wconf 82' lang='lat' dir='ltr'><strong>idoneam</strong></span> <span class='ocrx_word' id='word_1_412' title='bbox 2131 1309 2366 1363; x_wconf 88' lang='lat' dir='ltr'><strong>nactus,</strong></span> <span class='ocrx_word' id='word_1_413' title='bbox 2425 1298 2668 1352; x_wconf 84' lang='lat' dir='ltr'><strong>cohiberi</strong></span> <span class='ocrx_word' id='word_1_414' title='bbox 2698 1305 2908 1367; x_wconf 85' lang='lat' dir='ltr'><strong>potest.</strong></span> <span class='ocrx_word' id='word_1_415' title='bbox 2957 1293 3250 1365; x_wconf 87' lang='lat' dir='ltr'><strong>quominus</strong></span> <span class='ocrx_word' id='word_1_416' title='bbox 3285 1293 3410 1348; x_wconf 84' lang='lat' dir='ltr'><strong>uni-</strong></span> 
     </span>
    </p>
   </div>
   <div class='ocr_carea' id='block_1_59' title="bbox 1827 1389 3414 1462">
    <p class='ocr_par' dir='ltr' id='par_1_59' title="bbox 1827 1389 3414 1462">
     <span class='ocr_line' id='line_1_59' title="bbox 1827 1389 3414 1462; baseline -0.003 -15"><span class='ocrx_word' id='word_1_417' title='bbox 1827 1407 2042 1447; x_wconf 83' lang='lat' dir='ltr'><strong>versam</strong></span> <span class='ocrx_word' id='word_1_418' title='bbox 2084 1390 2388 1462; x_wconf 84' lang='lat' dir='ltr'><strong>pervadat,</strong></span> <span class='ocrx_word' id='word_1_419' title='bbox 2441 1391 2718 1452; x_wconf 84' lang='lat' dir='ltr'><strong>maxime.</strong></span> <span class='ocrx_word' id='word_1_420' title='bbox 2769 1390 2814 1445; x_wconf 88' lang='lat' dir='ltr'><strong>si</strong></span> <span class='ocrx_word' id='word_1_421' title='bbox 2870 1389 3164 1444; x_wconf 74' lang='lat' dir='ltr'><strong>vehemens</strong></span> <span class='ocrx_word' id='word_1_422' title='bbox 3213 1395 3414 1442; x_wconf 86' lang='lat' dir='ltr'><strong>ventus</strong></span> 
     </span>
    </p>
   </div>
   <div class='ocr_carea' id='block_1_60' title="bbox 1827 1483 3411 1554">
    <p class='ocr_par' dir='ltr' id='par_1_60' title="bbox 1827 1483 3411 1554">
     <span class='ocr_line' id='line_1_60' title="bbox 1827 1483 3411 1554; baseline -0.004 -16"><span class='ocrx_word' id='word_1_423' title='bbox 1827 1484 2100 1538; x_wconf 85' lang='lat' dir='ltr'><strong>ﬂammam</strong></span> <span class='ocrx_word' id='word_1_424' title='bbox 2152 1485 2412 1554; x_wconf 69' lang='lat' dir='ltr'><strong>pervellat</strong></span> <span class='ocrx_word' id='word_1_425' title='bbox 2457 1501 2471 1536; x_wconf 88' lang='lat'><strong>:</strong></span> <span class='ocrx_word' id='word_1_426' title='bbox 2534 1497 2714 1550; x_wconf 87' lang='lat' dir='ltr'><strong>neque</strong></span> <span class='ocrx_word' id='word_1_427' title='bbox 2763 1483 2878 1536; x_wconf 85' lang='lat' dir='ltr'><strong>lieti</strong></span> <span class='ocrx_word' id='word_1_428' title='bbox 2938 1489 3156 1552; x_wconf 87' lang='lat' dir='ltr'><strong>potest,</strong></span> <span class='ocrx_word' id='word_1_429' title='bbox 3187 1487 3244 1533; x_wconf 92' lang='lat' dir='ltr'><strong>ut</strong></span> <span class='ocrx_word' id='word_1_430' title='bbox 3283 1494 3411 1550; x_wconf 85' lang='lat' dir='ltr'><strong>pec-</strong></span> 
     </span>
    </p>
   </div>
   <div class='ocr_carea' id='block_1_61' title="bbox 1827 1572 3412 1646">
    <p class='ocr_par' dir='ltr' id='par_1_61' title="bbox 1827 1572 3412 1646">
     <span class='ocr_line' id='line_1_61' title="bbox 1827 1572 3412 1646; baseline -0.004 -16"><span class='ocrx_word' id='word_1_431' title='bbox 1827 1585 2059 1640; x_wconf 87' lang='lat' dir='ltr'><strong>catum,</strong></span> <span class='ocrx_word' id='word_1_432' title='bbox 2110 1575 2258 1646; x_wconf 89' lang='lat' dir='ltr'><strong>quod</strong></span> <span class='ocrx_word' id='word_1_433' title='bbox 2317 1590 2488 1630; x_wconf 88' lang='lat' dir='ltr'><strong>unum</strong></span> <span class='ocrx_word' id='word_1_434' title='bbox 2547 1576 2785 1644; x_wconf 79' lang='lat' dir='ltr'><strong>aliquem</strong></span> <span class='ocrx_word' id='word_1_435' title='bbox 2843 1575 3122 1644; x_wconf 81' lang='lat' dir='ltr'><strong>attigerit,</strong></span> <span class='ocrx_word' id='word_1_436' title='bbox 3175 1572 3242 1628; x_wconf 87' lang='lat' dir='ltr'><strong>ad</strong></span> <span class='ocrx_word' id='word_1_437' title='bbox 3293 1588 3412 1626; x_wconf 88' lang='lat' dir='ltr'><strong>om-</strong></span> 
     </span>
    </p>
   </div>
   <div class='ocr_carea' id='block_1_62' title="bbox 1830 1665 3414 1738">
    <p class='ocr_par' dir='ltr' id='par_1_62' title="bbox 1830 1665 3414 1738">
     <span class='ocr_line' id='line_1_62' title="bbox 1830 1665 3414 1738; baseline -0.004 -15"><span class='ocrx_word' id='word_1_438' title='bbox 1830 1685 1928 1723; x_wconf 89' lang='lat' dir='ltr'><strong>nes</strong></span> <span class='ocrx_word' id='word_1_439' title='bbox 1961 1669 2170 1723; x_wconf 87' lang='lat' dir='ltr'><strong>vicinos</strong></span> <span class='ocrx_word' id='word_1_440' title='bbox 2205 1683 2314 1722; x_wconf 90' lang='lat' dir='ltr'><strong>non</strong></span> <span class='ocrx_word' id='word_1_441' title='bbox 2347 1675 2634 1734; x_wconf 88' lang='lat' dir='ltr'><strong>transeat,</strong></span> <span class='ocrx_word' id='word_1_442' title='bbox 2689 1668 2737 1722; x_wconf 92' lang='lat' dir='ltr'><strong>si</strong></span> <span class='ocrx_word' id='word_1_443' title='bbox 2768 1666 3027 1738; x_wconf 58' lang='lat' dir='ltr'><strong>nequitiae</strong></span> <span class='ocrx_word' id='word_1_444' title='bbox 3068 1665 3297 1734; x_wconf 86' lang='lat' dir='ltr'><strong>spiritus</strong></span> <span class='ocrx_word' id='word_1_445' title='bbox 3344 1665 3414 1718; x_wconf 74' lang='lat' dir='ltr'><strong>il-</strong></span> 
     </span>
    </p>
   </div>
   <div class='ocr_carea' id='block_1_63' title="bbox 1830 1761 2272 1815">
    <p class='ocr_par' dir='ltr' id='par_1_63' title="bbox 1830 1761 2272 1815">
     <span class='ocr_line' id='line_1_63' title="bbox 1830 1761 2272 1815; baseline 0.002 -1"><span class='ocrx_word' id='word_1_446' title='bbox 1830 1761 1923 1815; x_wconf 92' lang='lat' dir='ltr'><strong>lud</strong></span> <span class='ocrx_word' id='word_1_447' title='bbox 1947 1761 2272 1815; x_wconf 83' lang='lat' dir='ltr'><strong>accendant.</strong></span> 
     </span>
    </p>
   </div>
   <div class='ocr_carea' id='block_1_64' title="bbox 1900 1849 3411 1924">
    <p class='ocr_par' dir='ltr' id='par_1_64' title="bbox 1900 1849 3411 1924">
     <span class='ocr_line' id='line_1_64' title="bbox 1900 1849 3411 1924; baseline -0.002 -19"><span class='ocrx_word' id='word_1_448' title='bbox 1900 1852 1953 1906; x_wconf 89' lang='lat'><strong>9.</strong></span> <span class='ocrx_word' id='word_1_449' title='bbox 2003 1851 2080 1922; x_wconf 69' lang='lat'><strong>(5)</strong></span> <span class='ocrx_word' id='word_1_450' title='bbox 2119 1849 2332 1904; x_wconf 88' lang='lat' dir='ltr'><strong>Etenim</strong></span> <span class='ocrx_word' id='word_1_451' title='bbox 2395 1863 2673 1924; x_wconf 59' lang='lat' dir='ltr'><strong>corporea</strong></span> <span class='ocrx_word' id='word_1_452' title='bbox 2738 1849 2988 1904; x_wconf 87' lang='lat' dir='ltr'><strong>actiones</strong></span> <span class='ocrx_word' id='word_1_453' title='bbox 3043 1857 3098 1903; x_wconf 90' lang='lat' dir='ltr'><strong>et</strong></span> <span class='ocrx_word' id='word_1_454' title='bbox 3167 1855 3411 1916; x_wconf 87' lang='lat' dir='ltr'><strong>tempore</strong></span> 
     </span>
    </p>
   </div>
   <div class='ocr_carea' id='block_1_65' title="bbox 1829 1939 3413 2010">
    <p class='ocr_par' dir='ltr' id='par_1_65' title="bbox 1829 1939 3413 2010">
     <span class='ocr_line' id='line_1_65' title="bbox 1829 1939 3413 2010; baseline -0.001 -16"><span class='ocrx_word' id='word_1_455' title='bbox 1829 1941 2074 2008; x_wconf 73' lang='lat' dir='ltr'><strong>indigent</strong></span> <span class='ocrx_word' id='word_1_456' title='bbox 2105 1981 2119 2004; x_wconf 94' lang='lat'><strong>,</strong></span> <span class='ocrx_word' id='word_1_457' title='bbox 2159 1949 2212 1994; x_wconf 90' lang='lat' dir='ltr'><strong>et</strong></span> <span class='ocrx_word' id='word_1_458' title='bbox 2240 1944 2683 2010; x_wconf 77' lang='lat' dir='ltr'><strong>Opportunitate,</strong></span> <span class='ocrx_word' id='word_1_459' title='bbox 2711 1951 2766 1994; x_wconf 90' lang='lat' dir='ltr'><strong>et</strong></span> <span class='ocrx_word' id='word_1_460' title='bbox 2798 1941 3019 2002; x_wconf 88' lang='lat' dir='ltr'><strong>labore,</strong></span> <span class='ocrx_word' id='word_1_461' title='bbox 3051 1948 3106 1994; x_wconf 92' lang='lat' dir='ltr'><strong>et</strong></span> <span class='ocrx_word' id='word_1_462' title='bbox 3143 1939 3413 2008; x_wconf 69' lang='lat' dir='ltr'><strong>adiutori-</strong></span> 
     </span>
    </p>
   </div>
   <div class='ocr_carea' id='block_1_66' title="bbox 1828 2029 3412 2102">
    <p class='ocr_par' dir='ltr' id='par_1_66' title="bbox 1828 2029 3412 2102">
     <span class='ocr_line' id='line_1_66' title="bbox 1828 2029 3412 2102; baseline 0.003 -18"><span class='ocrx_word' id='word_1_463' title='bbox 1828 2029 1954 2093; x_wconf 85' lang='lat' dir='ltr'><strong>bus,</strong></span> <span class='ocrx_word' id='word_1_464' title='bbox 1989 2031 2226 2100; x_wconf 89' lang='lat' dir='ltr'><strong>denique</strong></span> <span class='ocrx_word' id='word_1_465' title='bbox 2276 2032 2491 2102; x_wconf 85' lang='lat' dir='ltr'><strong>reliquo</strong></span> <span class='ocrx_word' id='word_1_466' title='bbox 2530 2040 2861 2086; x_wconf 88' lang='lat' dir='ltr'><strong>commeatu.</strong></span> <span class='ocrx_word' id='word_1_467' title='bbox 2917 2033 2959 2086; x_wconf 82' lang='grc' dir='ltr'><strong>Ε</strong></span> <span class='ocrx_word' id='word_1_468' title='bbox 3016 2033 3260 2096; x_wconf 88' lang='lat' dir='ltr'><strong>diverso,</strong></span> <span class='ocrx_word' id='word_1_469' title='bbox 3315 2047 3412 2088; x_wconf 86' lang='lat' dir='ltr'><strong>co-</strong></span> 
     </span>
    </p>
   </div>
   <div class='ocr_carea' id='block_1_67' title="bbox 1829 2123 3409 2194">
    <p class='ocr_par' dir='ltr' id='par_1_67' title="bbox 1829 2123 3409 2194">
     <span class='ocr_line' id='line_1_67' title="bbox 1829 2123 3409 2194; baseline 0 -18"><span class='ocrx_word' id='word_1_470' title='bbox 1829 2124 2108 2194; x_wconf 83' lang='lat' dir='ltr'><strong>gitationis</strong></span> <span class='ocrx_word' id='word_1_471' title='bbox 2180 2131 2366 2178; x_wconf 89' lang='lat' dir='ltr'><strong>motus</strong></span> <span class='ocrx_word' id='word_1_472' title='bbox 2425 2123 2566 2176; x_wconf 87' lang='lat' dir='ltr'><strong>citra</strong></span> <span class='ocrx_word' id='word_1_473' title='bbox 2624 2124 2890 2192; x_wconf 90' lang='lat' dir='ltr'><strong>temporis</strong></span> <span class='ocrx_word' id='word_1_474' title='bbox 2961 2137 3170 2177; x_wconf 87' lang='lat' dir='ltr'><strong>moram</strong></span> <span class='ocrx_word' id='word_1_475' title='bbox 3230 2123 3409 2189; x_wconf 79' lang='lat' dir='ltr'><strong>ﬁunt,</strong></span> 
     </span>
    </p>
   </div>
   <div class='ocr_carea' id='block_1_68' title="bbox 1828 2213 3409 2284">
    <p class='ocr_par' dir='ltr' id='par_1_68' title="bbox 1828 2213 3409 2284">
     <span class='ocr_line' id='line_1_68' title="bbox 1828 2213 3409 2284; baseline -0.001 -14"><span class='ocrx_word' id='word_1_476' title='bbox 1828 2215 2190 2284; x_wconf 80' lang='lat' dir='ltr'><strong>perﬁciuntur</strong></span> <span class='ocrx_word' id='word_1_477' title='bbox 2251 2215 2392 2268; x_wconf 88' lang='lat' dir='ltr'><strong>citra</strong></span> <span class='ocrx_word' id='word_1_478' title='bbox 2451 2213 2870 2278; x_wconf 86' lang='lat' dir='ltr'><strong>lassitudinem,</strong></span> <span class='ocrx_word' id='word_1_479' title='bbox 2935 2215 3074 2267; x_wconf 87' lang='lat' dir='ltr'><strong>citra</strong></span> <span class='ocrx_word' id='word_1_480' title='bbox 3130 2215 3409 2284; x_wconf 76' lang='lat' dir='ltr'><strong>negotium</strong></span> 
     </span>
    </p>
   </div>
   <div class='ocr_carea' id='block_1_69' title="bbox 1831 2305 3409 2376">
    <p class='ocr_par' dir='ltr' id='par_1_69' title="bbox 1831 2305 3409 2376">
     <span class='ocr_line' id='line_1_69' title="bbox 1831 2305 3409 2376; baseline 0.003 -17"><span class='ocrx_word' id='word_1_481' title='bbox 1831 2306 1998 2359; x_wconf 85' lang='lat' dir='ltr'><strong>ullum</strong></span> <span class='ocrx_word' id='word_1_482' title='bbox 2031 2305 2363 2370; x_wconf 88' lang='lat' dir='ltr'><strong>consistunt,</strong></span> <span class='ocrx_word' id='word_1_483' title='bbox 2409 2305 2663 2360; x_wconf 91' lang='lat' dir='ltr'><strong>idoneum</strong></span> <span class='ocrx_word' id='word_1_484' title='bbox 2696 2305 2830 2375; x_wconf 84' lang='lat' dir='ltr'><strong>ipsis</strong></span> <span class='ocrx_word' id='word_1_485' title='bbox 2863 2313 2947 2359; x_wconf 83' lang='lat' dir='ltr'><strong>est</strong></span> <span class='ocrx_word' id='word_1_486' title='bbox 2984 2313 3204 2376; x_wconf 84' lang='lat' dir='ltr'><strong>tempus</strong></span> <span class='ocrx_word' id='word_1_487' title='bbox 3229 2321 3409 2364; x_wconf 86' lang='lat' dir='ltr'><strong>omne.</strong></span> 
     </span>
    </p>
   </div>
   <div class='ocr_carea' id='block_1_70' title="bbox 1829 2390 3412 2468">
    <p class='ocr_par' dir='ltr' id='par_1_70' title="bbox 1829 2390 3412 2468">
     <span class='ocr_line' id='line_1_70' title="bbox 1829 2390 3412 2468; baseline 0.005 -24"><span class='ocrx_word' id='word_1_488' title='bbox 1829 2390 1896 2445; x_wconf 85' lang='lat' dir='ltr'><strong>Et</strong></span> <span class='ocrx_word' id='word_1_489' title='bbox 1974 2407 2108 2447; x_wconf 86' lang='lat' dir='ltr'><strong>sane</strong></span> <span class='ocrx_word' id='word_1_490' title='bbox 2174 2408 2570 2463; x_wconf 88' lang='lat' dir='ltr'><strong>nonnunquam</strong></span> <span class='ocrx_word' id='word_1_491' title='bbox 2651 2395 2932 2449; x_wconf 84' lang='lat' dir='ltr'><strong>invenitur</strong></span> <span class='ocrx_word' id='word_1_492' title='bbox 3001 2398 3092 2464; x_wconf 90' lang='lat' dir='ltr'><strong>qui</strong></span> <span class='ocrx_word' id='word_1_493' title='bbox 3147 2411 3412 2468; x_wconf 77' lang='lat' dir='ltr'><strong>arrogans</strong></span> 
     </span>
    </p>
   </div>
   <div class='ocr_carea' id='block_1_71' title="bbox 1829 2485 3414 2558">
    <p class='ocr_par' dir='ltr' id='par_1_71' title="bbox 1829 2485 3414 2558">
     <span class='ocr_line' id='line_1_71' title="bbox 1829 2485 3414 2558; baseline 0.003 -18"><span class='ocrx_word' id='word_1_494' title='bbox 1829 2485 1925 2548; x_wconf 88' lang='lat' dir='ltr'><strong>sit,</strong></span> <span class='ocrx_word' id='word_1_495' title='bbox 1960 2485 2351 2554; x_wconf 87' lang='lat' dir='ltr'><strong>superbialqne</strong></span> <span class='ocrx_word' id='word_1_496' title='bbox 2384 2485 2452 2539; x_wconf 89' lang='lat' dir='ltr'><strong>de</strong></span> <span class='ocrx_word' id='word_1_497' title='bbox 2480 2486 2751 2554; x_wconf 74' lang='lat' dir='ltr'><strong>gravitate</strong></span> <span class='ocrx_word' id='word_1_498' title='bbox 2779 2497 2835 2540; x_wconf 90' lang='lat' dir='ltr'><strong>et</strong></span> <span class='ocrx_word' id='word_1_499' title='bbox 2877 2488 3136 2542; x_wconf 83' lang='lat' dir='ltr'><strong>castitate</strong></span> <span class='ocrx_word' id='word_1_500' title='bbox 3162 2527 3178 2551; x_wconf 89' lang='lat'><strong>,</strong></span> <span class='ocrx_word' id='word_1_501' title='bbox 3205 2490 3414 2558; x_wconf 89' lang='lat' dir='ltr'><strong>quique</strong></span> 
     </span>
    </p>
   </div>
   <div class='ocr_carea' id='block_1_72' title="bbox 1828 2577 3410 2648">
    <p class='ocr_par' dir='ltr' id='par_1_72' title="bbox 1828 2577 3410 2648">
     <span class='ocr_line' id='line_1_72' title="bbox 1828 2577 3410 2648; baseline 0.002 -16"><span class='ocrx_word' id='word_1_502' title='bbox 1828 2577 2175 2632; x_wconf 79' lang='lat' dir='ltr'><strong>extrinsecus</strong></span> <span class='ocrx_word' id='word_1_503' title='bbox 2229 2594 2341 2648; x_wconf 72' lang='lat' dir='ltr'><strong>prae</strong></span> <span class='ocrx_word' id='word_1_504' title='bbox 2397 2595 2456 2634; x_wconf 87' lang='lat' dir='ltr'><strong>se</strong></span> <span class='ocrx_word' id='word_1_505' title='bbox 2504 2577 2686 2634; x_wconf 81' lang='lat' dir='ltr'><strong>ferens</strong></span> <span class='ocrx_word' id='word_1_506' title='bbox 2743 2581 3116 2648; x_wconf 68' lang='lat' dir='ltr'><strong>temperantiae</strong></span> <span class='ocrx_word' id='word_1_507' title='bbox 3161 2581 3410 2646; x_wconf 86' lang='lat' dir='ltr'><strong>larvam,</strong></span> 
     </span>
    </p>
   </div>
   <div class='ocr_carea' id='block_1_73' title="bbox 1831 2669 3410 2741">
    <p class='ocr_par' dir='ltr' id='par_1_73' title="bbox 1831 2669 3410 2741">
     <span class='ocr_line' id='line_1_73' title="bbox 1831 2669 3410 2741; baseline 0.004 -21"><span class='ocrx_word' id='word_1_508' title='bbox 1831 2684 1895 2722; x_wconf 89' lang='lat' dir='ltr'><strong>ac</strong></span> <span class='ocrx_word' id='word_1_509' title='bbox 1948 2669 2268 2738; x_wconf 89' lang='lat' dir='ltr'><strong>plerumque</strong></span> <span class='ocrx_word' id='word_1_510' title='bbox 2334 2670 2476 2724; x_wconf 89' lang='lat' dir='ltr'><strong>inter</strong></span> <span class='ocrx_word' id='word_1_511' title='bbox 2507 2685 2634 2733; x_wconf 89' lang='lat' dir='ltr'><strong>eos,</strong></span> <span class='ocrx_word' id='word_1_512' title='bbox 2677 2671 2769 2740; x_wconf 91' lang='lat' dir='ltr'><strong>qui</strong></span> <span class='ocrx_word' id='word_1_513' title='bbox 2833 2671 3014 2741; x_wconf 89' lang='lat' dir='ltr'><strong>ipsum</strong></span> <span class='ocrx_word' id='word_1_514' title='bbox 3053 2673 3124 2726; x_wconf 93' lang='lat' dir='ltr'><strong>ob</strong></span> <span class='ocrx_word' id='word_1_515' title='bbox 3153 2673 3410 2728; x_wconf 84' lang='lat' dir='ltr'><strong>virtutem</strong></span> 
     </span>
    </p>
   </div>
   <div class='ocr_carea' id='block_1_74' title="bbox 1831 2761 3413 2831">
    <p class='ocr_par' dir='ltr' id='par_1_74' title="bbox 1831 2761 3413 2831">
     <span class='ocr_line' id='line_1_74' title="bbox 1831 2761 3413 2831; baseline 0.004 -17"><span class='ocrx_word' id='word_1_516' title='bbox 1831 2761 2048 2815; x_wconf 85' lang='lat' dir='ltr'><strong>beatum</strong></span> <span class='ocrx_word' id='word_1_517' title='bbox 2102 2763 2402 2831; x_wconf 63' lang='lat' dir='ltr'><strong>praedicant</strong></span> <span class='ocrx_word' id='word_1_518' title='bbox 2437 2803 2452 2826; x_wconf 89' lang='lat'><strong>,</strong></span> <span class='ocrx_word' id='word_1_519' title='bbox 2485 2762 2746 2818; x_wconf 80' lang='lat' dir='ltr'><strong>desidens</strong></span> <span class='ocrx_word' id='word_1_520' title='bbox 2779 2765 3016 2828; x_wconf 85' lang='lat' dir='ltr'><strong>medius,</strong></span> <span class='ocrx_word' id='word_1_521' title='bbox 3061 2780 3186 2820; x_wconf 82' lang='lat' dir='ltr'><strong>mox</strong></span> <span class='ocrx_word' id='word_1_522' title='bbox 3229 2773 3413 2820; x_wconf 83' lang='lat' dir='ltr'><strong>tamen</strong></span> 
     </span>
    </p>
   </div>
   <div class='ocr_carea' id='block_1_75' title="bbox 1831 2851 3416 2926">
    <p class='ocr_par' dir='ltr' id='par_1_75' title="bbox 1831 2851 3416 2926">
     <span class='ocr_line' id='line_1_75' title="bbox 1831 2851 3416 2926; baseline 0.004 -22"><span class='ocrx_word' id='word_1_523' title='bbox 1831 2851 2164 2922; x_wconf 80' lang='lat' dir='ltr'><strong>cogitatione</strong></span> <span class='ocrx_word' id='word_1_524' title='bbox 2211 2868 2308 2921; x_wconf 87' lang='lat' dir='ltr'><strong>per</strong></span> <span class='ocrx_word' id='word_1_525' title='bbox 2360 2853 2643 2907; x_wconf 89' lang='lat' dir='ltr'><strong>occultum</strong></span> <span class='ocrx_word' id='word_1_526' title='bbox 2702 2855 2885 2909; x_wconf 90' lang='lat' dir='ltr'><strong>cordis</strong></span> <span class='ocrx_word' id='word_1_527' title='bbox 2925 2863 3133 2909; x_wconf 89' lang='lat' dir='ltr'><strong>motum</strong></span> <span class='ocrx_word' id='word_1_528' title='bbox 3179 2854 3248 2908; x_wconf 90' lang='lat' dir='ltr'><strong>ad</strong></span> <span class='ocrx_word' id='word_1_529' title='bbox 3289 2870 3416 2926; x_wconf 87' lang='lat' dir='ltr'><strong>pec-</strong></span> 
     </span>
    </p>
   </div>
   <div class='ocr_carea' id='block_1_76' title="bbox 1831 2943 3416 3018">
    <p class='ocr_par' dir='ltr' id='par_1_76' title="bbox 1831 2943 3416 3018">
     <span class='ocr_line' id='line_1_76' title="bbox 1831 2943 3416 3018; baseline 0.004 -22"><span class='ocrx_word' id='word_1_530' title='bbox 1831 2947 1937 2998; x_wconf 87' lang='lat' dir='ltr'><strong>cati</strong></span> <span class='ocrx_word' id='word_1_531' title='bbox 1969 2945 2145 2998; x_wconf 91' lang='lat' dir='ltr'><strong>loeum</strong></span> <span class='ocrx_word' id='word_1_532' title='bbox 2177 2954 2452 2999; x_wconf 86' lang='lat' dir='ltr'><strong>accurrat.</strong></span> <span class='ocrx_word' id='word_1_533' title='bbox 2489 2943 2645 3000; x_wconf 80' lang='lat' dir='ltr'><strong>Videt</strong></span> <span class='ocrx_word' id='word_1_534' title='bbox 2677 2948 2860 3000; x_wconf 88' lang='lat' dir='ltr'><strong>animo</strong></span> <span class='ocrx_word' id='word_1_535' title='bbox 2891 2947 3188 3018; x_wconf 85' lang='lat' dir='ltr'><strong>concupita</strong></span> <span class='ocrx_word' id='word_1_536' title='bbox 3213 2989 3230 3014; x_wconf 94' lang='lat'><strong>,</strong></span> <span class='ocrx_word' id='word_1_537' title='bbox 3271 2963 3416 3002; x_wconf 85' lang='lat' dir='ltr'><strong>com-</strong></span> 
     </span>
    </p>
   </div>
   <div class='ocr_carea' id='block_1_77' title="bbox 1832 3036 3412 3109">
    <p class='ocr_par' dir='ltr' id='par_1_77' title="bbox 1832 3036 3412 3109">
     <span class='ocr_line' id='line_1_77' title="bbox 1832 3036 3412 3109; baseline 0.003 -21"><span class='ocrx_word' id='word_1_538' title='bbox 1832 3036 2144 3092; x_wconf 87' lang='lat' dir='ltr'><strong>miniscitur</strong></span> <span class='ocrx_word' id='word_1_539' title='bbox 2217 3052 2572 3107; x_wconf 83' lang='lat' dir='ltr'><strong>congressum</strong></span> <span class='ocrx_word' id='word_1_540' title='bbox 2660 3041 2970 3109; x_wconf 87' lang='lat' dir='ltr'><strong>quempiam</strong></span> <span class='ocrx_word' id='word_1_541' title='bbox 3057 3040 3412 3106; x_wconf 89' lang='lat' dir='ltr'><strong>indecorum,</strong></span> 
     </span>
    </p>
   </div>
   <div class='ocr_carea' id='block_1_78' title="bbox 1832 3129 3414 3197">
    <p class='ocr_par' dir='ltr' id='par_1_78' title="bbox 1832 3129 3414 3197">
     <span class='ocr_line' id='line_1_78' title="bbox 1832 3129 3414 3197; baseline 0.004 -17"><span class='ocrx_word' id='word_1_542' title='bbox 1832 3143 1896 3181; x_wconf 89' lang='lat' dir='ltr'><strong>ac</strong></span> <span class='ocrx_word' id='word_1_543' title='bbox 1942 3129 2178 3197; x_wconf 88' lang='lat' dir='ltr'><strong>denique</strong></span> <span class='ocrx_word' id='word_1_544' title='bbox 2234 3130 2290 3183; x_wconf 90' lang='lat' dir='ltr'><strong>in</strong></span> <span class='ocrx_word' id='word_1_545' title='bbox 2349 3129 2534 3184; x_wconf 89' lang='lat' dir='ltr'><strong>abdita</strong></span> <span class='ocrx_word' id='word_1_546' title='bbox 2587 3132 2773 3186; x_wconf 86' lang='lat' dir='ltr'><strong>cordis</strong></span> <span class='ocrx_word' id='word_1_547' title='bbox 2823 3131 3071 3197; x_wconf 80' lang='lat' dir='ltr'><strong>oliicina,</strong></span> <span class='ocrx_word' id='word_1_548' title='bbox 3109 3133 3315 3188; x_wconf 86' lang='lat' dir='ltr'><strong>claram</strong></span> <span class='ocrx_word' id='word_1_549' title='bbox 3359 3134 3414 3186; x_wconf 89' lang='lat' dir='ltr'><strong>in</strong></span> 
     </span>
    </p>
   </div>
   <div class='ocr_carea' id='block_1_79' title="bbox 1832 3221 3415 3294">
    <p class='ocr_par' dir='ltr' id='par_1_79' title="bbox 1832 3221 3415 3294">
     <span class='ocr_line' id='line_1_79' title="bbox 1832 3221 3415 3294; baseline 0.003 -20"><span class='ocrx_word' id='word_1_550' title='bbox 1832 3221 2016 3289; x_wconf 82' lang='lat' dir='ltr'><strong>seipso</strong></span> <span class='ocrx_word' id='word_1_551' title='bbox 2058 3223 2352 3290; x_wconf 80' lang='lat' dir='ltr'><strong>voluptatis</strong></span> <span class='ocrx_word' id='word_1_552' title='bbox 2403 3223 2639 3291; x_wconf 80' lang='lat' dir='ltr'><strong>speciem</strong></span> <span class='ocrx_word' id='word_1_553' title='bbox 2691 3224 2994 3294; x_wconf 81' lang='lat' dir='ltr'><strong>depingens</strong></span> <span class='ocrx_word' id='word_1_554' title='bbox 3022 3267 3037 3291; x_wconf 89' lang='lat'><strong>,</strong></span> <span class='ocrx_word' id='word_1_555' title='bbox 3107 3227 3256 3280; x_wconf 90' lang='lat' dir='ltr'><strong>intus</strong></span> <span class='ocrx_word' id='word_1_556' title='bbox 3287 3239 3415 3294; x_wconf 85' lang='lat' dir='ltr'><strong>pec-</strong></span> 
     </span>
    </p>
   </div>
   <div class='ocr_carea' id='block_1_80' title="bbox 1831 3313 3416 3384">
    <p class='ocr_par' dir='ltr' id='par_1_80' title="bbox 1831 3313 3416 3384">
     <span class='ocr_line' id='line_1_80' title="bbox 1831 3313 3416 3384; baseline 0.003 -19"><span class='ocrx_word' id='word_1_557' title='bbox 1831 3323 2012 3365; x_wconf 86' lang='lat' dir='ltr'><strong>catum</strong></span> <span class='ocrx_word' id='word_1_558' title='bbox 2062 3313 2184 3367; x_wconf 88' lang='lat' dir='ltr'><strong>sine</strong></span> <span class='ocrx_word' id='word_1_559' title='bbox 2238 3313 2472 3368; x_wconf 85' lang='lat' dir='ltr'><strong>testibus</strong></span> <span class='ocrx_word' id='word_1_560' title='bbox 2521 3323 2817 3384; x_wconf 87' lang='lat' dir='ltr'><strong>perpetrat.</strong></span> <span class='ocrx_word' id='word_1_561' title='bbox 2868 3315 3088 3372; x_wconf 84' lang='lat' dir='ltr'><strong>Peccati</strong></span> <span class='ocrx_word' id='word_1_562' title='bbox 3117 3320 3264 3373; x_wconf 87' lang='lat' dir='ltr'><strong>enim</strong></span> <span class='ocrx_word' id='word_1_563' title='bbox 3297 3330 3416 3370; x_wconf 82' lang='lat' dir='ltr'><strong>ma-</strong></span> 
     </span>
    </p>
   </div>
   <div class='ocr_carea' id='block_1_81' title="bbox 1831 3403 3410 3476">
    <p class='ocr_par' dir='ltr' id='par_1_81' title="bbox 1831 3403 3410 3476">
     <span class='ocr_line' id='line_1_81' title="bbox 1831 3403 3410 3476; baseline 0.005 -21"><span class='ocrx_word' id='word_1_564' title='bbox 1831 3403 1976 3455; x_wconf 76' lang='lat' dir='ltr'><strong>xima</strong></span> <span class='ocrx_word' id='word_1_565' title='bbox 2035 3419 2164 3472; x_wconf 90' lang='lat' dir='ltr'><strong>pars</strong></span> <span class='ocrx_word' id='word_1_566' title='bbox 2204 3404 2262 3457; x_wconf 90' lang='lat' dir='ltr'><strong>in</strong></span> <span class='ocrx_word' id='word_1_567' title='bbox 2317 3405 2615 3460; x_wconf 81' lang='lat' dir='ltr'><strong>voluntatis</strong></span> <span class='ocrx_word' id='word_1_568' title='bbox 2665 3409 3003 3476; x_wconf 88' lang='lat' dir='ltr'><strong>appetitione</strong></span> <span class='ocrx_word' id='word_1_569' title='bbox 3058 3411 3410 3474; x_wconf 88' lang='lat' dir='ltr'><strong>absolvitur;</strong></span> 
     </span>
    </p>
   </div>
   <div class='ocr_carea' id='block_1_82' title="bbox 1833 3497 3414 3573">
    <p class='ocr_par' dir='ltr' id='par_1_82' title="bbox 1833 3497 3414 3573">
     <span class='ocr_line' id='line_1_82' title="bbox 1833 3497 3414 3573; baseline 0.006 -25"><span class='ocrx_word' id='word_1_570' title='bbox 1833 3504 2118 3564; x_wconf 79' lang='lat' dir='ltr'><strong>propterea</strong></span> <span class='ocrx_word' id='word_1_571' title='bbox 2167 3497 2312 3566; x_wconf 90' lang='lat' dir='ltr'><strong>quod</strong></span> <span class='ocrx_word' id='word_1_572' title='bbox 2363 3501 2615 3570; x_wconf 90' lang='lat' dir='ltr'><strong>corporis</strong></span> <span class='ocrx_word' id='word_1_573' title='bbox 2675 3503 2922 3557; x_wconf 85' lang='lat' dir='ltr'><strong>actiones</strong></span> <span class='ocrx_word' id='word_1_574' title='bbox 2955 3502 3166 3573; x_wconf 64' lang='grc'>³511</span> <span class='ocrx_word' id='word_1_575' title='bbox 3225 3503 3414 3558; x_wconf 84' lang='lat' dir='ltr'><strong>multis</strong></span> 
     </span>
    </p>
   </div>
   <div class='ocr_carea' id='block_1_83' title="bbox 1831 3589 3414 3662">
    <p class='ocr_par' dir='ltr' id='par_1_83' title="bbox 1831 3589 3414 3662">
     <span class='ocr_line' id='line_1_83' title="bbox 1831 3589 3414 3662; baseline 0.005 -22"><span class='ocrx_word' id='word_1_576' title='bbox 1831 3589 2290 3658; x_wconf 86' lang='lat' dir='ltr'><strong>interpellantur:</strong></span> <span class='ocrx_word' id='word_1_577' title='bbox 2325 3593 2419 3660; x_wconf 90' lang='lat' dir='ltr'><strong>qui</strong></span> <span class='ocrx_word' id='word_1_578' title='bbox 2480 3608 2606 3645; x_wconf 78' lang='lat' dir='ltr'><strong>vero</strong></span> <span class='ocrx_word' id='word_1_579' title='bbox 2637 3603 2828 3662; x_wconf 87' lang='lat' dir='ltr'><strong>peccat</strong></span> <span class='ocrx_word' id='word_1_580' title='bbox 2884 3595 3190 3662; x_wconf 68' lang='lat' dir='ltr'><strong>voluntate,</strong></span> <span class='ocrx_word' id='word_1_581' title='bbox 3227 3594 3414 3650; x_wconf 79' lang='lat' dir='ltr'><strong>statim</strong></span> 
     </span>
    </p>
   </div>
   <div class='ocr_carea' id='block_1_84' title="bbox 1831 3680 3413 3756">
    <p class='ocr_par' dir='ltr' id='par_1_84' title="bbox 1831 3680 3413 3756">
     <span class='ocr_line' id='line_1_84' title="bbox 1831 3680 3413 3756; baseline 0.002 -21"><span class='ocrx_word' id='word_1_582' title='bbox 1831 3680 1998 3735; x_wconf 87' lang='lat' dir='ltr'><strong>celeri</strong></span> <span class='ocrx_word' id='word_1_583' title='bbox 2083 3683 2478 3751; x_wconf 77' lang='lat' dir='ltr'><strong>cogitationum</strong></span> <span class='ocrx_word' id='word_1_584' title='bbox 2565 3694 2718 3738; x_wconf 90' lang='lat' dir='ltr'><strong>motu</strong></span> <span class='ocrx_word' id='word_1_585' title='bbox 2795 3696 3080 3755; x_wconf 88' lang='lat' dir='ltr'><strong>peceatum</strong></span> <span class='ocrx_word' id='word_1_586' title='bbox 3155 3684 3413 3756; x_wconf 79' lang='lat' dir='ltr'><strong>explevit.</strong></span> 
     </span>
    </p>
   </div>
   <div class='ocr_carea' id='block_1_85' title="bbox 1833 3771 3414 3848">
    <p class='ocr_par' dir='ltr' id='par_1_85' title="bbox 1833 3771 3414 3848">
     <span class='ocr_line' id='line_1_85' title="bbox 1833 3771 3414 3848; baseline 0.004 -22"><span class='ocrx_word' id='word_1_587' title='bbox 1833 3773 1908 3843; x_wconf 70' lang='grc'><strong>(4)</strong></span> <span class='ocrx_word' id='word_1_588' title='bbox 1957 3771 2022 3826; x_wconf 88' lang='lat' dir='ltr'><strong>Ut</strong></span> <span class='ocrx_word' id='word_1_589' title='bbox 2079 3776 2225 3827; x_wconf 88' lang='lat' dir='ltr'><strong>enim</strong></span> <span class='ocrx_word' id='word_1_590' title='bbox 2288 3775 2485 3829; x_wconf 87' lang='lat' dir='ltr'><strong>umbra</strong></span> <span class='ocrx_word' id='word_1_591' title='bbox 2526 3791 2766 3846; x_wconf 90' lang='lat' dir='ltr'><strong>corpus,</strong></span> <span class='ocrx_word' id='word_1_592' title='bbox 2823 3779 2904 3833; x_wconf 92' lang='lat' dir='ltr'><strong>sic</strong></span> <span class='ocrx_word' id='word_1_593' title='bbox 2945 3785 3170 3848; x_wconf 86' lang='lat' dir='ltr'><strong>peccata</strong></span> <span class='ocrx_word' id='word_1_594' title='bbox 3203 3775 3414 3832; x_wconf 79' lang='lat' dir='ltr'><strong>animas</strong></span> 
     </span>
    </p>
   </div>
   <div class='ocr_carea' id='block_1_86' title="bbox 1831 3866 3414 3938">
    <p class='ocr_par' dir='ltr' id='par_1_86' title="bbox 1831 3866 3414 3938">
     <span class='ocr_line' id='line_1_86' title="bbox 1831 3866 3414 3938; baseline 0.004 -20"><span class='ocrx_word' id='word_1_595' title='bbox 1831 3866 2168 3918; x_wconf 86' lang='lat' dir='ltr'><strong>comitantur</strong></span> <span class='ocrx_word' id='word_1_596' title='bbox 2191 3908 2204 3930; x_wconf 91' lang='lat'><strong>,</strong></span> <span class='ocrx_word' id='word_1_597' title='bbox 2231 3876 2511 3937; x_wconf 76' lang='lat' dir='ltr'><strong>gestorum</strong></span> <span class='ocrx_word' id='word_1_598' title='bbox 2551 3869 2839 3938; x_wconf 78' lang='lat' dir='ltr'><strong>imaginem</strong></span> <span class='ocrx_word' id='word_1_599' title='bbox 2869 3869 3072 3924; x_wconf 87' lang='lat' dir='ltr'><strong>claratn</strong></span> <span class='ocrx_word' id='word_1_600' title='bbox 3103 3869 3414 3938; x_wconf 79' lang='lat' dir='ltr'><strong>exprimen-</strong></span> 
     </span>
    </p>
   </div>
   <div class='ocr_carea' id='block_1_87' title="bbox 1833 3957 3414 4030">
    <p class='ocr_par' dir='ltr' id='par_1_87' title="bbox 1833 3957 3414 4030">
     <span class='ocr_line' id='line_1_87' title="bbox 1833 3957 3414 4030; baseline 0.004 -22"><span class='ocrx_word' id='word_1_601' title='bbox 1833 3957 1925 4009; x_wconf 85' lang='lat' dir='ltr'><strong>Iia.</strong></span> <span class='ocrx_word' id='word_1_602' title='bbox 1983 3957 2058 4025; x_wconf 62' lang='lat' dir='ltr'><strong>t5)</strong></span> <span class='ocrx_word' id='word_1_603' title='bbox 2107 3957 2202 4010; x_wconf 77' lang='lat' dir='ltr'><strong>Est</strong></span> <span class='ocrx_word' id='word_1_604' title='bbox 2234 3960 2379 4012; x_wconf 84' lang='lat' dir='ltr'><strong>enim</strong></span> <span class='ocrx_word' id='word_1_605' title='bbox 2435 3960 2677 4028; x_wconf 75' lang='lat' dir='ltr'><strong>perfecta</strong></span> <span class='ocrx_word' id='word_1_606' title='bbox 2710 3961 2950 4026; x_wconf 86' lang='lat' dir='ltr'><strong>malitia,</strong></span> <span class='ocrx_word' id='word_1_607' title='bbox 3013 3975 3138 4016; x_wconf 89' lang='lat' dir='ltr'><strong>cum</strong></span> <span class='ocrx_word' id='word_1_608' title='bbox 3194 3962 3320 4030; x_wconf 86' lang='lat' dir='ltr'><strong>quis</strong></span> <span class='ocrx_word' id='word_1_609' title='bbox 3357 3969 3414 4018; x_wconf 83' lang='lat' dir='ltr'><strong>et</strong></span> 
     </span>
    </p>
   </div>
   <div class='ocr_carea' id='block_1_88' title="bbox 1831 4049 3414 4124">
    <p class='ocr_par' dir='ltr' id='par_1_88' title="bbox 1831 4049 3414 4124">
     <span class='ocr_line' id='line_1_88' title="bbox 1831 4049 3414 4124; baseline 0.008 -26"><span class='ocrx_word' id='word_1_610' title='bbox 1831 4049 2117 4104; x_wconf 77' lang='lat' dir='ltr'><strong>voluntate</strong></span> <span class='ocrx_word' id='word_1_611' title='bbox 2142 4059 2334 4118; x_wconf 87' lang='lat' dir='ltr'><strong>peccat</strong></span> <span class='ocrx_word' id='word_1_612' title='bbox 2379 4066 2432 4106; x_wconf 86' lang='lat' dir='ltr'><strong>et</strong></span> <span class='ocrx_word' id='word_1_613' title='bbox 2465 4053 2622 4106; x_wconf 76' lang='lat' dir='ltr'><strong>factis</strong></span> <span class='ocrx_word' id='word_1_614' title='bbox 2661 4069 2674 4104; x_wconf 92' lang='lat'><strong>:</strong></span> <span class='ocrx_word' id='word_1_615' title='bbox 2719 4052 2945 4106; x_wconf 87' lang='lat' dir='ltr'><strong>dimidia</strong></span> <span class='ocrx_word' id='word_1_616' title='bbox 2979 4069 3108 4107; x_wconf 83' lang='lat' dir='ltr'><strong>vero</strong></span> <span class='ocrx_word' id='word_1_617' title='bbox 3135 4054 3258 4107; x_wconf 85' lang='lat' dir='ltr'><strong>mali</strong></span> <span class='ocrx_word' id='word_1_618' title='bbox 3287 4069 3414 4124; x_wconf 83' lang='lat' dir='ltr'><strong>pars</strong></span> 
     </span>
    </p>
   </div>
   <div class='ocr_carea' id='block_1_89' title="bbox 1831 4144 3413 4214">
    <p class='ocr_par' dir='ltr' id='par_1_89' title="bbox 1831 4144 3413 4214">
     <span class='ocr_line' id='line_1_89' title="bbox 1831 4144 3413 4214; baseline 0.003 -20"><span class='ocrx_word' id='word_1_619' title='bbox 1831 4149 1950 4203; x_wconf 86' lang='lat' dir='ltr'><strong>est,</strong></span> <span class='ocrx_word' id='word_1_620' title='bbox 1997 4157 2122 4194; x_wconf 83' lang='lat' dir='ltr'><strong>cunt</strong></span> <span class='ocrx_word' id='word_1_621' title='bbox 2186 4153 2466 4210; x_wconf 83' lang='lat' dir='ltr'><strong>peccatum</strong></span> <span class='ocrx_word' id='word_1_622' title='bbox 2528 4145 2583 4198; x_wconf 88' lang='lat' dir='ltr'><strong>in</strong></span> <span class='ocrx_word' id='word_1_623' title='bbox 2647 4144 2819 4198; x_wconf 85' lang='lat' dir='ltr'><strong>animi</strong></span> <span class='ocrx_word' id='word_1_624' title='bbox 2884 4145 3164 4214; x_wconf 88' lang='lat' dir='ltr'><strong>proposito</strong></span> <span class='ocrx_word' id='word_1_625' title='bbox 3210 4155 3413 4200; x_wconf 84' lang='lat' dir='ltr'><strong>manet.</strong></span> 
     </span>
    </p>
   </div>
   <div class='ocr_carea' id='block_1_90' title="bbox 1831 4230 3416 4306">
    <p class='ocr_par' dir='ltr' id='par_1_90' title="bbox 1831 4230 3416 4306">
     <span class='ocr_line' id='line_1_90' title="bbox 1831 4230 3416 4306; baseline 0.004 -22"><span class='ocrx_word' id='word_1_626' title='bbox 1831 4230 2020 4300; x_wconf 84' lang='lat' dir='ltr'><strong>Itaque</strong></span> <span class='ocrx_word' id='word_1_627' title='bbox 2051 4236 2145 4303; x_wconf 88' lang='lat' dir='ltr'><strong>qui</strong></span> <span class='ocrx_word' id='word_1_628' title='bbox 2193 4236 2524 4304; x_wconf 76' lang='lat' dir='ltr'><strong>cogitatione</strong></span> <span class='ocrx_word' id='word_1_629' title='bbox 2548 4244 2755 4306; x_wconf 83' lang='lat' dir='ltr'><strong>peccat,</strong></span> <span class='ocrx_word' id='word_1_630' title='bbox 2800 4251 2906 4290; x_wconf 89' lang='lat' dir='ltr'><strong>non</strong></span> <span class='ocrx_word' id='word_1_631' title='bbox 2938 4237 3163 4292; x_wconf 89' lang='lat' dir='ltr'><strong>omnino</strong></span> <span class='ocrx_word' id='word_1_632' title='bbox 3197 4251 3416 4292; x_wconf 85' lang='lat' dir='ltr'><strong>reman-</strong></span> 
     </span>
    </p>
   </div>
   <div class='ocr_carea' id='block_1_91' title="bbox 1833 4325 3412 4397">
    <p class='ocr_par' dir='ltr' id='par_1_91' title="bbox 1833 4325 3412 4397">
     <span class='ocr_line' id='line_1_91' title="bbox 1833 4325 3412 4397; baseline 0.003 -19"><span class='ocrx_word' id='word_1_633' title='bbox 1833 4338 1998 4378; x_wconf 86' lang='lat' dir='ltr'><strong>surus</strong></span> <span class='ocrx_word' id='word_1_634' title='bbox 2051 4333 2136 4380; x_wconf 85' lang='lat' dir='ltr'><strong>est</strong></span> <span class='ocrx_word' id='word_1_635' title='bbox 2191 4325 2447 4380; x_wconf 82' lang='lat' dir='ltr'><strong>inultus:</strong></span> <span class='ocrx_word' id='word_1_636' title='bbox 2481 4327 2576 4383; x_wconf 83' lang='lat' dir='ltr'><strong>sed</strong></span> <span class='ocrx_word' id='word_1_637' title='bbox 2620 4335 2888 4397; x_wconf 78' lang='lat' dir='ltr'><strong>quantum</strong></span> <span class='ocrx_word' id='word_1_638' title='bbox 2935 4326 3118 4381; x_wconf 70' lang='lat' dir='ltr'><strong>deficit</strong></span> <span class='ocrx_word' id='word_1_639' title='bbox 3165 4342 3197 4382; x_wconf 87' lang='lat' dir='ltr'><strong>a</strong></span> <span class='ocrx_word' id='word_1_640' title='bbox 3248 4328 3412 4393; x_wconf 87' lang='lat' dir='ltr'><strong>malo,</strong></span> 
     </span>
    </p>
   </div>
   <div class='ocr_carea' id='block_1_92' title="bbox 147 4413 1728 4494">
    <p class='ocr_par' dir='ltr' id='par_1_92' title="bbox 147 4417 1728 4494">
     <span class='ocr_line' id='line_1_92' title="bbox 147 4417 1728 4494; baseline -0.005 -16"><span class='ocrx_word' id='word_1_641' title='bbox 147 4427 394 4494; x_wconf 74' lang='grc' dir='ltr'>φότητα,</span> <span class='ocrx_word' id='word_1_642' title='bbox 425 4418 544 4475; x_wconf 76' lang='grc' dir='ltr'>εἶτα</span> <span class='ocrx_word' id='word_1_643' title='bbox 572 4421 669 4492; x_wconf 81' lang='grc' dir='ltr'><strong>τὴν</strong></span> <span class='ocrx_word' id='word_1_644' title='bbox 699 4418 986 4490; x_wconf 83' lang='grc' dir='ltr'>ὁμολογίαν</span> <span class='ocrx_word' id='word_1_645' title='bbox 1033 4417 1377 4486; x_wconf 79' lang='grc' dir='ltr'>ἁθετήσαντα</span> <span class='ocrx_word' id='word_1_646' title='bbox 1402 4457 1415 4482; x_wconf 92' lang='grc'><strong>,</strong></span> <span class='ocrx_word' id='word_1_647' title='bbox 1435 4417 1590 4494; x_wconf 75' lang='grc' dir='ltr'>οὕτω</span> <span class='ocrx_word' id='word_1_648' title='bbox 1622 4419 1728 4491; x_wconf 82' lang='grc' dir='ltr'>χρὴ</span> 
     </span>
    </p>
   </div>
   <div class='ocr_carea' id='block_1_93' title="bbox 1832 4413 3414 4494">
    <p class='ocr_par' dir='ltr' id='par_1_93' title="bbox 1834 4418 3414 4491">
     <span class='ocr_line' id='line_1_93' title="bbox 1834 4418 3414 4491; baseline 0.004 -23"><span class='ocrx_word' id='word_1_649' title='bbox 1834 4423 2046 4470; x_wconf 90' lang='lat' dir='ltr'><strong>tantum</strong></span> <span class='ocrx_word' id='word_1_650' title='bbox 2098 4418 2146 4472; x_wconf 90' lang='lat' dir='ltr'><strong>ei</strong></span> <span class='ocrx_word' id='word_1_651' title='bbox 2175 4433 2458 4487; x_wconf 75' lang='lat' dir='ltr'><strong>paznaruin</strong></span> <span class='ocrx_word' id='word_1_652' title='bbox 2497 4421 2830 4477; x_wconf 89' lang='lat' dir='ltr'><strong>remittetur.</strong></span> <span class='ocrx_word' id='word_1_653' title='bbox 2871 4420 2951 4491; x_wconf 83' lang='lat'><strong>(6)</strong></span> <span class='ocrx_word' id='word_1_654' title='bbox 2989 4421 3192 4490; x_wconf 77' lang='lat' dir='ltr'><strong>Utique</strong></span> <span class='ocrx_word' id='word_1_655' title='bbox 3217 4420 3414 4474; x_wconf 81' lang='lat' dir='ltr'><strong>horum</strong></span> 
     </span>
    </p>
   </div>
   <div class='ocr_carea' id='block_1_94' title="bbox 146 4493 1728 4588">
    <p class='ocr_par' dir='ltr' id='par_1_94' title="bbox 146 4493 1728 4588">
     <span class='ocr_line' id='line_1_94' title="bbox 146 4493 1728 4588; baseline -0.004 -18"><span class='ocrx_word' id='word_1_656' title='bbox 146 4515 381 4588; x_wconf 70' lang='grc' dir='ltr'>ὁρᾶσθαι</span> <span class='ocrx_word' id='word_1_657' title='bbox 404 4553 418 4578; x_wconf 92' lang='grc'><strong>,</strong></span> <span class='ocrx_word' id='word_1_658' title='bbox 445 4512 519 4577; x_wconf 82' lang='grc' dir='ltr'>ὡς</span> <span class='ocrx_word' id='word_1_659' title='bbox 548 4513 628 4575; x_wconf 82' lang='grc' dir='ltr'>εἰς</span> <span class='ocrx_word' id='word_1_660' title='bbox 660 4510 792 4563; x_wconf 75' lang='grc' dir='ltr'>Θεὸν</span> <span class='ocrx_word' id='word_1_661' title='bbox 823 4508 1198 4580; x_wconf 80' lang='grc' dir='ltr'>ἐξαμαρτόντα</span> <span class='ocrx_word' id='word_1_662' title='bbox 1221 4549 1234 4570; x_wconf 94' lang='grc'><strong>,</strong></span> <span class='ocrx_word' id='word_1_663' title='bbox 1265 4509 1348 4575; x_wconf 77' lang='grc' dir='ltr'><strong>ἐφ’</strong></span> <span class='ocrx_word' id='word_1_664' title='bbox 1393 4493 1454 4560; x_wconf 73' lang='grc' dir='ltr'>οὗ</span> <span class='ocrx_word' id='word_1_665' title='bbox 1479 4553 1492 4574; x_wconf 85' lang='lat'><strong>,</strong></span> <span class='ocrx_word' id='word_1_666' title='bbox 1525 4511 1616 4562; x_wconf 73' lang='grc' dir='ltr'><strong>καὶ</strong></span> <span class='ocrx_word' id='word_1_667' title='bbox 1651 4513 1728 4576; x_wconf 79' lang='grc' dir='ltr'><strong>εἰς</strong></span> 
     </span>
    </p>
   </div>
   <div class='ocr_carea' id='block_1_95' title="bbox 147 4599 1732 4678">
    <p class='ocr_par' dir='ltr' id='par_1_95' title="bbox 147 4599 1732 4678">
     <span class='ocr_line' id='line_1_95' title="bbox 147 4599 1732 4678; baseline -0.005 -15"><span class='ocrx_word' id='word_1_668' title='bbox 147 4611 208 4663; x_wconf 77' lang='grc' dir='ltr'>ὃν</span> <span class='ocrx_word' id='word_1_669' title='bbox 238 4607 336 4678; x_wconf 79' lang='grc' dir='ltr'>τὴν</span> <span class='ocrx_word' id='word_1_670' title='bbox 374 4605 664 4677; x_wconf 85' lang='grc' dir='ltr'>ὁμολογίαν</span> <span class='ocrx_word' id='word_1_671' title='bbox 707 4602 818 4656; x_wconf 84' lang='grc' dir='ltr'><strong>τῶν</strong></span> <span class='ocrx_word' id='word_1_672' title='bbox 866 4600 1148 4672; x_wconf 82' lang='grc' dir='ltr'>συνθηκῶν</span> <span class='ocrx_word' id='word_1_673' title='bbox 1178 4599 1452 4654; x_wconf 77' lang='grc' dir='ltr'>κατέθετο.</span> <span class='ocrx_word' id='word_1_674' title='bbox 1497 4601 1632 4655; x_wconf 77' lang='grc' dir='ltr'><strong>Ἐὰν</strong></span> <span class='ocrx_word' id='word_1_675' title='bbox 1662 4603 1732 4655; x_wconf 80' lang='grc' dir='ltr'>δὲ</span> 
     </span>
    </p>
   </div>
   <div class='ocr_carea' id='block_1_96' title="bbox 146 4690 1730 4767">
    <p class='ocr_par' dir='ltr' id='par_1_96' title="bbox 146 4690 1730 4767">
     <span class='ocr_line' id='line_1_96' title="bbox 146 4690 1730 4767; baseline -0.016 -13"><span class='ocrx_word' id='word_1_676' title='bbox 146 4704 237 4767; x_wconf 82' lang='grc' dir='ltr'>εις</span> <span class='ocrx_word' id='word_1_677' title='bbox 271 4698 421 4752; x_wconf 75' lang='grc' dir='ltr'><strong>Θεὸν</strong></span> <span class='ocrx_word' id='word_1_678' title='bbox 451 4695 768 4766; x_wconf 80' lang='grc' dir='ltr'>ἁμαρτήσῃ</span> <span class='ocrx_word' id='word_1_679' title='bbox 796 4711 884 4758; x_wconf 81' lang='grc' dir='ltr'><strong>τις</strong></span> <span class='ocrx_word' id='word_1_680' title='bbox 906 4733 920 4756; x_wconf 93' lang='grc'><strong>,</strong></span> <span class='ocrx_word' id='word_1_681' title='bbox 953 4693 1114 4763; x_wconf 68' lang='grc' dir='ltr'>φησι,</span> <span class='ocrx_word' id='word_1_682' title='bbox 1147 4690 1245 4744; x_wconf 80' lang='grc' dir='ltr'>καὶ</span> <span class='ocrx_word' id='word_1_683' title='bbox 1283 4691 1374 4757; x_wconf 81' lang='grc' dir='ltr'>τίς</span> <span class='ocrx_word' id='word_1_684' title='bbox 1405 4692 1730 4758; x_wconf 68' lang='grc' dir='ltr'><strong>προσεύξε-</strong></span> 
     </span>
    </p>
   </div>
   <div class='ocr_carea' id='block_1_97' title="bbox 148 4785 1727 4858">
    <p class='ocr_par' dir='ltr' id='par_1_97' title="bbox 148 4785 1727 4858">
     <span class='ocr_line' id='line_1_97' title="bbox 148 4785 1727 4858; baseline -0.004 -15"><span class='ocrx_word' id='word_1_685' title='bbox 148 4809 242 4844; x_wconf 80' lang='grc' dir='ltr'><strong>ται</strong></span> <span class='ocrx_word' id='word_1_686' title='bbox 279 4789 411 4858; x_wconf 74' lang='grc' dir='ltr'>περὶ</span> <span class='ocrx_word' id='word_1_687' title='bbox 446 4786 674 4849; x_wconf 66' lang='lat' dir='ltr'><strong>(tu-toi);</strong></span> <span class='ocrx_word' id='word_1_688' title='bbox 729 4787 787 4838; x_wconf 86' lang='lat'><strong>&#39;0</strong></span> <span class='ocrx_word' id='word_1_689' title='bbox 831 4785 938 4856; x_wconf 71' lang='grc' dir='ltr'><strong>γὰρ</strong></span> <span class='ocrx_word' id='word_1_690' title='bbox 986 4785 1204 4848; x_wconf 74' lang='grc' dir='ltr'>ἀναθεὶς</span> <span class='ocrx_word' id='word_1_691' title='bbox 1251 4785 1439 4838; x_wconf 68' lang='grc' dir='ltr'>ἑαυτὸν</span> <span class='ocrx_word' id='word_1_692' title='bbox 1471 4785 1550 4855; x_wconf 81' lang='grc' dir='ltr'>τῷ</span> <span class='ocrx_word' id='word_1_693' title='bbox 1589 4785 1727 4855; x_wconf 82' lang='grc' dir='ltr'>Θεῷ,</span> 
     </span>
    </p>
   </div>
   <div class='ocr_carea' id='block_1_98' title="bbox 147 4878 1730 4956">
    <p class='ocr_par' dir='ltr' id='par_1_98' title="bbox 147 4878 1730 4956">
     <span class='ocr_line' id='line_1_98' title="bbox 147 4878 1730 4956; baseline -0.004 -18"><span class='ocrx_word' id='word_1_694' title='bbox 147 4882 270 4938; x_wconf 76' lang='grc' dir='ltr'>εἶτα</span> <span class='ocrx_word' id='word_1_695' title='bbox 309 4885 445 4956; x_wconf 77' lang='grc' dir='ltr'>πρὸς</span> <span class='ocrx_word' id='word_1_696' title='bbox 492 4883 649 4936; x_wconf 77' lang='grc' dir='ltr'>ἄλλον</span> <span class='ocrx_word' id='word_1_697' title='bbox 692 4879 805 4950; x_wconf 84' lang='grc' dir='ltr'>βίον</span> <span class='ocrx_word' id='word_1_698' title='bbox 841 4879 1232 4950; x_wconf 73' lang='grc' dir='ltr'>ἀποπηδήσας,</span> <span class='ocrx_word' id='word_1_699' title='bbox 1271 4878 1546 4949; x_wconf 83' lang='grc' dir='ltr'>ἱερόσυλος</span> <span class='ocrx_word' id='word_1_700' title='bbox 1573 4879 1730 4947; x_wconf 80' lang='grc' dir='ltr'>γέγο-</span> 
     </span>
    </p>
   </div>
   <div class='ocr_carea' id='block_1_99' title="bbox 147 4966 1732 5038">
    <p class='ocr_par' dir='ltr' id='par_1_99' title="bbox 147 4966 1732 5038">
     <span class='ocr_line' id='line_1_99' title="bbox 147 4966 1732 5038; baseline -0.003 -12"><span class='ocrx_word' id='word_1_701' title='bbox 147 4991 282 5035; x_wconf 85' lang='grc' dir='ltr'>νεν,</span> <span class='ocrx_word' id='word_1_702' title='bbox 338 4971 499 5034; x_wconf 77' lang='grc' dir='ltr'>αὐτὸς</span> <span class='ocrx_word' id='word_1_703' title='bbox 561 4970 752 5022; x_wconf 78' lang='grc' dir='ltr'>ἑαυτὸν</span> <span class='ocrx_word' id='word_1_704' title='bbox 796 4967 1122 5036; x_wconf 64' lang='grc' dir='ltr'>διακλέψας,</span> <span class='ocrx_word' id='word_1_705' title='bbox 1173 4966 1269 5020; x_wconf 69' lang='grc' dir='ltr'><strong>καὶ</strong></span> <span class='ocrx_word' id='word_1_706' title='bbox 1310 4967 1641 5038; x_wconf 74' lang='grc' dir='ltr'>ἀφελόμενος</span> <span class='ocrx_word' id='word_1_707' title='bbox 1673 4969 1732 5022; x_wconf 84' lang='grc' dir='ltr'><strong>τὸ</strong></span> 
     </span>
    </p>
   </div>
   <div class='ocr_carea' id='block_1_100' title="bbox 149 5056 1732 5133">
    <p class='ocr_par' dir='ltr' id='par_1_100' title="bbox 149 5056 1732 5133">
     <span class='ocr_line' id='line_1_100' title="bbox 149 5056 1732 5133; baseline -0.004 -14"><span class='ocrx_word' id='word_1_708' title='bbox 149 5065 245 5119; x_wconf 75' lang='grc' dir='ltr'>τοῦ</span> <span class='ocrx_word' id='word_1_709' title='bbox 285 5064 421 5117; x_wconf 74' lang='grc' dir='ltr'>Θεοῦ</span> <span class='ocrx_word' id='word_1_710' title='bbox 447 5063 724 5133; x_wconf 78' lang='grc' dir='ltr'>ἀνάθημα.</span> <span class='ocrx_word' id='word_1_711' title='bbox 761 5056 856 5124; x_wconf 74' lang='grc' dir='ltr'><strong>Οἷς</strong></span> <span class='ocrx_word' id='word_1_712' title='bbox 885 5061 1106 5128; x_wconf 68' lang='grc' dir='ltr'>εὔλογόν</span> <span class='ocrx_word' id='word_1_713' title='bbox 1146 5062 1294 5120; x_wconf 84' lang='grc' dir='ltr'>ἐστι,</span> <span class='ocrx_word' id='word_1_714' title='bbox 1335 5059 1532 5131; x_wconf 78' lang='grc' dir='ltr'>μηκέτι</span> <span class='ocrx_word' id='word_1_715' title='bbox 1561 5060 1732 5132; x_wconf 84' lang='grc' dir='ltr'>θύραν</span> 
     </span>
    </p>
   </div>
   <div class='ocr_carea' id='block_1_101' title="bbox 149 5151 1733 5225">
    <p class='ocr_par' dir='ltr' id='par_1_101' title="bbox 149 5151 1733 5225">
     <span class='ocr_line' id='line_1_101' title="bbox 149 5151 1733 5225; baseline -0.003 -15"><span class='ocrx_word' id='word_1_716' title='bbox 149 5158 258 5210; x_wconf 73' lang='grc' dir='ltr'>τῶν</span> <span class='ocrx_word' id='word_1_717' title='bbox 291 5155 534 5224; x_wconf 60' lang='grc' dir='ltr'>ἀδελφῶν</span> <span class='ocrx_word' id='word_1_718' title='bbox 581 5154 914 5222; x_wconf 85' lang='grc' dir='ltr'>ἀνοίγεσθαι,</span> <span class='ocrx_word' id='word_1_719' title='bbox 953 5151 1086 5222; x_wconf 71' lang='grc' dir='ltr'>μηδὲ</span> <span class='ocrx_word' id='word_1_720' title='bbox 1131 5155 1179 5204; x_wconf 88' lang='grc' dir='ltr'>εἰ</span> <span class='ocrx_word' id='word_1_721' title='bbox 1230 5151 1370 5204; x_wconf 72' lang='grc' dir='ltr'>κατὰ</span> <span class='ocrx_word' id='word_1_722' title='bbox 1403 5151 1562 5224; x_wconf 68' lang='grc' dir='ltr'>ψιλὴν</span> <span class='ocrx_word' id='word_1_723' title='bbox 1596 5155 1733 5225; x_wconf 84' lang='grc' dir='ltr'>πάρ-</span> 
     </span>
    </p>
   </div>
   <div class='ocr_carea' id='block_1_102' title="bbox 278 5306 1200 5376">
    <p class='ocr_par' dir='ltr' id='par_1_102' title="bbox 278 5306 1200 5376">
     <span class='ocr_line' id='line_1_102' title="bbox 278 5306 1200 5376; baseline -0.004 -14"><span class='ocrx_word' id='word_1_724' title='bbox 278 5311 438 5364; x_wconf 65' lang='lat' dir='ltr'><strong>Num.</strong></span> <span class='ocrx_word' id='word_1_725' title='bbox 473 5325 598 5366; x_wconf 70' lang='lat' dir='ltr'><strong>xxv.</strong></span> <span class='ocrx_word' id='word_1_726' title='bbox 633 5311 685 5362; x_wconf 79' lang='grc' dir='ltr'><strong>ϐ.</strong></span> <span class='ocrx_word' id='word_1_727' title='bbox 764 5307 824 5360; x_wconf 74' lang='grc'>⁸1</span> <span class='ocrx_word' id='word_1_728' title='bbox 860 5306 988 5376; x_wconf 75' lang='lat' dir='ltr'><strong>Reg.</strong></span> <span class='ocrx_word' id='word_1_729' title='bbox 1022 5323 1083 5371; x_wconf 90' lang='grc' dir='ltr'><strong>ιι,</strong></span> <span class='ocrx_word' id='word_1_730' title='bbox 1113 5307 1200 5360; x_wconf 73' lang='lat'><strong>‘25.</strong></span> 
     </span>
    </p>
   </div>
   <div class='ocr_carea' id='block_1_103' title="bbox 201 5459 1724 5550">
    <p class='ocr_par' dir='ltr' id='par_1_103' title="bbox 201 5459 1724 5550">
     <span class='ocr_line' id='line_1_103' title="bbox 201 5459 1724 5550; baseline -0.001 -30"><span class='ocrx_word' id='word_1_731' title='bbox 201 5467 304 5550; x_wconf 76' lang='lat' dir='ltr'><strong>_(l)</strong></span> <span class='ocrx_word' id='word_1_732' title='bbox 339 5467 547 5522; x_wconf 73' lang='grc' dir='ltr'>Τόπον.</span> <span class='ocrx_word' id='word_1_733' title='bbox 570 5463 662 5518; x_wconf 68' lang='lat' dir='ltr'><strong>Sic</strong></span> <span class='ocrx_word' id='word_1_734' title='bbox 691 5473 976 5518; x_wconf 83' lang='lat' dir='ltr'><strong>contextus</strong></span> <span class='ocrx_word' id='word_1_735' title='bbox 1000 5467 1051 5514; x_wconf 91' lang='lat' dir='ltr'><strong>et</strong></span> <span class='ocrx_word' id='word_1_736' title='bbox 1083 5467 1308 5530; x_wconf 86' lang='lat' dir='ltr'><strong>uterque</strong></span> <span class='ocrx_word' id='word_1_737' title='bbox 1337 5463 1530 5516; x_wconf 77' lang='lat' dir='ltr'><strong>codex.</strong></span> <span class='ocrx_word' id='word_1_738' title='bbox 1560 5459 1724 5531; x_wconf 80' lang='lat' dir='ltr'><strong>Editi,</strong></span> 
     </span>
    </p>
   </div>
   <div class='ocr_carea' id='block_1_104' title="bbox 153 5555 342 5598">
    <p class='ocr_par' dir='ltr' id='par_1_104' title="bbox 153 5555 342 5598">
     <span class='ocr_line' id='line_1_104' title="bbox 153 5555 342 5598; baseline 0 -8"><span class='ocrx_word' id='word_1_739' title='bbox 153 5555 342 5598; x_wconf 58' lang='grc' dir='ltr'>τρίπον.</span> 
     </span>
    </p>
   </div>
   <div class='ocr_carea' id='block_1_105' title="bbox 229 5600 1032 5673">
    <p class='ocr_par' dir='ltr' id='par_1_105' title="bbox 229 5600 1032 5673">
     <span class='ocr_line' id='line_1_105' title="bbox 229 5600 1032 5673; baseline -0.01 -12"><span class='ocrx_word' id='word_1_740' title='bbox 229 5607 305 5673; x_wconf 77' lang='lat'><strong>(‘2)</strong></span> <span class='ocrx_word' id='word_1_741' title='bbox 335 5607 408 5660; x_wconf 69' lang='lat' dir='ltr'><strong>Et</strong></span> <span class='ocrx_word' id='word_1_742' title='bbox 441 5605 586 5660; x_wconf 91' lang='lat' dir='ltr'><strong>hom.</strong></span> <span class='ocrx_word' id='word_1_743' title='bbox 620 5605 674 5656; x_wconf 82' lang='lat' dir='ltr'><strong>in</strong></span> <span class='ocrx_word' id='word_1_744' title='bbox 707 5603 844 5670; x_wconf 74' lang='lat' dir='ltr'><strong>psal.</strong></span> <span class='ocrx_word' id='word_1_745' title='bbox 883 5618 917 5663; x_wconf 87' lang='lat' dir='ltr'><strong>I,</strong></span> <span class='ocrx_word' id='word_1_746' title='bbox 945 5600 1032 5654; x_wconf 85' lang='lat'><strong>96.</strong></span> 
     </span>
    </p>
   </div>
   <div class='ocr_carea' id='block_1_106' title="bbox 233 5671 1511 5748">
    <p class='ocr_par' dir='ltr' id='par_1_106' title="bbox 233 5671 1511 5748">
     <span class='ocr_line' id='line_1_106' title="bbox 233 5671 1511 5748; baseline -0.002 -17"><span class='ocrx_word' id='word_1_747' title='bbox 233 5671 311 5748; x_wconf 75' lang='lat'><strong>(3)</strong></span> <span class='ocrx_word' id='word_1_748' title='bbox 337 5677 416 5732; x_wconf 84' lang='lat' dir='ltr'><strong>Ex</strong></span> <span class='ocrx_word' id='word_1_749' title='bbox 446 5677 598 5734; x_wconf 91' lang='lat' dir='ltr'><strong>hom.</strong></span> <span class='ocrx_word' id='word_1_750' title='bbox 625 5677 678 5730; x_wconf 83' lang='lat' dir='ltr'><strong>in</strong></span> <span class='ocrx_word' id='word_1_751' title='bbox 708 5674 862 5739; x_wconf 82' lang='lat' dir='ltr'><strong>illud,</strong></span> <span class='ocrx_word' id='word_1_752' title='bbox 898 5671 1121 5726; x_wconf 78' lang='lat' dir='ltr'><strong>Attende</strong></span> <span class='ocrx_word' id='word_1_753' title='bbox 1143 5671 1237 5726; x_wconf 76' lang='lat' dir='ltr'><strong>tibi</strong></span> <span class='ocrx_word' id='word_1_754' title='bbox 1278 5673 1394 5740; x_wconf 73' lang='lat' dir='ltr'><strong>ipsi,</strong></span> <span class='ocrx_word' id='word_1_755' title='bbox 1427 5672 1511 5728; x_wconf 80' lang='grc'><strong>17.</strong></span> 
     </span>
    </p>
   </div>
   <div class='ocr_carea' id='block_1_107' title="bbox 1838 4511 3412 4582">
    <p class='ocr_par' dir='ltr' id='par_1_107' title="bbox 1838 4511 3412 4582">
     <span class='ocr_line' id='line_1_107' title="bbox 1838 4511 3412 4582; baseline 0.001 -19"><span class='ocrx_word' id='word_1_756' title='bbox 1838 4515 2250 4582; x_wconf 72' lang='lat' dir='ltr'><strong>unusquisque,</strong></span> <span class='ocrx_word' id='word_1_757' title='bbox 2315 4512 2410 4582; x_wconf 92' lang='lat' dir='ltr'><strong>qui</strong></span> <span class='ocrx_word' id='word_1_758' title='bbox 2446 4512 2589 4568; x_wconf 90' lang='lat' dir='ltr'><strong>inter</strong></span> <span class='ocrx_word' id='word_1_759' title='bbox 2636 4511 2838 4568; x_wconf 83' lang='lat' dir='ltr'><strong>fratres</strong></span> <span class='ocrx_word' id='word_1_760' title='bbox 2894 4512 3173 4573; x_wconf 83' lang='lat' dir='ltr'><strong>admissus</strong></span> <span class='ocrx_word' id='word_1_761' title='bbox 3201 4511 3368 4567; x_wconf 78' lang='lat' dir='ltr'><strong>fuerit</strong></span> <span class='ocrx_word' id='word_1_762' title='bbox 3396 4551 3412 4576; x_wconf 89' lang='lat'><strong>,</strong></span> 
     </span>
    </p>
   </div>
   <div class='ocr_carea' id='block_1_108' title="bbox 1837 4603 3416 4676">
    <p class='ocr_par' dir='ltr' id='par_1_108' title="bbox 1837 4603 3416 4676">
     <span class='ocr_line' id='line_1_108' title="bbox 1837 4603 3416 4676; baseline 0.003 -19"><span class='ocrx_word' id='word_1_763' title='bbox 1837 4613 2136 4674; x_wconf 84' lang='lat' dir='ltr'><strong>posteaque</strong></span> <span class='ocrx_word' id='word_1_764' title='bbox 2185 4605 2578 4674; x_wconf 76' lang='lat' dir='ltr'><strong>professionem</strong></span> <span class='ocrx_word' id='word_1_765' title='bbox 2637 4621 2790 4662; x_wconf 85' lang='lat' dir='ltr'><strong>suam</strong></span> <span class='ocrx_word' id='word_1_766' title='bbox 2827 4605 3152 4668; x_wconf 88' lang='lat' dir='ltr'><strong>resciderit,</strong></span> <span class='ocrx_word' id='word_1_767' title='bbox 3190 4603 3416 4676; x_wconf 83' lang='lat' dir='ltr'><strong>perinde</strong></span> 
     </span>
    </p>
   </div>
   <div class='ocr_carea' id='block_1_109' title="bbox 1837 4698 3418 4770">
    <p class='ocr_par' dir='ltr' id='par_1_109' title="bbox 1837 4698 3418 4770">
     <span class='ocr_line' id='line_1_109' title="bbox 1837 4698 3418 4770; baseline 0.002 -21"><span class='ocrx_word' id='word_1_768' title='bbox 1837 4698 2010 4766; x_wconf 86' lang='lat' dir='ltr'><strong>aspici</strong></span> <span class='ocrx_word' id='word_1_769' title='bbox 2074 4700 2272 4764; x_wconf 83' lang='lat' dir='ltr'><strong>debet,</strong></span> <span class='ocrx_word' id='word_1_770' title='bbox 2307 4710 2364 4753; x_wconf 89' lang='lat' dir='ltr'><strong>ut</strong></span> <span class='ocrx_word' id='word_1_771' title='bbox 2400 4699 2496 4770; x_wconf 91' lang='lat' dir='ltr'><strong>qui</strong></span> <span class='ocrx_word' id='word_1_772' title='bbox 2549 4701 2604 4754; x_wconf 91' lang='lat' dir='ltr'><strong>in</strong></span> <span class='ocrx_word' id='word_1_773' title='bbox 2640 4699 2808 4754; x_wconf 87' lang='lat' dir='ltr'><strong>Deum</strong></span> <span class='ocrx_word' id='word_1_774' title='bbox 2847 4699 3156 4770; x_wconf 88' lang='lat' dir='ltr'><strong>peccaverit</strong></span> <span class='ocrx_word' id='word_1_775' title='bbox 3180 4739 3196 4764; x_wconf 94' lang='lat'><strong>,</strong></span> <span class='ocrx_word' id='word_1_776' title='bbox 3228 4713 3418 4753; x_wconf 87' lang='lat' dir='ltr'><strong>coram</strong></span> 
     </span>
    </p>
   </div>
   <div class='ocr_carea' id='block_1_110' title="bbox 1837 4789 3415 4860">
    <p class='ocr_par' dir='ltr' id='par_1_110' title="bbox 1837 4789 3415 4860">
     <span class='ocr_line' id='line_1_110' title="bbox 1837 4789 3415 4860; baseline 0.003 -18"><span class='ocrx_word' id='word_1_777' title='bbox 1837 4803 1990 4856; x_wconf 91' lang='lat' dir='ltr'><strong>quo,</strong></span> <span class='ocrx_word' id='word_1_778' title='bbox 2053 4797 2108 4842; x_wconf 86' lang='lat' dir='ltr'><strong>et</strong></span> <span class='ocrx_word' id='word_1_779' title='bbox 2165 4791 2219 4843; x_wconf 91' lang='lat' dir='ltr'><strong>in</strong></span> <span class='ocrx_word' id='word_1_780' title='bbox 2286 4804 2398 4860; x_wconf 88' lang='lat' dir='ltr'><strong>quo</strong></span> <span class='ocrx_word' id='word_1_781' title='bbox 2479 4799 2764 4860; x_wconf 88' lang='lat' dir='ltr'><strong>pactorum</strong></span> <span class='ocrx_word' id='word_1_782' title='bbox 2847 4789 3250 4845; x_wconf 79' lang='lat' dir='ltr'><strong>confessionem</strong></span> <span class='ocrx_word' id='word_1_783' title='bbox 3319 4789 3415 4846; x_wconf 85' lang='lat' dir='ltr'><strong>de-</strong></span> 
     </span>
    </p>
   </div>
   <div class='ocr_carea' id='block_1_111' title="bbox 1840 4879 3415 4951">
    <p class='ocr_par' dir='ltr' id='par_1_111' title="bbox 1840 4879 3415 4951">
     <span class='ocr_line' id='line_1_111' title="bbox 1840 4879 3415 4951; baseline 0.001 -18"><span class='ocrx_word' id='word_1_784' title='bbox 1840 4879 2040 4948; x_wconf 85' lang='lat' dir='ltr'><strong>posuit.</strong></span> <span class='ocrx_word' id='word_1_785' title='bbox 2107 4880 2168 4934; x_wconf 81' lang='lat' dir='ltr'><strong>Si</strong></span> <span class='ocrx_word' id='word_1_786' title='bbox 2215 4897 2371 4946; x_wconf 78' lang='lat' dir='ltr'><strong>vero,</strong></span> <span class='ocrx_word' id='word_1_787' title='bbox 2430 4881 2647 4951; x_wconf 90' lang='lat' dir='ltr'><strong>inquit,</strong></span> <span class='ocrx_word' id='word_1_788' title='bbox 2701 4883 2756 4934; x_wconf 75' lang='lat' dir='ltr'><strong>in</strong></span> <span class='ocrx_word' id='word_1_789' title='bbox 2803 4879 2967 4934; x_wconf 83' lang='lat' dir='ltr'><strong>Deum</strong></span> <span class='ocrx_word' id='word_1_790' title='bbox 3023 4884 3138 4950; x_wconf 72' lang='lat' dir='ltr'><strong>quia</strong></span> <span class='ocrx_word' id='word_1_791' title='bbox 3174 4893 3415 4950; x_wconf 79' lang='lat' dir='ltr'><strong>peccave-</strong></span> 
     </span>
    </p>
   </div>
   <div class='ocr_carea' id='block_1_112' title="bbox 1839 4972 3414 5043">
    <p class='ocr_par' dir='ltr' id='par_1_112' title="bbox 1839 4972 3414 5043">
     <span class='ocr_line' id='line_1_112' title="bbox 1839 4972 3414 5043; baseline 0.002 -20"><span class='ocrx_word' id='word_1_792' title='bbox 1839 4972 1944 5034; x_wconf 81' lang='lat' dir='ltr'><strong>rit,</strong></span> <span class='ocrx_word' id='word_1_793' title='bbox 2000 4979 2050 5024; x_wconf 83' lang='lat' dir='ltr'><strong>et</strong></span> <span class='ocrx_word' id='word_1_794' title='bbox 2113 4973 2231 5041; x_wconf 79' lang='lat' dir='ltr'><strong>quis</strong></span> <span class='ocrx_word' id='word_1_795' title='bbox 2295 4973 2471 5026; x_wconf 85' lang='lat' dir='ltr'><strong>orabit</strong></span> <span class='ocrx_word' id='word_1_796' title='bbox 2512 4990 2608 5042; x_wconf 82' lang='lat' dir='ltr'><strong>pro</strong></span> <span class='ocrx_word' id='word_1_797' title='bbox 2649 4973 2800 5028; x_wconf 68' lang='lat' dir='ltr'><strong>eo“?</strong></span> <span class='ocrx_word' id='word_1_798' title='bbox 2843 4973 2947 5039; x_wconf 86' lang='lat' dir='ltr'><strong>Qui</strong></span> <span class='ocrx_word' id='word_1_799' title='bbox 2979 4974 3122 5028; x_wconf 90' lang='lat' dir='ltr'><strong>enim</strong></span> <span class='ocrx_word' id='word_1_800' title='bbox 3173 4973 3414 5043; x_wconf 88' lang='lat' dir='ltr'><strong>seipsum</strong></span> 
     </span>
    </p>
   </div>
   <div class='ocr_carea' id='block_1_113' title="bbox 1839 5061 3416 5136">
    <p class='ocr_par' dir='ltr' id='par_1_113' title="bbox 1839 5061 3416 5136">
     <span class='ocr_line' id='line_1_113' title="bbox 1839 5061 3416 5136; baseline 0.004 -20"><span class='ocrx_word' id='word_1_801' title='bbox 1839 5062 2042 5116; x_wconf 83' lang='lat' dir='ltr'><strong>dicavit</strong></span> <span class='ocrx_word' id='word_1_802' title='bbox 2091 5061 2235 5127; x_wconf 86' lang='lat' dir='ltr'><strong>Deo,</strong></span> <span class='ocrx_word' id='word_1_803' title='bbox 2273 5074 2327 5118; x_wconf 88' lang='lat' dir='ltr'><strong>et</strong></span> <span class='ocrx_word' id='word_1_804' title='bbox 2356 5065 2552 5120; x_wconf 86' lang='lat' dir='ltr'><strong>deinde</strong></span> <span class='ocrx_word' id='word_1_805' title='bbox 2597 5067 2664 5120; x_wconf 86' lang='lat' dir='ltr'><strong>ad</strong></span> <span class='ocrx_word' id='word_1_806' title='bbox 2695 5065 2843 5120; x_wconf 85' lang='lat' dir='ltr'><strong>aliud</strong></span> <span class='ocrx_word' id='word_1_807' title='bbox 2874 5067 2998 5120; x_wconf 73' lang='lat' dir='ltr'><strong>vita:</strong></span> <span class='ocrx_word' id='word_1_808' title='bbox 3030 5081 3204 5136; x_wconf 79' lang='lat' dir='ltr'><strong>genus</strong></span> <span class='ocrx_word' id='word_1_809' title='bbox 3234 5075 3416 5123; x_wconf 88' lang='lat' dir='ltr'><strong>trans-</strong></span> 
     </span>
    </p>
   </div>
   <div class='ocr_carea' id='block_1_114' title="bbox 1839 5155 3416 5231">
    <p class='ocr_par' dir='ltr' id='par_1_114' title="bbox 1839 5155 3416 5231">
     <span class='ocr_line' id='line_1_114' title="bbox 1839 5155 3416 5231; baseline 0.004 -23"><span class='ocrx_word' id='word_1_810' title='bbox 1839 5155 1949 5220; x_wconf 91' lang='lat' dir='ltr'><strong>iit,</strong></span> <span class='ocrx_word' id='word_1_811' title='bbox 2001 5155 2180 5212; x_wconf 82' lang='lat' dir='ltr'><strong>factus</strong></span> <span class='ocrx_word' id='word_1_812' title='bbox 2227 5165 2313 5213; x_wconf 84' lang='lat' dir='ltr'><strong>est</strong></span> <span class='ocrx_word' id='word_1_813' title='bbox 2363 5161 2703 5230; x_wconf 80' lang='lat' dir='ltr'><strong>sacrilegus,</strong></span> <span class='ocrx_word' id='word_1_814' title='bbox 2753 5174 2876 5212; x_wconf 87' lang='lat' dir='ltr'><strong>cum</strong></span> <span class='ocrx_word' id='word_1_815' title='bbox 2932 5162 3046 5228; x_wconf 85' lang='lat' dir='ltr'><strong>ipse</strong></span> <span class='ocrx_word' id='word_1_816' title='bbox 3105 5161 3190 5214; x_wconf 89' lang='lat' dir='ltr'><strong>sui</strong></span> <span class='ocrx_word' id='word_1_817' title='bbox 3242 5159 3416 5231; x_wconf 87' lang='lat' dir='ltr'><strong>ipsius</strong></span> 
     </span>
    </p>
   </div>
   <div class='ocr_carea' id='block_1_115' title="bbox 1915 5468 2700 5539">
    <p class='ocr_par' dir='ltr' id='par_1_115' title="bbox 1915 5468 2700 5539">
     <span class='ocr_line' id='line_1_115' title="bbox 1915 5468 2700 5539; baseline 0.003 -18"><span class='ocrx_word' id='word_1_818' title='bbox 1915 5468 1992 5539; x_wconf 71' lang='grc'><strong>(4)</strong></span> <span class='ocrx_word' id='word_1_819' title='bbox 2027 5469 2099 5523; x_wconf 72' lang='lat' dir='ltr'><strong>Ex</strong></span> <span class='ocrx_word' id='word_1_820' title='bbox 2133 5471 2280 5526; x_wconf 89' lang='lat' dir='ltr'><strong>hom.</strong></span> <span class='ocrx_word' id='word_1_821' title='bbox 2312 5473 2363 5524; x_wconf 79' lang='lat' dir='ltr'><strong>in</strong></span> <span class='ocrx_word' id='word_1_822' title='bbox 2393 5472 2598 5535; x_wconf 76' lang='lat' dir='ltr'><strong>divites,</strong></span> <span class='ocrx_word' id='word_1_823' title='bbox 2632 5472 2700 5526; x_wconf 62' lang='lat'><strong>53</strong></span> 
     </span>
    </p>
   </div>
   <div class='ocr_carea' id='block_1_116' title="bbox 1909 5539 2814 5606">
    <p class='ocr_par' dir='ltr' id='par_1_116' title="bbox 1909 5539 2814 5606">
     <span class='ocr_line' id='line_1_116' title="bbox 1909 5539 2814 5606; baseline 0.007 -16"><span class='ocrx_word' id='word_1_824' title='bbox 1909 5540 1986 5606; x_wconf 71' lang='lat'><strong>(5}</strong></span> <span class='ocrx_word' id='word_1_825' title='bbox 2023 5539 2094 5592; x_wconf 61' lang='lat' dir='ltr'><strong>Et</strong></span> <span class='ocrx_word' id='word_1_826' title='bbox 2133 5553 2423 5596; x_wconf 78' lang='lat' dir='ltr'><strong>comment.</strong></span> <span class='ocrx_word' id='word_1_827' title='bbox 2455 5543 2508 5594; x_wconf 79' lang='lat' dir='ltr'><strong>in</strong></span> <span class='ocrx_word' id='word_1_828' title='bbox 2545 5542 2653 5595; x_wconf 88' lang='lat' dir='ltr'><strong>lsa.</strong></span> <span class='ocrx_word' id='word_1_829' title='bbox 2691 5543 2814 5597; x_wconf 59' lang='lat'><strong>.159.</strong></span> 
     </span>
    </p>
   </div>
   <div class='ocr_carea' id='block_1_117' title="bbox 1909 5608 3000 5680">
    <p class='ocr_par' dir='ltr' id='par_1_117' title="bbox 1909 5608 3000 5680">
     <span class='ocr_line' id='line_1_117' title="bbox 1909 5608 3000 5680; baseline -0.028 1"><span class='ocrx_word' id='word_1_830' title='bbox 1909 5613 1985 5680; x_wconf 64' lang='grc'><strong>(⁸⁵)</strong></span> <span class='ocrx_word' id='word_1_831' title='bbox 2020 5608 2095 5664; x_wconf 61' lang='grc' dir='ltr'><strong>ΕΣ</strong></span> <span class='ocrx_word' id='word_1_832' title='bbox 2137 5611 2342 5670; x_wconf 72' lang='grc' dir='ltr'>Ιίιναιιίίδ</span> <span class='ocrx_word' id='word_1_833' title='bbox 2381 5613 2548 5668; x_wconf 71' lang='lat' dir='ltr'><strong>&quot;asins</strong></span> <span class='ocrx_word' id='word_1_834' title='bbox 2587 5617 2846 5680; x_wconf 60' lang='lat' dir='ltr'><strong>tractatis,</strong></span> <span class='ocrx_word' id='word_1_835' title='bbox 2883 5613 3000 5668; x_wconf 61' lang='grc' dir='ltr'>εδδ,</span> 
     </span>
    </p>
   </div>
  </div>
