3840 6226
392 280 524 337 1211

1272 281 1638 338 APPENDIX.
1677 315 1748 324 —
1788 277 2136 338 SYMEONIS
2178 278 2725 337 METAPIIRASTIE

3531 269 3681 327 12ἱὲ

394 400 483 453 l'ur
531 398 696 454 inerit
727 399 1173 470 ,donariumquc
1237 399 1347 456 Deo
1411 409 1800 456 consecratum
1854 399 2043 457 abs-A

2132 399 2208 451 δον
2246 397 2454 466 σκέπης
2488 396 2676 449 ἕνεκεν
2724 391 3130 462 ἐπιδημήσειεν.
3188 389 3249 442 '0
3281 386 3391 458 γὰρ
3437 388 3680 439 ἀποστο-

390 492 603 547 tnlerit.
658 491 872 558 Quibus
929 507 1146 563 aequum
1230 501 1314 547 est
1378 494 1786 564 non‘amplius
1834 491 1981 547 iores

394 584 627 638 fratrum
666 585 908 655 aperiri,
965 600 1036 640 ne
1091 586 1134 641 si
1193 587 1247 639 in
1304 585 1453 641 brevi
1497 585 1715 656 quidem
1745 584 1980 639 transitu

397 674 463 727 ad
516 677 852 744 poscendum
903 684 1111 730 tectum
1161 675 1506 731 accederent.
1574 675 1869 744 PerSpirua
1903 681 1986 729 est

2092 489 2242 552 λικὸς
2290 488 2469 541 κανὼν
2503 485 2737 556 φανερὸς
2760 525 2775 547 ,
2814 481 3023 535 κελεύει
3053 481 3128 549 (4)
3169 480 3316 550 ἡμᾶς
3360 475 3681 530 στέλλεσθαι

2094 582 2203 636 ἀπὸ
2231 581 2432 644 παντὸς
2460 579 2716 643 ἀτάκτου,
2754 575 2849 629 καὶ
2875 575 2949 646 μὴ
2974 568 3474 643 συναναμίγνυσθαι
3503 565 3685 635 αὐτῷ,

2095 675 2181 727 ἵνα
2210 675 2475 745 ζεντρσ.ττῇ.

393 770 539 824 enim
575 771 822 841 Apostoli
858 774 1042 844 regula
1068 815 1082 841 ,
1118 789 1224 844 qua
1249 774 1509 845 jubemur
1539 773 1855 828 subducere
1885 787 1987 826 nos
2026 772 2094 825 ab
2162 773 2309 826 omni
2371 767 2720 828 inordinato,
2785 778 2960 833 neque
3002 758 3342 815 commisceri
3377 771 3504 811 cum
3548 754 3649 806 illo
3671 792 3687 815 ,

395 872 459 914 ut
491 862 882 919 confundatur.

472 952 560 1010 10.
610 954 688 1027 (l)
724 955 815 1010 Sic
859 960 1004 1011 enim
1037 974 1067 1013 a
1102 959 1375 1029 principio
1406 960 1613 1031 absque
1658 962 1834 1033 spinis
1863 975 1990 1015 rosa

400 1045 777 1112 nascebatur;
827 1059 1013 1118 postea
1069 1064 1199 1103 vero
1248 1049 1401 1105 ﬂoris
1452 1054 1843 1122 pulchritudini
1890 1052 1992 1106 fuit

402 1142 559 1204 spina
608 1137 903 1208 adjuncta,
938 1148 998 1194 ut
1049 1141 1295 1197 fruendae
1344 1144 1612 1214 voluptati
1663 1144 1805 1198 foret
1834 1145 1994 1198 dolor

402 1229 693 1298 contiguus
732 1270 748 1293 ,
826 1233 952 1285 dum
1023 1233 1444 1288 recordareniur
1510 1237 1773 1304 peccati,
1835 1236 1993 1304 cujus

402 1335 569 1375 causa
600 1322 666 1377 ad
727 1323 827 1376 hoc
861 1324 1123 1378 damnata
1165 1334 1313 1380 terra
1366 1333 1448 1380 est
1478 1367 1492 1389 ,
1531 1337 1588 1381 ut
1626 1327 1785 1381 nobis
1808 1327 1994 1396 spinas

405 1413 674 1483 proferret
723 1425 886 1485 atque
935 1418 1189 1472 tribulos.
1258 1416 1363 1472 Sed
1408 1418 1758 1473 affectionqu
1800 1422 1996 1489 depra-

409 1505 572 1569 vatio,
611 1522 706 1575 per
741 1509 1143 1578 ignorationem
1194 1510 1330 1574 Dei,
1374 1510 1675 1580 improbam
1725 1512 1995 1578 cognitio-

404 1611 530 1649 nem
562 1598 777 1652 insevit.
816 1600 892 1669 (9.)
939 1599 1220 1670 Siquidem
1270 1616 1503 1671 magnus
1543 1603 1633 1657 ille
1665 1604 1867 1656 athleta
1892 1601 1997 1657 Job

2171 956 2256 1010 10.
2289 954 2446 1007 Οὕτω
2488 950 2598 1022 γὰρ
2633 950 2726 1003 καὶ
2767 948 2826 1001 τὸ
2864 946 3013 1017 ῥόδον
3051 945 3177 999 ἄνευ
3208 940 3454 1012 ἀκάνθης
3484 936 3556 1011 ἦν
3589 943 3694 1011 τὴν

2096 1047 2272 1117 ἀρχὴν
2306 1043 2639 1115 βλαστηθὲν,
2674 1041 2814 1113 ὑπὲρ
2842 1039 2899 1091 δὲ
2928 1037 3006 1108 τῷ
3038 1035 3223 1091 κάλλει
3271 1034 3365 1087 τοῦ
3417 1034 3623 1097 ἄνθους
3659 1037 3693 1103 ἡ

2097 1137 2307 1193 ἄκανθα
2344 1133 2689 1206 παρεζεύχθη
2718 1174 2733 1196 ,
2779 1133 2864 1184 ἵνα
2906 1129 2984 1199 τῷ
3025 1126 3243 1200 τερπνῷ
3286 1126 3388 1196 τῆς
3438 1126 3693 1179 ἀπολαύ-

2100 1245 2238 1291 σεως
2294 1225 2523 1294 ἐγγύθεν
2592 1224 2803 1293 ἔχωμεν
2857 1219 3272 1291 παρακειμένην
3321 1218 3418 1289 τὴν
3473 1218 3692 1287 λύπην,

2105 1320 2443 1392 μεμνημένοι
2478 1319 2575 1386 τῆς
2623 1313 2926 1386 ἁμαρτίας,
2969 1313 3035 1365 δι’
3073 1314 3138 1382 ἢν
3168 1310 3406 1371 ἀκάνθας
3443 1311 3541 1362 καὶ
3574 1327 3696 1380 τρι-

2102 1415 2290 1477 ϐόλους
2324 1414 2456 1482 ἡμῖν
2496 1414 2529 1481 ἡ
2566 1410 2635 1479 γῆ
2686 1407 2995 1461 ἀνατέλλειν
3032 1403 3413 1472 κατεδικάσθη.
3469 1402 3613 1453 Ἀλλ’
3660 1404 3696 1471 ἡ

2102 1507 2210 1559 τῶν
2259 1505 2446 1558 παθῶν
2487 1503 2689 1560 κακία.
2728 1501 2816 1554 διὰ
2870 1500 2966 1570 τῆς
3020 1499 3147 1567 περὶ
3194 1496 3327 1549 Θεοῦ
3390 1495 3696 1563 ἀγνωσίας,

2103 1600 2360 1669 ἀδόκιμον
2387 1596 2589 1665 γνῶσιν
2614 1593 2906 1662 ἐντίθησιν.
2953 1592 3010 1644 Ὀ
3044 1592 3139 1661 μὲν
3168 1589 3275 1660 γάρ
3313 1589 3488 1659 μέγας
3519 1584 3700 1655 ἀθλη-

404 1688 739 1743 tentationes
812 1691 992 1745 omnis
1053 1692 1273 1760 generis
1303 1707 1624 1763 perpessus,
1682 1709 1791 1748 non
1841 1690 2043 1764 ignoui

2137 1692 2201 1762 ὴς
2258 1690 2416 1755 Ἰὼϐ,
2471 1687 2756 1750 παντοίους
2801 1684 3100 1754 ὑπομείνας
3155 1679 3528 1750 πειρασμοῦς,
3597 1678 3705 1730 οὐκ

406 1775 564 1829 rabat
593 1777 863 1832 undenam
915 1781 1017 1834 hoc
1059 1781 1163 1835 sibi
1204 1783 1465 1837 eveniret.
1519 1782 1869 1855 Quapropter
1923 1785 2007 1839 di-

408 1860 596 1915 cebat:
637 1860 859 1932 Sagitta:
888 1865 1027 1916 enim
1075 1863 1295 1918 Domini
1328 1866 1383 1919 in
1439 1882 1657 1933 corpore
1712 1883 1826 1921 meo
1860 1878 2003 1930 sunt,

407 1968 632 2021 quarum
719 1955 804 2007 ira
878 1971 1051 2008 meum
1131 1956 1295 2010 ebibit
1371 1958 1769 2028 sanguinem".
1839 1957 2006 2012 David

408 2058 539 2097 vero
592 2059 715 2098 cum
771 2046 951 2099 anima
1028 2048 1143 2117 ipsa
1202 2057 1515 2119 egrotaret,
1574 2067 1633 2105 se
1684 2052 1799 2120 ipse
1870 2054 2006 2106 ulci-

408 2133 668 2187 scebatur
720 2143 884 2204 atque
934 2137 1258 2208 afﬂigebat,
1322 2154 1490 2209 seque
1522 2142 1671 2194 omni
1724 2159 2005 2212 pienarum

426 2224 596 2287 :eneri
652 2224 980 2291 suhjiciebat
1060 2228 1114 2281 in
1187 2230 1356 2284 variis
1425 2233 1724 2287 conﬁtendi
1806 2236 2005 2290 modis.

411 2312 677 2378 Quoniam
715 2317 852 2369 enim
900 2318 1115 2388 sagittae
1162 2330 1268 2373 tua:
1310 2321 1494 2390 inﬁxa:
1554 2333 1678 2378 sunt
1713 2327 1882 2388 milii,
1934 2326 2010 2379 in-

410 2407 561 2472 quit',
615 2416 663 2460 et
712 2409 1049 2476 couﬁrmasti
1095 2427 1252 2480 super
1285 2429 1366 2467 me
1398 2431 1613 2468 manum
1666 2425 1831 2469 tuam.
1886 2416 2009 2471 Non

410 2505 488 2549 eu
531 2499 736 2553 sanitas
800 2501 854 2554 in
927 2519 1086 2557 carne
1148 2521 1266 2558 mea
1316 2523 1347 2557 α
1392 2506 1530 2572 {acie
1579 2508 1676 2561 ira:
1712 2518 1838 2561 tua'.
1887 2507 2009 2562 Non

408 2595 488 2640 est
524 2600 632 2654 pax
671 2589 880 2644 ossibus
913 2594 1041 2646 meis
1103 2611 1133 2646 α
1182 2594 1318 2663 facie
1349 2606 1686 2663 peccatorum
1727 2601 2005 2654 meorum“.

412 2675 584 2733 Porro
638 2683 850 2750 sagitta:
895 2682 983 2738 hic
1035 2695 1352 2743 memorata:
1400 2690 1534 2743 mihi
1585 2690 1847 2747 videntur
1889 2708 2012 2749 esse

416 2770 775 2839 spirituales,
834 2775 943 2829 imo
996 2792 1129 2831 vero
1180 2780 1296 2848 ipsa
1330 2780 1423 2835 Dei
1476 2784 1663 2848 verba,
1717 2801 1840 2855 quae
1873 2802 2013 2855 pun-

415 2864 618 2930 gebant
672 2878 736 2918 ac
777 2867 1142 2923 vulnerabant
1177 2871 1352 2941 ipsius
1388 2874 1661 2941 animam,
1694 2884 1749 2931 et
1779 2877 1848 2932 de
1880 2894 2013 2931 con-

414 2952 646 3007 scientia
696 2955 814 3025 ipsa
881 2961 1175 3015 sumebant
1220 2966 1552 3035 supplicium
1580 3010 1595 3034 ,
1649 2983 1881 3039 eamque
1927 2985 2014 3024 ca-

2106 1784 2293 1851 ἡγνόει
2327 1781 2519 1835 ὁπόθεν
2554 1779 2701 1849 αὑτῴ
2732 1777 2877 1831 τοῦτ’
2907 1777 3140 1844 ἐγένετο.
3186 1773 3276 1825 Διὸ
3310 1771 3465 1851 ἔλεγε
3486 1786 3500 1798 ο
3534 1767 3704 1835 Βέλη

2108 1849 2215 1937 ’πλέῳ
2245 1867 2466 1934 Κυρίου
2494 1866 2564 1918 ὲν
2594 1864 2671 1929 τῷ
2700 1861 2930 1931 σώματί
2956 1860 3073 1929 μού
3102 1860 3292 1919 ἐστιν,
3325 1849 3413 1908 ὧν
3443 1856 3477 1908 ὁ
3509 1854 3707 1921 θυμὸς

2105 1959 2335 2011 ἐκπίνει
2374 1976 2493 2026 μου
2520 1956 2587 2009 τὸ
2616 1951 2778 2025 αἷμα.
2820 1955 2878 2007 ὐ
2908 1952 2963 2005 δὲ
2996 1949 3160 2003 Δα6¹ιδ
3202 1946 3389 2017 ἐπειδὴ
3421 1947 3556 2015 περὶ
3601 1945 3709 2014 τὴν

2105 2045 2283 2116 ψυχὴν
2323 2047 2493 2115 αὐτὴν
2535 2045 2844 2111 ὲνενοσήκει
2868 2081 2882 2103 ,
2918 2040 3079 2102 αὐτὸς
3112 2037 3302 2091 ἑαυτὸν
3351 2037 3706 2104 ἐτιμωρεῖτο,

2108 2136 2389 2200 παντοίαις
2422 2136 2741 2191 ὑποϐάλλων
2773 2134 3056 2187 κολάσεσιν
3093 2134 3148 2184 ἐν
3194 2133 3306 2193 τοῖς
3355 2129 3458 2199 τῆς
3510 2126 3712 2198 ἐξομο-

2109 2229 2382 2301 λογήσεως
2410 2229 2654 2301 τρόποις.
2695 2230 2816 2281 ’Ὁτι
2851 2228 2961 2295 γὰρ
2988 2226 3058 2279 τὰ
3076 2224 3234 2292 ,ϐέλη
3269 2239 3387 2276 σου
3414 2222 3714 2291 ἑνεκάγηο

2108 2320 2231 2374 σάν
2279 2339 2425 2389 μοι,
2477 2323 2638 2392 φησὶ,
2695 2320 2793 2373 καὶ
2843 2317 3246 2385 ἐπεστήριξας
3300 2316 3393 2369 ἐπ’
3431 2316 3541 2384 ἐμὲ
3594 2313 3716 2381 τὴν

2110 2411 2279 2482 χεῇοά
2309 2428 2449 2465 σου.
2481 2414 2601 2464 Οὐκ
2627 2412 2800 2464 ἔστιν
2827 2409 2989 2475 ἴασις
3018 2409 3088 2460 ἐν
3117 2405 3190 2474 τῇ
3224 2406 3408 2474 σαρκί
3426 2422 3553 2475 μου
3588 2405 3717 2459 ἀπὸ

2108 2505 2434 2574 προσώπου
2462 2504 2573 2573 τῆς
2606 2503 2791 2574 ὀργῆς
2835 2519 2971 2556 σου.
3018 2503 3139 2554 Οὐκ
3173 2502 3346 2555 ἔστιν
3391 2498 3611 2567 εἰρήνη
3645 2498 3718 2550 ἐν

2111 2597 2235 2662 τοῖς
2274 2598 2509 2661 ‹³ο’τέοις
2556 2613 2676 2664 μου
2715 2594 2835 2648 ἀπὸ
2867 2592 3193 2661 προσώπου
3240 2589 3362 2644 τῶν
3405 2588 3717 2659 ἁμαρτιῶν

2105 2709 2243 2760 μου.
2272 2690 2377 2742 Καί
2413 2707 2503 2760 μοι
2523 2689 2674 2741 δοκεῖ
2698 2688 2764 2741 τά
2793 2686 3029 2741 ἐνταῦθα
3053 2685 3323 2755 λεγόμενα
3356 2681 3486 2752 βέλη
3512 2680 3717 2749 λογικᾶ

2112 2780 2251 2836 εἶναι
2278 2800 2291 2812 ·
2332 2781 2532 2852 μᾶλλον
2558 2782 2613 2834 δὲ
2648 2781 2846 2845 αὐτοὺς
2875 2779 3002 2842 τοὺς
3033 2776 3127 2831 τοῦ
3148 2775 3283 2830 Θεοῦ
3308 2775 3545 2843 λόγους,
3582 2772 3717 2825 νύτ-

2112 2893 2302 2938 τοντας
2337 2876 2428 2928 καὶ
2465 2872 2866 2945 τιτρώσκοντας
2900 2869 3066 2924 αὑτοῦ
3096 2871 3196 2941 τὴν
3222 2867 3438 2937 ψυχὴν,
3474 2866 3574 2918 καὶ
3614 2866 3718 2933 τὴν

2117 2967 2421 3038 συνείδησιν
2481 2965 2646 3018 αὑτοῦ
2703 2964 3149 3036 τιμωρουμένους
3204 2962 3299 3014 καὶ
3356 2957 3710 3021 κολάζοντας.

417 3045 713 3115 stigabant.
763 3046 859 3101 Vir
903 3052 1048 3105 enim
1106 3053 1197 3108 hic
1248 3034 1437 3111 tantus
1466 3072 1591 3113 cum
1623 3034 2043 3131 essen-totque'

2132 3060 2283 3113 Ἐπεὶ
2333 3058 2584 3120 τοσοῦτος
2618 3053 2685 3127 ἦν
2719 3056 2794 3125 (5)
2845 3058 2873 3109 ό
2915 3055 3055 3125 ἀνὴρ
3082 3096 3096 3118 ,
3128 3054 3222 3106 καὶ
3253 3050 3530 3104 τοσούτων
3556 3064 3715 3101 τετυ-

418 3154 448 3189 a
482 3135 594 3192 Deo
639 3139 782 3194 bona
839 3153 1194 3209 consecutus,
1247 3153 1430 3202 tamen
1477 3149 1679 3204 factum
1732 3164 1891 3222 turpe
1921 3169 2019 3222 pa-

417 3229 605 3284 travit.
669 3229 939 3295 Quoniam
990 3234 1137 3288 enim
1204 3235 1434 3294 inermis
1491 3239 1749 3295 inventus
1801 3240 2016 3308 David,

418 3320 611 3391 ignitis
665 3324 890 3395 maligni
924 3328 1048 3382 telis
1077 3344 1183 3383 non
1213 3331 1526 3397 resistebat,
1574 3332 1699 3401 jure
1752 3332 1807 3387 in
1835 3334 2020 3386 anima

419 3412 718 3480 sauciatus,
739 3419 1187 3487 concupiscentia
1210 3431 1501 3492 correptus
1525 3431 1627 3479 est.
1655 3424 2025 3490 Quemadmo-

423 3504 547 3559 dum
589 3515 767 3562 autem
797 3506 901 3564 Job
922 3511 1125 3566 diaboli
1172 3514 1399 3583 sagittas
1430 3555 1444 3579 ,
1485 3517 1731 3572 immissa
1774 3519 2026 3575 videlicet

419 3601 634 3669 corpori
669 3617 771 3656 52:0
802 3603 987 3656 ulcera
1012 3644 1027 3667 ,
1063 3605 1192 3674 quia
1228 3607 1500 3674 permissu
1538 3606 1631 3662 Dei
1681 3610 2022 3678 acciderant,

422 3694 651 3762 sagittas
692 3692 905 3747 Domini
939 3697 1182 3760 vocavit,
1214 3698 1402 3752 dicens
1436 3716 1448 3752 :
1490 3698 1634 3753 Nam
1674 3704 1883 3772 sagittw
1918 3702 2019 3757 Do.

424 3785 557 3837 mini
594 3786 648 3837 in
695 3801 911 3854 corpore
953 3804 1106 3851 meo,
1144 3806 1369 3857 quarum
1425 3792 1577 3859 furor
1630 3794 1792 3847 ebibit
1854 3811 2027 3848 meum

419 3875 765 3945 sanguinem;
805 3877 877 3930 ita
907 3879 1204 3934 verisimile
1236 3889 1321 3935 est
1348 3881 1470 3936 ideo
1531 3881 1789 3938 Dat-idem
1823 3883 1912 3938 hic
1941 3899 2031 3939 sa-

420 3967 583 4031 gittas
608 3965 821 4020 Domini
852 3969 1187 4034 nominasse,
1220 3972 1348 4040 quia
1399 3988 1463 4025 ex
1523 3971 1739 4026 Domini
1764 3988 2029 4028 concessu

425 4051 683 4112 inimicus
710 4073 835 4112 eum
872 4061 1245 4129 oppugnabat,
1275 4071 1333 4114 ut.
1366 4061 1636 4117 edisceret
1665 4078 1774 4116 non
1798 4061 1981 4117 dicere
2014 4082 2026 4117 :

426 4144 549 4200 Non
570 4151 808 4201 movebar
829 4149 883 4202 in
905 4152 1201 4204 wternum’.
1235 4151 1373 4218 Quia
1391 4155 1534 4207 enim
1561 4152 1651 4208 Dei
1679 4156 1853 4225 gratia
1878 4154 2034 4210 robo.

426 4246 597 4304 ratus,
631 4255 826 4311 magna
860 4243 1158 4313 aliquando
1184 4245 1253 4300 de
1288 4261 1348 4301 se
1378 4256 1651 4313 senserat,
1691 4249 1764 4301 ita
1792 4257 1854 4303 ut
1884 4265 2035 4304 arro-

2120 3149 2306 3223 χηκὼς
2349 3150 2453 3202 ὑπὸ
2480 3149 2574 3201 τοῦ
2607 3147 2742 3201 Θεοῦ
2762 3189 2777 3212 ,
2817 3148 3016 3217 αἰσχρᾷ
3048 3145 3242 3215 πράξει
3291 3141 3486 3195 ἑαυτὸν
3519 3138 3713 3204 ἐξέδω-

2122 3260 2237 3295 κεν.
2287 3239 2504 3310 Ἐπειδὴ
2549 3237 2659 3310 γάρ
2699 3238 2976 3308 ἄφρακτος
3024 3234 3302 3306 εὑρεθεὶς,
3337 3233 3441 3284 οὐκ
3487 3229 3713 3296 ἀντέσχε

2125 3335 2260 3405 πρὸς
2309 3333 2379 3387 τὰ
2428 3332 2523 3385 τοῦ
2572 3330 2813 3402 πονηροῦ
2865 3327 3237 3399 πεπυρωμένα
3281 3324 3449 3395 βέλη,
3488 3321 3715 3382 είκότως

2124 3428 2221 3497 τὴν
2244 3424 2419 3496 ψυχὴν
2449 3423 2678 3494 τρωθεὶς
2701 3464 2714 3487 ,
2750 3422 2891 3475 ὲάλω
2916 3422 2981 3490 τῇ
3011 3417 3295 3488 ἐπιθυμίς.
3325 3418 3540 3483 ’Ὠσπερ
3560 3413 3619 3464 δὲ
3645 3411 3717 3464 τὰ

2126 3517 2218 3571 τοῦ
2251 3516 2499 3570 διαϐόλου
2534 3514 2660 3585 βέλη
2690 3556 2702 3578 ,
2730 3514 2797 3567 τὰ
2830 3514 2962 3584 ἕλκη
3011 3512 3079 3564 τὰ
3126 3508 3444 3564 ἐπιτεθέντα
3469 3504 3549 3576 τῷ
3593 3503 3717 3556 Ἰὼϐ

2128 3609 2271 3662 κατά
2300 3608 2393 3661 τοῦ
2426 3607 2677 3678 σώματος
2696 3648 2710 3671 ,
2737 3605 2922 3676 ἐπειδὴ
2953 3604 3096 3657 κατὰ
3127 3601 3475 3673 συγχώρησιν
3508 3598 3721 3666 ἐγίνετο

2128 3703 2221 3755 τοῦ
2250 3700 2386 3753 Θεοῦ
2408 3741 2422 3764 ,
2451 3700 2577 3770 βέλη
2606 3700 2811 3770 Κυρίου
2839 3697 3123 3767 ὠνόμασεν
3143 3735 3157 3759 ,
3189 3693 3363 3747 εἰπὼν
3382 3737 3397 3756 ,
3422 3692 3586 3757 Βέλη
3610 3689 3725 3758 γὰρ

2131 3795 2353 3862 Κυρίου
2385 3793 2454 3846 ὲν
2486 3791 2564 3857 τῷ
2587 3790 2817 3861 σώματί
2835 3790 2952 3857 μού
2981 3789 3154 3841 ἐστιν
3176 3829 3192 3853 ,
3223 3780 3312 3839 ὧν
3339 3788 3371 3839 ὀ
3397 3784 3591 3853 θυμὸς
3624 3784 3726 3836 αὺ-

2132 3889 2251 3941 τῶν
2276 3886 2506 3941 ἐκπίνει
2526 3903 2644 3955 μου
2674 3884 2741 3937 τὸ
2773 3878 2915 3953 alica
2935 3899 2947 3912 '
2991 3880 3164 3944 οὕτως
3195 3879 3343 3942 εἰκὸς
3374 3878 3473 3931 καὶ
3500 3877 3595 3929 τὸν
3618 3878 3728 3928 Δα-

2132 3977 2219 4031 ϐὶδ
2278 3975 2515 4029 ἐνταῦθα
2574 3975 2697 4045 βέλη
2767 3973 2970 4044 Κυρίου
3029 3970 3348 4042 εἰρηκέναι,
3404 3969 3532 4021 ἐπεὶ
3580 3966 3730 4019 κατὰ

2137 4066 2483 4137 συγχώρησιν
2539 4063 2630 4116 τοῦ
2682 4062 2887 4132 Κυρίου
2946 4058 3451 4129 κατεστρατεύσατο
3499 4054 3672 4109 αὑτοῦ
3702 4056 3730 4106 ό

2133 4158 2457 4220 ἀντίπαλος,
2502 4157 2587 4209 ἵνα
2632 4155 2780 4227 μάθῃ
2829 4154 2901 4225 μὴ
2933 4153 3139 4221 λέγειν·
3180 4153 3262 4204 Οὐ
3303 4150 3391 4219 μὴ
3439 4145 3729 4201 σαλευθῶ

2134 4254 2220 4316 εἰς
2259 4251 2365 4303 τὸν
2386 4248 2585 4304 αἰῶνα.
2643 4247 2859 4317 Ἐπειδὴ
2893 4246 3000 4317 γὰρ
3026 4248 3092 4316 τῇ
3125 4244 3306 4316 χάριτι
3347 4241 3443 4295 τοῦ
3472 4239 3615 4294 θεοῦ
3638 4240 3729 4292 δυ-

423 4342 615 4404 ganter
644 4335 848 4393 diceret
880 4356 894 4394 :
933 4338 1043 4410 Ego
1065 4349 1241 4394 autem
1278 4340 1393 4393 dixi
1420 4342 1475 4394 in
1505 4342 1837 4396 abundantia
1870 4343 2029 4415 512

2135 4341 2475 4412 ναμούμενος
2500 4380 2513 4401 ,
2549 4339 2691 4407 μέγα
2740 4340 2827 4408 ἐφ’
2881 4337 3061 4408 ἑαυτῷ
3119 4334 3386 4407 ὲῳρόνησέ
3442 4350 3578 4386 ποτε
3604 4374 3620 4399 ,
3655 4332 3729 4394 ὡς

425 4439 572 4476 mea:
605 4422 728 4478 Non
773 4428 1017 4482 movebar
1044 4430 1099 4483 in
1123 4440 1376 4485 wternum
1411 4432 1453 4463 ¹⁰
1485 4448 1500 4484 :
1528 4431 1653 4486 ideo
1684 4433 1811 4502 jure
1855 4440 2032 4489 tenta-

424 4514 528 4567 tori
560 4516 793 4572 traditus
832 4526 958 4585 est,
1010 4522 1103 4591 qui
1148 4521 1387 4575 animam
1434 4522 1556 4592 ejus
1597 4523 1844 4591 adortus,
1912 4541 2030 4579 ma»

422 4607 515 4675 jus
545 4608 595 4662 ei
625 4625 787 4680 quam
815 4610 952 4667 Joho
977 4615 1240 4669 damnum
1272 4616 1482 4670 intulit.

2141 4431 2647 4485 ἀπαυθαδιάσασθαι
2688 4431 2781 4483 καὶ
2813 4432 3018 4493 εἰπεῖν,
3067 4428 3207 4497 Ἐγὼ
3243 4426 3315 4479 δὲ
3359 4421 3505 4479 εἶπα
3548 4425 3621 4478 ἐν
3656 4422 3726 4491 τῇ

2134 4526 2387 4593 εὐθηνίᾳ
2426 4542 2579 4592 μου·
2616 4524 2699 4576 Οὐ
2747 4521 2833 4592 μὴ
2874 4519 3153 4575 σαλευθῶ
3204 4522 3293 4586 είς
3343 4520 3453 4572 τὸν
3501 4515 3724 4570 αἰῶνα·

2129 4617 2320 4670 τούτου
2360 4615 2518 4686 χάριν
2562 4615 2784 4678 εἰκότως
2850 4614 3120 4686 παρεδόθη
3148 4612 3223 4683 τῷ
3275 4610 3595 4683 πειράζοντι
3621 4649 3638 4673 ,
3671 4608 3727 4670 ὃς

426 4705 525 4773 τῆς
546 4702 727 4776 ψυχῆς
783 4707 950 4761 αὐτοῦ
990 4707 1419 4779 καθαψάμενος,
1462 4710 1724 4781 μειζόνως
1766 4710 1931 4764 αὑτὸν
1964 4710 1996 4781 ἦ
2028 4710 2118 4763 τὸν
2156 4708 2278 4763 Ἰὼϐ
2318 4708 2641 4779 ἐζημίωσεν.

499 4848 585 4902 il.
614 4849 688 4920 ('5)
722 4849 835 4920 Ego
858 4857 1040 4904 autem
1068 4850 1173 4903 tria
1201 4850 1317 4904 haec
1355 4850 1518 4903 video
1551 4849 1721 4903 animi
1758 4848 2009 4905 affectio-

426 4937 513 4991 nis
540 4938 866 4993 discrimina
898 4940 955 4992 in
997 4939 1301 4993 inviolabili
1338 4938 1560 4994 Christo
1590 4939 1881 4994 obediendi
1915 4954 2012 4993 ue-

427 5027 708 5092 cessitate,
744 5043 1057 5093 servorum,
1087 5029 1582 5093 mercennariorum,
1612 5030 1870 5083 ﬁliorum.
1905 5029 2017 5082 Aut

428 5122 575 5175 enim
610 5121 865 5191 supplicii
900 5130 1046 5175 metu
1078 5135 1108 5174 a
1135 5122 1282 5175 malo
1312 5121 1678 5184 declinamus,
1712 5136 2022 5175 versamur-

430 5229 537 5282 que
560 5215 616 5268 in
640 5214 841 5268 affectu
865 5212 1051 5268 servili
1076 5230 1092 5281 ;
1127 5221 1222 5267 aut
1251 5213 1523 5268 mercedis
1553 5214 1705 5269 lucra
1733 5213 2021 5282 requiren-

499 5367 520 5398 '
548 5365 653 5421 Job
680 5382 757 5432 v1,
804 5369 860 5424 4.
935 5369 957 5401 ⁸
983 5366 1131 5425 Psal.
1164 5384 1373 5435 xxxvu,
1407 5369 1525 5422 5-4.

533 5508 585 5565 ii
621 5507 699 5562 Ex
729 5509 878 5563 hom.
914 5528 946 5565 v
976 5511 1030 5564 in
1066 5510 1378 5564 ilcxaemer.
1414 5510 1503 5565 45.

529 5578 587 5649 2)
614 5578 690 5649 Ex
720 5580 868 5649 hom.
904 5583 958 5634 in
990 5580 1131 5649 psai.
1164 5597 1371 5643 xxxvn,
1408 5579 1533 5634 564.

533 5509 557 5561 1
621 5508 699 5562 Ex
729 5509 878 5563 hom.
914 5528 946 5565 v
976 5511 1030 5564 in
1066 5510 1378 5564 ilcxaemer.
1414 5510 1503 5565 45.

529 5579 567 5633 Ξ
614 5578 690 5631 Ex
720 5580 868 5633 hom.
904 5583 958 5634 in
990 5580 1131 5649 psai.
1164 5597 1371 5643 xxxvn,
1408 5579 1533 5634 564.

505 5508 590 5720 ίὸξ
622 5647 699 5703 Ex
732 5647 940 5720 Reguli:
972 5651 1147 5721 fusius
1181 5652 1446 5719 tractatis,
1481 5649 1604 5709 5°29.

1603 5371 1623 5401 ³
1648 5367 1795 5425 Psal.
1827 5383 1979 5437 xxxx,
2014 5368 2064 5423 7.

2191 4848 2275 4901 ll.
2320 4846 2462 4916 Ἐγὼ
2493 4846 2551 4899 δὲ
2580 4849 2730 4916 τρεῖς
2762 4845 2966 4909 ταύτας
2999 4842 3264 4916 διαφοράς
3292 4844 3394 4913 τῆς
3424 4840 3725 4904 διαθέσεως

2122 4938 2260 5009 πρὸς
2305 4938 2401 5008 τὴν
2455 4935 2827 5006 ἀπαραίτητον
2885 4937 3133 5004 ἀνάγκην
3196 4935 3296 5004 τῆς
3332 4934 3585 5002 ὑπακοῆς
3632 4931 3723 4984 τοῦ

2102 5029 2360 5109 Χριστοῦ
2413 5028 2660 5098 καθορῶ,
2711 5028 2991 5092 δουλείαν,
3052 5027 3415 5098 μισθαρνίαν,
3476 5026 3719 5095 υἱότητα.

2130 5123 2197 5173 Ἢ
2250 5120 2359 5191 γὰρ
2413 5119 2735 5190 φοϐούμενοι
2786 5120 2883 5183 τὰς
2936 5119 3189 5181 κολάσεις
3243 5118 3569 5187 ὲκκλίνομεν
3618 5115 3720 5169 άπὸ

2127 5213 2221 5267 τοῦ
2278 5212 2472 5275 κακοῦ,
2524 5215 2617 5266 καὶ
2659 5213 2825 5265 ἐσμὲν
2878 5214 2935 5264 ἐν
2981 5216 3047 5278 τῇ
3091 5210 3327 5264 διαθέσει
3369 5213 3436 5278 τῆ
3472 5210 3718 5263 δουλικί-

2144 5369 2186 5399 ¹⁰
2227 5368 2359 5423 ibid.

2203 5507 2280 5576 (4)
2304 5510 2584 5582 (Parsque,
2612 5504 2867 5582 natet-st.
2902 5536 2921 5554 .
2943 5515 3062 5557 orte
3098 5518 3347 5574 φανερως
3382 5519 3609 5569 κελευει,
3636 5501 3714 5556 vel

2132 5572 2386 5649 φανερός,
2420 5572 2685 5649 κελεύωνζ
2708 5572 2866 5649 Ευ-[τ.

2313 5643 2439 5705 Ἦν.
2471 5644 2629 5701 Forte
2654 5642 2747 5696 ὢν.
2774 5641 2872 5697 Eo.
