3840 6226
101 316 240 371 I213

1236 297 1467 354 SERMO
1506 295 1621 354 VII.
1664 326 1731 337 —
1767 294 1859 350 DE
1894 292 2229 349 PECCATO.

3222 289 3362 345 19M

99 438 135 509 ἢ
183 437 254 491 τὰ
304 435 368 489 ὲκ
411 430 504 487 τοῦ
562 425 753 502 μισθοῦ
802 425 968 498 κέρδη
1018 423 1324 487 διωκοντες,
1371 422 1557 474 ἕνεκεν
1589 420 1721 489 τῆς,

1816 432 1896 482 es,
1919 416 1990 471 ob
2023 425 2266 471 nostram
2294 413 2542 483 ipsorum
2571 409 2864 466 utilitatem
2894 407 3151 465 mandata
3179 411 3361 478 exple-

100 521 311 579 ὲαυτῶν
337 519 601 591 ὠφελείας
638 516 950 588 πληροῦμεν
981 512 1048 566 τὰ
1084 511 1554 582 προστεταγμένα,
1593 509 1687 562 καὶ⁵

100 615 244 669 κατὰ
270 613 427 666 τοῦτο
456 612 854 682 προσεοίκαμεν
900 606 1013 667 τοῖς
1059 603 1324 674 μισθίοις·
1376 602 1409 671 ἢ
1454 600 1520 653 δι’
1557 599 1688 652 αὐτὸ

99 707 163 757 τὸ
197 703 382 767 καλὸν,
407 702 501 755 καὶ
538 700 634 769 τὴν
668 697 801 768 πρὸς
842 696 931 749 τὸν
956 695 1224 748 δεδωκότα
1255 694 1386 763 ἡμῖν
1413 690 1502 742 τὸν
1528 689 1688 760 νόμον

102 796 346 865 ἀγάπην,
374 792 659 864 χαίροντες
683 790 765 841 ὅτι
791 785 962 850 οὕτως
1001 785 1195 856 ἐνδόξῳ
1229 785 1322 837 καὶ
1352 780 1542 852 ἁγαθῴ
1571 780 1689 851 Θεῷ

101 888 379 941 δουλεύειν
405 880 820 954 κατηξιώθημεν
841 895 852 906 ·
878 879 973 931 καὶ
1005 877 1169 946 ἐσμὲν
1202 874 1375 937 οὕτως
1413 875 1468 926 ἐν
1488 875 1553 943 τῇ
1582 872 1688 925 τῶν

105 977 240 1031 υίῶν
269 974 521 1029 διαθέσει.
558 969 697 1023 Οΰτε
749 964 840 1022 οὖν
862 968 890 1019 0
912 968 966 1019 ὲν
997 966 1144 1034 φόϐῳ
1183 963 1283 1025 τὰς
1305 959 1519 1024 ἐντολὰς
1561 975 1689 1012 κατ-

105 1067 308 1140 ορθῶν,
351 1065 445 1118 καὶ
476 1064 563 1115 ἀεὶ
602 1060 664 1114 τὸ
710 1060 808 1130 τῆς
857 1055 1125 1126 ῥᾳθυμίας
1163 1052 1435 1123 ἐπιτίμιον
1483 1047 1691 1120 ὑφορώ-

108 1176 294 1231 μενος,
329 1156 398 1209 τὰ
442 1154 537 1225 μὲν
580 1153 794 1222 ποιήσει
842 1148 949 1202 τῶν
991 1144 1481 1217 προστεταγμένων
1521 1138 1689 1210 αὐτῷ,

103 1224 176 1305 τὰ
213 1251 271 1303 δὲ
313 1248 644 1320 παρόψεται·
689 1241 825 1296 ἀλλά
869 1224 968 1310 τὴν
1005 1238 1096 1292 ἐπὶ
1141 1237 1291 1307 πάσῃ
1321 1236 1569 1305 παρακιῇ
1604 1234 1693 1284 ἐκ·

104 1346 321 1416 δίκησιν
350 1339 548 1411 ὁμοίως
587 1335 821 1406 φοϐερὰν
853 1330 1028 1401 ἑαυτῷ
1060 1328 1392 1398 ὑπολήψεται
1412 1343 1424 1355 ·
1476 1325 1568 1378 καὶ
1606 1324 1693 1377 διὰ

106 1437 271 1490 τοῦτο
316 1429 711 1504 μακαρίζεται,
757 1426 834 1489 ὡς
879 1423 1029 1476 οὐδὲν
1077 1419 1395 1492 αἱρούμενος
1449 1415 1693 1487 παριδεῖν

105 1528 217 1583 τῶν
246 1525 474 1578 δεόντων
504 1518 827 1587 (Μακάριος
858 1515 989 1585 γὰρ,
1022 1513 1203 1584 φησιν,
1228 1508 1382 1577 ἀνὴρ
1412 1510 1445 1561 ό
1478 1507 1693 1576 φοϐού-

100 1635 293 1688 μενος
323 1614 427 1669 τὸν
458 1614 708 1679 Κύριονο
745 1607 833 1661 διὰ
883 1607 970 1666 τί;
1016 1603 1106 1656 ὅτι
1154 1601 1225 1654 ἐν
1259 1599 1389 1664 ταῖς
1419 1594 1695 1658 ἐντολαῖς

106 1687 298 1763 αὐτοῦ
351 1705 594 1771 θελήσει
644 1699 922 1771 σφόδρα).
983 1696 1122 1750 Ἀλλ’
1175 1693 1296 1747 οὐδὲ
1353 1694 1381 1745 0
1431 1687 1695 1761 μισθωτὸς

108 1796 427 1870 παραῦἦναί
486 1813 537 1849 τι
584 1792 692 1847 τῶν
734 1788 1170 1860 διατεταγμένων
1212 1786 1517 1857 αἱρήσεται.
1567 1778 1693 1842 Πῶς
1731 1770 1768 1822 Β

107 1869 221 1959 γὰρ
260 1888 543 1957 κομίσεται
579 1884 672 1937 τὸν
714 1881 901 1954 μισθὸν
946 1879 1046 1948 τῆς
1092 1876 1371 1949 ἐργασίας,
1411 1872 1485 1943 μὴ
1516 1869 1692 1923 πάντα

110 1977 411 2050 πληρώσας
446 1976 514 2029 τὰ
552 1971 1063 2046 συμπεφωνημένας
1114 1967 1223 2021 Καὶ
1260 1965 1369 2036 γὰρ
1404 1963 1501 2016 ἐὰν
1539 1961 1598 2014 έν
1640 1978 1691 2013 τι

110 2073 279 2143 λείπῃ
311 2069 418 2123 τῶν
452 2067 784 2136 ἀναγκαίων.
820 2065 1089 2135 ἄχρηστον
1116 2060 1178 2113 τὸ
1210 2058 1367 2128 ἔργον
1394 2055 1473 2126 τῷ
1505 2071 1696 2124 κεκτη-

118 2164 269 2234 μένῳ
297 2160 618 2229 κατέστησε.
644 2157 738 2220 Τίς
770 2151 884 2218 οὖν,
923 2153 1186 2225 μενούσης
1214 2152 1288 2221 (1)
1319 2147 1398 2201 ἔτι
1444 2146 1543 2217 τῆς
1571 2145 1697 2216 βλά-

114 2231 250 2323 δης,
292 2250 481 2321 μισθὸν
524 2246 773 2300 ὑποτελεῖ
820 2243 898 2315 τῷ
949 2242 1300 2313 ἀδικήσαντις
1345 2236 1538 2308 Τρίτον
1571 2231 1695 2306 ἦνή

112 2341 261 2395 κατά
311 2340 530 2409 ἀγάπην
571 2333 861 2408 ὑπηρεσία.
899 2332 996 2395 Τίς
1039 2326 1133 2394 οὖν
1171 2329 1285 2391 υίὸς
1325 2325 1526 2380 σκοπὸν
1562 2324 1698 2394 ἔχων

112 2435 217 2506 τὴν
249 2432 345 2486 τοῦ
375 2430 578 2502 πατρὶς
615 2426 993 2498 εὐαρέστησιν,
1038 2424 1131 2475 ἐπὶ
1177 2424 1287 2483 τοῖς
1320 2418 1561 2490 μείζοσιν
1603 2417 1701 2468 αύ-

114 2529 209 2580 τὺν
235 2524 564 2594 εὐφραίνων,
589 2520 696 2574 τῶν
724 2517 1063 2590 μικροτάτων
1091 2514 1275 2567 ’ένεκεν
1316 2510 1503 2563 λυπεῖν
1540 2508 1699 2578 αἱρή-

120 2634 313 2683 astat;
344 2618 409 2670 Οί
441 2614 618 2669 τοίνυν
639 2613 739 2676 τὰς
766 2610 1022 2671 πλείστας
1051 2606 1158 2659 τῶν
1182 2602 1407 2657 ἐντολῶν
1437 2598 1702 2672 παραϐαί-

119 2729 328 2775 νοντες,
361 2712 418 2763 ὲν
451 2709 589 2777 ποίῳ
625 2707 774 2778 μέρει
803 2701 1060 2772 τετάχθαι
1102 2697 1412 2771 βούλονται;
1448 2696 1584 2766 μήτε
1629 2693 1703 2759 ὡς

121 2804 302 2875 Πατρὶ
340 2798 734 2871 ὑπηρετοῦντες
765 2795 842 2867 τῷ
867 2794 1009 2867 Θεῷ,
1028 2792 1189 2863 ,μήτε
1233 2787 1307 2852 ὡς
1362 2786 1570 2857 μεγάλα
1614 2786 1707 2838 ὲπ-

124 2894 512 2967 αγγελλομένῳ
564 2891 903 2951 πειθόμενοι,
971 2887 1105 2958 μήτε
1158 2883 1233 2946 ὡς
1293 2878 1538 2950 Δεσπότῖὶ
1587 2877 1704 2930 δου⁸

122 2985 394 3040 λεύοντες.

204 3108 294 3162 12.
323 3107 446 3170 Πῶς
477 3105 533 3157 δὲ
559 3104 647 3157 τὸν
679 3102 803 3156 καθ’
832 3098 1024 3171 ἡδονὴν
1055 3097 1170 3168 βίον
1212 3094 1306 3149 τοῦ
1347 3095 1465 3147 κατ’
1491 3089 1708 3161 ἐντολὴν

128 3200 587 3273 προτιμήσαντες,
615 3194 761 3264 ζωῆς
791 3190 1188 3263 μακαριότητα,
1218 3186 1313 3240 καὶ
1354 3183 1713 3239 ἰσοπολιτείαν

126 3293 237 3349 τῖς
288 3291 488 3359 ἁγίων,
533 3288 626 3341 καὶ
664 3287 761 3348 τὰς
813 3285 927 3354 μετ’
974 3282 1218 3350 ἀγγέλων
1270 3277 1604 3348 εὐφροσύνας
1658 3276 1716 3328 ὲν

132 3387 411 3458 προσώπῳ
452 3379 688 3453 Χριστοῦ
740 3379 950 3438 ἑαυτοῖς
989 3371 1347 3443 ύποθώμεθα;
1382 3369 1594 3441 Νηπίας
1631 3369 1718 3422 ὅν-

130 3495 243 3540 τως
296 3474 490 3546 φρενὸς
540 3471 609 3524 τά
656 3469 879 3524 τοιαῦτα
938 3466 1319 3537 φαντάσματα.
1367 3463 1491 3526 Πῶς
1525 3463 1719 3533 ἔσομαι

139 3568 281 3639 μετὰ
321 3564 462 3629 Ἰὼϐ,
502 3567 530 3617 0
568 3562 703 3634 μηδὲ
747 3561 844 3630 τὴν
892 3556 1159 3628 τυχοῦσαν
1202 3555 1380 3624 θλίψιν
1415 3555 1719 3626 μετέύχα-

137 3657 355 3731 ριστίας
386 3654 702 3724 δεξάμενοςς
736 3651 860 3714 Πῶς
889 3650 1026 3721 μετά
1066 3647 1249 3709 Δαδὶδ,
1288 3648 1316 3699 0
1364 3647 1438 3717 μὴ
1473 3646 1607 3717 πρὸς
1628 3645 1721 3698 τὸν

138 3747 402 3817 πολέμιον
429 3743 793 3816 μακροθύμως
833 3739 1132 3804 διατεθείς;
1177 3737 1301 3801 Πῶς
1338 3737 1475 3808 μετὰ
1502 3735 1718 3807 Δανιὴλ,

134 3843 168 3894 0
198 3839 275 3910 μὴ
318 3838 431 3907 μετ’
476 3832 801 3907 ἐγκρατείας
844 3830 1120 3903 διηνεκοῦς
1168 3830 1262 3884 καὶ
1306 3828 1541 3900 δεήσεως
1576 3827 1725 3902 φιλο-

138 3932 309 3985 πᾶνου
335 3929 424 3982 τὸν
454 3927 584 3981 Θεὸν
609 3924 952 3997 ὲκζητήσας;
1009 3923 1132 3987 Πῶς
1180 3920 1298 3992 μεθ’
1348 3921 1577 3973 ἑκάστου
1618 3920 1725 3972 τῶν

140 4024 339 4091 ἁγίων,
378 4021 407 4074 ὁ
454 4020 528 4090 μὴ
555 4022 668 4082 τοῖς
701 4018 900 4087 ἴχνεσιν
958 4015 1134 4069 αὐτῶν
1173 4013 1592 4085 περιπατήσας;
1631 4011 1727 4074 Τίς

138 4115 320 4177 οὕτως
368 4112 589 4182 ἄκριτος
638 4109 966 4179 ἀθλοθέτης,
1029 4108 1104 4171 ὼς
1154 4106 1262 4159 τῶν
1320 4106 1449 4158 ἴσων
1499 4104 1726 4170 ἀξιῶσαι

142 4206 429 4276 στεφάνων
459 4204 547 4258 τὸν
574 4200 821 4274 νικητὴν,
865 4202 960 4256 καὶ
1000 4201 1091 4255 τὸν
1121 4199 1285 4271 μηδὲν
1324 4196 1726 4268 ἠγωνισμένονς

143 4299 246 4361 Τίς
296 4294 596 4367 στρατηγὸς
638 4296 716 4356 εἰς
765 4293 864 4365 τὴν
912 4291 1103 4362 μερίδα
1146 4290 1255 4343 τῶν
1290 4289 1501 4343 σκύλων
1529 4288 1587 4354 ἐξ
1616 4287 1728 4340 ἴσου

144 4387 283 4442 ποτὲ
329 4387 441 4448 τοῖς
490 4382 796 4452 νενικηκόσι
847 4381 973 4444 τοὺς
1022 4379 1155 4450 μηδὲ
1199 4377 1466 4447 φανέντας
1501 4377 1592 4429 ἐπὶ
1633 4376 1730 4446 τῆς

1789 523 1936 573 mus,
1968 514 2021 563 et
2065 507 2170 561 hoc
2214 512 2378 576 pacto
2418 503 2777 559 mercenariis
2815 502 3077 558 eﬂicimur
3118 502 3360 569 similes;
3402 558 3405 563 ,

1789 608 1883 654 aut
1904 600 1975 655 ob
2000 599 2180 668 ipsutn
2208 598 2522 660 honestum,
2544 602 2600 651 et
2626 610 2870 651 amorem
2898 594 3047 649 illius
3067 592 3161 663 qui
3190 593 3361 663 legem

1790 692 1952 746 nobis
1999 690 2172 753 dedit,
2207 689 2509 760 gaudentes
2555 687 2701 757 quod
2749 686 2902 757 digni
2951 686 3125 741 simus
3166 684 3358 750 habiti,

1790 784 1884 854 qui
1930 793 2037 836 tam
2088 783 2329 853 glorioso
2376 796 2439 834 ac
2473 780 2618 834 bono
2672 779 2782 833 Deo
2814 778 3154 843 serviamus;
3187 785 3241 833 et
3289 778 3365 830 ita

1790 876 2009 930 demum
2045 883 2102 928 ut
2138 873 2232 927 ﬁlii
2261 872 2547 927 aﬂicimur.
2580 869 2768 940 Neque
2804 869 2971 941 igitur
2999 868 3048 923 is
3076 868 3168 938 qui
3204 868 3259 921 in
3292 869 3364 920 ti-

1793 982 1943 1021 more
1979 964 2190 1035 perﬁcit
2228 963 2507 1027 mandata,
2543 976 2869 1031 semperque
2897 959 3120 1015 desidiae
3148 972 3366 1030 pmuam

1792 1065 2032 1117 veretur,
2078 1055 2184 1110 alia
2231 1053 2450 1125 quidem
2497 1067 2619 1123 quae
2664 1052 2770 1108 sibi
2816 1059 3086 1121 praecepta
3138 1049 3364 1112 fuerint,

1791 1157 2144 1218 exsequetur,
2182 1148 2289 1201 alia
2323 1161 2452 1200 vero
2484 1145 2721 1215 negliget
2753 1161 2766 1196 :
2811 1141 2907 1198 sed
2948 1142 3131 1198 omnis
3175 1143 3366 1196 inobe—

1792 1242 2014 1298 dientiaz
2047 1241 2345 1295 vindictam
2382 1237 2486 1294 sibi
2521 1253 2587 1292 ex
2620 1251 2778 1306 aequo
2814 1233 3159 1291 metuendam
3191 1233 3371 1302 suspi-

1793 1335 2027 1389 cabitur.
2075 1331 2140 1385 Et
2191 1331 2400 1385 idcirco
2446 1329 2639 1384 beatus
2667 1326 2996 1397 praedicatur
3027 1326 3121 1395 qui
3162 1326 3371 1382 scilicet

1794 1427 1930 1480 nihil
1965 1439 2156 1479 eorum
2195 1438 2318 1492 quae
2365 1422 2430 1476 ad
2480 1421 2741 1503 officium
2777 1419 3102 1489 pertineant,
3142 1424 3370 1486 praeter-

1795 1516 2010 1569 mittere
2042 1513 2193 1567 velit.
2222 1510 2422 1565 Beatus
2454 1510 2595 1563 enim
2619 1508 2717 1569 vir,
2738 1502 2849 1569 ait,
2880 1506 2969 1574 qui
3008 1504 3156 1557 timet
3188 1502 3373 1555 Domi-

1795 1626 1919 1663 num
1950 1609 2016 1662 “.
2059 1605 2231 1672 Quam
2281 1604 2351 1659 ob
2396 1602 2655 1659 causam?
2699 1601 2824 1672 quia
2866 1600 2920 1653 in
2965 1597 3229 1652 mandatis
3258 1597 3373 1666 ejus

1797 1700 1930 1753 volet
1957 1699 2113 1752 nimis
2138 1699 2202 1749 ¹¹.
2232 1694 2341 1750 Sed
2367 1710 2545 1765 neque
2567 1693 2943 1749 mercenarius
2965 1690 3186 1760 quidem
3215 1689 3376 1759 quid-

1800 1807 1963 1862 quam
1982 1805 2173 1846 eorum
2194 1803 2315 1860 qua:
2330 1791 2652 1859 praescripta
2672 1785 2803 1849 sint,
2828 1785 3034 1839 violare
3050 1783 3213 1838 volet.
3238 1783 3378 1848 Quo-

1799 1884 1964 1938 modo
1994 1883 2138 1937 enim
2159 1895 2342 1952 operae
2369 1879 2678 1934 mercedem
2704 1877 2926 1943 referet,
2950 1876 2997 1931 si
3015 1884 3174 1946 pacta
3191 1875 3377 1930 omnia

1802 1989 1909 2028 non
1944 1970 2285 2027 servaverit?
2318 1968 2530 2024 Etenim
2558 1968 2604 2023 si
2637 1968 2722 2022 vel
2753 1983 2921 2021 unum
2947 1967 3104 2020 exiis
3133 1980 3255 2035 quae
3287 1979 3381 2018 ne-

1802 2065 2046 2120 cessaria
2070 2062 2401 2126 exstiterint,
2427 2061 2687 2123 defuerit,
2706 2059 2899 2113 inutile
2915 2073 3055 2130 Opus
3076 2057 3380 2127 possessori

1802 2154 2058 2210 reddidit.
2095 2152 2296 2222 Ecquis
2334 2151 2521 2222 igitur,
2558 2136 2812 2204 manente
2850 2148 3201 2212 detrimento,
3240 2160 3383 2201 mer-

1803 2246 1990 2302 cedem
2021 2246 2298 2315 persolvat
2343 2242 2560 2311 injurize
2592 2240 2809 2294 actori?
2854 2239 3097 2295 Tertium
3138 2239 3386 2293 ministe-

1805 2338 1949 2392 rium
1995 2345 2112 2392 erat
2158 2336 2228 2391 ob
2282 2334 2605 2389 cbaritatem
2656 2331 2981 2403 praestitum.
3033 2330 3172 2397 Quis
3218 2331 3388 2401 igitur

1808 2429 1972 2495 ﬁlius,
1997 2443 2120 2482 cum
2145 2428 2195 2483 ei
2217 2442 2418 2497 scopus
2444 2426 2537 2489 sit,
2565 2433 2622 2478 ut
2648 2425 2988 2494 complaceat
3018 2423 3181 2493 patri,
3206 2422 3387 2492 ipsum

1811 2526 1865 2580 in
1896 2526 2059 2579 rebus
2089 2522 2386 2592 majoribus
2406 2519 2592 2574 laetitia
2612 2518 2883 2581 afﬁciens,
2907 2517 3186 2572 tristitiam
3205 2516 3274 2570 ob
3299 2531 3389 2570 res

1810 2617 2019 2672 minimi
2051 2615 2309 2671 momenti
2333 2613 2527 2669 ail‘erre
2550 2612 2733 2667 volet?
2755 2610 2861 2677 Qui
2889 2610 3056 2680 igitur
3086 2608 3383 2663 maximam

1809 2708 2016 2762 violant
2046 2706 2433 2762 mandatorum
2471 2712 2704 2774 partem,
2732 2717 2842 2773 quo
2869 2703 2926 2756 in
2953 2715 3189 2756 numero
3220 2701 3387 2755 collo-

1812 2802 1926 2857 cari
1950 2798 2216 2870 cupiunt?
2244 2813 2369 2852 cum
2393 2812 2567 2867 neque
2591 2808 2651 2850 ut
2678 2794 2827 2850 Patri
2850 2795 3227 2864 obsequantur
3256 2791 3389 2858 Deo.

1812 2908 1989 2963 neque
2016 2899 2077 2946 ut
2106 2905 2301 2962 magna
2337 2888 2615 2971 pollicenti
2641 2896 2887 2958 pareant.
2924 2900 3101 2956 neque
3122 2893 3183 2939 ut
3207 2882 3393 2939 Domi-

1814 3000 1888 3040 no
1925 2983 2188 3039 serviant.

1888 3078 1975 3132 12.
2001 3074 2286 3145 Quomodo
2311 3076 2359 3130 si
2381 3075 2548 3130 vitam
2570 3074 2932 3144 voluptariam
2956 3074 3081 3129 vitae
3101 3088 3223 3143 quae
3240 3071 3396 3142 juxta

1819 3170 2076 3225 mandata
2112 3170 2352 3239 degitur,
2383 3175 2806 3236 anteponamus,
2829 3166 2956 3220 vita
2978 3164 3394 3228 beatitudinem,

1817 3273 1872 3320 et
1901 3263 2142 3319 civitatis
2175 3277 2300 3316 cum
2327 3259 2536 3315 sanctis
2558 3258 2652 3328 jus
2682 3258 2913 3327 aequale,
2945 3263 3000 3312 et
3038 3271 3163 3310 cum
3190 3255 3399 3326 angelis

1820 3357 2017 3428 gaudia
2039 3356 2094 3409 in
2116 3353 2320 3409 Christi
2349 3359 2648 3420 conspectu
2681 3349 2841 3404 nobis
2867 3348 3232 3420 pollicemur?
3258 3346 3401 3401 Sunt

1820 3449 1990 3504 animi
2022 3461 2148 3503 vere
2178 3445 2363 3500 stolidi
2397 3444 2526 3498 talia
2568 3450 2901 3496 commenta.
2949 3428 3234 3507 Quomodo
3274 3455 3398 3493 cum

1819 3538 1924 3595 Job
1955 3553 2080 3604 ero,
2127 3537 2222 3606 qui
2265 3551 2334 3591 ne
2375 3534 2711 3589 levissimam
2763 3531 2982 3601 quidem
3032 3530 3402 3585 calamitatem

1822 3648 1946 3687 cura
1983 3630 2282 3702 gratiarum
2314 3629 2531 3682 actione
2562 3624 2923 3695 pertulerim?
2951 3621 3242 3689 Quomodo
3273 3636 3400 3675 cum

1824 3722 2048 3785 Davide,
2078 3720 2173 3791 qui
2206 3719 2407 3773 leniter
2435 3733 2520 3771 me
2550 3731 2660 3769 non
2692 3714 2958 3787 gesserim
2989 3727 3116 3767 cum
3147 3711 3405 3766 adversar-

1824 3813 1948 3884 rio?
1975 3810 2260 3879 Quomodo
2286 3823 2422 3863 .cum
2454 3806 2697 3869 Daniele,
2740 3806 2835 3875 qui
2868 3803 3089 3858 assidua
3120 3801 3404 3856 abstinen-

1827 3907 1903 3960 tia
1954 3913 2006 3960 et
2035 3903 2243 3973 Lsedula
2286 3901 2616 3972 precatione
2659 3897 2829 3952 Deum
2877 3912 2986 3950 non
3016 3893 3407 3965 exquisierim?

1828 3996 2114 4065 Quomodo
2148 4011 2272 4050 cum
2304 3993 2538 4065 singulis
2568 3991 2861 4062 quibusvis
2895 3988 3129 4052 sanctis,
3160 3986 3254 4056 qui
3285 3986 3408 4039 illo-

1829 4108 1951 4145 rum
1993 4089 2223 4159 vestigia
2270 4096 2492 4142 secutus
2538 4100 2648 4139 non
2697 4082 2839 4139 sim?
2870 4081 3006 4148 Quis
3042 4078 3406 4136 certaminum

1831 4184 2036 4238 arbiter
2063 4183 2135 4235 ita
2165 4179 2364 4250 judicii
2398 4193 2598 4248 expers
2644 4183 2750 4241 cst,
2797 4182 2856 4230 ut
2898 4176 3161 4227 victorem
3193 4176 3248 4225 et
3283 4184 3408 4224 eum

1831 4276 1925 4346 qui
1968 4289 2078 4328 non
2129 4270 2449 4332 decertavit,
2501 4268 2726 4339 paribus
2776 4265 3000 4321 coronis
3047 4264 3245 4334 dignos
3290 4276 3412 4315 esse

1834 4367 2099 4424 censeat?
2126 4364 2261 4432 Quis
2297 4365 2598 4433 imperator
2638 4361 2708 4415 iis
2736 4360 2830 4428 qui
2860 4358 3110 4422 vicerint,
3144 4362 3199 4410 et
3225 4354 3292 4410 iis
3319 4353 3411 4423 qui

147 4478 332 4548 μάχης
364 4445 672 4539 ὲκάλεσενξ
700 4471 928 4541 ’Λγαθὸς
966 4473 995 4524 0
1023 4445 1188 4533 Θεὸς,
1211 4445 1346 4523 ἀλλὰ
1380 4470 1471 4522 καὶ
1503 4445 1721 4529 δίκαιος.

1837 4478 1904 4517 ne
1937 4457 2344 4529 comparuerint
2382 4453 2603 4524 quidem
2649 4452 2702 4504 in
2752 4464 2953 4520 pugna,
2996 4445 3279 4502 distribuit
3312 4460 3415 4497 un-

145 4569 373 4623 Δικαίω
411 4566 488 4631 δὲ,
537 4568 570 4636 ἡ
611 4565 746 4636 πρὸς
787 4564 942 4629 ἀξίαν
988 4562 1276 4625 ἀντίδοσις,
1323 4561 1500 4622 καθὼς
1528 4561 1731 4629 γέγρα-

149 4678 314 4715 πται·
364 4659 719 4728 Ἀτάθυνον,
769 4657 965 4724 Κύριε,
1018 4654 1141 4719 τοῖς
1178 4652 1443 4723 ἀγαθοῖς.
1487 4652 1629 4717 Τοὺς
1665 4651 1735 4703 δὲ

148 4750 550 4814 ἐκκλίνον-τας
571 4751 657 4813 εὶς
686 4748 793 4812 τὰς
818 4744 1242 4814 στραγγαλιὰς,
1270 4743 1484 4808 ἀπάξει
1517 4742 1735 4810 Κύριος

143 4841 303 4914 μετὰ
349 4839 467 4893 τῶν
510 4838 912 4908 ἐργαζομένων
957 4836 1072 4904 τὴν
1113 4837 1389 4905 ἀνομίαν.
1434 4836 1734 4905 Ἑλεήμων,

151 4931 296 4985 ἀλλά
324 4932 417 4984 καὶ
449 4930 665 5000 κριτής.
709 4929 921 4999 Ἀγαπᾷ
950 4927 1058 4998 γὰρ
1090 4926 1457 4998 ἐλεημοσύνην
1485 4926 1579 4978 καὶ
1620 4924 1740 4995 κρί-

155 5043 244 5078 σιν
279 5025 310 5076 0
330 5022 552 5094 Κύριος.
585 5020 826 5090 Ἔμαθες
852 5021 942 5073 ἐπὶ
968 5019 1121 5082 τίνας
1142 5017 1202 5071 τὸ
1226 5017 1405 5082 ἕλεος;
1429 5015 1736 5084 Μακάριοι,

155 5116 370 5185 φησὶν,
419 5116 471 5167 οἱ
523 5112 883 5181 ἐλεήμονες,
930 5111 1018 5163 ὅτι
1060 5109 1229 5163 αὐτοὶ
1286 5107 1735 5175 ἐλεηθήσονται.

170 5208 359 5279 Ὁρᾷς,
413 5206 529 5268 πῶς
583 5203 920 5275 κεκριμένως
980 5202 1245 5273 κέχρηται
1286 5200 1364 5271 τῷ
1403 5199 1569 5270 ἐλέῳ,
1619 5196 1742 5251 οὔτε

158 5301 404 5371 ἀκρίτως
460 5297 647 5361 ἐλεῶν,
689 5294 810 5349 οὔτε
860 5295 1101 5364 ἀνηλεῶς
1157 5293 1392 5364 κρίνων;
1445 5289 1747 5361 Ἐλεήμων

236 5457 276 5485 ¹¹
309 5452 454 5508 Psal.
489 5469 601 5517 (ιιι,
636 5454 686 5507 Ι.

1838 4568 2001 4623 quam
2051 4550 2314 4620 atqualem
2362 4546 2662 4616 spoliorum
2700 4539 2953 4612 partem?
3006 4538 3147 4593 Deus
3192 4535 3413 4606 quidem

1840 4648 2018 4701 bonus
2048 4652 2153 4708 est,
2184 4643 2278 4697 sed
2305 4650 2388 4695 est
2415 4652 2634 4708 quoque
2664 4634 2870 4704 justus.
2912 4630 3057 4687 Justi
3102 4638 3283 4684 autem
3331 4635 3417 4683 est

1839 4750 2193 4793 remunerare
2225 4748 2325 4803 pro
2357 4731 2575 4791 merito,
2615 4727 2758 4782 sicut
2803 4725 3071 4795 scriptum
3108 4729 3218 4778 est:
3256 4719 3420 4774 Bene-

1843 4828 1951 4897 fac,
1992 4825 2235 4887 Domine,
2269 4820 2442 4873 bonis.
2480 4816 2818 4871 Declinantes
2844 4824 3018 4865 autem
3049 4812 3103 4863 in
3141 4806 3420 4877 obligatio-

1845 4936 1959 4981 ncs,
2017 4915 2240 4969 adducet
2290 4910 2549 4965 Dominus
2602 4924 2718 4961 cum
2755 4902 3115 4974 :operantibus
3162 4898 3419 4969 iniquita-

1849 5023 1950 5065 tem
1982 5008 2045 5059 ι’.
2076 5004 2390 5059 Misericors
2417 5001 2638 5070 quidem
2664 5004 2766 5060 est,
2808 4995 2899 5050 sed
2934 5004 2987 5048 et
3017 4992 3200 5063 judex.
3234 4988 3421 5058 Diligit

1847 5103 2007 5161 enim,
2037 5095 2234 5166 inquit,
2261 5089 2682 5146 misericordiam
2703 5096 2749 5140 et
2779 5085 3042 5154 judicium
3075 5080 3330 5135 Dominus
3356 5078 3418 5131 “.

1852 5187 2173 5243 Didii-istinc
2200 5184 2424 5254 quinam
2450 5182 2584 5246 sint,
2618 5177 2777 5249 513
2806 5189 3038 5246 quorum
3061 5173 3375 5226 misereatur
3401 5169 3425 5223 ?

1858 5286 2033 5350 Beati,
2064 5282 2262 5352 inquit,
2292 5278 2677 5338 misericordes,
2705 5273 2953 5345 quoniam
2983 5271 3086 5339 ipsi
3126 5267 3415 5322 misericor-

766 5453 807 5482 ¹¹
836 5451 965 5505 ibid.
1047 5450 1089 5481 ³³
1137 5448 1280 5504 Psal.
1318 5462 1495 5502 cxxtv.
1531 5446 1641 5500 0-5.
1727 5404 1957 5500 ιιλδειιι.
1996 5455 2168 5502 xxxu,
2204 5438 2257 5490 5.

239 5635 317 5702 (1)
356 5633 695 5699 Μενούσης.
739 5629 915 5702 Minus
961 5626 1248 5702 commode
1276 5626 1433 5683 deest
1458 5639 1521 5680 ea
1553 5639 1660 5680 vox
1690 5623 1745 5679 in
1786 5628 2045 5677 contextu
2078 5616 2283 5675 Basilii.
2312 5611 2514 5671 Ibidem
2580 5608 2812 5681 legimus
2848 5613 2903 5661 ut
2943 5603 2999 5659 in
3030 5608 3289 5658 contextu
3347 5593 3427 5670 τῷ

163 5698 512 5776 κεκτημένῳ.
543 5698 706 5769 Editi,
739 5701 844 5753 τῶν
876 5698 1246 5771 κεκτημένων.
