3840 6226
469 272 606 331 1915

1337 277 1698 335 ΑΡΡΕΝῡῖΧ.
1717 311 1790 322 -ο
1829 283 2166 340 SYiiEONlS
2203 285 2742 342 METAPURASTIE

3612 286 3744 342 1216

467 386 613 440 diam
643 399 1025 466 consequentur
1059 391 1123 442 η.
1155 388 1316 447 Vides
1349 408 1510 461 quam
1552 393 1899 452 considerate
1929 409 2050 453 uta-

2164 401 2262 472 γὰρ
2301 406 2332 455 ό
2374 404 2590 470 Κύριος
2641 401 2740 456 καὶ
2791 401 3040 466 δίκαιος.
3096 401 3185 471 Μὴ
3232 395 3326 453 οὖν
3376 398 3436 462 ἐξ
3482 401 3744 468 ἡμισείας

471 489 562 531 tur
592 479 1010 536 misericordia?
1045 481 1234 554 Neque
1261 484 1400 538 citra
1429 485 1699 555 judicium
1735 491 2049 548 misericors

467 577 576 633 est,
610 583 790 639 neque
819 569 1036 640 judieat
1068 575 1208 627 citra
1240 575 1699 632 misericordiam.
1745 578 2050 636 Misericors

468 661 618 714 enim
667 661 928 718 Dominus
983 676 1032 718 et
1076 665 1260 734 justus
1289 669 1354 720 ".
1409 667 1487 724 Ne
1536 669 1704 741 igitur
1733 671 1956 726 dimidia
1986 688 2051 727 ex

473 763 626 821 parte
673 753 964 810 Dominum
1003 773 1424 829 cognoscamus,
1463 776 1642 831 neque
1676 762 1853 831 ipsius
1897 763 2048 818 beni-

473 841 657 908 gnitas
686 843 914 914 ignaviae
933 847 1094 903 nobis
1117 850 1338 904 occasio
1359 851 1449 905 sil.
1482 850 1607 905 Ideo
1639 853 1902 916 tonitrua,
1933 853 2054 908 ideo

474 933 728 1000 fulmina,
767 943 827 990 ut
861 952 930 991 ne
957 949 1342 995 contemnatur
1373 942 1611 998 bonitas.
1645 943 1750 1009 Qui
1797 944 1965 999 efﬁcit
1995 951 2054 998 ut

475 1026 560 1080 sol
584 1027 795 1082 oriatur
824 1031 888 1094 ",
941 1031 1058 1100 ipse
1106 1034 1270 1088 etiam
1314 1037 1560 1090 caecitate
1611 1037 1805 1090 multat
1839 1037 1902 1090 ⁸⁸.
1951 1035 2055 1103 Qui

476 1117 709 1173 imbrem
761 1121 854 1175 dat
890 1122 956 1186 υ,
996 1124 1161 1178 etiam
1193 1125 1371 1194 ignem
1402 1125 1542 1196 pluit
1585 1128 1653 1182 '°.
1689 1127 1786 1182 illa
1819 1127 2056 1182 elemen-

477 1209 632 1274 tiam,
681 1210 796 1265 haec
838 1213 1186 1269 severitatem
1237 1213 1500 1270 indicant.
1549 1215 1658 1269 Aut
1711 1223 1935 1286 propter
1963 1215 2056 1270 illa

476 1303 807 1374 diligamus,
843 1315 938 1360 aut
985 1317 1208 1378 propter
1235 1308 1352 1364 haec
1401 1309 1728 1373 timeamus,
1781 1326 1851 1364 ne
1899 1309 2056 1364 nobis

476 1409 695 1465 qquue
725 1398 940 1453 dicatur
965 1419 977 1454 :
1011 1401 1094 1453 An
1119 1399 1338 1455 divitias
1373 1401 1626 1455 bonitatis
1657 1401 1773 1469 ejus
1799 1411 1849 1455 et
1874 1401 2058 1471 longa-

475 1485 738 1540 nimitatis
769 1491 1082 1554 contemnis,
1111 1492 1362 1560 ignorans
1386 1490 1526 1561 quod
1553 1493 1850 1562 benignitas
1871 1491 1968 1546 Dei
1989 1489 2058 1544 ad

473 1585 835 1651 pmnitentiam
855 1596 902 1641 te
915 1587 1057 1641 ducit
1074 1591 1099 1644 ?
1116 1588 1414 1643 Secundum
1429 1589 1872 1644 autemduritiam
1889 1599 2056 1653 tuam,

477 1689 526 1730 et
575 1677 901 1745 impienitens
962 1697 1074 1744 cor,
1134 1681 1465 1734 thesaurizas
1529 1682 1624 1734 tibi
1686 1685 1824 1735 iram
1868 1683 1923 1736 in
1975 1681 2060 1734 die

2152 493 2244 547 τὸν
2291 493 2493 565 Κύριον
2538 495 2928 566 γνωρίζωμεν,
2980 491 3117 564 μηδὲ
3157 491 3408 562 ἀφορμὴν
3469 490 3743 562 ῥᾳθυμίας

2152 587 2252 656 τὴν
2301 587 2467 640 αὐτοῦ
2517 585 2924 658 φιλανθρωπίαν
2991 583 3374 656 λαμϐάνωμεν.
3429 580 3534 634 Διὰ
3594 580 3742 634 τοῦτο

2157 677 2396 750 βρονταὶ,
2447 679 2538 733 διὰ
2581 679 2739 732 τοῦτο
2790 679 3060 749 κεραυνοὶ,
3095 676 3182 729 ἵνα
3223 674 3298 746 μὴ
3329 671 3741 744 καταφρονῆται

2156 771 2188 838 ὴ
2236 769 2525 839 ἁγαθότης.
2569 770 2627 823 '0
2667 769 2759 822 τὸν
2802 769 2952 838 ἥλιον
2998 767 3322 831 ἀνατέλλων,
3357 766 3454 818 καὶ
3477 763 3740 832 emacem

2155 861 2525 925 καταδικάζει.
2580 862 2638 914 '0
2662 862 2755 915 τὸν
2783 861 2987 934 ὄμϐρον
3027 861 3220 924 διδοὺς,
3255 859 3350 913 καὶ
3384 859 3447 911 τὸ
3473 857 3596 928 πῦρ
3627 856 3742 926 βρέ-

2156 970 2261 1023 χει.
2303 954 2515 1007 Ἐκεῖνα
2568 955 2666 1024 τῆς
2713 953 3108 1024 χρηστότητος,
3157 951 3330 1004 ταῦτα
3389 949 3490 1018 τῆς
3541 948 3738 1001 ἀποτο-

2159 1046 2308 1115 μίας.
2337 1046 2408 1098 Ἢ
2439 1045 2505 1098 δι’
2538 1047 2721 1098 ἐκεῖνα
2749 1045 3144 1115 ἀγαπήσωμεν,
3179 1043 3212 1114 ἢ
3251 1041 3339 1095 διὰ
3368 1039 3546 1094 ταῦτα
3579 1037 3740 1107 9061;-

2157 1135 2338 1204 θῶμεν
2370 1134 2467 1206 (5),
2499 1135 2584 1188 ἵνα
2627 1134 2702 1206 μὴ
2747 1134 2885 1205 ῥηθῇ
2919 1135 3013 1188 καὶ
3044 1135 3206 1204 ήμῖνο
3243 1134 3311 1188 Ἠ
3331 1130 3440 1185 τοῦ
3471 1129 3740 1184 πλούτου

2156 1223 2266 1292 τῆς
2311 1227 2720 1295 χρηστότητος
2767 1225 2952 1279 αὑτοῦ
3009 1226 3110 1278 καὶ
3171 1221 3280 1291 τῆς
3326 1219 3741 1292 μακροθυμίας

2157 1315 2570 1383 καταφρονεῖς,
2600 1313 2855 1385 ἀγνοῶν,
2895 1313 2985 1368 ὅτι
3029 1315 3095 1367 τὸ
3143 1313 3412 1382 χρηστὸν
3443 1311 3556 1364 τοῦ
3597 1309 3742 1364 Θεοῦ

2157 1409 2245 1472 εὶς
2271 1405 2594 1476 μετάνοιάν
2625 1424 2699 1461 σε
2726 1407 2890 1478 ἄγευ
2922 1406 3086 1460 Κατὰ
3120 1405 3189 1460 δὲ
3219 1405 3335 1473 τὴν
3357 1400 3742 1470 σκληρότητὰ

2159 1513 2296 1560 σου,
2327 1499 2426 1552 καὶ
2459 1500 2866 1568 ἀμετανόητον
2909 1498 3183 1567 καρδίαν,
3228 1493 3611 1564 θησαυρίζεις
3641 1509 3740 1547 σε-

2158 1587 2318 1654 αυτῷ
2351 1589 2538 1659 ὀργὴν
2561 1592 2632 1642 ἐν
2662 1589 2847 1660 ἡμέρᾳ
2881 1589 3084 1660 ὀργῆς.
3119 1589 3185 1642 Τί
3221 1589 3280 1641 δέ
3331 1606 3421 1658 μοι
3459 1587 3520 1640 τδ
3553 1585 3741 1656 δφελος

2161 1679 2269 1732 τῶν
2307 1681 2481 1734 ἄλλων
2515 1682 2985 1754 κατορθωμάτων,
3028 1684 3076 1735 εἰ
3124 1681 3394 1752 μέλλοιμι,
3435 1680 3627 1750 μωρὸν
3665 1680 3739 1736 εῖ-

475 1769 574 1822 ὅναι
606 1769 670 1823 ³⁸.
705 1769 780 1840 (1)
815 1769 1023 1841 Ecquid
1043 1772 1491 1842 mihiprodcrunt
1512 1779 1706 1828 exntera
1727 1782 1873 1828 recte
1890 1773 2054 1837 facta,

2164 1771 2281 1824 πὼν
2315 1773 2404 1826 τὸν
2434 1774 2682 1843 ἀδελφὸν,
2701 1773 2882 1845 ἔνοχος
2910 1771 3159 1842 γενέσθαι
3187 1776 3253 1844 τῇ
3283 1773 3510 1844 γεέννῃ;
3535 1771 3608 1823 Τί
3639 1771 3740 1839 γὰρ

479 1863 523 1916 si
554 1869 838 1931 propterea
874 1862 1021 1932 quod
1055 1862 1277 1918 fratrem
1312 1863 1519 1919 fatuum
1551 1866 1921 1936 appellavero,
1953 1867 2056 1920 sim

479 1951 741 2020 gehenna:
765 1953 1105 2009 addiceudus
1127 1957 1150 2008 ει
1175 1955 1348 2021 Quam
1382 1958 1529 2010 enim
1559 1957 1848 2010 utilitatem
1881 1957 2054 2026 perci-

479 2044 558 2112 pit
581 2043 674 2112 qtti
711 2059 741 2096 a
793 2045 982 2099 multis
1031 2046 1168 2099 liber
1197 2053 1303 2111 est,
1335 2046 1380 2098 si
1417 2047 1501 2100 vel
1549 2062 1659 2100 uno
1689 2048 1952 2114 redigitur
2002 2047 2058 2100 in

479 2135 843 2188 servitutem?
877 2135 985 2200 Qui
1023 2137 1192 2200 enim,
1223 2137 1422 2206 inquit,
1461 2137 1590 2206 facit
1620 2147 1910 2207 peccatum,
1941 2154 2056 2191 ser-

479 2242 568 2280 uus
595 2235 670 2278 est
689 2227 890 2292 peccati
906 2229 970 2280 ”.
997 2228 1136 2292 Quid
1153 2228 1316 2280 etiam
1336 2229 1591 2298 cuiquam
1611 2228 1836 2298 prodest
1854 2229 2056 2283 multo-

478 2333 602 2371 rum
657 2321 974 2374 morborum
1022 2335 1146 2374 esse
1187 2329 1494 2389 expertem,
1542 2321 1589 2376 si
1637 2321 1813 2390 ipsius
1855 2337 2056 2390 corpus

481 2413 563 2466 vel
596 2412 664 2464 ab
699 2427 810 2465 uno
849 2411 1042 2466 morbo
1085 2412 1602 2484 corrumpiturilﬂ)
1633 2413 1736 2478 Qui
1788 2413 1932 2466 enim
1962 2430 2057 2466 vo-

482 2503 746 2555 luntatem
782 2499 875 2555 Dei
909 2499 1062 2567 facit,
1093 2500 1188 2554 sed
1223 2517 1329 2553 non
1364 2511 1420 2554 ut
1451 2503 1566 2555 vult
1597 2501 1759 2566 Deus,
1795 2519 1971 2571 neque
2003 2505 2057 2554 in

481 2590 676 2644 aﬂectu
703 2590 906 2646 amoris
923 2606 1050 2658 erga
1078 2589 1244 2643 Deum
1276 2590 1328 2643 id
1359 2591 1508 2654 facit,
1531 2594 1722 2646 inutile
1748 2593 1906 2646 habet
1929 2609 2061 2662 ope-

477 2683 560 2738 ris
587 2681 864 2736 studium:
899 2694 1024 2732 nam
1057 2684 1151 2742 ait,
1185 2679 1349 2732 Amen
1389 2681 1508 2733 dico
1549 2680 1714 2744 vobis,
1753 2683 1877 2750 quia
1917 2697 2060 2734 rece-

484 2782 669 2828 verunt
701 2771 983 2826 mercedem
1009 2787 1160 2824 suam
1191 2771 1253 2822 ³³.
1281 2771 1356 2840 (5)
1391 2769 1576 2839 itaque
1603 2773 1791 2840 prima:
1819 2780 1925 2826 tuae
1949 2772 2058 2824 ori-

483 2867 627 2938 ginis
659 2867 703 2920 si
733 2879 941 2918 memor
977 2880 1084 2916 non
1137 2879 1219 2925 es,
1254 2879 1287 2915 o
1336 2865 1518 2924 homo,
1549 2879 1614 2916 ex
1646 2864 1924 2932 persoluto
1960 2879 2061 2933 pro

484 2972 537 3013 te
573 2959 749 3028 pretio
779 2959 1020 3026 aliquam
1059 2956 1344 3026 dignitatis
1387 2963 1493 3009 tua:
1527 2958 1806 3012 notionem
1848 2961 2058 3028 accipe,

485 3051 551 3106 ad
575 3051 807 3120 pretium
838 3049 972 3102 illud
999 3064 1110 3117 quo
1135 3056 1508 3104 commutatus
1533 3063 1591 3102 cs
1620 3050 1850 3118 respice,
1883 3058 2060 3103 tuam-

485 3158 591 3211 que
629 3153 865 3210 agnosce
903 3139 1244 3210 dignitatem.
1284 3139 1508 3208 Emptus
1557 3155 1616 3194 es
1661 3141 2060 3210 pretiosissimo

487 3233 582 3287 Dei
612 3232 908 3303 sanguine,
943 3231 1150 3300 peccati
1174 3247 1243 3286 ne
1276 3232 1372 3285 tias
1397 3247 1612 3286 servus.
1645 3230 1890 3303 lntellige
1913 3245 2058 3288 tuam

489 3323 882 3393 praestantiam,
908 3333 970 3375 ut
995 3336 1062 3375 ne
1089 3321 1356 3390 jumentis
1381 3321 1768 3390 insipientibus
1791 3324 2061 3378 assimile-

488 3419 586 3472 ris.
617 3415 904 3482 Quomodo
931 3415 1077 3469 enim
1117 3430 1236 3478 vos,
1271 3415 1364 3484 qui
1395 3415 1586 3470 stultis
1623 3416 2063 3486 perniciosisque

487 3508 950 3579 concupiscentiis
985 3509 1204 3562 servitis
1232 3509 1378 3563 velut
1415 3509 1710 3578 mancipia,
1754 3510 1928 3565 servis
1962 3511 2064 3564 im-

489 3606 749 3676 perabitis
765 3603 808 3656 ?'
837 3602 1124 3669 Quomodo
1154 3604 1356 3658 liberos
1386 3616 1603 3660 vestros
1635 3615 1786 3659 recte
1807 3605 2064 3661 institue-

489 3703 582 3761 tis,
611 3695 706 3766 qui
735 3704 1013 3766 expertem
1050 3696 1356 3763 disciplina:
1384 3705 1437 3750 et
1463 3696 1675 3751 ordinis
1703 3700 1866 3750 vitam
1913 3699 2064 3768 degi-

491 3791 596 3846 tis?
634 3788 701 3844 Ut
745 3791 884 3842 enim
921 3789 1046 3842 milii
1081 3786 1336 3840 incumbit
1377 3789 1684 3852 necessitas,
1729 3797 1780 3842 et
1821 3807 1897 3843 vit:
1937 3791 2066 3844 mihi

489 3895 590 3946 est,
615 3892 674 3936 ut
696 3882 773 3936 ait
797 3881 1116 3946 Apostolus,
1151 3881 1254 3934 nisi
1283 3883 1702 3951 evattgclizat'cro
1727 3883 1792 3947 ’⁵,
1824 3891 1876 3938 et
1901 3883 2066 3951 justi-

492 3977 622 4031 tiam
645 3973 740 4028 Dei
768 3981 928 4027 nocte
949 3973 1146 4042 dieque
1167 3972 1323 4026 vobis
1347 3975 1766 4028 auuuntiavero.
1799 3975 1876 4027 lta
1901 3976 2064 4030 etiam

491 4066 647 4120 vobis
681 4079 778 4134 par
817 4065 1147 4133 perieulum,
1192 4063 1236 4118 si
1275 4065 1356 4117 vel
1393 4063 1616 4118 desidia:
1651 4080 1746 4118 vos
1780 4065 2065 4130 dederitis,

491 4159 578 4212 vel
609 4157 836 4212 remisse
877 4163 930 4210 et
972 4156 1246 4210 dissolute
1284 4157 1337 4209 in
1377 4158 1444 4210 iis
1481 4172 1603 4226 qua:
1651 4158 1808 4213 vobis
1843 4159 2068 4212 tradun-

494 4257 585 4302 tur
615 4257 728 4301 tum
766 4246 1090 4308 retinendis,
1122 4255 1236 4298 tum
1286 4263 1450 4315 opere
1491 4248 1830 4316 complendis
1881 4265 2066 4305 verse-

494 4345 648 4399 tnini.
695 4341 876 4396 Sermo
905 4341 1048 4395 enim
1079 4357 1228 4410 quem
1262 4341 1466 4394 locutus
1506 4359 1644 4403 sum,
1674 4343 1750 4396 ait
1782 4343 2063 4408 Dominus,

2089 3101 2136 3164 ϐ

2159 1862 2348 1930 ὄφελος
2379 1865 2477 1934 τῆς
2505 1865 2612 1918 ἀπὸ
2649 1865 2756 1918 τῶν
2786 1865 2997 1918 πολλῶν
3041 1863 3353 1935 ἐλευθερίας
3384 1862 3462 1933 τῷ
3504 1861 3602 1930 ὑφ’
3629 1861 3741 1922 ἑνὸς

2160 1957 2514 2027 κρατουμένῳ
2570 1959 2651 2022 εἰς
2692 1957 2969 2023 δουλείαν;
3015 1959 3070 2010 Ὁ
3128 1957 3237 2028 γὰρ
3297 1955 3521 2020 ποιῶν,
3581 1953 3736 2024 φησι.

2158 2047 2275 2116 τὴν
2305 2049 2616 2118 ἁμαρτίαν,
2661 2049 2884 2116 δοῦλός
2927 2049 3058 2102 ἐστι
3101 2047 3212 2116 τῆς
3243 2047 3555 2116 ἁμαρτίας.
3593 2047 3657 2098 Ti
3684 2044 3738 2097 δὲ

2159 2140 2348 2212 κέρδος
2378 2141 2479 2211 τῆς
2505 2144 2564 2195 ἐν
2599 2141 2812 2206 πολλοῖς
2854 2142 3120 2206 ἀπαθείας
3151 2141 3229 2211 τῷ
3258 2142 3347 2210 ὑφ’
3383 2140 3504 2203 ἑνὸς
3537 2137 3735 2198 πάθους

2159 2230 2498 2300 φθειρομένῳ
2535 2231 2596 2283 τὸ
2641 2230 2835 2300 adipe;
2877 2231 2934 2284 Ὀ
2963 2229 3071 2302 γὰρ
3106 2230 3168 2283 τὸ
3213 2229 3424 2301 θέλημα
3465 2227 3564 2281 τοῦ
3609 2226 3734 2279 Θεοῦ

2157 2319 2544 2390 ἐργαζόμενος,
2578 2319 2651 2390 μὴ
2677 2319 2857 2383 καθὼς
2881 2319 2939 2372 δὲ
2970 2319 3114 2372 θέλει
3143 2322 3171 2372 6
3196 2318 3346 2382 Θεὸς,
3384 2317 3522 2388 μηδὲ
3549 2319 3610 2370 ἐν
3635 2316 3738 2369 δια-

2159 2412 2302 2464 θέσει
2331 2411 2429 2482 τῆς
2465 2411 2598 2482 πρὸς
2629 2411 2762 2465 Θεὸν
2810 2413 3030 2482 ἀγάπης
3071 2411 3228 2464 τοῦτο
3260 2409 3449 2474 ποιῶν,
3485 2409 3736 2478 ἀνόνητον

2158 2504 2270 2573 ἔχει
2329 2505 2428 2574 τὴν
2473 2503 2666 2557 τούτου
2715 2504 2970 2575 σπουδήν.
3015 2503 3191 2573 Ἀμὴν
3224 2503 3330 2572 γὰρ
3381 2501 3540 2572 λέγω
3577 2499 3732 2570 ὑμῖν.

2160 2598 2346 2668 φησιν,
2379 2596 2467 2649 ὅτι
2509 2597 2806 2666 ἀπέχουσι
2847 2603 2952 2650 τὸν
2989 2598 3211 2666 μισθὸν
3246 2594 3466 2650 αὐτῶν.
3509 2595 3737 2662 Τοιγαρ-

2159 2689 2273 2750 οῦν,
2311 2691 2359 2740 εἰ
2397 2689 2470 2760 μὴ
2501 2689 2599 2760 τῆς
2636 2688 2856 2760 πρώτης
2891 2688 3114 2742 σεαυτοῦ
3143 2687 3428 2756 γενέσεως,
3465 2685 3734 2757 ἄνθρωπε,

2165 2782 2458 2850 μέμνησαι,
2525 2781 2589 2832 ὲκ
2636 2781 2736 2850 τῆς
2761 2751 3218 2849 ’καταϐληθείσης
3263 2778 3404 2850 ὑπὲρ
3445 2777 3540 2830 σοῦ
3576 2775 3734 2846 τιμῆς

2161 2872 2290 2924 λάϐε
2328 2873 2450 2924 τινὰ
2489 2870 2583 2924 τοῦ
2637 2870 2944 2942 ἀξιώματος
2995 2872 3232 2926 ἔννοιαν
3289 2869 3597 2938 ἀπόϐλεψον
3643 2885 3732 2920 σου

2163 2962 2300 3032 πρὸς
2329 2962 2390 3014 τὸ
2421 2962 2793 3033 ἀντάλλαγμα,
2828 2964 2922 3016 καὶ
2972 2963 3139 3031 γνῶθι
3175 2962 3401 3016 σεαυτοῦ
3434 2962 3534 3032 τὴν
3562 2959 3730 3024 ἀξίαν.

2165 3051 2254 3123 Τῷ
2301 3053 2649 3124 πολυτιμήτω
2700 3054 2894 3123 αἵματι
2945 3054 3038 3106 τοῦ
3089 3053 3223 3106 θεοῦ
3265 3051 3609 3124 ὴγοράσθὴΓ
3660 3050 3730 3120 μὴ

2163 3145 2313 3214 γίνου
2349 3145 2529 3208 δοῦλος
2562 3146 2659 3216 τῆς
2702 3146 2996 3217 ἁμαρτίας.
3039 3145 3202 3210 Σύνες
3249 3144 3481 3198 σεαυτοῦ
3521 3145 3617 3212 τῆς
3660 3160 3732 3194 τι-

2168 3237 2293 3306 μῆς,
2345 3237 2431 3288 ἵνα
2488 3237 2561 3307 μὴ
2614 3236 2990 3308 παρεικασθῇς
3036 3240 3148 3300 τοῖς
3191 3238 3440 3307 ἀνοήτοις
3498 3239 3728 3304 κτήνεσι.

2166 3328 2290 3390 Πῶς
2337 3327 2442 3399 γὰρ
2487 3327 2596 3380 τῶν
2651 3328 2875 3382 οἰκετῶν
2925 3328 3139 3399 ἄρξετε,
3200 3328 3355 3380 αὐτοὶ
3401 3325 3732 3387 δουλεύοντες

2165 3421 2482 3491 ἐπιθυμίαις
2523 3421 2766 3490 ἀνοήτοις
2797 3420 2891 3473 καὶ
2937 3420 3244 3492 βλαϐεραῖς,
3289 3420 3367 3484 ὼς
3403 3419 3730 3492 ἀνδράποδα,

2165 3509 2289 3572 Πῶς
2323 3512 2448 3574 τοὺς
2480 3511 2673 3574 παῖδας
2701 3511 3070 3583 νουθετήσετε,
3097 3512 3454 3582 ἀνουθέτητον
3479 3512 3620 3583 ζωὴν
3649 3513 3734 3564 καὶ

2165 3600 2486 3656 ἀδιάτακτον
2517 3603 2750 3668 ζῶντες;
2783 3605 3005 3672 ’Ὠσπερ
3033 3606 3142 3674 γὰρ
3181 3603 3308 3674 ἐμοὶ
3348 3604 3584 3674 ἀνάγκη
3612 3605 3726 3657 ἐπει

2166 3710 2372 3759 κειται,
2421 3695 2519 3748 καὶ
2556 3697 2692 3748 οὐαί
2717 3713 2820 3764 μοι
2858 3696 3052 3760 ἐστὶν,
3105 3696 3213 3750 ἐὰν
3235 3697 3322 3766 μὴ
3367 3695 3733 3766 εὐαγγυλιζω-

2162 3803 2288 3854 μαι,
2311 3786 2404 3839 καὶ
2437 3787 2752 3855 ἀναγγέλλω
2782 3787 2852 3840 τὰ
2881 3787 3225 3856 δικαιώματα
3255 3787 3350 3840 τοῦ
3382 3788 3521 3841 Θεοῦ
3555 3789 3733 3848 vum/6;

2165 3893 2224 3928 τε
2254 3876 2347 3928 καὶ
2373 3878 2604 3948 ἡμέρας,
2637 3877 2776 3930 κατά
2807 3876 2897 3930 τὸν
2936 3876 3283 3930 Ἀπόστολον·
3317 3877 3464 3930 οὕτω
3499 3877 3593 3931 καὶ
3617 3879 3734 3946 ὑμῖν

2169 3965 2280 4030 ἴσος
2323 3969 2352 4020 ὁ
2391 3966 2561 4036 ἁγὼν,
2607 3968 3150 4040 ἀπορρᾳθυμήσασιν,
3199 3967 3231 4039 ἦ
3275 3968 3484 4032 ἀτόνως
3523 3969 3618 4022 καὶ
3655 3971 3735 4020 ὲκ-

2167 4059 2472 4130 λελυμένως
2514 4061 2649 4132 πρός
2682 4077 2741 4113 τε
2786 4061 2884 4132 τὴν
2933 4061 3180 4132 φυλακὴν
3218 4061 3328 4113 τῶν
3375 4061 3736 4132 παραδεδομέ-

2168 4169 2274 4204 νων
2323 4153 2416 4205 xui.
2459 4154 2556 4222 τὴν
2595 4153 2682 4206 διὰ
2721 4153 2831 4206 τῶν
2874 4153 3050 4224 ἔργων
3094 4153 3376 4224 πλήρωσιν
3402 4152 3732 4208 διατεθεῖσιν.

2181 4244 2234 4294 ’0
2265 4245 2446 4313 λόγος
2475 4245 2582 4316 γὰρ
2613 4243 2684 4297 ὃν
2706 4244 3005 4312 ἐλάλησα,
3026 4247 3190 4316 φησιν
3206 4248 3235 4299 6
3269 4244 3495 4316 Κύριος.
3519 4245 3734 4308 ἐκεῖνος

2171 4335 2362 4401 κρινεῖ
2390 4336 2497 4388 τὸν
2539 4339 2774 4404 κόσμον
2809 4336 2880 4389 ἐν
2913 4335 2986 4404 τῇ
3009 4335 3239 4406 ἐσχάτῃ
3269 4337 3482 4404 ιἰμέρᾳ.
3515 4337 3626 4390 Ἀεὶ
3645 4337 3732 4407 μὲν

495 4430 863 4502 illejudicabit
891 4428 1143 4482 mundum
1173 4431 1229 4482 in
1262 4439 1496 4482 extrema
1523 4429 1606 4483 die
1631 4432 1700 4484 “.
1737 4431 1811 4502 (4)
1845 4431 2059 4503 Semper

2172 4427 2280 4496 γὰρ
2311 4424 2593 4496 ἐπιθυμῶν
2620 4427 2713 4480 τοῦ
2745 4427 2934 4494 καλοῦ,
2977 4427 3062 4480 ἀεὶ
3113 4427 3170 4480 δὲ
3220 4428 3613 4497 ἀποτυγχάνων
3647 4427 3730 4480 αὖ·

495 4527 639 4579 enim
681 4521 824 4593 quod
860 4520 1060 4574 bonum
1101 4531 1188 4574 est
1229 4521 1480 4590 cupiens,
1520 4522 1590 4575 ab
1635 4537 1810 4593 eoque
1854 4539 2070 4594 semper

497 4619 783 4678 aberrans,
819 4613 1022 4666 nullam
1069 4611 1227 4665 aliam
1276 4627 1496 4680 possum
1531 4629 1722 4667 eorum
1764 4630 1884 4682 qua:
1933 4615 2070 4669 ﬁunt

495 4721 719 4761 causam
748 4704 1012 4765 invenire,
1058 4703 1161 4756 nisi
1194 4707 1336 4772 quod
1385 4719 1712 4774 persuasum
1742 4705 1941 4769 habeo,
1984 4724 2072 4762 me

495 4807 742 4854 veterum
780 4804 1132 4866 peccatorum
1179 4810 1372 4864 pinnas
1421 4798 1754 4866 persolvere.
1795 4797 1866 4852 Ut
1903 4799 2070 4870 igitur

499 4895 736 4950 scientes
795 4888 1022 4944 adversa
1073 4887 1250 4942 fronte
1303 4891 1464 4944 nobis
1519 4890 1718 4944 divinae
1772 4891 2070 4961 Scriptura}

470 4997 804 5045 'scrmones,
839 4995 938 5050 pro
969 4978 1229 5032 tribunali
1261 4979 1466 5033 Christi
1500 4981 1814 5049 Oppositum
1853 4981 1953 5048 iri;
1995 4983 2068 5036 ita

498 5087 552 5131 et
593 5075 660 5130 iis
699 5086 820 5142 qua:
857 5070 1133 5132 dicuntur,
1177 5083 1387 5123 summa
1417 5084 1540 5123 cum
1572 5069 1849 5140 vigilantia
1885 5077 2064 5125 atten-

499 5171 714 5229 damus,
741 5173 794 5220 et
829 5162 896 5218 ad
927 5177 1062 5232 Opus
1093 5160 1393 5231 perducere
1425 5161 1608 5216 divina
1640 5169 1907 5232 praicepta
1937 5177 2060 5216 cum

571 5330 612 5359 ’⁵
649 5325 838 5380 Matth.
871 5340 923 5387 v,
951 5325 1002 5378 '7.

500 5401 540 5430 ²¹
577 5399 734 5452 Rom.
769 5412 832 5460 ιι,
855 5395 908 5458 4,
939 5395 994 5448 5.

577 5581 650 5659 (1)
687 5578 1013 5659 §§_Regulis
1042 5578 1210 5648 fusius
1252 5581 1516 5642 tractatis,
1544 5581 1666 5635 δὶς).

577 5650 651 5718 (2t
687 5648 819 5702 lhid.
880 5648 890 5650 ’

579 5719 655 5788 (5)
687 5717 762 5772 Ex
799 5719 946 5774 hom.
981 5720 1034 5772 in
1068 5717 1206 5787 psal.
1241 5734 1430 5786 XLVIII,
1464 5719 1582 5777 l83.

1081 5323 1124 5354 ¹⁶
1147 5320 1294 5377 Psal.
1329 5338 1474 5389 ουν,
1501 5322 1553 5375 5.
1632 5322 1674 5353 ¹¹¹
1713 5321 1900 5375 Matth.
1934 5339 1984 5383 v,
2015 5321 2103 5375 45.

1072 5395 1116 5424 ⁸⁸
1144 5393 1302 5446 Joan.
1339 5410 1456 5455 vni,
1501 5392 1586 5445 54.
1663 5395 1710 5424 ⁸³
1743 5393 1929 5446 Matth.
1962 5409 2030 5455 γι,
2057 5392 2109 5444 2.

2171 4515 2284 4576 τοῦ,
2312 4516 2411 4570 οὐκ
2449 4516 2614 4586 ἄλλην
2643 4517 2761 4571 τινὰ
2799 4518 2979 4572 αἰτίαν
3012 4517 3120 4588 ἔχω
3155 4519 3264 4580 τοῖς
3295 4517 3602 4587 γινομένοις
3626 4518 3728 4570 ἑπι-

2169 4612 2329 4675 νοείν,
2359 4609 2494 4680 πλήν
2517 4627 2580 4678 γε
2606 4609 2669 4680 δὴ
2699 4609 2792 4662 τοῦ
2823 4611 3110 4663 πεπεῖσθαι
3146 4609 3393 4663 παλαιῶν
3418 4608 3729 4680 ἀμαρτήμάο

2169 4719 2278 4755 των
2307 4701 2604 4754 ὲκτιννύειν
2640 4701 2813 4764 δίκας.
2857 4703 2944 4764 Ὡς
2977 4698 3071 4755 οὖν
3099 4701 3314 4764 εἰδότες,
3347 4702 3431 4754 ὃτι
3466 4701 3728 4772 ἀντιπρόσο

2170 4811 2308 4846 ωποι
2341 4796 2473 4863 ἡμῖν
2507 4794 2554 4844 οἱ
2582 4791 2678 4862 τῆς
2721 4792 3076 4845 θεοπνεύστου
3111 4793 3330 4864 Γραφῆς
3352 4793 3503 4862 λόγοι
3527 4793 3725 4862 στήσον-

2169 4904 2257 4939 ται
2292 4886 2382 4938 ἐπὶ
2423 4885 2516 4938 τοῦ
2547 4885 2789 4954 βήματος
2829 4883 2920 4937 τοῦ
2963 4883 3230 4955 Χριστοῦ·
3263 4885 3406 4937 οὕτω
3443 4885 3540 4938 καὶ
3583 4899 3724 4954 xpos-

2170 4978 2354 5050 χῶμεν
2410 4979 2686 5046 νηφόντως
2746 4979 2857 5038 τοῖς
2905 4976 3252 5048 λεγομένοις,
3309 4978 3405 5031 καὶ
3454 4981 3536 5043 είς
3587 4980 3724 5050 ἔργον

2172 5073 2504 5141 προαγαγεῖν
2540 5068 2610 5122 τὰ
2656 5070 2773 5122 θεῖα
2811 5069 3113 5139 διδάγματα
3147 5069 3457 5135 σπουδαίως
3490 5070 3724 5142 ἐπειχθῶ·

2176 5177 2296 5231 μεν,
2333 5162 2412 5213 ὅτι
2465 5159 2566 5212 οὐκ
2609 5159 2830 5221 οἴδαμεν
2879 5157 3007 5229 ποίᾳ
3053 5157 3236 5230 ἡμέρᾳ
3268 5159 3301 5229 ἢ
3341 5159 3465 5231 ὥρᾳ
3491 5163 3521 5214 6
3549 5160 3724 5231 Κύριος

2171 5323 2212 5352 ¹⁸
2247 5323 2313 5376 IV
2335 5322 2466 5394 Reg.
2510 5340 2584 5382 νι,
2622 5325 2705 5377 l8.
2785 5327 2827 5356 "
2859 5321 3027 5378 Zach.
3059 5337 3112 5382 κ,
3141 5321 3314 5394 l.__’°
3340 5318 3481 5379 Gen.
3515 5339 3620 5386 su,
3649 5320 3721 5374 ει.

2189 5395 2234 5426 ³⁵
2266 5391 2438 5449 100ιῆ
2485 5411 2561 5458 ix,
2591 5395 2672 5448 16.
2751 5395 2796 5426 ’⁵
2845 5395 3003 5450 Joan.
3046 5408 3141 5457 xu,
3195 5391 3285 5446 68.

2251 5577 2327 5646 (4)
2361 5577 2434 5629 Ex
2465 5577 2624 5646 epist.
2658 5590 2766 5646 nix,
2797 5573 2942 5626 155.

2253 5641 2327 5716 (Si)
2366 5651 2436 5700 Ἣ
2468 5641 2565 5698 διὰ
2593 5644 2775 5697 ταῦτα
2795 5641 3160 5714 φοϐηθῶμεν.
3205 5642 3328 5698 llaec
3359 5643 3544 5699 addita
3575 5657 3636 5696 es
3659 5655 3725 5693 m-

2183 5719 2362 5774 dicum
2395 5717 2564 5771 altero
2599 5726 2648 5769 et
2671 5723 2948 5768 contextu.
