3840 6226
115 324 254 382 ΙΞΙἹ

1163 311 1394 368 8ΕιῖΜΟ
1435 309 1572 367 VIII.
1611 340 1680 351 —
1719 307 1808 362 DE
1845 304 2321 361 POENITENTIA.

3239 307 3377 363 I‘ZIB

72 467 76 469 Α
110 442 270 512 ἡμῶν
297 439 530 512 ἔρχεται.
572 437 730 508 Αυτῷ
764 439 796 507 ἡ
849 435 974 502 δόξα
1008 435 1100 487 καὶ
1139 434 1200 486 τὸ
1239 429 1437 504 κράτος
1468 433 1546 494 εἰς
1572 431 1696 492 τοὺς

1813 427 1982 482 studio
2015 438 2402 496 praperemus;
2438 424 2568 494 quia
2605 439 2712 494 qua
2751 422 2838 480 die
2864 431 2921 478 et
2949 423 3084 478 liora
3114 421 3380 482 Dominus

109 531 316 596 αἰῶνας
344 531 450 584 τῶν
477 528 708 583 αἰώνων.
756 529 946 598 Ἀμήν.

571 807 751 859 ΠΕΡΙ
793 808 898 858 ME
907 809 985 859 TA
994 805 1162 858 ΝΟΙΑ
1173 807 1218 856 Σ
1228 797 1233 804 ’

728 919 947 972 ΛΟΓΟΣ
985 919 1066 972 II’.

187 1036 240 1090 I.
291 1035 476 1097 Διττός
516 1051 604 1104 μοι
647 1032 813 1102 φόϐος
849 1031 1116 1102 ἐνέσκηψε
1158 1033 1270 1093 τοῖς
1318 1029 1416 1098 τῆς
1455 1029 1693 1092 διανοίας

115 1125 338 1188 κόλποις
384 1127 448 1178 ἐκ
499 1124 599 1193 τῆς
655 1122 783 1194 περὶ
834 1122 894 1174 σὲ
939 1121 1267 1184 ὑποθέσεως.
1332 1121 1402 1172 Ἣ
1448 1120 1557 1190 γάρ
1610 1136 1694 1182 τις

115 1217 449 1289 ἀσυμπαθὴς
477 1217 673 1287 τρόπος
703 1212 1222 1286 προκαταρξέιμενος
1266 1215 1346 1275 εἰς
1385 1211 1693 1282 μισανθρωτ

115 1309 248 1372 πίας
296 1307 546 1378 ἔγκλημά
588 1323 654 1376 με
702 1305 1072 1376 περιρρίπτει,
1113 1303 1146 1374 ἢ
1187 1299 1342 1366 αὖθις
1390 1301 1694 1372 συμπαθεῖν

113 1399 390 1462 ἐθέλοντα,
435 1398 529 1451 καὶ
573 1397 708 1467 πρὸς
745 1395 816 1449 τὰ
865 1394 1010 1464 παθη
1063 1392 1474 1465 μαλακίζεσθαι,
1509 1392 1695 1455 κακῶς

110 1491 404 1560 διατίθησι.
465 1489 664 1559 Διόπερ
715 1489 808 1541 καὶ
859 1486 1236 1556 διαχαράττειν
1289 1485 1493 1556 μέλλων
1549 1485 1695 1537 τουτί

119 1599 222 1653 μου
272 1582 336 1635 τὸ
392 1582 646 1652 γράμμα,
675 1579 775 1650 τὴν
829 1579 926 1649 μὲν
972 1581 1127 1650 χεῖρα
1159 1579 1448 1650 ναρκῶσαν
1473 1582 1586 1642 τοῖς
1618 1579 1699 1630 λο-

114 1680 338 1749 γισμοῖς
378 1677 674 1748 ἐνεύρωσα,
715 1675 777 1728 τὸ
817 1674 874 1727 δὲ
917 1673 1224 1743 πρόσωπον,
1255 1669 1602 1741 ἠπορημένον
1633 1669 1697 1721 ἐκ

114 1770 213 1840 τῆς
249 1769 342 1822 ἐπὶ
385 1769 468 1822 σοὶ
518 1767 840 1836 κατηφείας,
886 1765 1175 1818 ἀλλοιῶσαι
1218 1763 1317 1816 ούκ
1355 1764 1570 1832 ἴσχυσα,
1605 1779 1695 1814 το-
1731 1789 1772 1845 Β

116 1861 323 1932 σαύτης
353 1876 442 1931 μοι
475 1858 828 1929 ἐπικειμένης
869 1855 1151 1926 αἰσχύνης,
1192 1854 1268 1916 ὡς
1308 1853 1400 1905 καὶ
1445 1851 1543 1923 τὴν
1601 1851 1694 1905 τοῦ

115 1951 383 2020 στόματος
430 1948 734 2021 σύμπτυξιν
779 1947 1116 2020 παραχρῆμα
1168 1945 1407 2006 πίπτειν,
1439 1942 1547 1996 τῶν
1589 1961 1699 2013 χει-

115 2041 254 2095 λέων
304 2057 405 2112 μου
458 2043 536 2104 εἰς
588 2039 864 2109 κλαυθμὸν
912 2037 1346 2108 ἐκτρεπομένων.
1401 2036 1588 2105 Οίμοιῑ
1645 2035 1698 2088 τί

115 2130 336 2201 sinum}
378 2131 430 2184 τί
479 2129 800 2200 λογίσωμαι,
831 2122 888 2182 ἐν
924 2127 1118 2199 τριόδῳ
1147 2127 1223 2196 (1)
1256 2125 1696 2196 ἁπειλημμένοςς

128 2223 257 2278 Ἐὰν
293 2221 434 2278 ἔλθω
477 2223 558 2286 εἰς
592 2222 811 2293 μνήμην
864 2205 1276 2292 τῆςπροτὲρας
1323 2235 1416 2272 σου
1467 2217 1700 2290 ματαίας

117 2312 502 2386 ἀναστροφῆς,
557 2315 647 2368 ὅτε
703 2331 787 2367 σοι
840 2311 1124 2384 περιέρρει
1182 2309 1437 2374 πλοῦτος,
1498 2309 1590 2363 καὶ
1642 2310 1702 2363 τὸ

115 2406 458 2477 χαμαιρεπὲς
483 2405 747 2476 δοξάριον,
774 2405 998 2475 φρίττω·
1025 2403 1188 2473 ἡνίκα
1219 2403 1401 2454 εἵπετό
1430 2419 1510 2454 σοι
1545 2402 1704 2455 κολά-

117 2511 232 2547 κων
271 2493 493 2564 πλῆθος,
521 2497 614 2547 καὶ
637 2495 845 2565 τρυφῆς
869 2493 1166 2556 ἀπόλαυσις
1196 2493 1526 2564 πρόσκαιρος
1567 2492 1706 2563 μετὰ

118 2587 430 2658 προφανοῦς
493 2587 737 2640 κινδύνου
803 2586 898 2638 καὶ
953 2585 1152 2638 ἀδίκων
1216 2585 1427 2656 πόρων·
1478 2585 1570 2637 καὶ
1627 2583 1704 2654 πῆ

123 2681 221 2750 μὲν
262 2681 572 2750 ἀρχοντικοὶ
623 2679 778 2748 φόϐοι
816 2678 1146 2750 διερῥίπιζόν
1187 2695 1278 2730 σου
1325 2677 1423 2746 τὴν
1468 2678 1566 2746 τῆς
1603 2695 1708 2729 σω-

116 2775 316 2846 τηρίας
346 2773 622 2836 ὑπόνοιαν,
664 2773 740 2842 πῆ
772 2771 828 2824 δὲ
859 2771 1132 2842 δημοσίων
1156 2769 1370 2840 Θὸρυϐοι
1403 2769 1707 2823 διεσάλευον

120 2885 218 2920 σου
242 2866 341 2936 τὴν
371 2865 577 2927 ἐστίαν,
604 2865 639 2934 ἦ
674 2880 732 2916 τε
761 2862 960 2934 συνοχὴ
992 2861 1099 2914 τῶν
1129 2861 1314 2914 κακῶν
1342 2859 1708 2930 ἀπεσφαίριζέ

121 2976 220 3013 σου
245 2957 336 3011 τὸν
371 2956 495 3010 νοῦν
530 2956 664 3028 πρὸς
687 2956 780 3008 τὸν
814 2955 1110 3025 δυνάμενον
1153 2969 1234 3005 σοι
1265 2952 1510 3023 βοηθεῖψ
1545 2953 1710 3022 ἡνίκα

122 3051 268 3104 κατὰ
305 3050 500 3120 μικρὸν
546 3048 811 3118 ἐμελέτας
857 3044 1282 3118 περιϐλέπεσθαι
1333 3045 1421 3098 τὸν
1461 3045 1706 3115 Σωτῆρα,

1795 525 1986 572 noster
2017 523 2286 570 venturus
2335 515 2431 576 sit.
2483 513 2644 569 nobis
2695 513 2854 584 plane
2883 522 2967 568 est
3009 515 3278 568 incertum
3311 515 3378 569 ⁸⁸.

1795 605 1895 660 Cui
1935 604 2157 674 quidem
2190 605 2388 674 gloria,
2418 612 2473 658 et
2505 611 2771 674 potestas,
2816 604 2871 658 in
2904 605 3104 660 szecula
3147 603 3381 660 saeculo-

1796 712 1940 750 rum.
1964 696 2158 749 Amen.

2149 802 2314 876 514
2356 803 2452 857 DE
2491 802 3022 858 ΡίΕΝΙΤΕΝΤΙΑ.

2381 917 2620 972 SERMO
2653 916 2793 987 γιιι.

1873 1030 1924 1084 I.
1957 1029 2032 1100 (2)
2067 1029 2268 1100 Duplex
2303 1029 2465 1084 timor
2494 1031 2666 1084 subiit
2696 1031 2897 1086 mentis
2928 1044 3064 1085 mea:
3107 1029 3262 1084 sinus
3285 1038 3381 1084 tua

1797 1137 1984 1176 causa.
2041 1121 2150 1174 Ant
2205 1120 2350 1173 enim
2405 1135 2802 1190 praeoccupans
2849 1137 2936 1176 me
2985 1121 3382 1175 immisericors

1795 1210 2015 1280 quidam
2049 1209 2217 1263 animi
2247 1219 2430 1264 motus
2459 1212 2514 1264 in
2539 1211 2749 1265 crimen
2788 1210 3209 1267 inhumanitatis
3245 1225 3381 1265 con-

1791 1305 1942 1374 jicit,
1997 1309 2091 1356 aut
2134 1317 2330 1356 rursus
2373 1303 2623 1358 misereri
2666 1304 2966 1365 volentem,
3003 1303 3167 1358 etiam
3213 1311 3273 1357 ut
3299 1303 3380 1372 {ad

1801 1397 1930 1450 vitia
1969 1395 2372 1458 remollescam,
2409 1395 2553 1448 male
2597 1395 2889 1450 convertit.
2929 1396 3112 1461 Quare
3143 1405 3198 1450 et
3243 1403 3386 1449 hanc

1798 1499 1976 1540 meam
2022 1484 2314 1554 epistolam
2345 1491 2699 1547 exaraturus,
2738 1499 2965 1538 manum
3007 1485 3228 1556 quidem
3273 1493 3387 1540 tor-

1800 1583 2116 1647 pescentem
2162 1575 2682 1632 ratiocinationibus
2715 1577 3099 1644 corroborari,
3130 1577 3223 1632 sed
3265 1579 3384 1631 vnl-

1799 1675 1938 1735 tum,
1966 1684 2030 1723 ex
2073 1676 2337 1737 concepta
2370 1676 2596 1738 prepter
2633 1677 2686 1722 te
2717 1668 2939 1722 tristitia
2983 1669 3227 1732 anxium,
3266 1684 3386 1721 mu-

1801 1772 1916 1816 tare
1965 1775 2074 1814 non
2115 1759 2307 1829 potui;
2360 1764 2518 1812 tanto
2565 1759 2700 1812 mihi
2752 1760 2980 1812 incusso
3025 1759 3264 1828 pudore,
3327 1769 3387 1812 ut

1800 1853 1914 1907 oris
1941 1851 2108 1908 etiam
2141 1850 2336 1916 ﬂexus,
2373 1850 2536 1906 labiis
2562 1851 2700 1906 meis
2743 1851 2798 1904 in
2835 1851 3046 1906 luctum
3080 1853 3384 1914 conversis,

1801 1943 1988 1997 statim
2022 1943 2358 1998 concideret.
2397 1941 2496 1997 llei
2525 1943 2682 2008 mihi,
2715 1941 2848 2013 quid
2876 1943 3080 2008 dicam,
3123 1954 3218 1998 aut
3253 1945 3386 2015 quid

1801 2037 2033 2108 cogitem
2069 2035 2124 2090 in
2153 2036 2318 2091 trivio
2350 2037 2734 2092 constitutus?
2779 2035 2836 2091 Si
2877 2037 3010 2090 mihi
3049 2037 3249 2107 prioris
3283 2047 3390 2092 une

1800 2143 1958 2182 vanae
1987 2129 2207 2183 vivendi
2238 2130 2473 2184 rationis
2517 2129 2694 2184 veniat
2731 2130 2786 2184 in
2833 2140 3095 2194 mentem,
3124 2146 3250 2185 cum
3281 2131 3386 2185 cir-

1803 2219 2161 2276 cumﬂuerent
2201 2229 2254 2277 te
2303 2223 2542 2287 divitiae,
2581 2237 2646 2276 ac
2693 2223 2844 2277 humi
2890 2239 3088 2292 repens
3129 2223 3388 2294 gloriola.

1804 2312 2040 2377 horreo;
2077 2327 2202 2366 cum
2234 2312 2584 2368 adulatorum
2631 2324 2682 2368 te
2725 2326 3048 2384 sequeretur
3075 2317 3387 2378 multitudo,

1807 2402 2181 2470 fruererisque
2229 2405 2380 2458 brevi
2423 2420 2488 2459 ac
2548 2407 2884 2476 temporaria
2921 2409 3236 2476 voluptate,
3280 2423 3390 2462 non

1806 2496 1927 2550 sine
1961 2495 2256 2550 manifesto
2298 2497 2545 2566 periculo
2579 2504 2633 2551 et
2667 2498 2858 2567 iniquo
2891 2508 3102 2566 quaestu
3131 2517 3144 2552 :
3179 2508 3233 2554 et
3268 2515 3394 2568 par-

1808 2591 1903 2642 tim
1941 2589 2164 2658 quidem
2199 2591 2619 2660 magistratuum
2652 2593 2819 2644 timor
2856 2600 2910 2647 te
2937 2592 3004 2647 de
3033 2593 3208 2648 salute
3238 2595 3392 2666 cogi-

1807 2686 2010 2734 tantem
2053 2681 2396 2750 exagitaret;
2447 2682 2645 2750 partim
2685 2697 2812 2736 vero
2850 2683 3190 2752 publicorum
3231 2701 3396 2754 nego-

1809 2769 2012 2823 tiorum
2072 2772 2346 2825 tumultus
2413 2783 2561 2825 tuam
2624 2772 3059 2828 interturbarent
3120 2775 3342 2830 deruunt
3378 2817 3392 2838 ,

1810 2871 1972 2932 atque
2001 2865 2268 2916 malorum
2306 2862 2612 2934 frequentia
2650 2873 2884 2919 mentem
2928 2876 3078 2920 tuam
3126 2867 3194 2922 ad
3245 2885 3393 2929 eum.

1811 2955 1904 3023 qui
1940 2955 2200 3022 opitulari
2233 2955 2332 3008 tibi
2373 2963 2604 3024 poterat,
2641 2965 3014 3025 retorqueret;
3047 2973 3170 3012 cum
3211 2960 3398 3029 paula-

1813 3047 1909 3098 tim
1937 3044 2284 3098 Servatorem
2311 3046 2738 3116 circumspicere
2771 3049 3134 3114 tneditareris,
3173 3052 3398 3104 timores

121 3143 362 3213 φέροντα
395 3141 494 3211 μὲν
529 3140 663 3212 πρὸς
708 3139 978 3208 ὠφέλειαν
1014 3141 1141 3203 τοὺς
1193 3137 1411 3207 φόϐους,
1447 3135 1708 3205 ῥυόμενον

1813 3137 2032 3205 quidem
2065 3137 2164 3190 tibi
2190 3137 2254 3190 ad
2290 3147 2436 3190 tuam
2471 3138 2758 3192 utilitatem
2793 3139 3140 3206 inferentem,
3169 3141 3403 3196 liberan-

119 3235 178 3286 δέ
211 3249 295 3297 σε,
335 3233 430 3285 καὶ
487 3227 774 3292 σκέποντᾶ,
813 3227 1074 3292 παίζοντα
1125 3228 1245 3280 κατ’
1279 3222 1443 3279 αὑτοῦ
1491 3224 1549 3275 ἐν
1589 3225 1710 3285 ταῖς

121 3323 364 3386 ἀδείαις·
422 3321 584 3392 ἡνίκα
620 3321 928 3390 ἐγυμνάζου
975 3319 1111 3390 πρὸς
1162 3317 1463 3390 μεταϐολὴν
1513 3312 1710 3384 σεμνοῦ

119 3417 350 3489 τρόπου,
382 3413 720 3478 σκυϐαλίζων
753 3413 850 3483 μέν
899 3429 990 3465 σου
1020 3411 1117 3482 τὴν
1149 3409 1526 3463 πολυκίνδυνον
1557 3423 1711 3477 περι·

121 3509 336 3571 ουσίαν,
369 3507 520 3561 οἴκου
558 3523 618 3558 τε
659 3505 992 3576 θεραπείαν,
1045 3501 1140 3556 καὶ
1199 3501 1446 3555 συνοίκου
1497 3500 1714 3570 ὁμιλίαν

127 3599 604 3671 ὰπαρνησάμενος.
639 3595 798 3660 Ὄλος
857 3595 1164 3666 μετάρσιος,
1207 3591 1393 3663 ὥσπερ
1427 3591 1574 3658 ξένος
1619 3589 1716 3642 καὶ

131 3693 362 3764 ἀλήτης,
389 3691 593 3760 ἀγροὺς
625 3690 720 3742 καὶ
775 3687 958 3751 πόλεις
1006 3685 1330 3758 ἐξαμείϐων,
1374 3683 1716 3754 κατέδραμες

130 3784 224 3837 ἐπὶ¹
245 3781 315 3836 τὰ
345 3779 714 3852 Ἱεροσόλυμα,
743 3779 870 3833 ἔνθα
899 3795 979 3831 σοι
1009 3778 1102 3831 καὶ
1131 3777 1292 3840 αὐτὸς
1325 3774 1715 3845 συνδιατρίϐων

132 3873 470 3948 ἐμακάριζον
500 3873 611 3928 τῶν
641 3871 946 3943 ἀθλητικῶν
973 3873 1170 3934 πόνων,
1209 3871 1297 3924 ὅτε
1343 3868 1718 3939 ἐϐδοματικοῖς

133 3967 359 4030 κύκλοις
387 3966 572 4036 νῆστις
602 3961 858 4018 διατελῶν
899 3962 1018 4033 Θεῷ
1049 3959 1546 4032 προσεφιλοσόιρεις,
1579 3957 1716 4028 ὁμοῦ

132 4062 232 4116 καὶ
255 4060 356 4123 τὰς
381 4057 490 4112 τῶν
513 4057 814 4129 ἀνθρώπων
862 4056 1147 4125 συντυχίας
1178 4053 1320 4124 λόγῳ
1343 4053 1550 4122 τροπῆς
1583 4052 1718 4104 ὑπο-

136 4153 379 4222 φεύγων,
409 4150 504 4203 καὶ
543 4147 774 4219 ἡσυχίαν
813 4145 990 4216 ἐαυτῷ
1033 4145 1372 4216 ἐφαρμόσας,
1404 4145 1530 4206 τοὺς
1565 4141 1717 4196 πολι-

131 4245 324 4305 τικοὺς
380 4239 642 4312 Θορύϐους
675 4237 996 4304 ιέξὲκλινας.
1053 4237 1251 4306 Σάκκῳ
1309 4235 1366 4288 δὲ
1419 4235 1611 4305 τραχεῖ
1660 4232 1720 4286 τὸ

135 4333 302 4406 σῶμά
343 4349 438 4386 σου
473 4331 790 4393 διανύττων,
835 4328 928 4382 καὶ
969 4325 1112 4398 ζώνῃ
1152 4327 1364 4398 σκληρᾷ
1412 4326 1510 4396 τὴν
1550 4325 1720 4392 ὀσφὺν

133 4422 538 4495 περισφίγγων,
587 4417 932 4490 καρτερικῶς
983 4416 1051 4470 τὰ
1099 4417 1233 4469 ὀστᾶ
1293 4431 1386 4468 σου
1436 4413 1717 4475 διέολιϐες.

1813 3235 1920 3281 tem
1953 3243 2084 3282 vero
2128 3244 2191 3281 ac
2237 3239 2606 3298 protegentem
2645 3240 2716 3292 te,
2751 3232 2843 3299 qui
2886 3231 2957 3292 ei,
3005 3231 3132 3286 dum
3184 3235 3238 3286 in
3283 3241 3402 3287 tuto

1813 3333 1995 3382 esses,
2030 3318 2322 3384 illuseras;
2366 3335 2491 3372 cum
2529 3327 2583 3374 te
2626 3319 2693 3372 ad
2739 3321 3080 3376 innovandos
3112 3323 3403 3392 aequiren-

1813 3412 2026 3481 dosque
2046 3413 2310 3468 honestos
2337 3430 2518 3468 mores
2540 3427 2852 3478 exerceres,
2873 3418 3402 3484 periculosissimam

1813 3512 1962 3558 tuam
1995 3507 2330 3575 opulentiam
2379 3507 2552 3560 nihili.
2585 3507 2832 3570 faciens,
2875 3509 3067 3578 reique
3117 3508 3410 3578 familiaris

1815 3611 2004 3649 curam
2051 3604 2104 3649 et
2156 3597 2352 3650 uxoris
2397 3599 2860 3653 consuetudinem
2906 3600 3208 3670 rel'ugicns.’
3259 3600 3402 3666 Quin

1815 3689 1980 3740 etiam
2011 3695 2157 3741 totus
2179 3688 2452 3755 sublimis,
2484 3689 2630 3743 velut
2656 3693 2980 3760 peregrinus
3009 3703 3061 3746 et
3086 3708 3232 3760 erro,
3257 3697 3406 3762 agris

1816 3785 1871 3830 et
1901 3777 2221 3832 civitatibus
2255 3781 2586 3850 peragratis,
2621 3783 2802 3852 petisti
2837 3781 3196 3856 Jerosolyma,
3233 3787 3323 3840 ubi
3353 3803 3402 3842 et

1817 3871 1938 3937 ipse
1984 3879 2164 3922 tecum
2213 3881 2588 3929 commoratus
2632 3875 2704 3928 ob
2753 3875 3040 3932 athleticos
3091 3886 3143 3931 te
3189 3877 3407 3934 labores

1819 3960 2040 4014 beatum
2076 3961 2470 4030 praedic-aliam.
2499 3980 2624 4018 eum
2661 3982 2762 4036 per
2800 3967 3142 4036 septenarios
3171 3970 3407 4024 circulos

1813 4050 2038 4120 jejunus
2068 4067 2430 4122 perseverans
2459 4054 2570 4110 Deo
2604 4058 3098 4130 philosomiareris,
3134 4060 3408 4130 simulque

1818 4158 2152 4214 congressus
2179 4145 2452 4204 humanos
2485 4150 2651 4204 veluti
2683 4151 2736 4204 in
2771 4151 2951 4223 fugam
2988 4169 3292 4210 conversus
3321 4155 3410 4208 de-

1819 4237 2046 4300 vitares,
2079 4247 2243 4308 atque
2273 4241 2572 4310 tranquillo
2596 4243 2812 4297 vivendi
2847 4255 3046 4314 genere
3069 4244 3166 4299 tibi
3193 4258 3406 4314 parato,

1820 4331 2008 4384 civiles
2049 4327 2317 4386 tumultus
2350 4332 2679 4390 declinares.
2714 4333 2985 4390 Praeterea
3021 4351 3224 4407 corpus
3255 4347 3409 4392 tuum

1821 4420 2002 4474 cilicio
2041 4436 2241 4492 aspero
2275 4423 2588 4488 laneinans,
2634 4433 2690 4480 et
2731 4443 2869 4480 zona
2913 4426 3051 4482 dura
3097 4429 3414 4500 astringens

143 4513 391 4582 Λαγόνας
422 4511 480 4564 δέ
509 4512 626 4574 ταῖς
665 4508 891 4570 ἐνδείαις
941 4505 1228 4559 κοιλαίνων
1265 4503 1426 4576 μέχρι
1472 4500 1581 4554 τῶν
1619 4518 1710 4554 νω-

1828 4513 2044 4568 lumbos
2074 4523 2223 4580 tuos,
2259 4516 2533 4585 patienter
2562 4532 2687 4572 ossa
2724 4525 2815 4572 tua
2846 4520 3142 4574 atterelias.
3181 4519 3324 4588 Quin
3357 4532 3411 4574 et

138 4605 334 4659 τιαίων
405 4601 586 4674 μερῶν
659 4599 1084 4670 ὑπεχαύνωσας·
1163 4596 1256 4650 καὶ
1327 4594 1566 4664 φασκίας
1627 4592 1724 4662 μὲν

141 4695 362 4766 ἁπαλῆς
388 4695 488 4764 τὴν
529 4693 722 4764 χρῆσιν
755 4691 1089 4762 ἀπηρνήσω·
1137 4687 1345 4740 ἔνδοθεν
1389 4684 1445 4737 δὲ
1487 4683 1587 4746 τὰς
1633 4682 1726 4734 λα-

140 4787 326 4860 πάρας
381 4787 572 4847 σικύας
617 4783 772 4854 δίκην
831 4779 1173 4852 ὑφελκύσας,,
1227 4780 1337 4840 τοῖς
1396 4774 1727 4844 vappa-amat;

141 4877 364 4950 χωρίοις
416 4873 848 4947 προσκολλᾶσθαι
909 4870 1150 4936 ἐϐιάζου.
1199 4869 1368 4938 Ὅλην
1405 4866 1463 4919 δὲ
1497 4866 1593 4936 τὴν
1625 4863 1725 4933 τῆς

144 4971 350 5044 σαρκὸς
385 4969 615 5040 πιμελὴν
657 4967 986 5030 ἐκκενώσας,
1019 4967 1146 5025 τοὺς
1191 4963 1298 5017 τῶν
1345 4958 1726 5030 ὑπογαστρίων

142 5061 369 5133 ὀχετοὺς
405 5058 667 5128 γενναίως
697 5057 984 5130 ἐξήρανας,
1015 5055 1258 5128 γαστέρα
1297 5069 1356 5106 τε
1407 5052 1575 5120 αὐτὴν
1609 5051 1728 5111 ταῖς

142 5154 386 5216 ἀσιτίαις
431 5149 772 5222 συμπτύξας,
828 5148 898 5202 τὰ
947 5147 1272 5219 πλευριτικέι
1331 5144 1494 5216 μέρη,
1543 5141 1732 5214 ὥσπερ

143 5243 270 5298 τινὰ
304 5242 504 5312 στέγης
535 5241 744 5312 ἐξοχὴν,
790 5243 904 5302 τοῖς
947 5238 1040 5292 τοῦ
1081 5237 1328 5309 ὀμφαλοῦ
1368 5237 1590 5310 μέρεσιν
1636 5240 1733 5290 ἐπ-

147 5332 427 5393 εσκίαζες.
452 5333 561 5386 Καὶ
586 5330 998 5402 συνεσταλμένῳ
1039 5331 1145 5400 ὅλῳ
1191 5331 1270 5402 τῷ
1309 5331 1546 5401 ὀργάνῳ,
1590 5329 1733 5384 κατὰ

222 5491 272 5522 ’⁸
301 5489 431 5544 Luc.
465 5506 562 5553 ιιι,
594 5488 664 5541 40

224 5645 305 5710 tl)
351 5645 454 5699 Ἐν
485 5643 715 5711 τριόδῳ.
747 5642 839 5697 Sic
867 5657 966 5712 ope
987 5650 1284 5712 contextus
1313 5641 1722 5699 cmendavimus

151 5717 304 5788 quod
335 5721 454 5770 erat
483 5715 534 5768 in
565 5715 746 5780 editis,
774 5715 833 5766 ἐν
864 5711 1092 5784 προόδῳ.

1831 4605 1924 4660 ilia
1974 4607 2156 4660 inedia
2193 4622 2528 4669 concavans.
2577 4625 2640 4664 ea
2687 4627 2862 4680 usque
2911 4611 2976 4664 ad
3025 4611 3176 4667 dorsi
3227 4627 3412 4682 partes

1832 4694 1954 4748 laxa
1984 4693 2238 4759 ellet'isti,
2275 4703 2439 4766 atque
2475 4698 2658 4752 fascia:
2695 4702 2876 4755 mollis
2910 4699 3116 4770 rejecto
3149 4718 3272 4761 usu,
3317 4704 3411 4756 ab-

1833 4782 2028 4837 domen
2057 4783 2390 4840 intrinsecus
2408 4787 2778 4842 cucurbitaain
2808 4805 3012 4844 morem
3045 4801 3411 4854 contractum,

1832 4874 2056 4930 renibus
2104 4875 2479 4933 adhaerescere
2539 4881 2794 4950 cogebas.
2847 4883 2928 4936 Ad
2969 4883 3104 4948 haec,
3150 4895 3412 4939 evacuate

1831 4966 2016 5020 carnis
2050 4974 2167 5020 toto
2211 4969 2391 5038 adipe,
2434 4972 2726 5027 exsiccasti
2780 4982 3004 5029 strenue
3052 4986 3265 5032 meatus
3311 4977 3412 5032 sub

1831 5063 2024 5112 ventre
2057 5057 2216 5122 sitos,
2249 5069 2303 5114 et
2332 5060 2454 5130 ipso
2476 5073 2668 5117 ventre
2695 5065 2876 5118 inedia
2910 5073 3213 5128 coarctato,
3243 5065 3412 5122 facie-

1833 5147 1931 5202 bas
1956 5158 2014 5202 ut
2041 5159 2267 5206 eostatze
2299 5161 2503 5220 partes,
2538 5155 2667 5209 tecti
2701 5157 2858 5226 quasi
2892 5158 3136 5230 quaedam
3167 5159 3413 5212 eminen-

1834 5239 1906 5292 tia
1964 5241 2210 5294 umbram
2260 5241 2588 5299 inducerent
2638 5247 2888 5315 partibus
2930 5247 3194 5302 umbilici.
3240 5249 3414 5318 Atque

1835 5341 2122 5388 contracto
2162 5341 2281 5389 toto
2323 5350 2572 5406 organo,
2619 5341 2906 5396 nocturnis
2949 5339 3103 5396 boris
3148 5337 3413 5396 conﬁtens

1905 5638 1983 5711 (2)
2017 5639 2095 5696 Ex
2127 5641 2287 5712 epist.
2319 5657 2444 5706 τιν,
2480 5640 2603 5698 I35.
